3846 6324
24 317 127 374 997

1433 307 1896 366 MICROLOGUS.

3193 325 3296 384 998

23 427 312 484 secundum
359 424 716 492 lnnationem,
753 427 896 484 sicut
919 437 974 482 et
1000 424 1238 481 Pascha.
1292 424 1448 480 Unde
1495 440 1601 480 non
1631 413 1678 469 Α
1708 424 1896 479 madas
1921 424 2125 480 eisdem
2145 425 2364 496 jejuniis
2387 428 2821 488 internumerare
2868 433 3076 492 valebis
3106 451 3121 490 :
3147 440 3295 509 quod

22 520 316 588 incongrue
343 518 517 588 ipsum
566 518 764 574 Martio
791 526 1014 588 propter
1063 517 1394 572 lunationem
1431 519 1602 573 ascri-

20 608 165 661 bitur
200 649 216 674 ,
257 610 502 677 quamvis
549 609 603 663 in
652 608 952 664 Februario
1005 616 1276 664 occurrat.
1342 608 1495 663 Sicut
1547 617 1601 663 et

18 698 226 776 Pascha
251 697 417 768 Aprili
455 715 669 770 semper
693 700 989 755 ascribilnr
1015 741 1029 765 ,
1059 701 1306 770 quamvis
1349 715 1490 770 szepe
1546 700 1599 756 in

19 791 214 844 Martio
242 792 535 862 conlingat.
572 791 685 847 Nec
717 794 820 847 hoc
851 795 1035 862 utique
1069 793 1331 862 probabili
1356 792 1600 863 exemplo

17 885 223 940 carebit
253 927 266 949 ,
307 885 350 939 si
397 901 672 940 sacrorum
695 887 941 942 ordinum
971 888 1300 956 dispensatio
1343 903 1601 943 nonnun-

18 990 178 1043 quam
225 974 313 1027 fiat
341 975 395 1028 in
421 975 720 1031 Februario
747 1020 762 1040 ,
796 977 920 1031 dum
952 977 1054 1032 hoc
1097 977 1270 1047 egerit
1299 979 1600 1049 quadrage-

17 1063 225 1117 simalis
256 1064 394 1118 initii
437 1067 780 1133 prmmntalio
834 1066 1041 1138 [ratio].
1075 1067 1208 1120 Nam
1263 1069 1600 1124 revercudis-

14 1153 133 1206 simi
165 1153 356 1208 Patres
383 1156 575 1219 nostri,
598 1158 883 1210 sanctitate
922 1165 977 1210 et
1026 1158 1314 1226 apostolica
1367 1163 1590 1214 auct0ri-

15 1255 122 1298 tate
153 1246 429 1314 prtecipui,
457 1247 708 1302 videlicet
739 1247 1049 1318 Simplicius
1081 1289 1096 1314 ,
1125 1250 1369 1306 Gelasius
1393 1293 1408 1316 ,
1441 1253 1600 1322 Synt-

11 1336 260 1403 machus,
297 1335 464 1404 Fclix,
493 1339 544 1391 in
587 1339 878 1393 Februario
908 1341 1276 1396 ordinationes
1307 1343 1496 1398 fecisse
1520 1344 1596 1398 le—

11 1435 213 1492 guntur
244 1468 257 1490 ,
289 1441 410 1480 cum
439 1425 552 1493 jam
595 1438 778 1482 sancta
827 1430 1067 1484 Romana
1114 1431 1351 1486 Ecclesia
1394 1433 1596 1502 jejunia

10 1512 256 1577 Quatuor
282 1514 602 1582 Temporum
634 1515 685 1569 in
725 1517 1064 1572 ordinatione
1088 1518 1373 1575 observare
1403 1523 1595 1576 decre-

6 1604 164 1669 verit,
200 1605 412 1675 hocque
432 1606 551 1660 aliis
575 1623 788 1677 quoque
830 1609 1080 1665 Ecclesiis
1104 1612 1173 1676 ita
1201 1613 1596 1668 observandum

4 1695 452 1765 promulgaverit.
488 1697 629 1768 Ergo
671 1700 874 1769 absque
900 1702 1046 1756 omni
1103 1703 1266 1760 dub'o
1311 1705 1597 1761 observare

5 1787 292 1842 debemus.
361 1788 516 1844 Unde
571 1799 677 1844 tam
729 1801 874 1847 certa
921 1805 1187 1864 praecepta
1245 1805 1300 1850 et
1353 1797 1595 1866 exempla

3 1885 320 1932 sanctorum
349 1878 566 1935 Patrum
592 1885 880 1952 apouolica
909 1888 1227 1940 ancteritate
1252 1891 1597 1958 praediuer

5 1966 343 2022 sufﬁcienter
372 1971 652 2036 habemus,
680 1974 978 2042 prarsertim
1008 1985 1206 2030 cumet
1233 1977 1440 2032 facilius
1494 1983 1598 2036 ob-

2 2069 260 2113 servetur
284 2063 424 2130 quod
453 2062 668 2132 provida
702 2066 998 2134 antiquitas
1027 2076 1082 2121 et
1122 2071 1417 2124 auctoritas
1443 2072 1598 2126 insti-

4 2151 124 2215 tuit,
157 2166 326 2220 quam
356 2153 498 2222 quod
537 2154 928 2210 inconsiderata
961 2159 1173 2212 novitas
1217 2169 1270 2214 et
1306 2160 1595 2217 infirmitas

0 2239 307 2293 adinvenit.
349 2240 488 2296 Nulli
518 2243 661 2297 enim
696 2245 913 2298 dubium
964 2254 1047 2300 est
1087 2248 1214 2316 quin
1270 2248 1480 2304 facilius
1525 2251 1598 2305 sit

0 2331 137 2382 omni
184 2345 331 2384 anno
367 2332 504 2386 idem
550 2331 820 2400 jejunium
853 2335 1033 2389 Martii
1073 2336 1124 2390 in
1155 2337 1342 2392 eadem
1393 2339 1598 2395 hebdo-

0 2419 154 2470 mada
183 2433 308 2472 cum
337 2420 540 2474 eisdem
564 2422 755 2476 olIiciis
791 2424 1073 2480 inconfuse
1101 2427 1394 2493 celebrare,
1431 2444 1593 2498 quam

0 2510 58 2562 de
108 2510 456 2564 hebdomada
509 2512 560 2565 in
638 2513 1028 2569 hebdomadam
1083 2531 1184 2570 non
1239 2517 1356 2572 sine
1403 2521 1595 2573 confu-

0 2599 146 2652 sione
200 2598 548 2666 officiorum,
605 2603 843 2657 ntmnlti
872 2605 1085 2670 solent,
1135 2607 1263 2662 ilittd
1313 2611 1593 2666 annuatim

0 2700 238 2744 mutare.
1217 2713 1220 2716 ’

285 2778 412 2833 Car.
447 2779 612 2835 XXV.
640 2813 711 2822 —
738 2783 813 2838 De
830 2785 1040 2855 jejunio
1067 2789 1309 2845 testivali.

57 2869 364 2940 Gregorius
399 2887 534 2940 papa
583 2875 843 2944 septimus
893 2881 1201 2948 apostolica:
1238 2883 1362 2954 sedi
1405 2883 1594 2954 prarsi~

0 2963 147 3030 lens,
187 2967 468 3022 constituit
502 2978 561 3023 ut
587 2971 826 3026 mstivale
871 2971 1136 3043 jejunium
1167 2975 1305 3030 infra
1337 2987 1588 3033 octavam

1703 511 1852 565 illum
1883 529 1987 568 non
2031 514 2221 571 litebit
2246 557 2263 584 ,
2300 520 2606 590 quicunque
2629 523 2916 592 diligenter
2961 525 3294 595 interjacen-

1706 609 1786 656 tes
1815 602 2177 660 hebdomadas
2232 609 2460 677 singulis
2512 612 2668 666 annis
2706 614 3091 671 dinumerabit.
3148 617 3297 674 Nuno

1704 707 1864 762 quam
1898 711 2030 751 sane
2063 697 2374 768 hujusmodi
2409 703 2606 772 regulae
2651 705 2809 761 simul
2839 706 3119 763 observari
3143 717 3294 780 pote-

1701 794 1850 851 runt,
1882 788 1982 842 nisi
2009 805 2072 844 eo
2104 806 2266 857 anno,
2291 807 2410 846 cum
2443 794 2696 850 Kalendae
2726 799 3062 867 Septembris
3090 801 3141 854 in
3180 811 3293 856 ter-

1703 875 1774 928 tia
1814 876 1895 929 vel
1924 877 1974 930 in
1998 889 2184 946 quarta
2216 880 2345 935 feria
2371 895 2683 938 occurrunt.
2723 886 2828 943 Sed
2870 889 2922 943 in
2973 891 3075 945 hac
3128 907 3292 947 causa

1699 965 2006 1023 Amalarius
2042 986 2152 1025 non
2177 973 2312 1027 adeo
2341 976 2610 1030 notandus
2634 987 2736 1041 est,
2766 980 2856 1048 qui
2889 996 2994 1034 non
3043 991 3152 1036 tam
3177 984 3282 1035 ali-

1702 1073 1865 1127 quam
1914 1064 2357 1120 consuetudincm
2387 1067 2670 1123 instituere
2714 1087 2877 1141 quam
2922 1073 2987 1127 de
3042 1075 3287 1130 institttta

1701 1159 2092 1219 competentcm
2122 1155 2355 1224 aliquam
2381 1155 2604 1226 ﬁguram
2636 1159 2833 1216 elicere
2862 1168 3157 1220 consuevit.
3183 1166 3291 1222 Cur

1701 1253 1881 1301 autem
1928 1247 2030 1302 ista
2062 1250 2410 1318 replicamns,
2436 1268 2557 1308 cum
2585 1253 2801 1310 etiamsi
2825 1258 3093 1326 prmdictm
3123 1276 3284 1330 regn-

1702 1336 1765 1391 lze
1795 1338 1893 1392 sibi
1920 1342 2198 1396 annuatim
2231 1346 2600 1409 convtn’r.'nt,
2636 1347 2944 1402 auctoritati
2982 1358 3159 1403 tamen
3205 1367 3288 1406 sc-

1701 1426 1782 1480 dis
1807 1431 2111 1497 apostolica:
2142 1432 2449 1489 nullatenus
2494 1437 2846 1506 praejudicarc
2876 1450 3098 1509 possent
3125 1481 3140 1505 ,
3197 1444 3287 1497 cui

1700 1531 1887 1572 omnes
1924 1534 2019 1588 per
2039 1523 2218 1575 omnia
2249 1524 2453 1594 absque
2473 1527 2621 1581 omni
2660 1529 3000 1585 haesitatione
3031 1533 3110 1586 de'
3134 1547 3166 1588 c
3189 1550 3287 1590 nus

1700 1609 1938 1674 obedire,
1971 1611 2054 1665 cui
2086 1629 2359 1683 nunquam
2388 1616 2622 1671 debitam
2676 1619 2994 1676 exhibemus
3031 1623 3288 1679 obedien-

1703 1698 1852 1766 tiam,
1883 1700 1926 1754 si
1952 1700 2070 1770 ejus
2105 1712 2303 1758 statuta
2347 1707 2526 1774 potius
2561 1705 2806 1775 judicare
2859 1726 3022 1780 quam
3061 1714 3288 1782 implere

1703 1806 1956 1845 curamus
1981 1793 2004 1845 ?
2034 1793 2147 1849 lloc
2173 1804 2257 1850 est
2281 1797 2424 1852 enim
2461 1799 2798 1872 privilegium
2855 1803 3175 1860 obedientiae
3216 1808 3284 1862 de

1700 1885 1966 1938 sententia
1999 1886 2082 1940 sui
2112 1889 2462 1958 praaceptoris
2492 1906 2597 1946 non
2623 1892 2887 1961 judicare,
2920 1895 2972 1949 in
3024 1896 3090 1949 iis
3139 1899 3280 1951 dun-

1703 1981 1851 2027 taxat
1880 1975 2041 2030 rebus
2077 1992 2213 2046 quas
2239 1979 2514 2034 canonicis
2538 1980 2834 2052 Scripturis
2872 1987 3145 2041 contraire
3173 2004 3279 2042 non

1698 2063 1959 2126 videmus,
2023 2066 2132 2122 imo
2183 2068 2366 2122 Statim
2408 2070 2628 2140 exsequi
2687 2075 2830 2141 quod
2870 2073 3106 2144 jubetur.
3148 2075 3283 2131 Nam

1697 2153 2005 2225 quicunque
2038 2157 2213 2212 facere
2237 2157 2471 2213 noluerit
2516 2161 2617 2214 nisi
2667 2163 2808 2231 quod
2851 2163 3003 2233 prius
3047 2179 3146 2220 sua
3192 2183 3280 2219 ra-

1700 2245 1841 2301 tione
1873 2248 2185 2318 probaverit
2207 2265 2330 2305 esse
2361 2249 2661 2307 faciendum
2692 2294 2707 2320 ,
2768 2269 2874 2310 non
2925 2265 3030 2311 tam
3081 2249 3282 2328 praece-

1697 2339 1840 2409 ptori
1880 2356 1978 2395 suo
1998 2357 2160 2410 qttam
2199 2345 2430 2414 propria:
2476 2345 2772 2402 voluntatis
2802 2349 3028 2404 arbilrio
3066 2352 3282 2406 satisfe-

1696 2432 1834 2486 cisse
1888 2417 2239 2500 judicabitur.
2295 2437 2446 2493 Hauc
2497 2454 2628 2510 ergo
2679 2455 2868 2510 puram
2917 2443 3279 2500 obedientiam

1695 2536 1816 2576 cum
1873 2524 2125 2586 omnibus
2166 2527 2536 2595 spiritualibns
2604 2531 2802 2585 nostris
2860 2535 3281 2602 praeceptoribus

1696 2612 1997 2668 certissime
2020 2616 2331 2682 debeamus,
2362 2619 2595 2674 maxime
2622 2631 2800 2677 tamen
2821 2625 3127 2693 apostolica:
3159 2629 3272 2680 sedi

1695 2725 1761 2763 ex
1805 2711 1996 2767 intimo
2025 2713 2190 2768 corde
2219 2714 2476 2771 debemus
2503 2733 2623 2786 qua:
2649 2719 2814 2774 totius
2836 2721 3157 2777 Christiana:
3188 2739 3278 2778 re-

1693 2802 1911 2874 ligionis
1942 2815 2104 2874 caput
2144 2817 2227 2862 est
2253 2816 2306 2862 et
2336 2809 2507 2880 origo.
2542 2812 2648 2866 Sed
2676 2813 2800 2882 quia
2838 2814 2953 2870 hare
2983 2817 3121 2872 ratio
3147 2818 3278 2871 sim-

1691 2893 2005 2962 plicioribus
2035 2893 2267 2952 fortasse
2295 2913 2401 2952 non
2429 2898 2650 2963 sufficit,
2670 2915 2847 2972 Operae
2873 2906 3104 2973 pretium
3132 2905 3282 2960 vide-

1694 2994 1781 3038 tur
1808 2987 1877 3042 de
1905 2988 2170 3057 superiori
2195 2998 2400 3045 statuto
2429 2991 2592 3046 latius
2625 3003 2881 3061 tractare,
2908 3005 2962 3052 et
3002 3013 3161 3066 quant
3193 3015 3282 3052 ra-

0 3053 348 3114 Pentecostes
392 3063 668 3116 annuatim
717 3063 1104 3120 celebraretur.
1163 3066 1314 3133 Quod
1369 3071 1586 3140 quidem
1616 3108 1661 3170 ο
1695 3077 1896 3132 tionale
1923 3077 2312 3153 [rationabile],
2343 3098 2510 3153 quam
2544 3087 2860 3141 canonicum
2885 3131 2900 3154 ,
2932 3089 3128 3158 quippe
3151 3105 3274 3144 san-

15 3147 418 3170 Ληῖη-.οξ-,-ΞΙ»,-μ
447 3165 628 3170 ----η.-
679 3153 741 3170 .0-
788 3169 796 3170 κ
860 3154 910 3170 1-1
1028 3169 1034 3170 ,
1084 3163 1095 3170 .
1138 3155 1171 3170 ι·
1288 3157 1309 3170 η
1374 3159 1405 3170 η
1753 3168 1760 3170 Α
1825 3168 1849 3170 _

0 3147 421 3212 sapientioribus
447 3153 750 3206 reverentia
780 3154 922 3208 sedis
945 3155 1256 3225 apostolica:
1285 3157 1441 3214 facile
1466 3175 1590 3230 per-

0 3237 168 3290 suasit
203 3277 216 3297 ,
260 3239 674 3307 simplicioribus
703 3253 884 3298 autem
908 3247 1164 3301 nonnulla
1204 3248 1469 3306 dubitatio
1493 3269 1586 3307 sn-

0 3342 80 3379 ier
104 3325 278 3393 hujus
305 3332 493 3385 statuti
525 3333 952 3405 promnlgatione
983 3341 1262 3395 remansit.
1308 3341 1442 3396 Nam
1483 3361 1588 3400 non

0 3435 190 3472 tutum
217 3435 244 3473 a
277 3423 663 3479 consuetudine
683 3441 870 3480 eorum
903 3428 1193 3499 discrepat,
1222 3447 1381 3502 quam
1413 3451 1441 3488 a
1464 3437 1590 3507 qni-

4 3511 228 3562 utsdatn
254 3511 467 3579 scriptis
487 3528 590 3566 non
604 3515 740 3569 adeo
763 3517 1094 3574 authenticis
1116 3531 1508 3589 mutuavcram,
1537 3527 1588 3581 id

0 3610 62 3652 εει
87 3617 116 3652 a
150 3599 579 3670 Moguntiacensi
605 3608 852 3673 concilio,
879 3618 1116 3680 tempore
1139 3611 1586 3674 Henricisecundi

1 3692 347 3758 mperatoris
378 3693 544 3758 facto;
580 3697 682 3751 hoc
711 3698 856 3752 enim
900 3700 1041 3755 hatte
1083 3704 1319 3773 regulam
1369 3706 1590 3775 jcjnniis

0 3789 238 3847 [natuor
267 3788 563 3850 temporum
605 3786 835 3854 praefixit
866 3789 883 3858 (
909 3804 1030 3843 can.
1075 3781 1164 3859 3),
1205 3802 1262 3846 ιιι
1317 3795 1369 3849 in
1417 3797 1589 3866 prima.

0 3881 196 3938 lnarta
229 3869 359 3926 feria
389 3873 583 3939 Martii,
614 3877 664 3930 in
692 3881 925 3933 secunda
962 3879 1127 3945 Junii,
1183 3883 1235 3938 in
1271 3885 1426 3943 tertia
1454 3887 1588 3958 Sep-

2 3963 248 4023 embris,
273 3966 415 4018 omni
446 3981 586 4021 anno
609 3966 898 4036 jejunetur.
956 3971 1223 4028 Prteterea
1255 3985 1310 4030 et
1349 3977 1451 4033 hoc
1508 3989 1588 4031 at-

0 4058 253 4118 endttnt,
284 4056 422 4124 quod
460 4057 512 4110 in
570 4061 888 4128 quibusdam
950 4062 1399 4124 Sacrament:.riis
1433 4067 1584 4124 inve-

0 4146 178 4208 niunt,
208 4147 353 4213 quod
382 4157 435 4200 et
478 4147 528 4201 in
564 4150 742 4218 primo
768 4151 1006 4207 Sabbato
1039 4154 1237 4225 Martii,
1273 4159 1324 4214 in
1353 4165 1587 4218 secundo

9 4237 164 4298 unii,
204 4235 260 4288 in
298 4238 455 4291 tertio
488 4237 848 4308 Septembris,
883 4243 1134 4313 jejunare
1163 4249 1469 4304 debeamus.
1495 4251 1586 4305 Illo

0 4329 157 4380 tiam
189 4341 303 4380 non
327 4329 503 4383 minus
525 4331 812 4387 observato
835 4373 850 4397 ,
888 4343 947 4388 ut
975 4335 1040 4390 de
1093 4352 1202 4391 uno
1242 4337 1480 4410 Sabbato
1509 4357 1586 4395 xtt

1693 3168 1796 3224 etis
1825 3168 2079 3227 Patribus
2111 3187 2272 3242 quam
2305 3189 2598 3229 consonum
2627 3179 2950 3247 reperiatur,
2983 3180 3272 3237 clncidare.

1688 3259 2045 3316 Beatissimus
2089 3261 2198 3318 Leo
2233 3279 2370 3334 papa
2405 3264 2448 3332 l,
2501 3267 2554 3319 in
2597 3269 2785 3322 ordine
2832 3270 3278 3340 quadragesimus

1691 3355 1972 3422 septimus,
2006 3355 2162 3424 cujus
2193 3356 2516 3411 auctoritate
2564 3370 2949 3430 congregatum
2972 3370 3026 3415 et
3070 3364 3277 3418 confir-

1692 3453 1896 3498 matum
1927 3454 2010 3500 est
2055 3456 2302 3501 sanctum
2359 3447 2802 3506 Chalcedonense
2853 3455 3164 3521 concilium,
3221 3456 3273 3510 in

1691 3531 1830 3586 libro
1885 3548 2196 3589 sermonum
2241 3538 2417 3606 quarti
2471 3541 2671 3594 mensis
2705 3540 2968 3610 jejunium
3016 3559 3118 3597 non
3175 3546 3274 3599 nisi

1692 3622 2028 3678 hebdomada
2052 3625 2400 3683 Pentecostes
2429 3629 2806 3686 celebrandum
2838 3649 2957 3688 esse
2991 3636 3276 3690 denuntia-

1690 3711 1787 3766 \it.
1814 3711 1920 3767 Nec
1950 3715 2051 3770 hoc
2077 3723 2282 3770 tantum
2310 3717 2359 3770 in
2385 3734 2494 3773 uno
2517 3734 2786 3786 sermone,
2819 3725 2912 3779 sed
2937 3725 2987 3778 in
3012 3725 3274 3795 pluribus,

1690 3815 1824 3868 quos
1849 3802 1914 3856 de
1945 3803 2261 3860 Pentecoste
2284 3805 2335 3859 in
2364 3806 2592 3864 diversis
2623 3813 2785 3866 annis
2827 3813 3015 3868 fecisse
3047 3814 3144 3885 legi
3174 3831 3271 3882 ur;

1690 3891 1830 3958 quod
1857 3891 2004 3946 illum
2033 3894 2406 3967 subterfugere
2436 3903 2770 3969 nonpmerit,
2789 3904 3094 3976 quicunque
3119 3923 3273 3962 cum-

1690 3982 1809 4036 dem
1839 3983 2032 4038 librum
2058 3986 2342 4057 diligenter
2368 3989 2668 4060 perlegerit.
2697 3993 2772 4046 lbi
2808 3996 2949 4049 enim
2975 3997 3277 4050 evidentis-

1689 4076 1825 4129 simc
1865 4076 2148 4131 docebitur
2184 4094 2251 4132 ex
2304 4083 2602 4150 apostolica
2657 4087 2947 4143 tradilione
2997 4089 3157 4158 hujus
3187 4089 3270 4155 je-

1681 4163 1818 4232 jnitii
1867 4167 2268 4222 observantiam
2327 4171 2693 4240 descendere,
2736 4162 2834 4232 nec
2875 4179 3142 4233 diversam
3176 4181 3271 4233 sed

1687 4257 1996 4312 continuam
2048 4256 2317 4331 [divisam
2350 4303 2364 4326 ,
2415 4265 2507 4317 sed
2535 4267 2864 4339 contiguam]
2902 4308 2916 4333 ,
2965 4278 3087 4338 post
3127 4269 3270 4323 diem

1688 4345 2035 4402 Pentecostes
2073 4347 2336 4430 celebrari
2377 4352 2595 4406 debere.
2652 4353 2756 4408 Sed
2787 4373 2854 4409 ne
2899 4356 3090 4425 aliquis
3145 4371 3266 4410 eum

0 4420 473 4489 ectionnmusque
499 4423 550 4475 in
579 4423 741 4489 aliud,
761 4424 915 4493 juxta
949 4428 1303 4496 Amalarium,
1331 4445 1588 4501 quatttor-
1618 4445 1664 4503 ι)
1693 4435 1793 4490 hoc
1839 4436 1906 4488 de
1934 4420 2382 4505 quadragesima“
2403 4439 2625 4508 jejunio,
2659 4445 2798 4511 quod
2829 4453 2951 4513 post
2982 4444 3269 4500 Pentecos-

0 4511 166 4564 lecim
205 4509 566 4566 hebdomadas
597 4526 997 4584 computentur.
1015 4518 1072 4572 Si
1098 4519 1282 4589 igitur,
1316 4521 1585 4592 inquiunt,

0 4613 138 4655 usta
173 4609 446 4656 statutum
487 4604 688 4660 domini
717 4609 994 4676 apostolici
1035 4611 1177 4666 infra
1231 4613 1585 4672 Pentecosten

7 4693 282 4747 nnuatim
304 4691 654 4763 jejunaveris,
680 4714 784 4753 non
799 4715 1011 4770 semper
1025 4707 1314 4760 secundam
1343 4721 1588 4776 quartam

0 4785 184 4837 etiam
213 4782 301 4834 vel
340 4786 637 4840 secundum
670 4786 964 4844 Sabbatum
995 4790 1139 4849 Junii
1167 4795 1460 4852 observare
1493 4815 1589 4864 po-

0 4878 141 4931 eris.
175 4876 288 4929 Sed
317 4891 413 4933 cur
445 4893 594 4933 more
619 4879 1016 4938 Pharisaeorum
1039 4885 1307 4956 liquamus
1337 4890 1586 4956 culicem,

5 4968 292 5021 lutientes
326 4969 630 5025 camelum?
660 4973 790 5040 Cur,
829 4975 1071 5045 inquam,
1115 4977 1420 5047 hujusmodi
1454 4985 1588 5038 scri-

8 5069 65 5110 ta
135 5057 490 5126 praevaricari
522 5060 642 5130 plus
673 5078 960 5119 vereamur
998 5082 1160 5136 quam
1193 5071 1336 5126 sedis
1370 5082 1588 5142 aposto-

0 5137 103 5203 {cce
133 5149 447 5214 decretum,
492 5154 792 5219 praasertim
818 5170 941 5210 cum
967 5158 1036 5212 ob
1062 5173 1254 5214 eorum
1283 5163 1586 5219 adinvicem

0 5239 411 5308 epugnantiam
441 5254 502 5295 se
528 5244 817 5299 observare
843 5262 946 5301 non
977 5252 1334 5319 permittant?
1365 5255 1420 5308 Si
1444 5256 1587 5311 enim

9 5343 142 5386 txta
176 5330 613 5401 Moguntiaccnse
637 5339 919 5395 concilium
944 5325 996 5397 in
1026 5344 1198 5414 prima
1233 5356 1424 5417 quarta
1454 5348 1588 5406 ferta

0 5423 200 5486 lartii,
233 5423 284 5475 in
317 5427 550 5482 secunda
577 5427 720 5483 Junii
748 5470 762 5494 ,
791 5430 842 5484 in
871 5434 1023 5487 tertia
1055 5434 1392 5506 Septembris
1442 5442 1589 5497 omni

6 5529 142 5569 uno
199 5513 496 5585 jejunatttr,
528 5520 762 5588 primum
796 5522 1090 5581 Sabbatum
1126 5528 1305 5585 Martii
1333 5572 1348 5596 ,
1401 5549 1590 5590 secun-

8 5623 124 5662 um
149 5603 325 5671 Junii,
353 5609 574 5664 tertium
608 5610 944 5682 Septembris
984 5621 1265 5675 annuatim
1296 5624 1590 5683 observare

0 5698 274 5766 ιρψῑὶὺὶδ,
302 5714 399 5754 nec
420 5701 572 5771 juxta
599 5704 932 5761 Amalarinm
955 5713 1362 5778 quatuordecim
1395 5717 1590 5774 hebdo-

1688 4533 1776 4578 tcn
1816 4524 1994 4595 agitur
2019 4565 2033 4587 ,
2072 4541 2176 4580 non
2213 4527 2280 4581 de
2301 4525 2510 4596 jejunio
2547 4534 2724 4600 quarti
2765 4535 2965 4588 mensis
2996 4576 3011 4600 ,
3062 4552 3266 4605 praece-

1685 4615 1830 4685 pisse
1863 4629 2076 4687 putaret
2113 4626 2508 4694 snbsequenler
2546 4630 2882 4686 decernendo
2912 4632 3164 4686 admonet
3213 4642 3272 4688 ut

1688 4711 1829 4766 infra
1858 4716 2102 4770 eamdem
2124 4719 2516 4776 hebdomadam
2546 4733 2738 4791 quarta
2764 4733 2818 4778 ct
2842 4735 2991 4779 sexta
3022 4727 3152 4779 feria
3187 4725 3269 4792 je-

1678 4799 1924 4870 junetur,
1957 4817 2010 4858 et
2042 4807 2094 4860 in
2126 4807 2362 4865 Sabbato
2386 4810 2523 4880 apud
2548 4811 2805 4867 Sanctum
2829 4813 3045 4869 Petrum
3079 4816 3270 4886 vigilia:

1688 4892 2046 4962 celebrentur,
2102 4914 2260 4968 quem
2308 4902 2731 4958 denuntiationis
2761 4905 2974 4958 modum
3027 4921 3164 4974 pene
3213 4907 3268 4960 in

1686 4984 1938 5040 omnibus
1973 4988 2085 5044 suis
2115 4992 2452 5048 sermonibus
2476 4995 2725 5059 obtinuit,
2761 4995 3098 5065 cumjejunia
3127 4997 3270 5066 Qua-

1688 5085 1810 5132 tuor
1835 5075 2158 5150 Temporum
2183 5084 2548 5140 denuntiaret.
2581 5085 2714 5140 Nam
2739 5086 2827 5139 illa
2849 5084 3264 5158 Quadragesima

1686 5177 1806 5238 post
1832 5164 2187 5226 Penﬂcosten
2212 5189 2317 5228 tton
2346 5176 2596 5229 omnilms
2627 5185 2685 5230 ut
2717 5176 2818 5231 hoc
2850 5175 3139 5244 jejunium,
3172 5180 3266 5234 scd

1688 5259 1816 5314 solis
1867 5262 2255 5330 paenitentibus
2293 5265 2629 5320 observanda
2685 5267 2992 5334 imponitur.
3053 5267 3161 5322 Nec
3210 5270 3265 5324 in

1687 5351 1791 5406 hoc
1821 5361 2028 5408 tantum
2076 5355 2255 5409 triduo
2292 5355 2428 5409 infra
2461 5356 2838 5424 Pentecosten,
2873 5360 2965 5413 sed
2997 5360 3049 5413 itt
3085 5360 3263 5414 omni-

1687 5443 1788 5498 bus
1815 5444 2002 5499 lriduis
2029 5485 2045 5510 ,
2102 5447 2186 5500 vel
2223 5448 2385 5501 etiam
2423 5447 2618 5503 diebus
2674 5465 2768 5504 sex
2797 5451 3259 5508 hebdomadarum

1695 5539 1952 5592 custodiri
1994 5539 2236 5610 jubetur.
2301 5541 2569 5598 Prmterea
2625 5543 2765 5600 idem
2818 5546 2906 5601 vir
2935 5550 3263 5617 apostolicus

1691 5630 1744 5685 in
1774 5646 2023 5686 sermone
2050 5634 2117 5688 de
2137 5631 2344 5702 jejunio
2369 5636 2582 5706 septimi
2634 5639 2835 5694 mensis
2871 5659 2882 5692 :
2925 5656 2946 5692 ι
2972 5639 3262 5711 Jejnnium,

1677 5722 1879 5792 inquit,
1907 5740 2130 5781 vernum
2160 5727 2210 5782 in
2238 5727 2683 5802 Quadragcsima,
2711 5733 2955 5787 aestivum
2991 5734 3042 5787 itt
3071 5735 3262 5791 Pente-
