3846 6324
598 344 702 402 999

1899 327 2166 385 MONUM.
2193 325 2472 382 LiTURG.
3627 324 3701 382 ibi!

601 467 770 523 coste,
822 451 1132 508 autumnale
1181 450 1232 504 iu
1266 448 1497 519 septimo
1539 459 1723 501 mense
1751 445 2112 500 celebremus.
2155 462 2174 495 ι
2212 426 2255 480 Α
2285 438 2618 492 luuationem
2655 435 2800 500 Maii,
2840 449 2938 490 nec
2965 448 3185 506 semper
3209 433 3495 490 Kalendaria
3517 433 3702 502 ejusttt'e—

605 550 704 604 llbi
750 545 1148 603 evidentissime
1181 542 1435 596 indicavit
1474 539 1736 611 jejunium
1765 537 1943 608 quarti
1974 534 2179 590 mensis

603 657 710 694 non
768 638 870 692 nisi
925 637 978 689 in
1011 633 1341 689 hebdomada
1370 632 1724 687 Peutecostes
1752 644 1871 684 esse
1896 627 2180 682 celebran-

601 731 747 783 dum.
781 728 836 780 Si
865 727 1010 780 enim
1037 724 1176 779 istud
1208 723 1258 776 in
1289 721 1448 778 Junio
1469 722 1675 785 mense,
1699 721 1838 775 sicut
1866 715 2179 772 autumnale

602 821 656 874 in
707 818 1010 889 Septembri
1041 857 1054 880 ,
1080 835 1085 840 ·
1114 817 1327 886 semper
1361 815 1718 884 jejunandinn
1769 814 2178 874 decerneretur,

603 925 708 962 non
770 910 946 962 minus
991 904 1208 960 Iunium
1265 922 1425 974 quam
1471 904 1844 973 Septembrem
1895 901 2180 957 nominare

601 1008 800 1072 posset.
835 999 974 1068 Ergo
995 998 1150 1067 juxta
1173 997 1497 1051 sententiam
1530 996 1686 1064 hujus
1711 993 2015 1063 apostolici,
2041 993 2182 1047 sicut

600 1089 908 1143 autumnale
968 1103 1182 1158 semper
1231 1089 1283 1141 in
1343 1087 1672 1157 Septembri,
1724 1087 1800 1140 ita
1849 1087 2095 1140 {estivum
2127 1086 2180 1140 in

602 1180 924 1236 Pentecoste
947 1195 1160 1249 semper
1186 1180 1441 1234 debemus
1467 1177 1764 1233 celebrare.
1792 1177 2025 1231 Sanctus
2047 1191 2182 1244 quo—

601 1286 706 1340 que
752 1270 1046 1340 Gregorius
1078 1287 1210 1339 papa
1246 1270 1470 1340 primus,
1519 1286 1547 1332 a
1579 1285 1684 1338 quo
1713 1269 1892 1322 omnia
1935 1268 2183 1322 ecclesia-

602 1367 738 1420 stica
772 1364 944 1418 oilicia
969 1381 1105 1434 pene
1142 1365 1419 1426 habemus,
1453 1363 1611 1417 beato
1645 1359 1806 1416 Leoni
1832 1363 2032 1432 Optime
2054 1377 2181 1415 con-

601 1458 810 1519 cordat,
845 1457 936 1525 qui
973 1466 1026 1510 et
1056 1457 1106 1510 iu
1137 1456 1572 1510 Sacrameulario
1602 1463 1657 1509 et
1687 1456 1740 1508 in
1767 1454 1998 1508 diuruali
2028 1453 2169 1507 Anti-

600 1549 862 1619 phouario
911 1547 1082 1602 eidem
1128 1546 1333 1616 jejunio
1387 1546 1560 1600 nullas
1584 1548 1858 1599 orationes
1884 1544 1967 1599 vel
1992 1555 2181 1598 cantus

602 1638 862 1701 ascribit,
928 1637 1028 1690 nisi
1100 1637 1236 1690 inl‘ra
1290 1636 1645 1690 Pentecostetl
1697 1636 1970 1690 dicendos.
2020 1623 2188 1689 Liber

599 1730 761 1783 etiam
789 1730 1015 1784 Comitis
1045 1729 1157 1784 sive
1187 1727 1580 1792 Lectionarius,
1621 1743 1780 1797 quem
1804 1738 2024 1781 sanctus
2050 1726 2179 1782 llie-

601 1837 860 1892 ronymus
903 1821 1323 1892 compaginavit,
1370 1821 1544 1875 eidem
1586 1817 1796 1890 jejunio
1828 1819 2088 1874 lectiones
2113 1819 2181 1874 ad

600 1911 952 1966 festivitatem
1009 1912 1248 1980 Spiritus
1302 1913 1478 1966 sancti
1524 1912 1859 1980 pertinentes
1911 1911 2180 1965 attribuit.

599 2004 751 2058 SiCUl
780 2005 940 2074 igitur
962 2004 1226 2075 jejunium
1245 2004 1559 2059 Decembris
1584 2004 1650 2058 de
1671 2004 1920 2058 Adventu
1945 2001 2180 2066 Domini,

604 2104 658 2149 et
683 2095 949 2164 jejunium
993 2093 1166 2148 Martii
1203 2094 1269 2147 de
1304 2091 1752 2164 Quadragesima,
1783 2109 1877 2146 sua
1905 2100 2180 2146 mutuave—

600 2192 726 2237 runt
751 2182 948 2250 oilicia,
979 2184 1058 2238 sic
1085 2185 1249 2239 etiam
1276 2183 1488 2238 illorum
1521 2184 1785 2237 mensium
1805 2182 2008 2252 jejuuia
2041 2198 2182 2236 nun.

599 2290 763 2344 quam
801 2275 910 2329 alio
957 2279 1201 2344 tempore
1248 2275 1614 2337 celebrantur,
1650 2275 1752 2330 nisi
1791 2290 1856 2329 eo
1897 2276 2012 2345 ipso
2039 2275 2181 2328 unde

601 2375 656 2418 et
683 2365 915 2419 oiiicium
946 2367 1147 2421 habere
1192 2368 1462 2420 videntur.
1495 2366 2017 2436 Deniquejcjunium
2042 2366 2184 2420 Mar-

602 2456 688 2520 tii,
747 2466 803 2510 et
854 2465 979 2510 ante
1025 2466 1288 2510 statutqu
1344 2457 1511 2510 nostri
1567 2472 1716 2524 papa:
1761 2455 2028 2525 Gregorii,
2059 2473 2182 2510 cum

602 2545 890 2616 aliquando
914 2557 1038 2601 ante
1062 2547 1536 2616 Quadragcsimam
1561 2549 1714 2617 juxta
1742 2545 2183 2617 Mogtntti.tcettse
2224 2570 2227 2573 ι

601 2631 890 2686 concilium
924 2632 1191 2696 eveniret,
1251 2640 1471 2701 propter
1508 2631 1977 2701 quadragesimale
2003 2642 2182 2686 tamen

601 2721 834 2776 cilicium
867 2737 1036 2791 usque
1065 2722 1132 2776 ad
1189 2721 1664 2791 Quadragesitnatu
1693 2720 2063 2775 diifcrebatur.
2097 2722 2184 2775 lu-

601 2825 898 2880 congruum
948 2811 1091 2865 enim
1141 2818 1286 2866 esset
1337 2811 1660 2880 utejusdem
1701 2809 1894 2880 jejuuii
1927 2810 2184 2865 lectiones

603 2905 910 2974 specialiter
940 2905 1418 2976 Quadragcsimam
1453 2906 1792 2972 intimautes,
1821 2915 1873 2960 ct
1905 2907 2181 2962 orationes

603 3009 766 3063 super
802 2995 1078 3064 populum,
1125 3005 1274 3049 extra
1322 2996 1805 3068 Quadragesimam
1846 2998 2178 3052 dicerentur.

2282 531 2379 600 git.
2413 529 2642 598 Semper
2690 529 2879 596 utique
2904 536 2996 580 aut
3033 526 3378 590 Kalendaria,
3399 534 3475 578 aut
3495 525 3705 584 lunatione:

2281 619 2422 674 Junii
2450 619 2722 689 possidet,
2757 618 2883 672 Maii
2910 626 3091 672 autem
3144 632 3490 687 saepenumero
3510 632 3580 669 nec
3597 617 3709 670 litim

2283 711 2454 771 daria,
2482 724 2580 763 nec
2614 708 2946 762 lunationem
2988 707 3217 762 obtinet.
3247 706 3416 773 Quare
3437 714 3484 759 et
3503 703 3616 760 iunio
3632 722 3713 763 tua»

2280 797 2556 868 petentius
2583 797 2913 863 attitulatur,
2933 812 3091 866 quem
3123 810 3398 865 nunquam
3419 795 3605 857 dimittit,
3625 812 3713 863 qua

2285 890 2423 944 Maio
2451 900 2612 956 quem
2653 886 2931 940 multoties
2951 885 3176 940 omnino
3209 883 3554 953 praetermittit.
3576 881 3716 953 llasigi

2285 988 2373 1036 tur
2416 979 2656 1034 rationes
2711 978 3040 1046 quicunque,
3085 975 3335 1045 deposito
3363 975 3719 1027 contentionissu-

2283 1074 2392 1137 dio,
2445 1071 2676 1125 iideliter
2737 1069 3091 1124 considerare
3136 1067 3402 1129 voluerit,
3447 1064 3593 1134 procul
3631 1066 3720 1120 dubie

2282 1163 2558 1219 dominum
2598 1160 2955 1230 apostolicum
2985 1161 3052 1214 de
3079 1157 3292 1227 jejunio
3314 1171 3470 1210 verno
3498 1155 3585 1208 sive
3599 1158 3722 1216 estin.

2283 1271 2388 1309 non
2437 1262 2545 1306 tam
2594 1266 2750 1306 suum
2803 1265 2966 1318 quam
3019 1256 3334 1304 sanctorum
3362 1244 3725 1299 Patrumstatttta

2283 1346 2583 1398 instituisse
2623 1341 2908 1410 iudicabit,
2948 1349 3002 1394 et
3033 1341 3172 1394 idem
3222 1339 3398 1408 ipsum
3426 1337 3728 1390 antbenticisn-

2285 1437 2521 1492 tionibus
2548 1434 2952 1500 conﬁrmatum,
2977 1430 3307 1502 generaliter
3331 1428 3728 1484 observandumeist

2284 1543 2388 1582 non
2419 1526 2709 1593 dubitabit.
3055 1586 3060 1590 ε

2504 1619 2633 1674 Car.
2659 1614 2851 1672 XXVI.
2885 1645 2954 1655 —-
2984 1614 3062 1668 De
3092 1612 3392 1668 autumnali
3409 1610 3598 1681 jejunio.

2353 1711 2623 1781 Jejunium
2657 1705 2970 1764 autumnale
2998 1705 3152 1773 juxta
3182 1712 3389 1758 statuta
3421 1711 3661 1757 sanctomm
3679 1698 3734 1752 Pa-

2215 1781 2256 1837 Β
2288 1812 2429 1856 trum
2483 1799 2699 1867 Leonis,
2755 1797 2957 1853 Gelasii
3008 1804 3064 1850 et
3112 1793 3464 1864 reliquorum,
3510 1792 3554 1844 in
3596 1790 3734 1857 septimo

2286 1906 2472 1947 mense
2523 1890 2781 1945 debemus
2835 1887 3151 1949 celebrare;
3185 1885 3333 1953 quod
3365 1892 3527 1936 tamen
3550 1895 3624 1934 nec
3647 1880 3734 1931 insti-

2287 1983 2423 2036 tutio
2473 1979 2775 2035 oiliciorum
2815 1993 2917 2032 nec
2944 1974 3246 2044 suppositio
3275 1970 3507 2026 vacantis
3526 1968 3734 2024 Domitia.

2285 2086 2384 2125 nec
2437 2079 2640 2125 statuta
2699 2076 3012 2123 sanctorum
3075 2065 3320 2127 Patrum,
3371 2060 3515 2116 alicui
3540 2056 3735 2127 septimm

2288 2172 2394 2216 tam
2421 2161 2726 2231 specialiter
2749 2157 3243 2228 utreliquajejuuia
3268 2157 3509 2212 videntur
3526 2151 3734 2219 assignate.

2286 2256 2380 2310 Est
2403 2265 2583 2309 autem
2636 2253 3005 2310 ecclesiastica
3031 2249 3371 2306 consuetudo
3392 2254 3449 2300 ut
3470 2245 3514 2300 in
3540 2239 3732 2298 tertiosn»

2286 2347 2418 2400 bato
2471 2344 2808 2414 Septembris
2846 2341 3144 2411 jejunetur,
3172 2354 3297 2410 qua:
3323 2338 3497 2405 utique
3521 2329 3737 2388 consuetu-lo

2287 2444 2343 2489 et
2373 2435 2528 2487 nobis
2568 2433 2728 2487 debet
2763 2432 3032 2495 suiiicere,
3064 2429 3371 2500 prmsertim
3408 2440 3518 2480 cum
3543 2418 3737 2492 προειώῶ

2291 2525 2557 2579 institutis
2580 2537 2844 2591 nusquam
2876 2519 3126 2574 videatur
3150 2517 3445 2572 contraire.

2552 2636 2682 2691 Car.
2707 2632 2920 2688 XXVII.
2945 2661 3015 2672 —-
3039 2632 3114 2686 De
3143 2631 3361 2684 hiemali
3378 2627 3578 2698 jejunio.

2355 2725 2628 2794 Jejunium
2677 2722 2930 2788 hiemale,
2959 2723 3115 2793 juxta
3152 2719 3496 2775 traditionem
3519 2714 3738 2770 sanctam-

2289 2834 2462 2872 manu:
2496 2816 2771 2879 Ecclesiae,
2797 2830 3012 2884 semper
3043 2815 3095 2867 in
3123 2813 3282 2866 tertia
3308 2807 3606 2865 hebdomada
3623 2807 3738 2859 dcte

2290 2918 2452 2962 ventu
2481 2891 2692 2961 Dotni'iti
2723 2906 2882 2959 debet
2932 2904 3219 2968 celebrari,
3253 2902 3464 2957 sicutet
3484 2897 3738 2954 saucliPatres

2287 3000 2668 3060 instituerunt;
2694 2997 2783 3066 qui
2808 2996 3047 3065 ejusdem
3071 2994 3264 3064 jejuuii
3289 2993 3454 3049 cilicia
3472 2993 3613 3048 eidem
3628 2989 3740 3044 hebet

603 3085 811 3140 Eadem
854 3087 1019 3157 igitur
1068 3089 1279 3142 ratione
1335 3098 1390 3143 et
1437 3091 1684 3144 aestivum
1721 3091 1983 3160 jejunium
2045 3091 2180 3146 inira
2213 3119 2258 3180 Β
2291 3092 2460 3145 madze
2497 3090 2828 3153 indiderunt,
2865 3099 2919 3144 et
2955 3098 3273 3156 sequentem
3321 3085 3740 3140 Dominicamvacan-

600 3177 954 3233 Pentecosteu
979 3180 1334 3234 observamus
1363 3189 1752 3251 competenter,
1776 3193 1994 3250 propter
2013 3181 2185 3235 oiiicia

602 3267 669 3322 de
696 3269 882 3322 eadem
917 3269 1265 3324 solemnitate
1289 3279 1552 3323 mutuata.
1579 3271 1680 3336 Qui
1706 3272 1848 3325 enim
1875 3271 2003 3324 illud
2034 3281 2187 3324 extra

603 3361 964 3416 l’entecostcn
1019 3360 1330 3428 observant,
1386 3377 1632 3433 magnam
1673 3361 1969 3416 ciliciorum
1999 3364 2188 3416 coni'u-

600 3451 806 3505 sionem
859 3449 1096 3516 faciunt,
1159 3469 1280 3506 cum
1333 3453 1834 3523 (ptadragesimales
1891 3462 2084 3507 cantus
2135 3462 2190 3508 et

603 3543 876 3598 orationes
908 3544 1230 3600 lectionibus
1282 3546 1346 3599 de
1375 3545 1696 3601 Pentecoste
1724 3547 2016 3601 associent.
2050 3546 2190 3601 Con-

603 3633 850 3686 cordiam
904 3637 1104 3703 quippe
1146 3635 1444 3691 ciliciorum
1496 3637 1846 3693 Peutccostes
1901 3639 2186 3708 dissipant,

603 3738 768 3791 quam
815 3727 986 3779 sancti
1038 3727 1225 3782 Patres
1276 3730 1511 3784 maxime
1551 3731 1603 3785 in
1645 3731 1950 3800 lmjusmodi
1999 3731 2190 3786 ciliciis

606 3815 854 3869 obtinere
913 3819 1240 3887 studebant;
1284 3831 1338 3876 et
1380 3838 1501 3876 cum
1542 3833 1696 3878 extra
1745 3824 2098 3882 Pentecosmn
2126 3827 2191 3880 de

608 3912 929 3982 hocjejunio
944 3915 1145 3970 nullum
1172 3918 1449 3972 inveniant
1475 3920 1732 3986 eiiicium,
1757 3909 1859 3991 ipsi
1891 3923 1990 3976 sibi
2019 3921 2190 3977 oilicia

608 4017 955 4072 componere,
983 4005 1090 4059 imo
1120 4008 1451 4063 confundere
1495 4013 1783 4066 temerario
1816 4028 1947 4066 ausu
1981 4029 2188 4082 prmsu-

610 4102 786 4150 murti.
817 4094 930 4150 Non
962 4097 1175 4152 mireris
1217 4110 1396 4154 autem
1436 4104 1577 4170 quod
1608 4097 1993 4172 hocjejuuium
2024 4104 2188 4160 Junio

609 4185 794 4256 potius
817 4201 976 4256 quam
1006 4186 1142 4241 Maio
1169 4190 1464 4259 aScriptum
1499 4192 1723 4260 reperiri
1748 4193 1972 4257 malunt,
2003 4211 2192 4262 quant-

608 4275 870 4344 visjuxta
914 4279 1250 4347 superiorem
1297 4290 1588 4335 tractatum
1640 4293 1693 4338 et
1738 4285 1790 4338 in
1831 4275 1970 4340 Maio
1998 4288 2192 4358 s:rpitts

608 4368 962 4424 celebratur:
996 4372 1110 4441 ipsa
1166 4373 1308 4427 enim
1368 4373 1708 4440 Pentecoste,
1761 4393 1883 4432 cum
1943 4394 2046 4448 qua
2091 4381 2191 4436 hoc

2294 3193 2398 3236 tem
2445 3189 2794 3243 vocaverunt,
2851 3193 2949 3233 nec
2986 3179 3052 3230 ad
3092 3177 3193 3232 hoc
3247 3177 3356 3230 ullo
3402 3172 3588 3244 speciali
3627 3177 3742 3224 stanti

2291 3271 2612 3340 indigemus,
2663 3269 2716 3322 in
2766 3284 2873 3338 quo
2925 3275 3240 3322 sanctorum
3285 3265 3500 3335 vestigia
3542 3277 3622 3316 non
3657 3272 3744 3313 ett:-

2290 3360 2486 3414 ditatus.

2326 3473 2452 3528 CAP.
2481 3471 2714 3542 XXVIII.
2749 3501 2817 3512 -—
2849 3471 2924 3524 De
2949 3471 3125 3540 ofﬁciis
3152 3470 3451 3523 earumdem
3471 3465 3718 3537 jejunium.

2362 3565 2437 3619 De
2460 3579 2640 3634 annua
2674 3562 3132 3616 transmutatione
3159 3559 3456 3614 ciliciorum
3478 3558 3524 3610 iu
3548 3552 3688 3608 vernali
3703 3551 3744 3615 it-

2286 3655 2461 3726 junio,
2504 3657 2646 3708 unde
2674 3654 2942 3708 hactenus
2980 3652 3209 3707 multum
3244 3650 3446 3705 frustra
3479 3645 3759 3702 laborantia;

2291 3764 2400 3820 non
2450 3761 2672 3801 necesse
2726 3755 2808 3800 est
2843 3758 2900 3799 ut
2927 3746 3183 3814 deinceps
3215 3744 3533 3804 laboremus,
3560 3737 3743 3804 cumini!

2292 3839 2573 3909 antiquam
2621 3837 3014 3892 institutionem
3067 3837 3250 3890 outnia
3301 3827 3744 3903 liujusjejuniioim

2293 3945 2390 3983 suo
2448 3909 2566 3981 loco
2620 3938 2672 3982 et
2725 3929 2938 3992 ordine,
2967 3927 3109 3992 sicut
3141 3926 3387 3979 instituta
3413 3921 3748 3986 sunt,obscru'!

2293 4017 2606 4072 debeamus.
2658 4017 2714 4070 In
2774 4016 2962 4071 :estivo
3017 4026 3199 4069 autem
3233 4013 3438 4083 jejunio
3461 4009 3748 4066 illumordirea

2293 4109 2590 4165 oiiiciorum
2617 4116 2987 4176 competenter
3008 4107 3288 4160 annuatim
3311 4108 3639 4160 observamus.
3660 4111 3748 4164 quem

2293 4213 2348 4256 et
2377 4201 2611 4269 majores
2665 4199 2834 4255 nostri
2868 4200 2921 4252 in
2952 4199 3140 4253 eodem
3165 4196 3374 4267 jejunio
3412 4201 3664 4249 tenuerunt.
3686 4201 3750 4238 tua

2296 4293 2428 4364 illud
2458 4292 2598 4347 infra
2627 4293 2986 4348 Peutecosten
3009 4289 3297 4357 aliquando
3323 4289 3650 4342 observarem,
3669 4279 3750 4327 nir-

2297 4385 2424 4440 licet
2460 4394 2515 4439 ut
2539 4386 2592 4439 in
2633 4393 2829 4454 quarta
2859 4391 2914 4437 et
2939 4391 3090 4446 sexta
3139 4381 3271 4435 feria
3300 4389 3537 4435 cantetur
3563 4385 3605 4430 et
3631 4374 3750 4439 legi!!!

603 4459 869 4529 jejunium
913 4469 1139 4534 semper
1169 4465 1510 4533 observatur,
1541 4469 1592 4521 in
1622 4469 1760 4523 Maio
1799 4471 1994 4540 sa‘pius
2027 4488 2186 4541 quam
2223 4472 2265 4530 ι)
2295 4479 2436 4548 quod
2497 4479 2548 4532 in
2579 4478 2767 4532 eadem
2806 4475 3141 4538 hcbidomatla
3167 4474 3368 4532 eisdem
3402 4471 3540 4524 feriis
3563 4465 3746 4529 ascripti!!-

610 4553 662 4607 in
691 4553 852 4608 .lunio
903 4555 1229 4620 celebratur,
1279 4568 1396 4624 qua:
1427 4566 1626 4624 tamen,
1649 4559 1802 4629 juxta
1833 4563 2191 4631 computatio-

611 4659 734 4696 nem
786 4643 946 4710 lunae,
984 4644 1144 4700 Jut.io
1209 4664 1422 4716 semper
1475 4651 1786 4706 ascribitur.
1832 4650 1964 4705 Nam
1997 4653 2097 4707 hoc
2120 4655 2196 4708 ic-

611 4747 779 4801 stum,
805 4737 942 4790 sicut
970 4748 1022 4791 et
1053 4738 1276 4805 Pascha,
1297 4755 1400 4794 non
1420 4740 1576 4810 juxta
1612 4745 1874 4798 rationem
1904 4747 2192 4811 mensium,

612 4827 708 4881 sed
744 4827 1100 4893 lunationum,
1146 4832 1426 4888 annuatim
1467 4834 1807 4892 observatur.
1839 4837 2051 4892 Etillud
2077 4839 2198 4907 qui-

614 4918 735 4971 dem
769 4919 957 4988 Aprili,
992 4922 1092 4975 hoc
1124 4932 1303 4977 autem
1330 4923 1488 4978 Junio
1520 4937 1741 4996 propter
1765 4928 2194 4983 observationem

615 5009 950 5065 lunationum
979 5015 1292 5069 eorumdem
1339 5018 1603 5070 mensium
1633 5033 1848 5087 semper
1877 5019 2190 5084 ascribitur,

615 5104 865 5171 quamvis
892 5107 1106 5161 eosdem
1150 5123 1364 5163 menses
1397 5109 1675 5165 multoties
1714 5112 2036 5181 aulicimnt,
2059 5113 2198 5167 sicut

617 5203 670 5246 et
713 5193 838 5262 ipsae
899 5195 1223 5252 lunationcs.
1279 5199 1475 5253 Eadem
1524 5199 1688 5270 igitur
1739 5201 1948 5254 ratione
1997 5210 2050 5255 et
2094 5201 2198 5255 hoc

615 5282 876 5352 jejunium
898 5286 1056 5342 Junio
1087 5290 1433 5358 ascribimus,
1467 5295 1611 5362 quod
1639 5301 1694 5346 et
1727 5307 1848 5347 cum
1876 5293 2197 5347 Pentecoste

620 5376 724 5430 sub
745 5377 934 5431 eadem
985 5379 1259 5434 lunatione
1289 5384 1568 5437 annuatim
1601 5383 1891 5439 observare
1917 5385 2194 5438 debemus.

626 5464 724 5518 ilot
780 5480 916 5519 sane
937 5467 1196 5535 jejunium
1228 5487 1441 5540 semper
1490 5471 1822 5527 luuationem
1847 5470 2021 5539 Junii,
2053 5488 2196 5542 srnpe

621 5555 788 5616 etiam
820 5562 873 5610 et
897 5557 1218 5614 Kalendaria
1251 5561 1367 5630 cjus
1397 5564 1672 5634 observat,
1709 5579 1981 5636 nunquam
2009 5574 2189 5618 autem

2305 4570 2596 4639 reperitur.
2650 4569 2708 4622 lu
2759 4568 2995 4623 Sabbato
3026 4576 3210 4642 autem
3262 4579 3382 4620 eum
3411 4562 3568 4618 oilieio
3591 4556 3690 4628 quod
3714 4554 3748 4602 ἓὶι

2304 4662 2552 4732 habetur,
2605 4661 2690 4714 lue
2734 4659 2994 4714 lectiones
3034 4659 3283 4726 legantur
3319 4675 3331 4710 :
3379 4656 3552 4710 Lectio
3589 4646 3749 4710 :Diltgriﬂ'

2294 4755 2587 4822 justitiam,
2616 4753 2756 4806 Aun’i
2776 4751 2966 4817 Iacob,
2991 4751 3598 4818 Exsultale,E/Tundam;
3621 4744 3666 4797 ad
3685 4741 3749 4793 ιπε-

2303 4861 2441 4909 sam,
2473 4842 2799 4910 Jusli/icali;
2852 4858 2971 4911 qua:
3001 4843 3190 4911 utique
3235 4856 3415 4897 omnes
3438 4834 3665 4893 festivitati
3689 4827 3748 4892 Si"

2304 4933 2439 4986 ritus
2477 4931 2648 4984 sancti
2673 4932 2876 4999 optime
2898 4931 3247 4986 conveniunt.
3271 4928 3593 4998 Ev:mge|iuut
3643 4920 3746 4988 Εξτῡ

2302 5038 2390 5075 sus
2443 5019 2622 5084 Jesus,
2669 5021 2809 5074 sicut
2867 5021 3118 5076 etiamin
3165 5020 3394 5088 antiquis
3425 5005 3734 5072 Breviariisonﬁ

2304 5123 2488 5167 natum
2545 5113 2867 5183 reperimus.
2934 5113 3001 5167 Et
3043 5113 3145 5168 hoc
3175 5114 3350 5182 utique
3375 5104 3746 5165 observandumei

2304 5220 2371 5258 ne
2419 5205 2471 5257 in
2522 5214 2715 5274 quarta
2772 5203 2905 5259 feria
2977 5205 3063 5259 vel
3112 5205 3329 5259 sabbato
3388 5188 3744 5270 quadragesimi-

2303 5296 2606 5360 oil'ertoria,
2662 5295 2715 5349 id
2765 5305 2848 5351 cst
2899 5295 3221 5360 Medilabar,
3257 5295 3462 5349 Domine
3486 5291 3603 5344 Deus
3624 5283 3741 5339 ωέιίβι

2310 5388 2576 5453 dieamus,
2617 5388 2710 5442 sed
2768 5389 2819 5442 in
2873 5389 3134 5443 honorem
3169 5387 3390 5459 Spiritus
3420 5383 3589 5443 sancti,
3611 5376 3741 5431 Alteri

2309 5485 2420 5530 tum
2453 5477 2811 5543 oil'ertorium,
2868 5476 3057 5532 Emitte
3083 5480 3334 5548 Spiritum,
3357 5491 3454 5544 pro
3480 5481 3657 5539 utroqm'
3675 5473 3740 5514 (³³·

2307 5575 2500 5622 tentus.
2554 5566 2665 5622 Nec
2720 5567 3062 5641 Gradualia,’
3091 5569 3206 5637 sed,
3239 5566 3446 5622 Alleluia
3483 5564 3550 5635 (8)
3576 5555 3738 5632 pra-didii

688 5743 762 5814 (8)
805 5738 1030 5796 Videtur
1079 5741 1266 5798 deesse
1317 5741 1562 5796 verbum.
1615 5744 1716 5797 huc
1775 5742 1918 5798 enim
1956 5739 2184 5796 Alleluia
2207 5750 2458 5800 cantatur
2479 5753 2599 5816 post
2628 5743 2915 5801 lectionem
2949 5760 3017 5798 ιγ.
