3846 6324
49 342 155 399 tam
1345 318 1809 377 tthRULOGUS.
3130 320 3262 375 mea

44 450 323 510 lectionibus
366 442 682 513 snhjungere
731 438 1028 494 debemus:
1063 434 1293 505 Spiritus
1322 434 1568 498 Domini,
1598 447 1647 506 Α
1676 450 1780 489 non
1838 433 2112 489 immerito
2160 435 2373 505 plenius
2427 451 2590 506 quam
2652 434 2861 504 reliqua
2902 450 3061 489 suum
3100 436 3262 490 habet

45 542 325 603 Paraclitus,
354 536 553 590 Emitte.
586 530 721 587 Veni
763 531 954 586 Sancte
984 522 1236 598 Spiritus.
1270 522 1328 581 In
1356 536 1565 580 autnm-
1673 526 1925 582 ollicium.
1985 528 2117 582 Nam
2178 531 2381 598 reliqua
2414 528 2628 582 aliunde
2659 544 2800 583 nunc
2850 545 2914 582 ex
2950 538 3081 593 toto,
3118 546 3265 584 nunc

49 640 135 693 nali
162 643 324 689 autem
348 628 549 701 jejunio
584 624 788 690 omnia,
825 632 884 677 ut
927 622 1167 676 instituta
1205 630 1351 685 sunt,
1379 620 1571 673 obser-
1673 635 1739 675 ex
1806 635 2001 692 magna
2054 631 2209 693 parte
2246 638 2342 692 per
2389 637 2518 677 suas
2564 622 2729 676 ferias
2779 621 3159 677 imiimi-amur,
3200 622 3260 677 ιη

44 740 221 779 vannis.
275 720 328 773 In
376 726 566 788 quarta
614 714 747 769 feria
794 711 1087 782 antiphona
1122 709 1573 779 Exsultnte;gra-
1676 714 1820 768 utiuti
1841 715 2047 785 jejunio
2075 714 2323 780 Quatuor
2361 714 2711 783 Temporutn,
2744 714 2847 768 nisi
2890 712 3031 768 infra
3059 712 3256 768 Pente-

44 814 191 877 (ιιηιιρ,
238 811 359 875 Quis
385 810 557 869 sicut;
604 806 880 874 graduale,
911 801 1332 863 Tribulationes;
1363 799 1573 855 olferto-
1676 811 1886 867 costen,
1940 819 2113 874 genua
2162 802 2450 857 IIectimus.
2496 801 2553 856 In
2576 811 2766 871 quarta
2790 802 3013 872 quidem
3036 801 3169 857 feria
3192 803 3259 858 ad

42 908 175 967 rintn,
204 900 514 964 Meditabar;
541 898 872 957 communio,
903 895 1169 949 Comedite
1198 910 1216 948 :
1242 909 1363 947 cum
1390 893 1575 947 Iectio-
1678 893 1913 963 priorem
1965 902 2174 946 tantum
2224 892 2528 947 oralionem
2580 891 2699 946 sine
2722 892 3049 947 salutatione
3080 892 3266 961 prola-

45 999 193 1060 nibns,
237 990 364 1048 Ecce
408 993 517 1045 dies
567 992 803 1054 renitml,
836 988 1189 1058 Congregatus
1210 996 1317 1051 est;
1346 1000 1578 1055 evange—
1680 993 1807 1039 tam.
1843 984 1975 1039 Nam
2003 984 2238 1041 secunda
2254 985 2369 1039 sine
2397 983 2771 1053 genuﬂexione
2790 998 2913 1038 cum
2939 984 3267 1039 salutatione

42 1090 164 1145 linnt,
214 1083 533 1153 Respondens
585 1099 742 1136 unus.
800 1082 854 1135 In
888 1090 1041 1135 sexta
1072 1080 1204 1134 feria
1242 1079 1573 1147 antiphona:
1680 1074 1971 1144 profertur.
2016 1073 2206 1130 Oratio
2259 1082 2441 1130 autem
2476 1074 2527 1128 in
2573 1082 2727 1130 sexta
2760 1072 2894 1128 feria
2918 1090 3041 1131 cum
3068 1074 3269 1129 saluta-

45 1177 237 1229 ltrtetnr
285 1191 401 1235 cor;
452 1173 727 1244 graduale,
778 1170 1090 1225 Convertere
1143 1186 1163 1233 ;
1217 1168 1577 1236 oﬂ‘ertorinm,
1684 1165 1831 1219 tione
1884 1173 1941 1219 et
1977 1164 2353 1235 genuﬂesione
2406 1164 2683 1220 recitatur.
2715 1163 2772 1218 In
2806 1163 3042 1219 Sahhato
3085 1174 3267 1220 autem

40 1264 263 1329 Benedic;
289 1265 614 1328 communio,
647 1257 812 1332 Aufer
838 1281 869 1317 a
895 1278 1005 1327 me;
1026 1261 1217 1316 lectio:
1243 1260 1578 1326 Convertere;
1681 1267 1869 1309 omnes
1904 1257 2179 1311 orationes
2202 1254 2505 1327 genuﬂcxio
2555 1255 2672 1309 sine
2697 1253 3029 1309 salutatione
3058 1269 3265 1323 praece-

42 1356 364 1423 evangeliiun,
390 1355 627 1426 Rogabat
654 1354 861 1409 Iesum.
904 1353 1033 1420 Quae
1061 1353 1240 1407 omnia
1277 1353 1580 1407 adinviceni
1683 1347 1783 1411 dit,
1816 1357 2014 1418 praeter
2066 1347 2211 1403 illam
2242 1348 2312 1405 de
2341 1350 2557 1403 camino
2581 1363 2701 1417 quae
2731 1347 3112 1403 salutationem
3144 1348 3265 1405 sine

42 1465 256 1517 magnam
284 1448 475 1501 habent
500 1446 867 1501 concordiam.
888 1444 946 1497 In
970 1443 1209 1497 Sabbato
1234 1443 1526 1511 atttiphona
1564 1459 1578 1497 :
1685 1437 2061 1507 genuﬂexione
2093 1440 2285 1511 exigit.
2334 1441 2413 1494 Ad
2450 1439 2594 1493 illatn
2627 1454 2822 1509 nempe
2851 1454 3025 1509 genua
3050 1438 3272 1495 ﬂectere

52 1538 219 1601 l’enite,
242 1538 510 1590 adoremus
528 1554 547 1601 ;
572 1535 940 1591 odertoriutn:
967 1532 1188 1586 Domine
1213 1532 1348 1586 Deus
1362 1532 1581 1597 salutis;
1683 1530 2173 1597 praetermittimus,
2206 1545 2356 1585 more
2386 1530 2547 1587 trium
2578 1544 2892 1598 puerorum,
2915 1531 3005 1600 qui
3038 1538 3272 1585 statuam

38 1631 309 1682 communio
341 1646 353 1682 :
390 1628 569 1682 Mense
619 1629 870 1696 septimo;
909 1626 1167 1683 lectiones
1197 1643 1211 1677 :
1236 1623 1450 1679 Decimo
1470 1624 1580 1691 die,
1689 1619 1920 1674 adorare
1945 1619 2238 1675 noluerunt
2260 1635 2388 1675 cum
2436 1619 2748 1691 gentilibus.
2784 1620 2930 1674 Ordo
2954 1621 3114 1674 etiam
3137 1635 3275 1690 prte-

43 1722 205 1785 Quinto
248 1722 459 1785 decimo,
519 1721 737 1774 Domine
777 1720 916 1773 Deus
964 1727 1160 1781 uoster,
1213 1714 1435 1771 Factum
1477 1727 1583 1783 est;
1683 1708 1818 1778 cipit
1867 1716 1925 1761 ut
1974 1706 2112 1762 infra
2167 1710 2427 1779 hymnum
2482 1709 2794 1763 earumdem
2836 1724 3127 1779 puerorum
3160 1725 3274 1765 non

38 1813 339 1883 evangelium
367 1827 381 1865 :
411 1812 664 1864 Arborem
709 1811 797 1880 ﬁci
815 1827 834 1876 ;
881 1808 1158 1878 gradualia
1210 1823 1341 1864 vero
1390 1808 1579 1862 eadem
1616 1804 1656 1862 Β
1685 1797 1999 1859 sedeamus.
2032 1812 2119 1863 ne,
2149 1796 2255 1852 ilIis
2285 1798 2337 1852 in
2360 1800 2572 1853 camino
2596 1798 2985 1864 laborantibus,
3016 1798 3275 1852 nosiner-

39 1919 137 1969 quia:
184 1912 236 1956 et
283 1903 333 1956 in
351 1902 566 1971 jejunio
603 1901 830 1955 vernali.
875 1902 1006 1966 Quae
1034 1901 1131 1954 etsi
1167 1900 1306 1969 apud
1340 1899 1583 1955 diversos
1691 1889 1777 1944 tite
1806 1889 2066 1944 sessionis
2094 1889 2258 1944 dediti
2286 1904 2409 1945 esse
2438 1891 2737 1947 videamur.
2772 1890 2885 1945 Hoc
2913 1899 3095 1944 autem
3127 1888 3272 1945 Sab-

42 1994 220 2046 diverse
259 2003 629 2056 assumuntur,
686 1993 739 2046 in
768 1991 1183 2060 quamplurimis
1223 2000 1398 2043 tamen
1432 1989 1585 2042 libris

40 2086 100 2138 ita
142 2086 466 2155 reperiuntur
519 2106 536 2140 :
589 2084 878 2151 Prolector,
938 2082 1242 2151 Propitius,
1291 2082 1583 2152 Dirigatur,

42 2176 223 2230 Salvum
281 2178 363 2246 [nc
412 2176 687 2249 populum,
717 2192 838 2245 qua:
886 2185 940 2229 et
968 2175 1018 2229 in
1051 2174 1347 2228 autumnali
1377 2175 1586 2244 jejunio

43 2280 91 2321 ut
136 2270 181 2323 in
222 2270 419 2324 vernali
481 2270 836 2333 ordinantur,
888 2267 992 2322 nisi
1020 2269 1163 2337 quod
1204 2268 1583 2324 inautumnali

41 2361 262 2428 graduale
322 2362 615 2427 Protector,
647 2370 769 2432 post
807 2361 1066 2431 graduale
1124 2357 1392 2431 PrOpitius
1434 2362 1588 2416 cani-

43 2463 129 2507 tur.
194 2454 254 2508 Et
292 2454 393 2510 hoc
441 2455 631 2524 utique
686 2454 977 2509 concordia
1018 2452 1313 2509 ciliciorum
1370 2456 1589 2525 exigere

46 2550 247 2607 videtur.
290 2552 421 2609 Nam
481 2554 539 2608 in
597 2555 806 2609 vernali
886 2556 1062 2621 prima
1127 2553 1290 2608 lectio
1346 2548 1585 2619 Respice:

42 2642 253 2712 Domine,
291 2648 353 2701 de
378 2648 707 2715 sanctuario,
735 2658 783 2701 et
809 2647 1019 2702 benedic
1040 2644 1231 2717 populo
1253 2654 1362 2708 tuo,
1384 2641 1591 2711 optime

39 2737 255 2805 congruit
294 2736 541 2809 graduali
601 2736 880 2793 Protector
927 2749 1119 2803 noster,
1148 2752 1179 2790 a
1220 2750 1328 2806 quo
1376 2743 1431 2789 et
1462 2733 1593 2789 sub.

40 2841 241 2893 sequens
273 2830 444 2885 oratio
490 2830 736 2886 initiatur
788 2827 1078 2884 Protector.
1114 2828 1377 2885 Secunda:
1409 2836 1589 2880 autem

42 2914 227 2971 lectioni
272 2920 531 2989 graduale
566 2918 839 2990 Propitius
880 2934 987 2975 non
1038 2919 1329 2989 incongrue
1370 2916 1595 2985 adapta-

44 3014 131 3058 tnr.
172 3005 294 3062 Nam
339 3011 485 3081 quod
518 3010 570 3064 in
612 3009 845 3065 lectione
872 3012 937 3062 de
962 3008 1228 3078 corporali
1272 3006 1595 3062 liberatione

44 3098 209 3166 populo
252 3100 407 3156 Israel
456 3102 820 3172 promittitur,
872 3101 976 3156 hoc
1014 3109 1208 3155 sancta
1256 3097 1497 3154 Ecclesia
1538 3097 1592 3151 in

40 3188 253 3256 graduali
300 3192 665 3262 spiritualiter
707 3194 864 3249 nobis
888 3192 1168 3262 adimpleri
1205 3191 1494 3261 supplicat,
1526 3204 1594 3245 ne

42 3291 202 3347 gentes
227 3283 528 3341 demonum
555 3284 711 3340 nobis
732 3285 1079 3355 praevaleant,
1113 3284 1253 3340 sicut
1281 3298 1381 3339 nec
1405 3290 1594 3353 gentes

45 3384 342 3441 paganorum
387 3377 497 3433 illis
546 3377 966 3448 praevaluerunt.
1005 3376 1062 3431 In
1090 3375 1389 3431 autumnali
1414 3384 1593 3429 autem

42 3465 266 3529 graduale
317 3464 596 3537 Propitius
652 3467 1005 3538 praeponitur,
1032 3467 1157 3536 quia
1185 3474 1240 3521 et
1273 3465 1379 3520 hoc
1420 3463 1592 3533 magis

43 3552 202 3617 prima:
249 3555 462 3612 lectioni
523 3560 795 3622 convenit,
842 3574 961 3626 qua:
992 3558 1148 3612 nobis
1168 3557 1308 3611 diem
1339 3555 1597 3626 propitia-

46 3640 202 3708 tionis,
248 3658 301 3700 et
329 3657 384 3700 ut
416 3649 559 3703 Deus
594 3647 749 3703 nobis
779 3648 1119 3717 propitietur,
1155 3645 1476 3714 praescribit.
1501 3643 1595 3698 Se-

46 3734 207 3789 cunda:
270 3752 395 3793 vero
471 3739 692 3793 lectioni
749 3737 1009 3809 graduale
1088 3737 1362 3791 Protector
1426 3735 1599 3805 magis

46 3831 292 3898 coanpetit,
342 3850 446 3901 qua
488 3834 633 3887 tilios
662 3832 829 3888 Israel
879 3842 1084 3901 septem
1113 3831 1303 3886 diebus
1340 3829 1442 3884 sub
1470 3844 1599 3899 pro-

46 3922 249 3975 lectione
279 3925 717 3980 umbraculorum
774 3924 1052 3980 annuatim
1082 3922 1437 3979 solemnizare
1464 3935 1602 3991 prae-

43 4010 182 4074 crpit.
230 4010 467 4067 Tet'tiu.n
523 4024 706 4068 autem
764 4013 1023 4084 graduale
1093 4012 1364 4082 Dirigatur
1428 4011 1601 4065 tertia:

50 4096 239 4156 lectioni
269 4104 319 4157 in
355 4117 594 4175 utroque
618 4106 825 4177 jejunio
868 4106 1073 4175 Optime
1099 4106 1366 4174 congruit.
1397 4104 1521 4175 quia
1544 4112 1603 4159 et

47 4191 89 4244 in
133 4200 323 4252 vernali
367 4198 659 4265 Jonathas,
706 4211 755 4256 ct
787 4202 841 4255 in
869 4201 1176 4271 Septembri
1206 4202 1602 4257 Michaaasora-

48 4282 201 4339 tiones
259 4304 382 4343 suas
436 4290 509 4344 ad
553 4291 841 4345 Dominum
876 4307 971 4360 pro
998 4292 1196 4362 popqu
1224 4291 1315 4346 Dei
1344 4293 1599 4362 dirigunt.

49 4372 282 4432 Similiter
302 4393 560 4449 quartum
589 4383 845 4451 graduale
868 4392 1075 4451 quarta:
1102 4382 1318 4437 lectioni
1349 4384 1606 4453 competit

1688 1978 1871 2033 butum
1903 1979 2152 2048 quamvis
2180 1995 2273 2034 sex
2305 1979 2570 2035 lectiones
2597 1989 2802 2034 tantum
2830 1981 3046 2043 habeat,
3074 1979 3278 2034 dicitur

1691 2078 1867 2124 tamen
1910 2085 1990 2124 xtl
2035 2070 2357 2135 lectionum,
2413 2086 2479 2125 eo
2528 2072 2671 2142 quod
2722 2070 3025 2140 antiquitus
3066 2068 3273 2124 ciuilem

1690 2159 1952 2217 lectiones
2004 2162 2088 2218 bis
2116 2162 2452 2234 legebantur,
2492 2163 2683 2219 Grtcce
2712 2164 2960 2218 videlicet
2984 2173 3037 2219 et
3061 2163 3273 2218 Latine.

1690 2246 1981 2307 Sciendum
2036 2264 2216 2307 autem
2266 2253 2328 2308 S.
2352 2254 2637 2309 Callistum
2684 2271 2875 2326 papam
2900 2264 2951 2308 et
2987 2267 3283 2325 tttartyreut

1690 2343 1997 2413 hnjnsmodi
2042 2347 2245 2416 jejunio
2286 2358 2479 2416 quater
2507 2349 2561 2402 in
2589 2364 2737 2403 armo
2778 2350 3040 2406 celebrari
3072 2355 3279 2408 consui-

1700 2435 1889 2499 tuisse,
1918 2451 2038 2504 qua:
2060 2437 2211 2505 prius
2240 2447 2322 2491 lcr
2345 2444 2553 2491 tantum
2576 2439 2633 2491 in
2662 2453 2803 2492 anno
2832 2439 3101 2495 celebrata
3130 2453 3280 2496 sunt.

1701 2525 1849 2581 Sicut
1911 2526 2050 2580 idem
2098 2526 2427 2595 apostolicus
2462 2528 2528 2581 ad
2587 2527 2937 2585 Benedictum
2970 2532 3282 2604 estcopum

1690 2618 1932 2673 scribens
1960 2617 2208 2689 (epistola
2241 2620 2496 2674 decretali
2523 2621 2720 2690 prima)
2754 2632 3000 2678 testatur.

1866 2730 1995 2786 CAP.
2029 2731 2216 2785 XXIX.
2250 2762 2320 2772 —
2353 2733 2426 2787 De
2452 2734 2758 2789 vacantibus
2789 2734 3097 2791 Dominicis.

1768 2843 2018 2912 Quatuor
2044 2844 2340 2903 Dominicae
2365 2864 2486 2919 qua:
2533 2849 2841 2921 hujusmodi
2862 2851 3068 2923 jejunio
3095 2856 3283 2925 φιτ)ιί-

1699 2950 1786 2990 me
1817 2934 2242 3007 subsequuntur,
2276 2938 2329 2993 in
2353 2939 2493 2995 libro
2516 2938 2993 2999 Sacramentorum
3026 2955 3286 3002 vacantes

1695 3026 2112 3096 praetitulantur,
2141 3042 2208 3082 eo
2227 3029 2369 3097 quod
2398 3031 2633 3101 prapriis
2657 3041 2879 3087 careant
2901 3031 3112 3088 olliciis.
3132 3034 3287 3091 Unde

1619 3150 1668 3214 Ω
1698 3124 1751 3169 et
1791 3130 1854 3169 ex
1901 3116 2337 3186 praecedentibus
2386 3118 2599 3188 quartis
2626 3118 2779 3176 feriis
2808 3120 3137 3191 jejuniorum
3176 3122 3287 3178 Ilo-

1699 3221 1861 3261 mano
1908 3223 2059 3263 more
2111 3206 2492 3274 inolliciantur,
2542 3219 2601 3265 ιιι
2627 3211 2729 3267 illic
2776 3213 2894 3267 dua:
2912 3229 3032 3283 qua:
3063 3217 3284 3270 vernale

1694 3299 1965 3370 jejunium
2016 3302 2423 3370 subsequuntur
2474 3313 2529 3358 et
2562 3303 2812 3358 hiemale.
2836 3303 2929 3358 Illa
2955 3315 3135 3359 autem
3167 3313 3289 3375 post

1699 3391 1941 3445 aestivale
1977 3389 2240 3459 jejunium
2285 3405 2393 3444 non
2423 3407 2546 3445 cum
2594 3392 2965 3461 quarlaferia,
2987 3395 3081 3446 sed
3112 3393 3288 3447 multo

1699 3481 2116 3535 conveniendus
2152 3494 2278 3535 cum
2315 3480 2489 3535 oﬁicio
2516 3481 2869 3537 Pentecostes
2893 3481 3195 3552 suppletur,
3218 3500 3286 3538 eo

1700 3573 1846 3641 quod
1899 3571 1972 3626 sit
2019 3581 2210 3625 octava
2255 3569 2395 3639 ejus.
2453 3569 2581 3627 Post
2597 3571 2862 3642 jejunium
2886 3571 3050 3627 etiam
3075 3581 3288 3625 autum-

1704 3662 1845 3727 nale,
1871 3662 2091 3732 quidam
2121 3676 2186 3716 ex
2210 3672 2405 3731 quarta
2438 3660 2573 3716 feria
2606 3663 2938 3717 Dominicam
2964 3672 3283 3733 sequentem

1703 3751 2023 3814 inoﬂiciant,
2081 3762 2132 3805 ut
2168 3752 2427 3821 paucitati
2466 3751 2876 3806 Dominicaliutu
2904 3751 3200 3808 olﬁciorunt
3232 3754 3286 3807 iu

1702 3852 1893 3900 testate
1941 3845 2045 3899 hoc
2096 3843 2470 3914 supplemento
2526 3844 2870 3899 subveniant.
2910 3844 3019 3899 Sed
3057 3845 3287 3899 Romani

1705 3936 2009 4005 huiusmodi
2065 3934 2348 4007 penuriam
2382 3936 2703 4006 repetitione
2732 3935 3145 3991 Dominicaliutn
3168 3935 3287 3990 otti-

1706 4030 1913 4086 ciorutn
1943 4030 2212 4101 supplent.
2246 4029 2397 4085 Unde
2426 4038 2483 4084 et
2512 4029 2825 4100 praedictam
2850 4029 3287 4097 compilationem

1706 4119 2172 4191 [completionem]
2200 4135 2268 4175 ex
2295 4130 2488 4188 quarta
2520 4120 2678 4187 feria,
2724 4121 2882 4191 quasi
2911 4135 3015 4174 non
3038 4135 3297 4174 necessa-

1710 4210 1870 4272 riam,
1909 4210 1981 4264 ibi
2010 4209 2424 4280 prtetcrtuittcre
2447 4210 2638 4265 solent.
2662 4210 2756 4265 Hae
2782 4219 2966 4265 autem
2999 4209 3291 4265 Dotniuietc

1711 4301 2008 4370 antiquitus
2047 4301 2115 4354 ab
2146 4299 2322 4354 oﬁicio
2351 4300 2637 4367 vacalmnt,
2661 4301 2785 4370 quia
2817 4301 3114 4356 celebratio
3141 4301 3291 4355 ordi-

1713 4392 2017 4456 nationum,
2070 4384 2233 4458 juxta
2270 4391 2491 4445 decreta
2535 4400 2847 4447 sanctetum
2906 4392 3143 4455 Patrum,
3180 4399 3289 4443 tam

50 4468 231 4563 utique.
270 4472 401 4528 Nam
435 4475 491 4529 iit
521 4474 726 4528 vernali
757 4491 854 4545 pro
884 4474 1059 4529 salute
1090 4475 1271 4544 populi
1302 4476 1606 4545 postulatur
1639 4511 1683 4563 Β
1711 4497 1835 4538 sero
1886 4483 2051 4537 ﬁebat,
2082 4483 2133 4535 in
2167 4482 2426 4547 sabbato,
2470 4491 2528 4537 ιιι
2572 4483 2754 4552 potius
2787 4481 3080 4538 Βοηιίυίοςε
3128 4496 3288 4552 quam

48 4570 150 4622 quae
192 4561 241 4615 in
300 4564 603 4618 autumnali
659 4565 996 4636 promittitur
1042 4564 1259 4634 populo,
1297 4565 1340 4618 si
1369 4575 1544 4618 tamen
1574 4580 1603 4618 a

48 4650 251 4706 veritate
274 4672 375 4710 non
406 4657 744 4712 discesserit.
805 4657 953 4712 Salis
980 4670 1110 4728 ergo
1128 4672 1427 4726 congruum
1457 4657 1605 4710 vidc-

49 4745 125 4792 tnr
149 4754 199 4796 ut
224 4755 278 4800 et
299 4764 397 4802 nos
417 4765 610 4804 eorum
631 4751 890 4805 librorum
917 4749 1259 4804 traditionem
1288 4764 1602 4817 sequamur,

50 4832 125 4896 qui
163 4838 339 4894 eadem
388 4841 669 4910 gradualia
726 4840 934 4896 vernali
986 4849 1042 4894 et
1084 4839 1377 4894 aulumth
1398 4839 1606 4908 jejunio

48 4926 232 4987 pariter
275 4934 577 4987 ascribunt.
634 4925 769 4988 Nam
818 4949 940 4989 cum
978 4933 1299 4989 lectionibus
1329 4935 1607 5000 utriusque

46 5008 211 5080 jejunii
230 5036 473 5091 magnam
498 5025 698 5094 habent
718 5026 1085 5089 concordiam,
1112 5033 1164 5077 ιιι
1183 5024 1604 5093 prtulihavituus,

51 5120 194 5171 Quam
249 5119 585 5183 potissimum
632 5121 690 5172 in
758 5119 1113 5188 dispositione
1161 5116 1459 5170 oIIiciorum
1511 5134 1609 5172 nos

53 5206 309 5262 attendere
342 5213 517 5266 sancti
563 5212 753 5268 Patres
782 5214 1104 5267 docuerunt.
1135 5212 1190 5266 lit
1228 5212 1445 5266 hiemali
1469 5210 1609 5279 jeju-

53 5290 153 5356 ιίξο,
194 5302 330 5367 quod
385 5304 437 5356 in
470 5307 717 5374 proximo
766 5306 1002 5360 Sabbato
1037 5314 1163 5359 ante
1195 5304 1430 5374 vigiliam
1462 5305 1611 5358 Nati-

54 5383 218 5442 vitatis
241 5392 530 5449 Dominica:
554 5414 771 5468 semper
819 5409 904 5454 est
932 5399 1355 5461 observandum,
1390 5397 1525 5451 nihil
1555 5398 1609 5452 in

53 5471 225 5557 Oﬂiciis
251 5485 507 5539 variatur.
540 5487 607 5543 Et
642 5489 941 5542 notandum
980 5504 1172 5543 omnes
1200 5487 1548 5557 apostolicos,
1578 5504 1611 5543 a

55 5556 200 5618 beato
248 5568 406 5625 Petro
437 5588 605 5644 usque
652 5577 718 5630 ad
754 5576 1095 5646 Simplicium
1140 5556 1357 5647 papam,
1393 5578 1613 5633 ordina-

59 5649 218 5709 tiones
270 5669 476 5717 tantutn
503 5667 555 5720 in
576 5667 785 5737 jejunio
834 5667 1146 5723 Decembris
1197 5668 1523 5735 celebrasse,
1553 5678 1612 5724 ut

50 5739 100 5795 in
118 5743 350 5806 “01119110
372 5752 693 5813 Pontiliciali
712 5760 924 5828 legitur.
958 5759 1107 5815 Unde
1129 5767 1181 5815 et
1196 5760 1335 5815 istud
1345 5758 1609 5830 jejunium

268 5867 549 5936 ParnOL.
584 5875 731 5937 CLI.

1714 4574 1954 4630 Sabbato
2001 4575 2389 4630 ascriberetnr.
2441 4576 2575 4630 Nam
2629 4576 2973 4632 beatissimus
3024 4574 3132 4629 Leo
3154 4588 3291 4644 papa

1710 4665 1920 4734 primus
1971 4678 2139 4733 usque
2185 4664 2235 4718 in
2283 4681 2439 4718 mane
2469 4664 2763 4719 Dominicze
2796 4664 3297 4719 dieinrdinationcs

1714 4756 1820 4809 rite
1861 4755 2125 4810 celebrari
2163 4771 2323 4827 posse
2357 4766 2585 4811 testatus
2630 4765 2735 4818 est,
2766 4755 3079 4809 continuato
3111 4766 3289 4809 tamen

1712 4846 1935 4900 Sabbati
1963 4845 2168 4915 jejunio
2194 4866 2207 4902 :
2238 4848 2348 4903 imo
2375 4849 2518 4918 ipsas
2577 4847 2823 4901 leviticas
2844 4846 3216 4902 ordinationes
3235 4859 3297 4901 et

1712 4938 2082 4993 sacerdomles
2130 4955 2406 5009 nunquam
2436 4938 2542 4994 nisi
2580 4939 2634 4993 in
2661 4938 2940 4993 Dominica
2965 4937 3127 5007 jussit
3152 4938 3293 4993 cele-

1711 5029 1882 5095 brari,
1927 5030 2185 5085 Diascoro
2210 5031 2458 5086 scribens
2484 5030 2737 5101 episcopo
2766 5047 2778 5083 :
2817 5047 2836 5079 ι
2871 5027 3291 5089 Consecrandis.

1710 5121 1903 5189 inquit,
1937 5136 2209 5191 nunquam
2240 5123 2546 5177 benedictio
2574 5122 2752 5188 detur,
2792 5122 2895 5176 nisi
2923 5120 2975 5174 in
3004 5120 3282 5174 Domittica

1710 5228 1829 5281 qua:
1865 5228 1895 5263 a
1928 5212 2149 5266 Sahbati
2180 5228 2401 5282 vespera
2436 5213 2700 5269 initiatur.
2731 5232 2753 5266 ι
2794 5213 2925 5270 Item
2954 5195 3146 5269 beatus
3175 5212 3285 5267 Ge-

1712 5304 1880 5358 lasius
1902 5319 2065 5373 papa,
2092 5319 2375 5357 successor
2402 5304 2539 5372 Ejus,
2571 5304 2826 5360 omnibus
2852 5306 3120 5375 episcopis
3148 5305 3290 5358 scri—

1710 5394 1867 5458 bens,
1920 5396 2161 5449 decrevit
2213 5405 2271 5449 ut
2315 5395 2369 5449 in
2408 5396 2660 5450 Sabbatis
2690 5396 2931 5463 Quatuor
2965 5398 3290 5466 'I‘entporum

1712 5486 2081 5541 ordinatiOnes
2106 5487 2252 5542 circa
2283 5501 2565 5557 vesperam
2609 5487 3034 5542 celebrarentur.
3062 5487 3217 5544 Unde
3241 5496 3298 5542 et

1710 5578 1992 5632 Romanus
2014 5575 2159 5634 Ordo
2192 5577 2245 5633 in
2275 5577 2697 5650 Quadragesima
2730 5579 2783 5633 in
2814 5579 3055 5634 Sahbato
3075 5578 3293 5634 ordini»

1714 5671 1919 5725 tinuum
1969 5672 2272 5726 orationem
2334 5686 2498 5741 super
2563 5665 2820 5742 populum
2876 5670 3177 5732 interdicit,
3220 5667 3294 5723 ad

1716 5776 1881 5830 quam
1908 5762 2115 5833 antiqui
2140 5778 2247 5817 non
2278 5764 2451 5819 solum
2478 5763 2674 5834 capita,
2707 5762 2800 5817 sed
2826 5770 2879 5815 et
2905 5774 3078 5839 genua
3112 5760 3295 5813 ﬂecte-

2770 5874 2847 5929 ⁸ζὲ
