3846 6324
589 371 725 427 Η)ὓῦ

1898 361 2165 416 Μυλυλι.

2284 364 2477 414 tunc.
3653 380 3687 428 ,ν
3720 382 3731 430 ι

591 479 725 534 tant,
780 468 920 539 quod
965 461 1162 519 Nicmni
1206 473 1443 514 canones
1476 457 1528 511 in
1562 454 1839 510 Dominica
1869 456 1983 507 ﬁeri
2014 454 2165 523 peni~

2275 484 2396 524 cum
2421 471 2543 524 inde
2569 475 2967 542 responsorium
3000 477 3049 530 in
3076 478 3357 534 historiam
3390 480 3629 543 Dominitz
3651 498 3733 545 [ηιμ

590 570 675 613 tus
706 564 909 611 vetant.
942 555 1175 607 Sanctus
1213 564 1426 618 quoque
1473 547 1767 615 Gregorius
1803 545 1914 597 dies
1936 545 2160 598 ordina-

591 651 799 700 tionnm
848 646 959 698 suis
987 641 1225 696 homiliis
1270 638 1543 708 insignivit
1576 647 1631 689 ιιι
1655 634 1983 689 Dominicas.
2012 633 2165 685 Vide-

586 740 710 792 licet
745 740 859 791 haec
890 737 996 788 duo
1024 732 1299 802 evangelia
1333 746 1346 783 :
1374 732 1521 783 Auno
1553 729 1733 799 quinto
1757 728 1957 779 decimo
1982 734 2035 779 et
2066 726 2164 777 Ar-

585 831 758 881 borem
803 827 889 893 ﬁci
937 838 1213 891 exponens
1241 821 1307 874 ad
1340 819 1611 888 populum.
1646 817 1774 869 Item
1806 824 2025 869 sanctus
2056 815 2164 868 Leo

586 933 721 987 papa
759 916 887 970 illud
918 912 1257 980 evangelium
1288 928 1300 963 :
1333 908 1624 975 Assumpsit
1659 906 1835 969 Jesus,
1872 906 1935 958 de
1959 902 2164 973 jejunio

581 1004 789 1059 vernali
821 1001 1110 1071 exposuit,
1149 998 1302 1068 quasi
1335 998 1625 1050 Dominicze
1655 996 1761 1047 diei
1794 993 2158 1055 satisfaciens,

583 1097 725 1153 infra
781 1113 941 1168 quant
990 1096 1103 1165 ipse
1154 1108 1366 1161 semper
1411 1090 1782 1144 ordinationes
1816 1088 1929 1141 ﬁeri
1960 1088 2161 1142 consti-

584 1192 703 1244 iuit.

837 1282 971 1336 Car.
1001 1279 1166 1343 XXX.
1210 1309 1278 1318 —
1320 1278 1391 1330 De
1425 1278 1652 1341 .ldrenlu
1691 1275 1914 1328 Domini.

603 1388 606 1392 ‘
660 1376 741 1429 Ah
792 1375 1039 1428 Adventu
1095 1371 1302 1424 Domini
1351 1384 1518 1435 usque
1549 1368 1613 1419 ad
1649 1367 1995 1419 Nativitatem
2026 1365 2162 1433 ejus,

590 1467 662 1519 Te
688 1467 847 1518 Deum
872 1465 1172 1526 luudmnus,
1212 1462 1390 1516 Gloria
1422 1464 1473 1513 in
1498 1460 1712 1513 ercelsis
1747 1460 1871 1521 Deo,
1902 1457 1977 1511 Ile
2005 1460 2163 1511 missa

586 1569 683 1620 est,
716 1558 1061 1617 dimittimus,
1119 1556 1241 1622 quia
1278 1552 1449 1621 major
1472 1553 1637 1620 gloria
1672 1550 1800 1602 Novi
1829 1549 2163 1604 'l'estatnenti

586 1666 748 1720 quam
784 1650 1006 1709 Veteris,
1038 1648 1189 1716 cujus
1226 1658 1405 1716 typum
1442 1645 1580 1699 infra
1611 1644 1915 1697 Adventum
1952 1642 2163 1695 Domini

585 1743 961 1795 observamus.
1006 1737 1309 1806 Aliquando
1353 1731 1680 1805 [aliquanto]
1728 1732 1887 1785 etiam
1923 1730 2165 1785 festivius

584 1831 775 1887 Natale
818 1830 1029 1883 Domini
1084 1828 1429 1896 suscipimus,
1467 1828 1511 1880 si
1548 1824 1851 1892 hujusmodi
1896 1824 2166 1892 gloriﬁca-
2200 1813 2242 1870 Β

585 1927 760 1979 tiones
805 1922 1117 1992 aliquandiu
1151 1934 1472 1990 suppressos
1503 1919 1659 1987 quasi
1701 1917 1764 1970 de
1794 1931 1933 1969 novo
1964 1915 2052 1968 illa
2077 1913 2165 1969 die

582 2020 893 2088 incipimus.
934 2016 1162 2082 Quidam
1215 2014 1353 2068 infra
1382 2013 1687 2066 Adventum
1734 2009 1941 2062 Domini
1968 2008 2167 2062 casulis

585 2130 684 2183 pro
713 2110 1015 2167 dalinaticis
1038 2116 1286 2163 utuntur.
1313 2104 1539 2172 Quidam
1560 2103 1731 2155 ‘solito
1762 2116 1907 2155 more
1937 2100 2169 2154 vcstiun-

585 2217 694 2271 tur,
752 2221 816 2260 eo
868 2204 1009 2274 quod
1061 2203 1279 2256 missam
1317 2200 1381 2253 ad
1415 2199 1627 2253 tertiam
1657 2206 1710 2250 et
1749 2195 1998 2257 Alleluia,
2026 2194 2168 2248 sicut

580 2308 636 2353 et
665 2308 779 2353 tota
808 2306 995 2351 aestate
1039 2296 1246 2350 dicunt.
1290 2294 1342 2347 lu
1378 2291 1658 2359 nativitate
1702 2299 1877 2344 tamen
1907 2289 2168 2357 apostolo-

582 2405 703 2442 rum
756 2389 870 2441 sive
924 2386 1265 2441 dedicatione
1300 2383 1543 2438 ecclesia:
1580 2382 1863 2450 praedictas
1896 2378 2171 2450 gloriﬁea-‘

585 2483 763 2535 tiones
818 2496 923 2533 non
976 2478 1294 2533 omittimus.
1348 2476 1484 2529 llinc
1533 2488 1700 2543 usque
1751 2481 1872 2541 post
1919 2480 2164 2524 octavam

587 2573 937 2627 l’cntecostcs
986 2569 1198 2624 solitam
1260 2567 1588 2621 mentionem
1651 2573 1852 2617 sancta:
1896 2562 2075 2616 crucis
2099 2563 2165 2615 ad

582 2680 867 2734 vesperam
894 2663 1004 2716 sive
1035 2663 1099 2715 ad
1142 2662 1456 2721 matutinas,
1482 2667 1535 2711 et
1563 2657 1613 2710 in
1652 2656 1783 2709 feria
1814 2664 1989 2717 sexta,
2018 2663 2071 2708 et
2100 2655 2165 2707 de

579 2763 767 2809 sancta
798 2754 1061 2807 Trinitate
1091 2749 1384 2804 Dominicis
1434 2747 1625 2801 diebus
1654 2746 1883 2800 reticere
1906 2744 2162 2798 solemus.

580 2845 715 2897 Nam
754 2842 894 2912 quod
924 2842 1142 2910 quidam
1177 2839 1267 2892 illo
1297 2837 1617 2903 brevissimo
1646 2835 1822 2904 spatio
1842 2834 1983 2903 quod
2016 2833 2165 2885 Puri-

578 2936 893 2989 lieationem
953 2943 1157 2987 sancta:
1210 2916 1392 2984 Mariae
1447 2940 1499 2982 et
1558 2927 2021 2997 Septuagesimum
2069 2924 2165 2977 ali-

578 3026 798 3096 quando
845 3023 1133 3094 disjungit,
1188 3021 1516 3075 mentionem
1559 3026 1760 3071 sancta:
1801 3014 1979 3069 crucis
2020 3029 2167 3068 resu-

580 3124 760 3178 Inunt,
792 3130 895 3167 non
925 3114 1059 3166 adeo
1084 3125 1380 3179 congruum
1410 3109 1638 3169 videzur,
1660 3121 1780 3158 cum
1807 3106 1896 3158 illo
1926 3113 2164 3173 tempore

580 3210 647 3261 de
695 3205 921 3259 infantia
977 3204 1179 3257 Christi
1232 3201 1410 3271 potius
1445 3216 1607 3269 quam
1636 3198 1888 3267 passione
1915 3205 2161 3250 cantetur

581 3308 741 3367 atque
772 3298 997 3366 legatur.
1857 3293 1861 3298 '

578 3390 707 3443 CAP.
742 3387 934 3441 XXXI.
963 3417 1031 3426 —
1074 3386 1145 3440 De
1169 3384 1436 3453 cvangelio
1468 3397 1484 3433 :
1514 3383 1646 3437 Cum
1686 3381 2159 3451 apprOpinquaret.

648 3481 704 3534 In
756 3479 1037 3534 Dominica
1082 3477 1265 3546 prima
1315 3476 1379 3529 de
1411 3475 1657 3528 Adventu
1694 3472 1906 3525 Domini
1944 3472 2160 3540 quidam

578 3575 763 3643 legunt
807 3570 1144 3639 evangelium
1176 3584 1189 3621 :
1219 3568 1389 3620 Erunt
1436 3568 1617 3635 signa,
1671 3580 1734 3619 eo
1772 3566 1915 3634 quod
1944 3574 2165 3618 sanctus

577 3663 873 3731 Gregorius
898 3662 951 3714 in
975 3660 1113 3713 libro
1140 3658 1494 3712 llomiliarum
1530 3656 1655 3709 illud
1680 3655 1731 3708 in
1756 3654 1944 3722 primis
1968 3669 2162 3722 posue-

577 3757 672 3809 rit.
721 3754 827 3808 Sed
882 3768 1071 3822 parum
1117 3752 1404 3805 attendunt
1427 3750 1552 3817 quia
1587 3747 1725 3800 idem
1752 3745 2079 3815 apostolicus
2109 3746 2162 3799 in

581 3848 775 3901 eodem
840 3844 977 3899 libro
1026 3841 1335 3909 hujusmodi
1387 3840 1631 3892 ordinem
1680 3852 1785 3891 non
1828 3837 2079 3898 attendit,
2113 3837 2164 3888 in

579 3954 688 4008 quo
712 3935 866 4006 plura
893 3933 1169 4004 evangelia
1212 3931 1426 4001 penitus
1472 3944 1577 3983 non
1614 3928 1833 3996 tetigit:
1870 3928 2092 3995 insuper
2113 3934 2168 3981 et

580 4048 701 4100 quae
745 4027 1018 4099 exposuit,
1067 4025 1341 4081 multoties
1381 4022 1682 4092 posteriora
1715 4020 1987 4089 prioribus
2016 4028 2166 4073 ante-

580 4138 785 4194 ponere
826 4120 1138 4176 consuevit.
1188 4117 1293 4171 Alii
1347 4116 1562 4170 initium
1608 4113 1772 4167 Marci
1822 4112 2167 4181 evangelista:

581 4213 789 4283 legunt,
823 4212 918 4267 sed
937 4211 1061 4280 quia
1092 4208 1410 4264 inusitatum
1454 4215 1558 4271 est,
1591 4203 1746 4272 pauci
1770 4203 2163 4257 assentiuntur.

578 4304 688 4361 Nos
721 4315 900 4359 autem
934 4319 998 4358 ex
1037 4303 1258 4371 antiqua
1302 4299 1592 4353 traditione
1616 4295 1747 4349 Cum
1780 4296 2166 4365 appropinqua-

580 4410 655 4454 ret
719 4399 965 4466 legimus,
1028 4411 1134 4449 non
1192 4397 1377 4461 utique
1423 4391 1535 4445 sedi
1577 4389 1908 4460 apostolicm,
1942 4389 2168 4441 sialiter

2271 562 2454 616 vitatis
2480 567 2845 633 composuerit
2875 567 3245 643 [composuit].

2517 723 2640 776 Car.
2676 724 2885 778 XXXII.
2922 756 2988 765 —
3014 726 3090 780 De
3124 729 3373 782 historia:
3398 730 3575 785 Clama.

2340 833 2569 898 Quidam
2604 837 2886 890 historiam
2927 858 2938 891 :
2968 838 3172 904 Clama,
3207 858 3234 895 a
3261 853 3449 910 quarta
3479 844 3588 898 feria
3613 849 3740 903 idem

2273 921 2336 974 lis
2368 922 2559 991 jejunii
2588 926 2733 977 oinni
2767 942 2909 980 anno
2948 927 3240 997 incipiunt,
3275 932 3479 985 etiamsi
3509 937 3645 990 adhuc
3664 942 3741 993 till!)-

2272 1016 2440 1069 decim
2470 1018 2583 1071 dies
2617 1034 2784 1086 usque
2810 1018 2873 1072 ad
2910 1019 3253 1074 Nativitatent
3284 1023 3489 1078 Domini
3510 1043 3741 1085 remaneat

2271 1107 2564 1162 jEstimant
2597 1110 2739 1163 enim
2783 1112 2924 1166 hanc
2962 1114 3245 1168 historiam
3288 1133 3384 1186 pro
3422 1120 3584 1173 eodem
3617 1124 3743 1191 jejuno

2271 1214 2389 1251 csse.
2437 1200 2758 1268 institutam,
2794 1205 2887 1257 sed
2924 1204 3200 1261 falluntur.
3233 1208 3289 1261 Si
3323 1226 3461 1263 enim
3493 1211 3745 1267 Romanam.

2271 1288 2494 1343 ctoritas
2540 1289 2684 1344 illam
2730 1293 2793 1344 ad
2846 1293 2946 1347 hoc
2998 1295 3339 1361 institueret,
3371 1310 3489 1353 ante
3518 1302 3745 1356 Dominum

2273 1386 2577 1440 vacantem,
2635 1378 2686 1431 id
2737 1378 2838 1434 est‘
2868 1381 3053 1435 Canite
3112 1386 3259 1448 tuba,
3300 1387 3437 1441 hanc
3472 1404 3643 1457 quoque
3666 1395 3749 1445 siin

2273 1470 2538 1557 diurnalia
2569 1470 2809 1538 ejusdem
2832 1474 3022 1542 jejunii
3047 1476 3220 1531 ollicia
3252 1480 3549 1536 collocaret.
3577 1482 3672 1536 Nam
3692 1488 3749 1538 ire

2275 1563 2324 1615 in
2359 1565 2610 1618 omnibus
2638 1565 2941 1635 hujusmodi
2968 1568 3188 1638 jejuniis
3226 1571 3551 1635 observatur,
3580 1576 3749 1627 utoiiiaii

2273 1668 2458 1741 eorum
2489 1668 2703 1723 semper
2727 1655 3060 1711 Dozninicam
3090 1672 3375 1713 vacantem
3401 1663 3750 1732 praecedantqtz

2275 1744 2435 1796 etiam
2483 1754 2604 1812 post
2655 1746 2753 1800 ista
2812 1764 3025 1817 semper
3068 1752 3417 1817 observatur,
3456 1752 3589 1819 juxta
3628 1766 3751 1808 statu

2272 1848 2580 1891 sanctorum
2615 1839 2855 1904 Patrum,
2891 1852 2980 1894 aut
3014 1826 3229 1911 penitus
3262 1847 3667 1913 praetermittitur.
3690 1848 3747 1901 δεῖ

2274 1929 2456 1996 utique
2483 1929 2660 2011 aliqua
2698 1930 2977 1985 Dominica
3016 1948 3218 1988 vacans
3256 1936 3471 2005 proprie
3504 1938 3671 1997 dicitur,
3695 1940 3751 1989 ii:

2272 2030 2388 2088 quas-
2444 2022 2749 2088 hujusmodl
2798 2022 2987 2092 jejunii
3020 2024 3192 2080 ollicia
3247 2028 3476 2082 indivise
3526 2030 3753 2099 scqnitum

2271 2113 2466 2181 quibus
2490 2125 2541 2165 et
2574 2116 2687 2183 ipsa
2731 2115 3071 2183 inol'liciatur,
3107 2119 3149 2171 si
3185 2135 3412 2173 necesse
3455 2122 3612 2179 fuerit.
3635 2133 3673 2171 ut
3703 2126 3753 2171 (ἐν

2270 2215 2534 2258 servetur.
2584 2206 2857 2261 Praeterea
2909 2208 2952 2261 si
2996 2209 3186 2262 eadem
3237 2212 3465 2263 historia
3517 2228 3597 2282 pro
3630 2213 3753 2280 Ῑηερείι

2272 2296 2511 2349 instituta
2545 2307 2719 2361 esset,
2752 2298 3022 2367 superﬂuo
3047 2301 3347 2356 secundam
3368 2345 3382 2367 ,
3420 2304 3631 2366 tertiam,
3659 2322 3753 2371 qur-

2272 2394 2398 2449 tam,
2432 2388 2673 2456 quintam
2708 2389 2899 2444 feriam
2932 2392 3121 2446 eodem
3152 2394 3315 2447 modo
3346 2405 3400 2447 ut
3432 2404 3629 2457 sextam,
3654 2397 3755 2447 inf:-

2269 2478 2439 2531 ciatas
2466 2481 2717 2544 haberet,
2746 2496 2867 2534 cum
2904 2492 3081 2537 tamen
3116 2485 3251 2537 nihil
3290 2486 3360 2538 ad
3402 2487 3513 2539 illas
3545 2488 3754 2555 pretiis-au

2264 2566 2529 2638 jejunium
2570 2572 2862 2638 pertineat.
2910 2573 3065 2626 Patet
3107 2589 3238 2645 ergo
3273 2577 3419 2630 hanc
3448 2578 3674 2630 historiam
3698 2595 3755 2624 μ-ει

2271 2674 2366 2727 pro
2389 2660 2597 2729 jejunio
2622 2703 2635 2724 ,
2675 2662 2767 2715 sed
2815 2662 2995 2730 potiris
3031 2665 3096 2717 ad
3142 2667 3248 2720 hoc
3287 2683 3411 2720 esse
3455 2668 3755 2729 institutam,n

2270 2751 2515 2819 proxima
2549 2752 2881 2807 hebdomada
2915 2765 3037 2810 ante
3070 2756 3428 2812 Nativitatem
3460 2758 3650 2819 Domini,
3677 2760 3755 2809 εξιτιι

2269 2854 2322 2896 et
2362 2853 2485 2896 ante
2517 2842 2722 2896 Pascha
2746 2887 2758 2907 ,
2791 2856 2938 2899 tanto
2967 2845 3086 2916 plus
3116 2849 3167 2900 in
3194 2850 3395 2904 olliciis
3423 2850 3595 2903 habent
3619 2848 3757 2919 [ὶηὶιέηο

2272 2932 2412 3002 tur],
2446 2936 2648 3001 quanto
2680 2935 2909 2988 vicinior
2952 2936 3248 2992 Dominica:
3282 2939 3591 2993 solemnitati
3619 2938 3754 2991 cxistat.

2270 3025 2401 3078 Nam
2428 3037 2480 3080 et
2511 3028 2931 3096 Antiphonarius
2957 3030 3057 3083 hoc
3082 3031 3315 3087 innuere
3339 3034 3637 3101 videtur,qni
3658 3032 3756 3084 hist»

2271 3117 2404 3169 riam
2454 3134 2466 3168 :
2532 3116 2718 3172 Currite
2771 3122 2934 3183 (ulla,
2988 3124 3299 3190 proximam
3356 3126 3650 3178 Dominicam
3687 3134 3757 3172 re

2266 3210 2612 3265 Nativitatetn
2633 3225 2876 3281 vocat,et
2900 3215 3053 3278 hanc,
3075 3216 3124 3268 id
3154 3226 3237 3271 est
3264 3217 3470 3277 Clama,
3501 3216 3613 3269 infra
3633 3215 3755 3267 ista-v-

2267 3306 2475 3359 madam
2515 3305 2754 3374 ejusdem
2805 3311 3096 3365 Dominfcre
3140 3314 3443 3366 canendam
3480 3313 3757 3376 subs-queant

2268 3399 2445 3451 innuit
2468 3398 2752 3472 [insinuat]
2775 3443 2787 3462 ,
2812 3402 3038 3472 singulis
3066 3402 3215 3456 feriis
3251 3404 3491 3471 singulas
3519 3404 3755 3456 ιιιειιιιιίωὲσ

2268 3488 2451 3543 laudes
2485 3492 2811 3545 attribuens.
2867 3494 3007 3546 Sunt
3045 3503 3226 3547 autem
3283 3498 3359 3548 ita
3403 3495 3755 3562 descriptmetew

2267 3596 2409 3654 anno
2440 3582 2820 3646 observentur,
2842 3598 2964 3637 cum
2994 3583 3263 3639 Nativitas
3296 3586 3503 3639 Domini
3533 3587 3575 3638 in
3608 3583 3753 3653 [tentia-

2267 3686 2412 3734 cam,
2441 3680 2495 3725 et
2535 3671 2715 3743 vigilia
2749 3675 2799 3727 in
2834 3674 3133 3730 Sahhatum
3166 3678 3433 3741 occurrit,
3464 3676 3649 3746 quodet
3678 3684 3753 3723 art;-

2268 3763 2445 3831 phona
2482 3780 2494 3815 :
2540 3761 2721 3817 Nolite
2768 3771 2966 3829 timere,
3004 3768 3055 3820 in
3106 3778 3305 3835 quarta
3364 3766 3491 3821 feria
3535 3764 3739 3835 praemitti

2270 3857 2571 3925 descripta,
2618 3865 2672 3911 et
2720 3858 3010 3927 antiphonu
3058 3876 3072 3911 :
3119 3858 3491 3929 Erspcctetur,
3533 3860 3589 3911 de
3626 3856 3751 3909 cantio“

2271 3946 2491 4002 Sabhati
2519 3949 2710 4016 vigiliae
2734 3950 2992 4018 ascripta,
3011 3950 3410 4005 demonstrant.
3441 3950 3576 4007 Unde
3592 3959 3632 4002 ct
3652 3948 3751 4013 ipse!

2272 4041 2566 4095 Sahbatnm
2614 4042 2837 4110 speciali
2892 4044 3194 4097 malutinali
3244 4044 3408 4099 laude
3461 4042 3659 4111 insigniri
3697 4051 3751 4085 mw

2273 4150 2493 4188 necesse
2524 4135 2729 4188 habuit.
2766 4134 2899 4188 Nam
2933 4137 3077 4190 omni
3111 4154 3258 4191 anno
3282 4148 3377 4191 aut
3404 4136 3617 4205 ejusdem
3638 4128 3751 4199 τἐίῖζε

2270 4225 2502 4279 οΠὶυίιιιη
2549 4226 2842 4292 obtinebit,
2887 4236 2979 4281 aut
3020 4228 3251 4284 alterius
3300 4230 3449 4285 feria:
3480 4242 3616 4298 quam
3640 4222 3749 4277 enim

2273 4318 2451 4386 vigilia
2475 4332 2541 4370 eo
2581 4333 2724 4370 anno
2752 4320 3124 4388 occupaverit;
3158 4320 3249 4372 illo
3280 4337 3389 4373 non
3418 4319 3685 4390 negligenter
3704 4310 3751 4355 ιη’τ·

2274 4417 2511 4469 Servato,
2570 4418 2625 4460 ut
2680 4408 2979 4461 Sabhatnm
3030 4424 3245 4479 semper
3291 4412 3361 4465 de
3402 4411 3568 4480 vigilia
3604 4404 3749 4459 ft‘fisi‘iil

574 4488 821 4557 jusserit,
942 4485 1068 4538 udi.
1095 4480 1391 4552 contraria]
1427 4481 1801 4549 |)l'tL'tll(‘1llllCS,
1831 4478 1921 4533 sed
1952 4479 2163 4532 interitu
2200 4512 2245 4568 Ι)
2276 4497 2542 4566 ρςαιηηη
2574 4507 2627 4550 οι
2651 4500 2919 4553 canticum
2954 4478 3252 4570 amiphona
3280 4478 3563 4571 possideat.

582 4580 965 4634 auctoritatem
1028 4584 1339 4630 sanctorum
1370 4573 1588 4626 Patrum
1615 4580 1905 4626 sectantes.
1947 4570 2078 4625 Nam
2113 4582 2159 4625 ct

581 4681 803 4725 sanctus
860 4668 1225 4736 Hieronymus
1268 4664 1319 4716 in
1346 4664 1482 4716 libro
1512 4662 1740 4716 Comitis
1772 4662 1843 4714 ita
1873 4662 2163 4722 ordinavit,

580 4764 736 4833 Cujus
788 4761 909 4815 libri
963 4759 1208 4814 ordinetn
1247 4764 1299 4809 et
1346 4766 1566 4807 sanctus
1616 4753 1907 4821 Gregorius
1949 4753 2145 4823 diligen

583 4856 790 4910 tissime
832 4851 1165 4914 observavit,
1211 4849 1325 4903 sive
1355 4848 1492 4918 dum
1517 4846 1839 4900 lectionibus
1862 4856 1916 4900 et
1941 4863 2167 4916 evange-

588 4944 671 5002 "is
703 4945 948 4999 missalcs
977 4942 1249 4999 orationes
1302 4941 1354 4993 in
1390 4938 1831 4992 Sacramentario
1859 4938 2167 5007 adaptaret,

586 5044 699 5097 sive
753 5040 879 5092 dum
934 5036 1260 5106 antiphonas
1305 5048 1370 5087 ev
1412 5032 1615 5086 eisdem
1671 5031 1966 5101 evangeliis
2008 5048 2169 5100 quam

585 5131 831 5201 plurimis
862 5130 1054 5184 diebus
1092 5128 1146 5183 in
1175 5126 1572 5196 Antiphonario
1620 5125 1957 5180 articularet.
1996 5125 2169 5193 Ipsum

586 5236 802 5289 quoque
850 5219 1187 5288 evangelium
1232 5236 1244 5270 :
1281 5216 1413 5272 Cum
1460 5218 1920 5287 appropinquaret,
1961 5217 2061 5269 etsi
2106 5218 2171 5271 de

588 5311 814 5368 itinere.
837 5311 1045 5364 Domini
1096 5310 1161 5363 ad
1191 5310 1499 5379 passionem
1525 5323 1686 5378 agere
1720 5309 2076 5362 historialiter
2102 5310 2173 5360 vi-

586 5405 801 5460 deatur,
828 5418 931 5456 non
959 5412 1137 5457 tamen
1167 5403 1323 5456 istius
1354 5400 1618 5455 adventus
1640 5401 1863 5454 omnino
1893 5402 2172 5454 oblivisci-

588 5507 696 5556 tur,
757 5509 879 5547 cum
926 5495 1081 5562 pueri
1131 5494 1479 5548 Hebrzeorum
1536 5495 1586 5546 in
1636 5492 1845 5545 laudem
1890 5493 2006 5562 ejus
2044 5494 2177 5546 illul

583 5588 884 5645 Psalmistte
908 5588 960 5640 in
992 5587 1159 5641 altum
1189 5589 1520 5657 proclament
1550 5606 1562 5641 :
1590 5586 1902 5642 Benedictus
1923 5589 2012 5652 qui
2039 5590 2170 5641 rem‘t

582 5685 639 5736 in
670 5681 876 5735 nomine
926 5678 1137 5733 Domini
1187 5679 1360 5749 (l’sal.
1390 5681 1583 5749 cxvn).
1617 5679 1769 5745 Quod
1806 5691 1995 5733 auctor
2020 5681 2175 5733 Anti-

585 5776 834 5850 phonarii
885 5775 952 5830 de
1005 5772 1109 5826 hoc
1162 5771 1397 5828 adventu
1440 5772 1630 5842 procul
1680 5772 1843 5828 dubio
1878 5773 2169 5839 intellexit,

2272 4654 2399 4708 Car.
2439 4654 2675 4708 ΧΧΧΗΙ.
2712 4656 2785 4709 De
2813 4667 3003 4724 septem
3038 4658 3220 4712 diebus
3252 4670 3378 4712 ante
3408 4656 3583 4711 Natale
3603 4644 3746 4703 Damt-

2344 4766 2633 4820 Sciendum
2695 4768 2875 4835 itaque
2920 4779 2998 4822 est
3042 4770 3185 4838 quod
3230 4772 3483 4839 prmiicta
3529 4766 3661 4819 allicit
3692 4776 3735 4809 ιν

2272 4871 2394 4912 sunt
2422 4858 2635 4925 jejunii,
2667 4860 2758 4911 sed
2796 4862 3084 4915 Dominicze
3105 4902 3117 4925 ,
3158 4872 3210 4917 et
3242 4864 3478 4930 quinque
3511 4858 3695 4912 feriarum
3722 4864 3743 4873 ν’

2273 4949 2489 5017 vigiliae,
2530 4951 2671 5000 unde
2707 4959 2760 5003 ct
2802 4953 3081 5004 annuatim
3120 4954 3310 5005 eadem
3357 4952 3520 5005 cilicia
3559 4950 3610 5001 ab
3636 4956 3741 4995 βίω·

2275 5042 2360 5094 die
2384 5056 2500 5108 qua:
2526 5041 2871 5095 Nativitatem
2908 5044 3115 5096 Domini
3156 5046 3430 5113 praecedit.
3462 5052 3653 5108 congrue
3674 5038 3743 5081 im-

2276 5132 2472 5200 pimus,
2508 5142 2565 5184 ut
2602 5142 2764 5184 totam
2816 5133 2957 5186 illam
3002 5135 3358 5203 septimanam
3404 5132 3595 5189 statutis
3634 5124 3741 5175 Mitte

2277 5222 2540 5275 celebrent
2574 5222 2891 5286 habeamus,
2919 5238 3013 5275 nec
3041 5233 3221 5276 tamen
3251 5224 3477 5293 aliquem
3497 5220 3610 5273 diem
3628 5218 3739 5281 prii

2278 5322 2585 5365 sanctorum
2630 5311 3024 5365 institutionem
3074 5313 3199 5365 huic
3231 5310 3522 5366 celebritati
3559 5322 3610 5360 ex
3633 5308 3736 5351 nam

2276 5416 2428 5474 parte
2460 5404 2809 5472 applieemus.
2846 5404 2912 5457 Et
2955 5405 3055 5457 hoc
3087 5419 3302 5472 quoque
3329 5421 3429 5457 non
3453 5403 3597 5455 otiose
3626 5401 3737 5443 Lor-t-

2279 5501 2427 5564 dum,
2457 5496 2580 5564 quia
2628 5497 2784 5564 hujus
2807 5497 3122 5563 septimanm
3162 5496 3366 5560 ollicia,
3394 5495 3503 5547 etsi
3542 5482 3735 5557 Speciaﬁtx‘

2277 5604 2375 5658 pro
2405 5585 2629 5655 jejunio,
2674 5596 2732 5638 ut
2780 5586 3065 5654 probatum
3111 5595 3225 5648 est,
3280 5600 3380 5638 non
3431 5584 3528 5636 sim
3568 5573 3719 5630 institui:

2278 5693 2554 5747 nunquam
2606 5684 2781 5730 tanien
2834 5677 2959 5730 illud
3011 5677 3233 5729 omnino
3290 5658 3731 5741 relinq:mnt,ir:ir“

2281 5787 2440 5835 anno,
2473 5764 2599 5825 dum
2648 5769 2911 5824 Nativitas
2943 5770 3202 5822 canonica
3232 5767 3479 5823 occurrit.
3507 5760 3624 5814 Tunc
3652 5758 3729 5801 tam
