3846 6324
586 369 722 427 10(ιῖ
1893 359 2162 416 NONUM.

584 504 714 558 Car.
752 499 1031 555 XXXVIII.
1059 529 1128 537 ——
1162 495 1235 550 De
1261 496 1438 550 eodem
1465 495 1629 566 ofﬁcio
1658 495 1710 548 in
1749 495 1852 548 alia
1888 494 2158 548 Daminica

1219 566 1512 636 repetendo.

651 660 909 728 Quamvis
935 667 1113 712 autem
1140 656 1258 711 dum
1287 654 1584 710 Dominicm
1610 654 1884 711 multoties
1910 654 2163 710 eveniant

579 767 645 806 eo
694 762 968 820 tempore,
1037 764 1309 818 nunquam
1362 757 1540 802 tamen
1598 749 1786 802 ambas
1845 746 2160 801 Dominicali

572 842 756 900 oilicio
783 841 1035 912 occupari
1079 841 1218 896 l‘esta
1253 850 1564 895 sanctorum
1593 839 1937 908 permittent,
1968 839 2068 892 nisi
2097 852 2160 892 eo

574 940 786 988 tantum
824 947 998 998 anno,
1049 932 1174 986 dum
1210 931 1394 1000 vigilia
1421 931 1736 1002 Epiphania:
1781 931 1835 984 in
1881 929 2155 984 Dominica

570 1025 834 1081 evenerit.
873 1023 1025 1079 Unde
1073 1031 1133 1078 et
1187 1031 1406 1077 sanctus
1433 1016 1729 1091 Gregorius
1767 1021 1901 1076 satis
1935 1035 2154 1089 compe-

577 1125 751 1172 tenter
775 1130 940 1171 unum
971 1106 1300 1170 Dominicale
1321 1106 1550 1167 cilicium
1579 1125 1645 1166 eo
1671 1121 1910 1181 tempore
1940 1113 2160 1165 ordina-

572 1208 671 1274 vit,
697 1222 763 1262 eo
787 1206 929 1277 quod
956 1215 1011 1260 et
1039 1205 1110 1259 ibi
1143 1220 1246 1258 una
1286 1212 1492 1257 tanti-im
1531 1202 1807 1256 Dominiea
1839 1202 1984 1256 omni
2023 1216 2157 1272 pene

576 1311 721 1352 anno
761 1305 1011 1351 occurrat
1059 1305 1180 1364 qna:
1217 1293 1522 1364 huiusmodi
1553 1291 1732 1347 oilieio
1762 1293 2018 1363 indigeat.
2049 1292 2155 1347 Nec

570 1388 678 1443 hoc
705 1389 890 1456 utique
924 1395 1145 1441 sam-tus
1167 1385 1463 1454 ’Gregorius
1497 1385 1578 1438 vel
1620 1391 1739 1454 post
1775 1384 2153 1454 Epiphaniam,

571 1476 657 1531 vei
699 1485 819 1546 post
855 1475 1208 1531 Pentecoslen
1237 1489 1457 1529 servare
1495 1474 1742 1538 curavit,
1773 1478 1832 1528 ιιι
1861 1483 1939 1528 tot
1981 1467 2154 1528 oilicia

570 1579 785 1634 semper
829 1565 1150 1620 haberemus
1179 1573 1308 1633 quot
1346 1563 1635 1619 Dominicm
1663 1573 1885 1633 possent
1912 1564 2150 1618 evenire.

569 1655 704 1710 Nam
741 1658 941 1727 optime
973 1655 1220 1726 praevidit
1257 1654 1558 1724 ItlljllSil'IOlll
1591 1655 2016 1724 inaequalitatem
2061 1670 2149 1710 rev-

564 1750 826 1819 petitione
853 1747 1148 1804 oiliciorum
1199 1747 1356 1803 facile
1385 1747 1662 1803 emendari
1693 1762 1869 1816 posse.
1899 1746 2052 1803 Unde
2096 1757 2150 1802 et

565 1855 695 1908 nos,
743 1855 864 1895 cum
903 1839 1081 1910 vigilia
1121 1839 1434 1909 Epiphaniae
1479 1839 1532 1893 in
1576 1839 1850 1893 Dominica
1885 1840 2144 1904 occurrit,

562 1931 762 2000 prioris
790 1931 1084 1986 Dominicae
1107 1929 1340 1986 oilieium
1363 1930 1596 2001 pleniter
1630 1930 1941 1999 repetimus.
1973 1929 2064 1984 Sic
2091 1939 2146 1984 et

564 2022 617 2077 in
646 2021 944 2077 Dominicis
981 2030 1100 2092 post
1132 2020 1492 2090 Epiphaniam
1518 2028 1576 2074 et
1609 2029 1729 2090 post
1765 2023 2142 2083 Pentecosten,

558 2114 772 2184 quoties
799 2127 1022 2168 necesse
1049 2112 1236 2177 fuerit,
1265 2111 1421 2182 iuxta
1461 2112 1759 2166 Romanam
1799 2112 2145 2166 consuetudi-

559 2218 684 2259 nem
714 2202 892 2260 facere
920 2203 1198 2258 debemus.
1233 2201 1386 2257 Sicut
1422 2204 1565 2258 enim
1603 2203 1860 2258 historias
1904 2201 2144 2257 Dominis

555 2306 746 2350 carum
812 2295 865 2348 in
913 2303 1174 2364 quantum
1237 2294 1463 2362 tempori
1522 2291 1756 2358 stillicit,
1810 2291 2140 2361 repetimus,

557 2383 910 2438 nihilominus
957 2391 1011 2437 et
1066 2381 1239 2436 oilieia
1293 2397 1480 2436 earum
1536 2391 1779 2451 repetere
1831 2395 2138 2450 possumus.

557 2472 692 2528 Nam
743 2482 797 2528 et
845 2471 1178 2527 Domiuieale
1232 2471 1466 2526 oilicium
1521 2472 1612 2526 alii
1660 2472 1974 2538 Dominicae,
2020 2487 2140 2541 qua:

555 2566 796 2636 ejusdem
822 2567 1180 2622 observantia:
1214 2575 1320 2633 est,
1350 2580 1456 2620 non
1489 2565 1885 2635 competentius
1910 2565 2140 2637 [incum-

554 2660 847 2734 petentiusj
879 2659 1227 2717 adhibebitur
1251 2675 1413 2731 quam
1450 2661 1678 2731 singulis
1700 2660 1922 2732 privatis
1947 2660 2139 2715 diebus

553 2753 646 2823 qui
695 2753 1096 2808 Dominicarum
1141 2751 1314 2808 oilicia
1344 2753 1468 2807 dum
1513 2750 1779 2822 recipiunt
1819 2766 1886 2807 ex
1929 2750 2137 2806 festivis

552 2844 756 2899 ierialia
776 2838 1013 2899 cilleiunt
1036 2862 1050 2898 :
1076 2845 1177 2898 hoc
1206 2853 1382 2899 tamen
1413 2861 1519 2899 non
1549 2854 1658 2899 tam
1690 2859 1754 2899 ex
1785 2842 2134 2899 ecclesiasxiei

470 2975 472 2977 ›
549 2945 846 2991 conventus
894 2937 1242 3000 necessitate,
1281 2951 1442 3006 quam
1482 2952 1547 2992 ex
1590 2936 1807 3007 propria
1846 2935 2134 2991 devotione

548 3041 934 3099 usquequaque
959 3029 1242 3084 usitamus.
1266 3025 1384 3082 Non
1410 3041 1540 3098 ergo
1571 3027 1740 3097 magis
1771 3026 2130 3097 incongruum

547 3116 814 3185 videatur,
860 3119 903 3173 si
945 3118 1084 3173 idem
1120 3117 1353 3174 cilicium
1391 3119 1443 3173 in
1484 3118 1586 3173 alia
1619 3117 1915 3183 Dominica,
1939 3126 1996 3173 ut
2041 3132 2132 3173 ec-

555 3208 860 3264 clesiastico
887 3211 1174 3265 conventui
1205 3210 1454 3277 satisﬁat,
1485 3219 1778 3281 repetatur.

791 3301 933 3356 'Csr.
964 3299 1206 3355 XXXIX.
1238 3330 1312 3342 -
1337 3299 1413 3356 De
1433 3313 1616 3358 octava
1642 3303 1871 3359 Domini.

614 3394 673 3449 in
703 3402 896 3448 octava
930 3394 1170 3462 Domini,
1196 3393 1352 3463 juxta
1397 3394 1696 3450 “omnum
1728 3396 2127 3464 auctoritatem,

543 3502 652 3542 non
698 3484 932 3541 cilicium
968 3504 982 3540 :
1019 3483 1160 3540 Puer
1194 3499 1347 3540 natus
1381 3497 1478 3554 est,
1513 3487 1605 3542 sed
1639 3505 1653 3541 :
1693 3485 1905 3541 Vultum
1949 3497 2126 3552 tuum,

543 3585 605 3632 ut
631 3577 682 3631 in
706 3576 958 3631 Graduali
990 3575 1126 3633 libro
1155 3578 1408 3643 habetur,
1436 3593 1556 3632 cum
1581 3577 1828 3645 Alleluia,
1853 3568 1980 3633 Post
2005 3596 2131 3648 par-

545 3679 659 3724 tum
692 3670 856 3740 virgo.
905 3680 1224 3735 cantamus,
1270 3678 1324 3726 et
1364 3670 1662 3725 orationem
1684 3670 2071 3740 Gregorianam
2108 3688 2124 3726 :

546 3761 686 3815 Deus
724 3763 814 3832 qui
856 3763 1044 3816 salutis
1079 3773 1308 3828 (clerum,
1347 3779 1454 3818 non
1501 3763 1692 3818 illam:
1731 3763 1869 3818 Deus
1897 3763 1988 3834 qui
2033 3779 2127 3818 uos

543 3853 792 3922 Natirit.,
815 3853 1060 3908 dicimus.
1084 3853 1152 3909 Et
1171 3855 1464 3909 notandum
1485 3854 1643 3923 huius
1669 3866 1873 3912 octavae
1891 3856 2122 3911 oilieium

539 3945 944 4000 evidentissime
991 3945 1057 4000 de
1087 3955 1272 4000 saneta
1322 3945 1486 4000 Maria
1518 3960 1696 4017 agere.
1731 3947 1882 4003 Unde
1915 3957 1970 4002 et
2019 3947 2120 4000 Ro-

542 4037 687 4092 mani
718 4051 781 4092 ea
811 4037 897 4092 die
923 4037 988 4091 ad
1019 4036 1274 4092 Sanctam
1310 4036 1532 4091 Mariam
1573 4037 1858 4091 stationem
1889 4037 2118 4102 iaciunt,

538 4145 638 4186 nec
670 4130 968 4195 immerito;
1006 4145 1178 4199 nuper
1204 4130 1370 4194 enim.
1396 4145 1517 4185 cum
1537 4129 1886 4184 Nativitatem
1909 4129 2117 4183 Domini

535 4223 970 4287 celebraremus,
1018 4223 1222 4277 nullum
1274 4233 1380 4277 tam
1417 4221 1649 4292 speciale
1685 4221 1918 4276 oilieium
1961 4222 2116 4276 Matri

535 4310 652 4379 ejus
677 4313 977 4367 attrilmere
1004 4313 1296 4382 potuimus.
1324 4312 1477 4368 Unde
1509 4328 1614 4366 non
1648 4311 1940 4382 incongrue
1972 4312 2113 4366 illam

533 4403 822 4472 Specialius
855 4403 907 4457 in
948 4411 1138 4458 octava
1173 4402 1384 4457 Domini
1417 4417 1758 4466 veneramur,
1807 4417 1872 4457 ne
1918 4401 2117 4457 solem.

2159 3171 2203 3228 (Σ

2207 360 2484 418 ι.ιτιιιι(;.
3645 371 3731 439 tas

2199 464 2242 518 Α
2275 455 2320 508 0
2358 472 2625 525 magnum.
2667 456 3128 524 Responsorium:
3163 458 3359 516 Sancta
3396 472 3439 516 et
3474 465 3726 528 iunctain.

2266 546 2485 613 Antiph.
2509 563 2521 598 :
2548 545 2845 610 Speciosus.
2874 549 3093 618 Autiplt.
3124 568 3138 604 :
3170 549 3277 604 Rea:
3296 552 3470 606 omnis.
3497 555 3727 627 Antiphon;

2266 635 2618 709 Suscepimus.
2663 637 3108 709 Responsorium.
3155 661 3171 697 :
3221 642 3384 698 Beata
3428 657 3473 698 et
3509 659 3730 708 mm.

2264 729 2682 800 Responsorium
2701 748 2716 788 :
2735 731 3209 802 Congrululumini.
3237 734 3635 804 Responsoriutn:
3649 745 3732 798 Cos-

2262 820 2388 874 tiuet
2415 821 2472 875 in
2502 823 2718 892 gremio.
2743 825 2964 894 Antiph.
2993 843 3006 879 :
3047 824 3217 880 Homo
3241 839 3414 882 natus.
3441 829 3649 900 Antiplm
3670 835 3733 890 Ex-

2260 913 2548 968 sultabuut.
2598 915 2820 984 Antiph.
2871 933 2885 968 :
2939 915 3139 972 Notum
3189 919 3334 985 fecit.
3378 917 3730 991 Responsum:

2261 1002 2641 1072 Couﬁrmatum
2689 1017 2785 1061 est.
2840 1007 3262 1078 Responsorium
3304 1028 3318 1063 :
3362 1011 3581 1066 Nescias
3617 1031 3732 1070 sum

2260 1092 2677 1163 llesponsorium
2715 1113 2730 1149 :
2780 1095 3004 1152 Verbum
3039 1115 3184 1154 caro.
3231 1100 3554 1157 Matutinales
3581 1104 3732 1160 Iaudes:

2261 1186 2306 1240 0
2332 1186 2677 1256 admirabile,
2721 1207 2819 1262 per
2853 1191 3123 1244 ordinem.
3169 1193 3384 1248 Ea‘dem
3433 1196 3677 1264 antiphona
3705 1200 3735 1249 is

2257 1280 2492 1333 secunda
2516 1295 2738 1350 vespera
2769 1296 2930 1350 super
2950 1282 3191 1351 psalmos
3219 1283 3286 1338 de
3314 1282 3580 1340 Natiritate
3600 1284 3735 1342 Denisi

2257 1368 2528 1439 leguntur.
2560 1370 2617 1424 in
2643 1371 2922 1440 cvangelio
2962 1368 3257 1443 antiphona
3291 1392 3306 1428 :
3337 1372 3440 1441 Qui
3475 1377 3532 1431 de
3560 1388 3734 1434 terreat.

2253 1456 2310 1512 l'u
2346 1453 2622 1516 Dominica
2651 1472 2828 1516 autent
2862 1474 2982 1533 post
3011 1462 3364 1520 Nativitatem
3413 1466 3594 1524 Domini
3617 1470 3667 1523 ita
3685 1490 3736 1523 ur-

2255 1548 2550 1604 dinabilur.
2593 1550 2968 1608 lnvilalorium
3001 1571 3014 1606 :
3048 1553 3291 1608 Christus
3334 1566 3482 1610 natas
3506 1567 3589 1614 est.
3611 1559 3736 1614 l‘sshl

2256 1630 2645 1707 Dominicales,
2684 1658 2808 1698 cum
2850 1645 3023 1700 tribus
3069 1647 3387 1716 antiptmnis
3429 1649 3493 1705 de
3539 1649 3737 1707 Natiritit:

2258 1734 2487 1788 Domini.
2523 1735 2943 1805 Responsorium
2977 1753 2991 1791 :
3030 1738 3338 1794 Descendit.
3374 1737 3737 1811 lit-spatiantia:

2181 1822 2224 1880 Β
2253 1821 2421 1889 Quem
2466 1826 2692 1880 vidistis.
2744 1827 3008 1897 ll'espons.
3043 1843 3058 1882 :
3093 1828 3139 1885 0
3186 1845 3455 1902 inquam.
3497 1832 3547 1887 In
3584 1850 3614 1888 ιι
3649 1844 3735 1889 md.

2254 1914 2675 1986 Responsorium
2706 1935 2719 1971 :
2753 1915 2995 1973 Contine!
3020 1921 3074 1973 in
3101 1925 3326 1992 gremio.
3371 1922 3734 1993 lie-sponsorum:

2252 2006 2632 2077 Con/innatum
2661 2021 2756 2064 est.
2785 2009 3204 2081 Responsorium
3234 2031 3248 2067 :
3281 2012 3386 2067 Hic
3406 2016 3490 2086 qui
3512 2016 3683 2070 clusit.
3704 2016 3736 2070 ll

2256 2101 2417 2155 tertio
2471 2111 2739 2158 nocturno
2796 2104 3252 2174 responsori'um:
3309 2104 3445 2160 ιτα
3491 2109 3634 2177 Agim

2248 2189 2514 2264 Respons.
2551 2213 2563 2249 :
2596 2191 2928 2251 Benedictus.
2961 2186 3231 2268 liespohs.
3268 2217 3282 2252 :
3315 2190 3365 2253 ῦ
3394 2213 3566 2269 regem.
3595 2199 3734 2254 latui-

2248 2283 2400 2338 nales
2443 2284 2626 2338 lamles
2672 2302 2686 2342 :
2731 2285 2894 2350 Quem
2939 2286 3162 2342 uidistis.
3219 2287 3282 2342 in
3333 2289 3623 2360 evangelio:
3653 2289 3735 2342 Dn

2246 2376 2498 2430 medium.
2523 2375 2827 2432 Notandum
2858 2389 3039 2433 autem
3072 2381 3123 2433 in
3153 2391 3349 2435 octava
3381 2381 3573 2436 Domini
3593 2393 3737 2436 noctur-

2247 2467 2420 2521 nalem
2447 2478 2668 2522 cantum
2709 2470 2776 2522 de
2815 2483 3002 2524 sancta
3037 2471 3202 2526 Maria
3233 2473 3462 2529 multum
3491 2491 3638 2546 agere.
3660 2476 3735 2542 qua

2241 2567 2299 2612 et
2323 2559 2570 2614 diurnale
2597 2559 2829 2614 cilicium
2865 2562 2916 2616 iu
2951 2563 3208 2618 honorem
3241 2564 3362 2632 ejus
3383 2567 3735 2620 videturinszin-

2247 2656 2379 2701 tum.
2422 2648 2476 2702 In
2525 2649 2838 2705 Dominicali
2868 2663 3047 2706 autem
3082 2663 3243 2708 nocte
3272 2671 3380 2710 non
3411 2666 3512 2709 tam
3537 2658 3591 2711 de
3616 2668 3734 2709 santu

2245 2736 2410 2791 Maria
2431 2753 2594 2807 quam
2624 2739 2691 2793 de
2723 2739 3013 2796 Nalivitate
3058 2741 3273 2797 Domini
3325 2745 3556 2814 agimus.
3582 2746 3672 2814 qui:
3703 2753 3736 2796 et

2242 2829 2296 2883 in
2331 2829 2562 2883 diurnali
2607 2829 2781 2886 oilieio
2822 2833 3132 2903 specialiter
3159 2834 3228 2890 de
3275 2835 3555 2892 Nativitate
3595 2838 3733 2892 Domini

2241 2935 2749 2976 commemoramus.
2781 2922 2878 2977 Est
2911 2934 3090 2978 autem
3131 2925 3356 2982 traditio
3377 2936 3646 2983 sanctorum
3674 2925 3735 2978 Ps-

2241 3025 2384 3068 trum
2413 3023 2471 3068 ut
2499 3017 2554 3070 iu
2591 3016 2896 3085 huiusmodi
2937 3018 3324 3076 festivitatibus
3345 3020 3512 3077 oilicio
3533 3021 3733 3077 missam-

2239 3103 2384 3175 liqua
2405 3108 2736 3164 concordent
2757 3109 2954 3164 oilicia.

2607 3201 2737 3257 CAP.
2764 3201 2877 3256 XL.
2915 3230 2987 3243 --
3010 3203 3088 3258 De
3109 3201 3438 3274 Epiphania.

2307 3289 2364 3344 Si
2408 3290 2587 3360 vigilia
2619 3291 2930 3363 Epiphaniae
2973 3295 3027 3349 iu
3075 3296 3417 3352 Dominicam
3461 3297 3730 3356 evenerit,u

2233 3391 2411 3445 nocte,
2453 3392 2511 3437 ut
2551 3384 2869 3453 praedictum
2913 3395 3017 3451 est,
3063 3387 3336 3443 canimus.
3379 3389 3434 3445 ln
3477 3389 3554 3445 die
3588 3401 3732 3458 quoque

2231 3473 2503 3556 cilicium;
2532 3475 2670 3530 Dum
2698 3479 2924 3532 medium
2961 3487 3020 3532 ιιι
3045 3479 3096 3533 ἰιι
3129 3480 3296 3549 priori
3334 3482 3589 3536 Dominica
3619 3480 3731 3550 pleni-

2232 3576 2315 3621 tcr
2337 3567 2707 3623 observamus.
2740 3567 2798 3622 Si
2831 3579 3011 3625 autem
3043 3570 3097 3625 in
3128 3571 3233 3626 alia
3261 3573 3356 3628 die
3383 3573 3620 3636 occurrit,
3639 3572 3728 3624 idem

2228 3656 2445 3726 quidem
2467 3657 2725 3723 oilieium,
2748 3660 2842 3714 sed
2867 3675 2990 3715 cum
3022 3661 3290 3719 lectione:
3320 3664 3543 3729 Scimus,
3565 3674 3729 3719 etenu-

2227 3746 2366 3816 gelio
2398 3764 2411 3801 :
2445 3746 2707 3817 Defuncto
2748 3749 2987 3817 Herode,
3018 3753 3160 3808 unde
3189 3762 3247 3807 et
3279 3755 3613 3810 communio:
3638 3751 3728 3806 Tell:

2224 3855 2443 3908 puerum
2491 3851 2705 3912 sumpta
2733 3853 2852 3910 est,
2894 3856 3222 3902 cantamus:
3259 3850 3394 3919 quia
3440 3850 3533 3905 hoc
3567 3845 3726 3903 dﬁcit-
3808 3911 3809 3918 γ

2223 3939 2348 3985 ante
2383 3947 2539 3988 usum
2579 3935 2737 4005 huius
2765 3937 2960 4006 vigiliae
2987 3939 3056 3993 ibi
3099 3943 3454 4008 cantabatur,
3491 3951 3641 4013 utpote
3659 3939 3723 3993 Do-
3808 3987 3809 3990 η

2223 4021 2419 4077 miuica
2443 4025 2684 4095 ejusdem
2713 4028 3082 4095 hebdomadas,
3109 4033 3253 4087 sicut
3272 4041 3326 4087 et
3357 4051 3372 4088 :
3413 4033 3581 4089 Vaccus
3593 4032 3723 4102 iml-

2220 4116 2402 4170 ditatis
2428 4120 2643 4174 canitur
2670 4121 2723 4175 in
2765 4122 2944 4192 vigilia
2981 4125 3377 4193 Aseensionis,
3415 4137 3472 4184 et
3513 4125 3724 4180 assumitur
3808 4131 3809 4170 ξ

2219 4213 2530 4266 conununio
2559 4215 2625 4268 de
2648 4212 2890 4281 ejusdem
2923 4215 3025 4271 diei
3068 4219 3377 4288 evangelio.
3420 4220 3474 4275 In
3503 4218 3721 4289 Epiphaaﬁ

2219 4303 2283 4366 ad
2306 4312 2617 4369 nocturnas,
2637 4307 2789 4376 juxta
2811 4307 3111 4364 Romanum
3135 4310 3419 4374 Ordinem.
3443 4307 3719 4367 invitatoriam

2219 4393 2508 4448 reticemus
2543 4413 2554 4448 :
2589 4405 2646 4450 ut
2684 4412 2714 4451 a
2754 4399 2937 4454 dolosa
2977 4401 3298 4459 invitatione
3334 4405 3549 4460 Herulis
3578 4402 3719 4456 dixre

532 4493 700 4548 nitate
748 4490 868 4547 Filii
920 4493 1002 4548 sui
1033 4505 1229 4559 expers
1263 4508 1384 4548 esse
1420 4493 1688 4558 videatur,
1718 4509 1878 4563 quam
1930 4503 2110 4548 tamen
2144 4519 2192 4579 ι)
2218 4501 2407 4556 pemtls
2437 4507 2450 4542 :
2493 4489 2563 4544 ab
2598 4491 2890 4560 antiphnna
2921 4510 2935 4548 :
2978 4495 3176 4564 A/ferte
3219 4512 3285 4552 ea
3329 4507 3485 4554 nocte
3520 4494 3714 4564 incili”

533 4583 587 4637 in
615 4583 801 4638 eadem
838 4583 1180 4638 solemnitate
1207 4596 1327 4653 post
1357 4585 1640 4640 Dominum
1685 4585 1918 4639 maxime
1947 4586 2112 4639 hono-

530 4675 757 4728 randam
799 4689 918 4731 esse
968 4691 1073 4729 non
1119 4674 1449 4730 dubitamus.
1508 4674 1849 4730 Matutinales
1897 4689 2113 4744 quoque

529 4765 718 4820 Iaudes
749 4767 907 4836 hujus
934 4777 1140 4822 octava:
1163 4767 1229 4822 de
1267 4776 1451 4823 sancta
1484 4767 1650 4822 Maria
1693 4777 1858 4837 agunt
1887 4783 2110 4837 expres-

529 4856 762 4911 sissime.
801 4856 948 4913 Unde
994 4866 1049 4912 et
1082 4857 1168 4912 illa
1200 4858 1540 4928 responsoria
1574 4859 1638 4914 de
1675 4857 1969 4914 Nativitate
2005 4859 2114 4912 Do-

527 4946 680 5008 mini,
711 4961 830 5014 qum
859 4946 925 5000 de
955 4955 1142 5001 sancta
1177 4945 1345 5001 Maria
1374 4957 1825 5010 commemorant,
1849 4948 1974 5002 huic
2002 4948 2105 5002 diei

527 5049 764 5105 congrue
794 5035 1153 5103 attitulantur,
1193 5051 1260 5092 ne
1291 5052 1320 5090 a
1356 5035 1693 5107 Gregoriano
1719 5037 1961 5108 eiusdem
2000 5037 2103 5092 diei

525 5123 700 5179 oilieio
729 5127 1096 5198 diserepemus
1136 5127 1189 5182 in
1218 5127 1418 5197 aliquo.
1453 5129 1591 5196 Apte
1621 5138 1800 5182 autem
1830 5128 2012 5182 omnia
2052 5129 2105 5182 in

526 5215 670 5270 hunc
697 5219 910 5272 modum
936 5219 1171 5273 ordinari
1194 5229 1437 5288 possunt.
1463 5221 1543 5273 Ad
1567 5219 2102 5289 vesperamantipln:

527 5303 720 5360 Tecum
767 5309 1108 5379 principium,
1142 5325 1263 5365 cum
1318 5310 1558 5380 reliquis.
1613 5309 2034 5379 Responsorium
2087 5326 2100 5362 :

524 5395 998 5466 Cougratulamini.
1061 5400 1303 5470 llymnus
1355 5419 1368 5454 :
1431 5401 1475 5454 A
1518 5399 1663 5454 solis.
1719 5399 1773 5453 ln
1828 5399 2104 5469 cvangelio

523 5489 733 5558 antiph.
756 5507 773 5546 :
805 5489 1056 5560 Magnum
1071 5493 1412 5547 hmreditutis.
1429 5491 1836 5548 lnvitalorium:
1861 5491 2101 5548 Christus

521 5593 681 5637 uetus
709 5591 804 5636 est.
827 5581 1050 5651 Antiph.
1076 5599 1090 5637 :
1117 5583 1369 5638 Dominus
1395 5585 1550 5638 dixit.
1582 5583 1801 5653 Antiplt.
1833 5602 1847 5637 :
1876 5583 1941 5638 In
1970 5584 2094 5638 sole.

517 5673 785 5743 Antiph.:
837 5671 1142 5728 Elevumivi.
1179 5675 1337 5746 Resp.
1386 5691 1400 5729 :
1447 5675 1742 5730 Descendit.
1786 5675 2093 5746 Respons.:

591 5788 703 5858 (ιο)
747 5788 874 5844 Vide
897 5787 1085 5841 eadem
1115 5787 1181 5840 de
1213 5802 1268 5839 re
1290 5787 1430 5840 Gnil.
1463 5787 1790 5842 Durant-lum.

2216 4579 2522 4650 Antiphona
2549 4600 2562 4636 :
2598 4582 2860 4639 Fluminis
2886 4602 3008 4642 cum
3037 4588 3246 4658 psalmo
3268 4591 3322 4645 in
3347 4592 3548 4646 tertiam
3569 4595 3714 4642 notw-

2216 4685 2340 4724 nam
2382 4672 2648 4737 diii‘ertur,
2697 4676 2822 4745 quia
2863 4677 3036 4748 maior
3083 4679 3326 4735 laudatio
3373 4697 3523 4752 quam
3555 4674 3712 4730 Allrln't

2214 4771 2370 4817 sonat
2400 4763 2533 4835 (l0),
2566 4767 2667 4820 sub
2695 4768 2868 4837 gratia
2899 4777 3022 4834 est,
3055 4770 3210 4840 cuius
3261 4780 3444 4842 typum
3487 4769 3616 4824 tertia
3649 4777 3710 4815 no-

2214 4863 2406 4908 cturna
2438 4856 2597 4925 gerit,
2625 4872 2786 4926 quam
2829 4870 2956 4915 ante
2996 4860 3169 4930 legem
3193 4863 3282 4916 vel
3325 4865 3426 4918 sub
3463 4863 3594 4932 lege.
3619 4851 3708 4924 ll“ad

2212 4945 2578 5012 przecedentes
2617 4959 2896 5004 nocturna:
2935 4950 3264 5021 signiﬁcant.
3311 4951 3461 5007 Uade
3498 4960 3546 5006 et
3582 4959 3706 5002 οτηπὶ

2215 5034 2454 5092 historiae
2500 5054 2621 5108 qum
2659 5041 2758 5095 sibi
2805 5040 3033 5096 Alleluia
3078 5044 3376 5110 vindicant,
3421 5045 3529 5114 plus
3552 5036 3704 5093 Alleluia

2213 5125 2265 5180 in
2329 5129 2488 5182 tertia
2541 5143 2803 5185 nocturna
2866 5131 3232 5202 freq'entaut.
3288 5134 3346 5189 Si
3394 5130 3640 5202 Epiphania
3672 5140 3703 5173 ιιι

2210 5216 2542 5273 Dominicam
2567 5222 2828 5284 evenerit,
2861 5222 2950 5276 uih
2975 5222 2991 5276 l
3017 5222 3069 5276 in
3099 5239 3164 5277 ea
3190 5225 3280 5280 die
3305 5225 3372 5280 de
3401 5222 3558 5278 oiiirio
3581 5213 3701 5272 Doni-

2209 5308 2345 5365 nica:
2373 5312 2660 5382 tangimus.
2692 5311 2843 5380 Quod
2875 5322 3052 5368 tamen
3078 5314 3218 5370 infra
3245 5327 3482 5371 octavam
3517 5306 3699 5378 εἱυείδυο

2207 5401 2499 5477 observare
2558 5403 2796 5461 solemus
2820 5449 2834 5469 .
2887 5416 2944 5460 ut
2987 5405 3251 5463 lectiones
3288 5417 3345 5462 et
3379 5402 3614 5475 evangelia
3649 5394 3696 5447 lt"

2208 5490 2358 5544 rialia
2413 5507 2534 5562 qua:
2587 5494 2654 5549 de
2701 5495 2976 5566 Baptismo
3011 5498 3220 5554 Domini
3273 5509 3484 5563 sonant,
3527 5500 3690 5550 colem-

2204 5599 2334 5652 pore
2371 5585 2688 5656 recitentur,
2712 5603 2833 5644 eum
2864 5599 2920 5647 et
2947 5589 3144 5647 festum
3169 5592 3236 5649 de
3263 5593 3516 5664 Baptisqu
3541 5575 3685 5641 Domit!i

2202 5672 2401 5743 agitur.
