  <div class='ocr_page' id='page_1' title='image "/cluster/home/n/w/nwhite01/storage/ocr_20150623/151/hvd.32044015473796/510.png"; bbox 0 0 3846 6324; ppageno 0'>
   <div class='ocr_carea' id='block_1_1' title="bbox 6 346 181 404">
    <p class='ocr_par' dir='ltr' id='par_1_1' title="bbox 6 346 181 404">
     <span class='ocr_line' id='line_1_1' title="bbox 6 346 181 404; baseline 0.023 -3"><span class='ocrx_word' id='word_1_1' title='bbox 6 346 181 404; x_wconf 66' lang='grc' dir='ltr'><strong>ωοθ</strong></span> 
     </span>
    </p>
   </div>
   <div class='ocr_carea' id='block_1_2' title="bbox 127 463 1503 542">
    <p class='ocr_par' dir='ltr' id='par_1_2' title="bbox 127 463 1503 542">
     <span class='ocr_line' id='line_1_2' title="bbox 127 463 1503 542; baseline 0.006 -22"><span class='ocrx_word' id='word_1_2' title='bbox 127 464 277 520; x_wconf 67' lang='lat' dir='ltr'><strong>Car.</strong></span> <span class='ocrx_word' id='word_1_3' title='bbox 309 463 439 519; x_wconf 77' lang='lat' dir='ltr'><strong>XLI.</strong></span> <span class='ocrx_word' id='word_1_4' title='bbox 471 494 540 505; x_wconf 91' lang='lat'><strong>--</strong></span> <span class='ocrx_word' id='word_1_5' title='bbox 574 465 649 522; x_wconf 83' lang='lat' dir='ltr'><strong>De</strong></span> <span class='ocrx_word' id='word_1_6' title='bbox 678 466 963 523; x_wconf 73' lang='lat' dir='ltr'><strong>Dominicis</strong></span> <span class='ocrx_word' id='word_1_7' title='bbox 992 479 1104 539; x_wconf 73' lang='lat' dir='ltr'><strong>post</strong></span> <span class='ocrx_word' id='word_1_8' title='bbox 1134 470 1503 542; x_wconf 74' lang='lat' dir='ltr'><strong>Epiphaniam.</strong></span> 
     </span>
    </p>
   </div>
   <div class='ocr_carea' id='block_1_3' title="bbox 89 555 1617 636">
    <p class='ocr_par' dir='ltr' id='par_1_3' title="bbox 89 555 1617 636">
     <span class='ocr_line' id='line_1_3' title="bbox 89 555 1617 636; baseline 0.009 -29"><span class='ocrx_word' id='word_1_9' title='bbox 89 555 157 608; x_wconf 81' lang='lat' dir='ltr'><strong>Si</strong></span> <span class='ocrx_word' id='word_1_10' title='bbox 194 565 375 609; x_wconf 83' lang='lat' dir='ltr'><strong>autem</strong></span> <span class='ocrx_word' id='word_1_11' title='bbox 406 572 500 625; x_wconf 89' lang='lat' dir='ltr'><strong>per</strong></span> <span class='ocrx_word' id='word_1_12' title='bbox 536 557 916 627; x_wconf 84' lang='lat' dir='ltr'><strong>interjacentes</strong></span> <span class='ocrx_word' id='word_1_13' title='bbox 951 563 1065 618; x_wconf 89' lang='lat' dir='ltr'><strong>dies</strong></span> <span class='ocrx_word' id='word_1_14' title='bbox 1092 563 1163 618; x_wconf 82' lang='lat' dir='ltr'><strong>ab</strong></span> <span class='ocrx_word' id='word_1_15' title='bbox 1200 564 1497 636; x_wconf 79' lang='lat' dir='ltr'><strong>Epiphania</strong></span> <span class='ocrx_word' id='word_1_16' title='bbox 1527 582 1617 621; x_wconf 84' lang='lat' dir='ltr'><strong>ns-</strong></span> 
     </span>
    </p>
   </div>
   <div class='ocr_carea' id='block_1_4' title="bbox 6 648 1619 719">
    <p class='ocr_par' dir='ltr' id='par_1_4' title="bbox 6 648 1619 719">
     <span class='ocr_line' id='line_1_4' title="bbox 6 648 1619 719; baseline 0.009 -21"><span class='ocrx_word' id='word_1_17' title='bbox 6 663 127 715; x_wconf 70' lang='lat' dir='ltr'><strong>que</strong></span> <span class='ocrx_word' id='word_1_18' title='bbox 159 648 221 702; x_wconf 85' lang='lat' dir='ltr'><strong>in</strong></span> <span class='ocrx_word' id='word_1_19' title='bbox 251 660 494 703; x_wconf 87' lang='lat' dir='ltr'><strong>octavam</strong></span> <span class='ocrx_word' id='word_1_20' title='bbox 523 649 641 718; x_wconf 90' lang='lat' dir='ltr'><strong>ejus</strong></span> <span class='ocrx_word' id='word_1_21' title='bbox 670 652 944 707; x_wconf 86' lang='lat' dir='ltr'><strong>Dominica</strong></span> <span class='ocrx_word' id='word_1_22' title='bbox 987 657 1261 719; x_wconf 78' lang='lat' dir='ltr'><strong>evenerit,</strong></span> <span class='ocrx_word' id='word_1_23' title='bbox 1309 659 1619 713; x_wconf 82' lang='lat' dir='ltr'><strong>necessario</strong></span> 
     </span>
    </p>
   </div>
   <div class='ocr_carea' id='block_1_5' title="bbox 4 738 1614 803">
    <p class='ocr_par' dir='ltr' id='par_1_5' title="bbox 4 738 1614 803">
     <span class='ocr_line' id='line_1_5' title="bbox 4 738 1614 803; baseline 0.009 -13"><span class='ocrx_word' id='word_1_24' title='bbox 4 751 81 790; x_wconf 79' lang='lat' dir='ltr'><strong>eo</strong></span> <span class='ocrx_word' id='word_1_25' title='bbox 124 739 229 792; x_wconf 86' lang='lat' dir='ltr'><strong>die</strong></span> <span class='ocrx_word' id='word_1_26' title='bbox 264 738 632 794; x_wconf 88' lang='lat' dir='ltr'><strong>ecclesiastico</strong></span> <span class='ocrx_word' id='word_1_27' title='bbox 662 744 946 797; x_wconf 90' lang='lat' dir='ltr'><strong>conventui</strong></span> <span class='ocrx_word' id='word_1_28' title='bbox 989 759 1110 799; x_wconf 90' lang='lat' dir='ltr'><strong>cum</strong></span> <span class='ocrx_word' id='word_1_29' title='bbox 1146 746 1458 801; x_wconf 87' lang='lat' dir='ltr'><strong>Dominicali</strong></span> <span class='ocrx_word' id='word_1_30' title='bbox 1500 748 1614 803; x_wconf 78' lang='lat' dir='ltr'><strong>ofﬁ-</strong></span> 
     </span>
    </p>
   </div>
   <div class='ocr_carea' id='block_1_6' title="bbox 2 828 1613 906">
    <p class='ocr_par' dir='ltr' id='par_1_6' title="bbox 2 828 1613 906">
     <span class='ocr_line' id='line_1_6' title="bbox 2 828 1613 906; baseline 0.006 -24"><span class='ocrx_word' id='word_1_31' title='bbox 2 828 97 882; x_wconf 85' lang='lat' dir='ltr'><strong>cio</strong></span> <span class='ocrx_word' id='word_1_32' title='bbox 130 828 529 892; x_wconf 78' lang='lat' dir='ltr'><strong>satisfacitmts,</strong></span> <span class='ocrx_word' id='word_1_33' title='bbox 557 846 717 899; x_wconf 80' lang='lat' dir='ltr'><strong>queat</strong></span> <span class='ocrx_word' id='word_1_34' title='bbox 762 847 864 886; x_wconf 87' lang='lat' dir='ltr'><strong>non</strong></span> <span class='ocrx_word' id='word_1_35' title='bbox 911 848 1008 902; x_wconf 78' lang='lat' dir='ltr'><strong>pro</strong></span> <span class='ocrx_word' id='word_1_36' title='bbox 1039 834 1361 905; x_wconf 89' lang='lat' dir='ltr'><strong>Epiphania,</strong></span> <span class='ocrx_word' id='word_1_37' title='bbox 1390 836 1481 891; x_wconf 89' lang='lat' dir='ltr'><strong>sed</strong></span> <span class='ocrx_word' id='word_1_38' title='bbox 1514 852 1613 906; x_wconf 90' lang='lat' dir='ltr'><strong>pro</strong></span> 
     </span>
    </p>
   </div>
   <div class='ocr_carea' id='block_1_7' title="bbox 7 920 1611 997">
    <p class='ocr_par' dir='ltr' id='par_1_7' title="bbox 7 920 1611 997">
     <span class='ocr_line' id='line_1_7' title="bbox 7 920 1611 997; baseline 0.007 -28"><span class='ocrx_word' id='word_1_39' title='bbox 7 920 309 974; x_wconf 82' lang='lat' dir='ltr'><strong>Dominica</strong></span> <span class='ocrx_word' id='word_1_40' title='bbox 359 921 676 974; x_wconf 84' lang='lat' dir='ltr'><strong>convenisse</strong></span> <span class='ocrx_word' id='word_1_41' title='bbox 725 923 947 978; x_wconf 86' lang='lat' dir='ltr'><strong>scimus.</strong></span> <span class='ocrx_word' id='word_1_42' title='bbox 994 924 1355 982; x_wconf 85' lang='lat' dir='ltr'><strong>Dominicales</strong></span> <span class='ocrx_word' id='word_1_43' title='bbox 1399 941 1611 997; x_wconf 67' lang='lat' dir='ltr'><strong>quoque</strong></span> 
     </span>
    </p>
   </div>
   <div class='ocr_carea' id='block_1_8' title="bbox 5 1008 1609 1082">
    <p class='ocr_par' dir='ltr' id='par_1_8' title="bbox 5 1008 1609 1082">
     <span class='ocr_line' id='line_1_8' title="bbox 5 1008 1609 1082; baseline 0.007 -23"><span class='ocrx_word' id='word_1_44' title='bbox 5 1008 225 1075; x_wconf 50' lang='lat' dir='ltr'><strong>psalmi</strong></span> <span class='ocrx_word' id='word_1_45' title='bbox 279 1025 400 1063; x_wconf 84' lang='lat' dir='ltr'><strong>cum</strong></span> <span class='ocrx_word' id='word_1_46' title='bbox 451 1020 613 1064; x_wconf 88' lang='lat' dir='ltr'><strong>cantu</strong></span> <span class='ocrx_word' id='word_1_47' title='bbox 671 1011 743 1066; x_wconf 82' lang='lat' dir='ltr'><strong>de</strong></span> <span class='ocrx_word' id='word_1_48' title='bbox 800 1013 1103 1082; x_wconf 87' lang='lat' dir='ltr'><strong>Epiphania</strong></span> <span class='ocrx_word' id='word_1_49' title='bbox 1144 1024 1270 1069; x_wconf 86' lang='lat' dir='ltr'><strong>sunt</strong></span> <span class='ocrx_word' id='word_1_50' title='bbox 1326 1018 1609 1071; x_wconf 87' lang='lat' dir='ltr'><strong>recitandi.</strong></span> 
     </span>
    </p>
   </div>
   <div class='ocr_carea' id='block_1_9' title="bbox 6 1096 1612 1160">
    <p class='ocr_par' dir='ltr' id='par_1_9' title="bbox 6 1096 1612 1160">
     <span class='ocr_line' id='line_1_9' title="bbox 6 1096 1612 1160; baseline 0.007 -12"><span class='ocrx_word' id='word_1_51' title='bbox 6 1096 105 1151; x_wconf 80' lang='lat' dir='ltr'><strong>Sic</strong></span> <span class='ocrx_word' id='word_1_52' title='bbox 133 1099 294 1155; x_wconf 86' lang='lat' dir='ltr'><strong>enim</strong></span> <span class='ocrx_word' id='word_1_53' title='bbox 338 1114 554 1153; x_wconf 89' lang='lat' dir='ltr'><strong>omnem</strong></span> <span class='ocrx_word' id='word_1_54' title='bbox 603 1101 935 1159; x_wconf 87' lang='lat' dir='ltr'><strong>Dominicam</strong></span> <span class='ocrx_word' id='word_1_55' title='bbox 975 1104 1273 1160; x_wconf 72' lang='lat' dir='ltr'><strong>Dominicis</strong></span> <span class='ocrx_word' id='word_1_56' title='bbox 1310 1107 1612 1160; x_wconf 76' lang='lat' dir='ltr'><strong>solenntita-</strong></span> 
     </span>
    </p>
   </div>
   <div class='ocr_carea' id='block_1_10' title="bbox 5 1186 1609 1257">
    <p class='ocr_par' dir='ltr' id='par_1_10' title="bbox 5 1186 1609 1257">
     <span class='ocr_line' id='line_1_10' title="bbox 5 1186 1609 1257; baseline 0.009 -21"><span class='ocrx_word' id='word_1_57' title='bbox 5 1186 167 1241; x_wconf 85' lang='lat' dir='ltr'><strong>tibus</strong></span> <span class='ocrx_word' id='word_1_58' title='bbox 202 1187 615 1257; x_wconf 73' lang='lat' dir='ltr'><strong>interpositam,</strong></span> <span class='ocrx_word' id='word_1_59' title='bbox 649 1205 749 1243; x_wconf 88' lang='lat' dir='ltr'><strong>nec</strong></span> <span class='ocrx_word' id='word_1_60' title='bbox 784 1199 962 1247; x_wconf 87' lang='lat' dir='ltr'><strong>tamen</strong></span> <span class='ocrx_word' id='word_1_61' title='bbox 1002 1193 1283 1248; x_wconf 88' lang='lat' dir='ltr'><strong>celebriori</strong></span> <span class='ocrx_word' id='word_1_62' title='bbox 1317 1195 1489 1249; x_wconf 82' lang='lat' dir='ltr'><strong>ofﬁcio</strong></span> <span class='ocrx_word' id='word_1_63' title='bbox 1517 1212 1609 1250; x_wconf 89' lang='lat' dir='ltr'><strong>oc-</strong></span> 
     </span>
    </p>
   </div>
   <div class='ocr_carea' id='block_1_11' title="bbox 2 1275 1615 1343">
    <p class='ocr_par' dir='ltr' id='par_1_11' title="bbox 2 1275 1615 1343">
     <span class='ocr_line' id='line_1_11' title="bbox 2 1275 1615 1343; baseline 0.007 -17"><span class='ocrx_word' id='word_1_64' title='bbox 2 1285 305 1343; x_wconf 80' lang='lat' dir='ltr'><strong>cupatam,</strong></span> <span class='ocrx_word' id='word_1_65' title='bbox 356 1275 423 1330; x_wconf 87' lang='lat' dir='ltr'><strong>de</strong></span> <span class='ocrx_word' id='word_1_66' title='bbox 462 1276 665 1332; x_wconf 88' lang='lat' dir='ltr'><strong>eisdem</strong></span> <span class='ocrx_word' id='word_1_67' title='bbox 716 1278 1010 1336; x_wconf 74' lang='lat' dir='ltr'><strong>inofﬁciare</strong></span> <span class='ocrx_word' id='word_1_68' title='bbox 1070 1282 1327 1337; x_wconf 85' lang='lat' dir='ltr'><strong>solemus.</strong></span> <span class='ocrx_word' id='word_1_69' title='bbox 1364 1284 1615 1337; x_wconf 72' lang='lat' dir='ltr'><strong>Privatos</strong></span> 
     </span>
    </p>
   </div>
   <div class='ocr_carea' id='block_1_12' title="bbox 3 1366 1607 1435">
    <p class='ocr_par' dir='ltr' id='par_1_12' title="bbox 3 1366 1607 1435">
     <span class='ocr_line' id='line_1_12' title="bbox 3 1366 1607 1435; baseline 0.006 -16"><span class='ocrx_word' id='word_1_70' title='bbox 3 1380 239 1435; x_wconf 61' lang='lat' dir='ltr'><strong>qquuo</strong></span> <span class='ocrx_word' id='word_1_71' title='bbox 268 1366 383 1422; x_wconf 79' lang='lat' dir='ltr'><strong>dies</strong></span> <span class='ocrx_word' id='word_1_72' title='bbox 408 1367 842 1425; x_wconf 82' lang='lat' dir='ltr'><strong>solemnitatibus</strong></span> <span class='ocrx_word' id='word_1_73' title='bbox 866 1372 1291 1428; x_wconf 83' lang='lat' dir='ltr'><strong>intervenientes</strong></span> <span class='ocrx_word' id='word_1_74' title='bbox 1316 1376 1386 1429; x_wconf 87' lang='lat' dir='ltr'><strong>ita</strong></span> <span class='ocrx_word' id='word_1_75' title='bbox 1418 1377 1607 1431; x_wconf 68' lang='lat' dir='ltr'><strong>obser-</strong></span> 
     </span>
    </p>
   </div>
   <div class='ocr_carea' id='block_1_13' title="bbox 1 1457 1607 1538">
    <p class='ocr_par' dir='ltr' id='par_1_13' title="bbox 1 1457 1607 1538">
     <span class='ocr_line' id='line_1_13' title="bbox 1 1457 1607 1538; baseline 0.01 -32"><span class='ocrx_word' id='word_1_76' title='bbox 1 1468 236 1519; x_wconf 83' lang='lat' dir='ltr'><strong>vamus,</strong></span> <span class='ocrx_word' id='word_1_77' title='bbox 264 1466 323 1511; x_wconf 89' lang='lat' dir='ltr'><strong>ut</strong></span> <span class='ocrx_word' id='word_1_78' title='bbox 352 1457 721 1513; x_wconf 85' lang='lat' dir='ltr'><strong>invitatorium</strong></span> <span class='ocrx_word' id='word_1_79' title='bbox 752 1469 805 1514; x_wconf 88' lang='lat' dir='ltr'><strong>et</strong></span> <span class='ocrx_word' id='word_1_80' title='bbox 840 1478 1005 1516; x_wconf 85' lang='lat' dir='ltr'><strong>unam</strong></span> <span class='ocrx_word' id='word_1_81' title='bbox 1049 1465 1400 1534; x_wconf 84' lang='lat' dir='ltr'><strong>antipbonam</strong></span> <span class='ocrx_word' id='word_1_82' title='bbox 1446 1484 1607 1538; x_wconf 81' lang='lat' dir='ltr'><strong>super</strong></span> 
     </span>
    </p>
   </div>
   <div class='ocr_carea' id='block_1_14' title="bbox 2 1544 1607 1624">
    <p class='ocr_par' dir='ltr' id='par_1_14' title="bbox 2 1544 1607 1624">
     <span class='ocr_line' id='line_1_14' title="bbox 2 1544 1607 1624; baseline 0.009 -25"><span class='ocrx_word' id='word_1_83' title='bbox 2 1544 264 1599; x_wconf 68' lang='lat' dir='ltr'><strong>fcrialem</strong></span> <span class='ocrx_word' id='word_1_84' title='bbox 304 1557 661 1617; x_wconf 70' lang='lat' dir='ltr'><strong>nocturnam,</strong></span> <span class='ocrx_word' id='word_1_85' title='bbox 700 1552 823 1605; x_wconf 87' lang='lat' dir='ltr'><strong>item</strong></span> <span class='ocrx_word' id='word_1_86' title='bbox 866 1568 1034 1618; x_wconf 73' lang='lat' dir='ltr'><strong>vers.,</strong></span> <span class='ocrx_word' id='word_1_87' title='bbox 1087 1558 1520 1624; x_wconf 84' lang='lat' dir='ltr'><strong>responsorium,</strong></span> <span class='ocrx_word' id='word_1_88' title='bbox 1551 1570 1607 1613; x_wconf 91' lang='lat' dir='ltr'><strong>et</strong></span> 
     </span>
    </p>
   </div>
   <div class='ocr_carea' id='block_1_15' title="bbox 2 1636 1607 1707">
    <p class='ocr_par' dir='ltr' id='par_1_15' title="bbox 2 1636 1607 1707">
     <span class='ocr_line' id='line_1_15' title="bbox 2 1636 1607 1707; baseline 0.011 -20"><span class='ocrx_word' id='word_1_89' title='bbox 2 1636 373 1691; x_wconf 75' lang='lat' dir='ltr'><strong>matutinales</strong></span> <span class='ocrx_word' id='word_1_90' title='bbox 425 1638 612 1693; x_wconf 86' lang='lat' dir='ltr'><strong>Iaudes</strong></span> <span class='ocrx_word' id='word_1_91' title='bbox 663 1649 717 1695; x_wconf 89' lang='lat' dir='ltr'><strong>et</strong></span> <span class='ocrx_word' id='word_1_92' title='bbox 776 1651 968 1695; x_wconf 76' lang='lat' dir='ltr'><strong>czetera</strong></span> <span class='ocrx_word' id='word_1_93' title='bbox 1023 1644 1088 1697; x_wconf 91' lang='lat' dir='ltr'><strong>de</strong></span> <span class='ocrx_word' id='word_1_94' title='bbox 1147 1646 1285 1699; x_wconf 88' lang='lat' dir='ltr'><strong>festo</strong></span> <span class='ocrx_word' id='word_1_95' title='bbox 1336 1646 1607 1707; x_wconf 70' lang='lat' dir='ltr'><strong>dicamus.</strong></span> 
     </span>
    </p>
   </div>
   <div class='ocr_carea' id='block_1_16' title="bbox 1 1721 1602 1790">
    <p class='ocr_par' dir='ltr' id='par_1_16' title="bbox 1 1721 1602 1790">
     <span class='ocr_line' id='line_1_16' title="bbox 1 1721 1602 1790; baseline 0.008 -13"><span class='ocrx_word' id='word_1_96' title='bbox 1 1721 29 1781; x_wconf 79' lang='lat' dir='ltr'><strong>.I</strong></span> <span class='ocrx_word' id='word_1_97' title='bbox 53 1734 173 1779; x_wconf 74' lang='lat' dir='ltr'><strong>txta</strong></span> <span class='ocrx_word' id='word_1_98' title='bbox 209 1724 512 1779; x_wconf 78' lang='lat' dir='ltr'><strong>Romanum</strong></span> <span class='ocrx_word' id='word_1_99' title='bbox 540 1728 682 1781; x_wconf 90' lang='lat' dir='ltr'><strong>enim</strong></span> <span class='ocrx_word' id='word_1_100' title='bbox 721 1727 975 1784; x_wconf 90' lang='lat' dir='ltr'><strong>Ordinem</strong></span> <span class='ocrx_word' id='word_1_101' title='bbox 1008 1731 1250 1786; x_wconf 82' lang='lat' dir='ltr'><strong>ferialem</strong></span> <span class='ocrx_word' id='word_1_102' title='bbox 1282 1744 1602 1790; x_wconf 78' lang='lat' dir='ltr'><strong>nocturnam</strong></span> 
     </span>
    </p>
   </div>
   <div class='ocr_carea' id='block_1_17' title="bbox 1 1814 1677 1897">
    <p class='ocr_par' dir='ltr' id='par_1_17' title="bbox 1 1814 1677 1897">
     <span class='ocr_line' id='line_1_17' title="bbox 1 1814 1677 1897; baseline 0.008 -29"><span class='ocrx_word' id='word_1_103' title='bbox 1 1834 293 1886; x_wconf 57' lang='lat' dir='ltr'><strong>utinquam</strong></span> <span class='ocrx_word' id='word_1_104' title='bbox 328 1819 681 1883; x_wconf 79' lang='lat' dir='ltr'><strong>dimittimus,</strong></span> <span class='ocrx_word' id='word_1_105' title='bbox 708 1837 831 1876; x_wconf 86' lang='lat' dir='ltr'><strong>cum</strong></span> <span class='ocrx_word' id='word_1_106' title='bbox 875 1823 972 1877; x_wconf 86' lang='lat' dir='ltr'><strong>tria</strong></span> <span class='ocrx_word' id='word_1_107' title='bbox 1015 1832 1218 1878; x_wconf 76' lang='lat' dir='ltr'><strong>tantum</strong></span> <span class='ocrx_word' id='word_1_108' title='bbox 1256 1830 1604 1897; x_wconf 81' lang='lat' dir='ltr'><strong>responsoria</strong></span> <span class='ocrx_word' id='word_1_109' title='bbox 1636 1814 1677 1871; x_wconf 74' lang='grc' dir='ltr'><strong>Β</strong></span> 
     </span>
    </p>
   </div>
   <div class='ocr_carea' id='block_1_18' title="bbox 3 1905 1600 1972">
    <p class='ocr_par' dir='ltr' id='par_1_18' title="bbox 3 1905 1600 1972">
     <span class='ocr_line' id='line_1_18' title="bbox 3 1905 1600 1972; baseline 0.011 -17"><span class='ocrx_word' id='word_1_110' title='bbox 3 1905 276 1972; x_wconf 80' lang='lat' dir='ltr'><strong>dicimus,</strong></span> <span class='ocrx_word' id='word_1_111' title='bbox 312 1908 413 1961; x_wconf 69' lang='lat' dir='ltr'><strong>IIIaI</strong></span> <span class='ocrx_word' id='word_1_112' title='bbox 444 1908 495 1962; x_wconf 90' lang='lat' dir='ltr'><strong>in</strong></span> <span class='ocrx_word' id='word_1_113' title='bbox 529 1909 861 1964; x_wconf 75' lang='lat' dir='ltr'><strong>hebdomade</strong></span> <span class='ocrx_word' id='word_1_114' title='bbox 898 1912 1124 1967; x_wconf 66' lang='lat' dir='ltr'><strong>Pascha:</strong></span> <span class='ocrx_word' id='word_1_115' title='bbox 1152 1925 1205 1969; x_wconf 93' lang='lat' dir='ltr'><strong>et</strong></span> <span class='ocrx_word' id='word_1_116' title='bbox 1233 1915 1600 1972; x_wconf 83' lang='lat' dir='ltr'><strong>Pentecostes.</strong></span> 
     </span>
    </p>
   </div>
   <div class='ocr_carea' id='block_1_19' title="bbox 4 1995 1605 2069">
    <p class='ocr_par' dir='ltr' id='par_1_19' title="bbox 4 1995 1605 2069">
     <span class='ocr_line' id='line_1_19' title="bbox 4 1995 1605 2069; baseline 0.011 -23"><span class='ocrx_word' id='word_1_117' title='bbox 4 1995 215 2052; x_wconf 64' lang='lat' dir='ltr'><strong>Prima:</strong></span> <span class='ocrx_word' id='word_1_118' title='bbox 242 2012 374 2069; x_wconf 83' lang='lat' dir='ltr'><strong>ergo</strong></span> <span class='ocrx_word' id='word_1_119' title='bbox 416 1999 707 2055; x_wconf 63' lang='lat' dir='ltr'><strong>Dominicze</strong></span> <span class='ocrx_word' id='word_1_120' title='bbox 736 2002 969 2057; x_wconf 81' lang='lat' dir='ltr'><strong>ofﬁcium</strong></span> <span class='ocrx_word' id='word_1_121' title='bbox 1017 2005 1157 2058; x_wconf 90' lang='lat' dir='ltr'><strong>infra</strong></span> <span class='ocrx_word' id='word_1_122' title='bbox 1190 2006 1329 2062; x_wconf 89' lang='lat' dir='ltr'><strong>hanc</strong></span> <span class='ocrx_word' id='word_1_123' title='bbox 1354 2018 1605 2063; x_wconf 85' lang='lat' dir='ltr'><strong>octavam</strong></span> 
     </span>
    </p>
   </div>
   <div class='ocr_carea' id='block_1_20' title="bbox 1 2090 1605 2171">
    <p class='ocr_par' dir='ltr' id='par_1_20' title="bbox 1 2090 1605 2171">
     <span class='ocr_line' id='line_1_20' title="bbox 1 2090 1605 2171; baseline 0.006 -28"><span class='ocrx_word' id='word_1_124' title='bbox 1 2090 153 2152; x_wconf 85' lang='lat' dir='ltr'><strong>omni</strong></span> <span class='ocrx_word' id='word_1_125' title='bbox 203 2106 350 2153; x_wconf 86' lang='lat' dir='ltr'><strong>anno</strong></span> <span class='ocrx_word' id='word_1_126' title='bbox 403 2093 506 2147; x_wconf 90' lang='lat' dir='ltr'><strong>rite</strong></span> <span class='ocrx_word' id='word_1_127' title='bbox 558 2096 907 2161; x_wconf 84' lang='lat' dir='ltr'><strong>observatur,</strong></span> <span class='ocrx_word' id='word_1_128' title='bbox 940 2098 1151 2152; x_wconf 79' lang='lat' dir='ltr'><strong>etiamsi</strong></span> <span class='ocrx_word' id='word_1_129' title='bbox 1185 2110 1406 2168; x_wconf 81' lang='lat' dir='ltr'><strong>propter</strong></span> <span class='ocrx_word' id='word_1_130' title='bbox 1434 2100 1605 2171; x_wconf 80' lang='lat' dir='ltr'><strong>pluri-</strong></span> 
     </span>
    </p>
   </div>
   <div class='ocr_carea' id='block_1_21' title="bbox 2 2182 1595 2260">
    <p class='ocr_par' dir='ltr' id='par_1_21' title="bbox 2 2182 1595 2260">
     <span class='ocr_line' id='line_1_21' title="bbox 2 2182 1595 2260; baseline 0.007 -27"><span class='ocrx_word' id='word_1_131' title='bbox 2 2182 289 2238; x_wconf 80' lang='lat' dir='ltr'><strong>ralitatem</strong></span> <span class='ocrx_word' id='word_1_132' title='bbox 326 2185 781 2241; x_wconf 79' lang='lat' dir='ltr'><strong>hebdomadarum</strong></span> <span class='ocrx_word' id='word_1_133' title='bbox 816 2204 985 2257; x_wconf 87' lang='lat' dir='ltr'><strong>usque</strong></span> <span class='ocrx_word' id='word_1_134' title='bbox 1008 2190 1073 2242; x_wconf 85' lang='lat' dir='ltr'><strong>ad</strong></span> <span class='ocrx_word' id='word_1_135' title='bbox 1110 2189 1595 2260; x_wconf 70' lang='lat' dir='ltr'><strong>Septuagesimam,</strong></span> 
     </span>
    </p>
   </div>
   <div class='ocr_carea' id='block_1_22' title="bbox 2 2275 1600 2342">
    <p class='ocr_par' dir='ltr' id='par_1_22' title="bbox 2 2275 1600 2342">
     <span class='ocr_line' id='line_1_22' title="bbox 2 2275 1600 2342; baseline 0.007 -19"><span class='ocrx_word' id='word_1_136' title='bbox 2 2275 373 2341; x_wconf 31' lang='lat' dir='ltr'><strong>repetendum</strong></span> <span class='ocrx_word' id='word_1_137' title='bbox 404 2277 673 2342; x_wconf 84' lang='lat' dir='ltr'><strong>videatur,</strong></span> <span class='ocrx_word' id='word_1_138' title='bbox 706 2278 845 2332; x_wconf 80' lang='lat' dir='ltr'><strong>sicut</strong></span> <span class='ocrx_word' id='word_1_139' title='bbox 879 2289 932 2332; x_wconf 85' lang='lat' dir='ltr'><strong>et</strong></span> <span class='ocrx_word' id='word_1_140' title='bbox 956 2280 1058 2333; x_wconf 87' lang='lat' dir='ltr'><strong>alia</strong></span> <span class='ocrx_word' id='word_1_141' title='bbox 1090 2280 1196 2335; x_wconf 57' lang='lat' dir='ltr'><strong>duo</strong></span> <span class='ocrx_word' id='word_1_142' title='bbox 1227 2283 1398 2336; x_wconf 86' lang='lat' dir='ltr'><strong>ofﬁcia</strong></span> <span class='ocrx_word' id='word_1_143' title='bbox 1428 2300 1440 2335; x_wconf 92' lang='lat'><strong>:</strong></span> <span class='ocrx_word' id='word_1_144' title='bbox 1477 2282 1600 2336; x_wconf 89' lang='lat' dir='ltr'><strong>0m-</strong></span> 
     </span>
    </p>
   </div>
   <div class='ocr_carea' id='block_1_23' title="bbox 2 2365 1598 2432">
    <p class='ocr_par' dir='ltr' id='par_1_23' title="bbox 2 2365 1598 2432">
     <span class='ocr_line' id='line_1_23' title="bbox 2 2365 1598 2432; baseline 0.006 -17"><span class='ocrx_word' id='word_1_145' title='bbox 2 2365 85 2417; x_wconf 74' lang='lat' dir='ltr'><strong>nis</strong></span> <span class='ocrx_word' id='word_1_146' title='bbox 136 2377 308 2431; x_wconf 85' lang='lat' dir='ltr'><strong>terra,</strong></span> <span class='ocrx_word' id='word_1_147' title='bbox 358 2367 608 2432; x_wconf 76' lang='lat' dir='ltr'><strong>Adarate,</strong></span> <span class='ocrx_word' id='word_1_148' title='bbox 661 2385 781 2422; x_wconf 87' lang='lat' dir='ltr'><strong>cum</strong></span> <span class='ocrx_word' id='word_1_149' title='bbox 834 2372 1107 2426; x_wconf 84' lang='lat' dir='ltr'><strong>multoiies</strong></span> <span class='ocrx_word' id='word_1_150' title='bbox 1167 2388 1259 2427; x_wconf 76' lang='lat' dir='ltr'><strong>sex</strong></span> <span class='ocrx_word' id='word_1_151' title='bbox 1310 2383 1598 2427; x_wconf 76' lang='lat' dir='ltr'><strong>occurrant</strong></span> 
     </span>
    </p>
   </div>
   <div class='ocr_carea' id='block_1_24' title="bbox 2 2452 1603 2518">
    <p class='ocr_par' dir='ltr' id='par_1_24' title="bbox 2 2452 1603 2518">
     <span class='ocr_line' id='line_1_24' title="bbox 2 2452 1603 2518; baseline 0.007 -12"><span class='ocrx_word' id='word_1_152' title='bbox 2 2452 370 2510; x_wconf 62' lang='lat' dir='ltr'><strong>hebdomade:</strong></span> <span class='ocrx_word' id='word_1_153' title='bbox 390 2457 472 2512; x_wconf 84' lang='lat' dir='ltr'><strong>bis</strong></span> <span class='ocrx_word' id='word_1_154' title='bbox 496 2457 682 2514; x_wconf 76' lang='lat' dir='ltr'><strong>ofﬁciis</strong></span> <span class='ocrx_word' id='word_1_155' title='bbox 712 2461 1082 2518; x_wconf 73' lang='lat' dir='ltr'><strong>inoﬁirianzlte.</strong></span> <span class='ocrx_word' id='word_1_156' title='bbox 1117 2464 1250 2518; x_wconf 90' lang='lat' dir='ltr'><strong>Cum</strong></span> <span class='ocrx_word' id='word_1_157' title='bbox 1281 2473 1460 2518; x_wconf 85' lang='lat' dir='ltr'><strong>autem</strong></span> <span class='ocrx_word' id='word_1_158' title='bbox 1492 2482 1603 2518; x_wconf 78' lang='lat' dir='ltr'><strong>una</strong></span> 
     </span>
    </p>
   </div>
   <div class='ocr_carea' id='block_1_25' title="bbox 5 2548 1596 2627">
    <p class='ocr_par' dir='ltr' id='par_1_25' title="bbox 5 2548 1596 2627">
     <span class='ocr_line' id='line_1_25' title="bbox 5 2548 1596 2627; baseline 0.009 -31"><span class='ocrx_word' id='word_1_159' title='bbox 5 2554 223 2600; x_wconf 85' lang='lat' dir='ltr'><strong>tantum</strong></span> <span class='ocrx_word' id='word_1_160' title='bbox 272 2548 555 2607; x_wconf 82' lang='lat' dir='ltr'><strong>Dominica</strong></span> <span class='ocrx_word' id='word_1_161' title='bbox 589 2551 729 2607; x_wconf 85' lang='lat' dir='ltr'><strong>inter</strong></span> <span class='ocrx_word' id='word_1_162' title='bbox 775 2552 1128 2623; x_wconf 78' lang='lat' dir='ltr'><strong>Epiphaniam</strong></span> <span class='ocrx_word' id='word_1_163' title='bbox 1171 2564 1219 2608; x_wconf 88' lang='lat' dir='ltr'><strong>et</strong></span> <span class='ocrx_word' id='word_1_164' title='bbox 1257 2554 1596 2627; x_wconf 61' lang='lat' dir='ltr'><strong>Septuagesi-</strong></span> 
     </span>
    </p>
   </div>
   <div class='ocr_carea' id='block_1_26' title="bbox 4 2636 1596 2703">
    <p class='ocr_par' dir='ltr' id='par_1_26' title="bbox 4 2636 1596 2703">
     <span class='ocr_line' id='line_1_26' title="bbox 4 2636 1596 2703; baseline 0.009 -19"><span class='ocrx_word' id='word_1_165' title='bbox 4 2648 149 2687; x_wconf 75' lang='lat' dir='ltr'><strong>mam</strong></span> <span class='ocrx_word' id='word_1_166' title='bbox 184 2636 427 2702; x_wconf 74' lang='lat' dir='ltr'><strong>accidit,</strong></span> <span class='ocrx_word' id='word_1_167' title='bbox 463 2638 566 2694; x_wconf 90' lang='lat' dir='ltr'><strong>dno</strong></span> <span class='ocrx_word' id='word_1_168' title='bbox 620 2639 816 2703; x_wconf 81' lang='lat' dir='ltr'><strong>officia,</strong></span> <span class='ocrx_word' id='word_1_169' title='bbox 864 2640 1014 2695; x_wconf 89' lang='lat' dir='ltr'><strong>nullo</strong></span> <span class='ocrx_word' id='word_1_170' title='bbox 1053 2642 1418 2697; x_wconf 88' lang='lat' dir='ltr'><strong>ecclesiastico</strong></span> <span class='ocrx_word' id='word_1_171' title='bbox 1468 2660 1596 2698; x_wconf 91' lang='lat' dir='ltr'><strong>con-</strong></span> 
     </span>
    </p>
   </div>
   <div class='ocr_carea' id='block_1_27' title="bbox 5 2726 1597 2798">
    <p class='ocr_par' dir='ltr' id='par_1_27' title="bbox 5 2726 1597 2798">
     <span class='ocr_line' id='line_1_27' title="bbox 5 2726 1597 2798; baseline 0.008 -23"><span class='ocrx_word' id='word_1_172' title='bbox 5 2734 173 2777; x_wconf 78' lang='lat' dir='ltr'><strong>ventu</strong></span> <span class='ocrx_word' id='word_1_173' title='bbox 200 2726 321 2781; x_wconf 87' lang='lat' dir='ltr'><strong>ﬁeri</strong></span> <span class='ocrx_word' id='word_1_174' title='bbox 355 2727 456 2782; x_wconf 90' lang='lat' dir='ltr'><strong>hoc</strong></span> <span class='ocrx_word' id='word_1_175' title='bbox 483 2730 751 2798; x_wconf 79' lang='lat' dir='ltr'><strong>exigente,</strong></span> <span class='ocrx_word' id='word_1_176' title='bbox 786 2731 836 2784; x_wconf 92' lang='lat' dir='ltr'><strong>in</strong></span> <span class='ocrx_word' id='word_1_177' title='bbox 867 2748 1025 2786; x_wconf 84' lang='lat' dir='ltr'><strong>unam</strong></span> <span class='ocrx_word' id='word_1_178' title='bbox 1052 2733 1441 2787; x_wconf 66' lang='lat' dir='ltr'><strong>hebdomadam</strong></span> <span class='ocrx_word' id='word_1_179' title='bbox 1468 2750 1597 2789; x_wconf 81' lang='lat' dir='ltr'><strong>con-</strong></span> 
     </span>
    </p>
   </div>
   <div class='ocr_carea' id='block_1_28' title="bbox 2 2816 1596 2891">
    <p class='ocr_par' dir='ltr' id='par_1_28' title="bbox 2 2816 1596 2891">
     <span class='ocr_line' id='line_1_28' title="bbox 2 2816 1596 2891; baseline 0.007 -22"><span class='ocrx_word' id='word_1_180' title='bbox 2 2816 239 2885; x_wconf 72' lang='lat' dir='ltr'><strong>iungere</strong></span> <span class='ocrx_word' id='word_1_181' title='bbox 273 2818 508 2883; x_wconf 87' lang='lat' dir='ltr'><strong>debebit,</strong></span> <span class='ocrx_word' id='word_1_182' title='bbox 548 2821 858 2891; x_wconf 83' lang='lat' dir='ltr'><strong>quicunque</strong></span> <span class='ocrx_word' id='word_1_183' title='bbox 888 2823 1089 2879; x_wconf 88' lang='lat' dir='ltr'><strong>uulltun</strong></span> <span class='ocrx_word' id='word_1_184' title='bbox 1123 2840 1187 2879; x_wconf 85' lang='lat' dir='ltr'><strong>eo</strong></span> <span class='ocrx_word' id='word_1_185' title='bbox 1210 2841 1352 2877; x_wconf 85' lang='lat' dir='ltr'><strong>anno</strong></span> <span class='ocrx_word' id='word_1_186' title='bbox 1386 2840 1452 2879; x_wconf 77' lang='lat' dir='ltr'><strong>ex</strong></span> <span class='ocrx_word' id='word_1_187' title='bbox 1485 2836 1596 2879; x_wconf 88' lang='lat' dir='ltr'><strong>sta-</strong></span> 
     </span>
    </p>
   </div>
   <div class='ocr_carea' id='block_1_29' title="bbox 9 2906 1594 2984">
    <p class='ocr_par' dir='ltr' id='par_1_29' title="bbox 9 2906 1594 2984">
     <span class='ocr_line' id='line_1_29' title="bbox 9 2906 1594 2984; baseline 0.009 -27"><span class='ocrx_word' id='word_1_188' title='bbox 9 2906 139 2960; x_wconf 88' lang='lat' dir='ltr'><strong>tutis</strong></span> <span class='ocrx_word' id='word_1_189' title='bbox 172 2906 367 2963; x_wconf 84' lang='lat' dir='ltr'><strong>ofIiciis</strong></span> <span class='ocrx_word' id='word_1_190' title='bbox 395 2912 790 2978; x_wconf 85' lang='lat' dir='ltr'><strong>pretermitlere</strong></span> <span class='ocrx_word' id='word_1_191' title='bbox 818 2914 1066 2967; x_wconf 88' lang='lat' dir='ltr'><strong>voluerit.</strong></span> <span class='ocrx_word' id='word_1_192' title='bbox 1107 2913 1220 2967; x_wconf 88' lang='lat' dir='ltr'><strong>Non</strong></span> <span class='ocrx_word' id='word_1_193' title='bbox 1255 2931 1381 2984; x_wconf 84' lang='lat' dir='ltr'><strong>ergo</strong></span> <span class='ocrx_word' id='word_1_194' title='bbox 1418 2917 1594 2972; x_wconf 90' lang='lat' dir='ltr'><strong>minus</strong></span> 
     </span>
    </p>
   </div>
   <div class='ocr_carea' id='block_1_30' title="bbox 3 3000 1593 3073">
    <p class='ocr_par' dir='ltr' id='par_1_30' title="bbox 3 3000 1593 3073">
     <span class='ocr_line' id='line_1_30' title="bbox 3 3000 1593 3073; baseline 0.008 -24"><span class='ocrx_word' id='word_1_195' title='bbox 3 3005 382 3066; x_wconf 78' lang='lat' dir='ltr'><strong>competenter</strong></span> <span class='ocrx_word' id='word_1_196' title='bbox 408 3000 547 3055; x_wconf 87' lang='lat' dir='ltr'><strong>idem</strong></span> <span class='ocrx_word' id='word_1_197' title='bbox 584 3002 821 3057; x_wconf 86' lang='lat' dir='ltr'><strong>ofﬁcium</strong></span> <span class='ocrx_word' id='word_1_198' title='bbox 862 3005 1152 3073; x_wconf 76' lang='lat' dir='ltr'><strong>aliquando</strong></span> <span class='ocrx_word' id='word_1_199' title='bbox 1183 3006 1233 3060; x_wconf 91' lang='lat' dir='ltr'><strong>in</strong></span> <span class='ocrx_word' id='word_1_200' title='bbox 1262 3007 1364 3060; x_wconf 76' lang='lat' dir='ltr'><strong>alia</strong></span> <span class='ocrx_word' id='word_1_201' title='bbox 1414 3008 1593 3061; x_wconf 87' lang='lat' dir='ltr'><strong>Domi-</strong></span> 
     </span>
    </p>
   </div>
   <div class='ocr_carea' id='block_1_31' title="bbox 6 3089 1587 3159">
    <p class='ocr_par' dir='ltr' id='par_1_31' title="bbox 6 3089 1587 3159">
     <span class='ocr_line' id='line_1_31' title="bbox 6 3089 1587 3159; baseline 0.009 -19"><span class='ocrx_word' id='word_1_202' title='bbox 6 3089 124 3142; x_wconf 79' lang='lat' dir='ltr'><strong>n&#39;ca</strong></span> <span class='ocrx_word' id='word_1_203' title='bbox 169 3091 467 3159; x_wconf 83' lang='lat' dir='ltr'><strong>repetimus</strong></span> <span class='ocrx_word' id='word_1_204' title='bbox 488 3132 511 3158; x_wconf 53' lang='grc' dir='ltr'><strong>λ</strong></span> <span class='ocrx_word' id='word_1_205' title='bbox 534 3108 655 3146; x_wconf 88' lang='lat' dir='ltr'><strong>cum</strong></span> <span class='ocrx_word' id='word_1_206' title='bbox 688 3094 890 3147; x_wconf 85' lang='lat' dir='ltr'><strong>nullum</strong></span> <span class='ocrx_word' id='word_1_207' title='bbox 930 3096 1196 3151; x_wconf 88' lang='lat' dir='ltr'><strong>celebrius</strong></span> <span class='ocrx_word' id='word_1_208' title='bbox 1228 3097 1457 3154; x_wconf 77' lang='lat' dir='ltr'><strong>ofﬁciunt</strong></span> <span class='ocrx_word' id='word_1_209' title='bbox 1490 3099 1587 3153; x_wconf 68' lang='lat' dir='ltr'><strong>ha-</strong></span> 
     </span>
    </p>
   </div>
   <div class='ocr_carea' id='block_1_32' title="bbox 5 3176 1591 3247">
    <p class='ocr_par' dir='ltr' id='par_1_32' title="bbox 5 3176 1591 3247">
     <span class='ocr_line' id='line_1_32' title="bbox 5 3176 1591 3247; baseline 0.011 -19"><span class='ocrx_word' id='word_1_210' title='bbox 5 3176 293 3234; x_wconf 85' lang='lat' dir='ltr'><strong>buerimus</strong></span> <span class='ocrx_word' id='word_1_211' title='bbox 328 3183 467 3239; x_wconf 74' lang='lat' dir='ltr'><strong>unde</strong></span> <span class='ocrx_word' id='word_1_212' title='bbox 501 3184 872 3241; x_wconf 75' lang='lat' dir='ltr'><strong>ecclesiastico</strong></span> <span class='ocrx_word' id='word_1_213' title='bbox 906 3190 1192 3244; x_wconf 87' lang='lat' dir='ltr'><strong>conventui</strong></span> <span class='ocrx_word' id='word_1_214' title='bbox 1242 3191 1341 3244; x_wconf 68' lang='lat' dir='ltr'><strong>rite</strong></span> <span class='ocrx_word' id='word_1_215' title='bbox 1373 3192 1591 3247; x_wconf 76' lang='lat' dir='ltr'><strong>satisfa-</strong></span> 
     </span>
    </p>
   </div>
   <div class='ocr_carea' id='block_1_33' title="bbox 6 3270 1593 3349">
    <p class='ocr_par' dir='ltr' id='par_1_33' title="bbox 6 3270 1593 3349">
     <span class='ocr_line' id='line_1_33' title="bbox 6 3270 1593 3349; baseline 0.009 -28"><span class='ocrx_word' id='word_1_216' title='bbox 6 3282 129 3323; x_wconf 74' lang='lat' dir='ltr'><strong>ozre</strong></span> <span class='ocrx_word' id='word_1_217' title='bbox 184 3270 480 3327; x_wconf 72' lang='lat' dir='ltr'><strong>valeamus.</strong></span> <span class='ocrx_word' id='word_1_218' title='bbox 527 3273 629 3344; x_wconf 73' lang='lat' dir='ltr'><strong>ipsi</strong></span> <span class='ocrx_word' id='word_1_219' title='bbox 678 3293 890 3346; x_wconf 57' lang='lat' dir='ltr'><strong>quoque</strong></span> <span class='ocrx_word' id='word_1_220' title='bbox 939 3280 1134 3349; x_wconf 79' lang='lat' dir='ltr'><strong>privati</strong></span> <span class='ocrx_word' id='word_1_221' title='bbox 1187 3282 1303 3336; x_wconf 85' lang='lat' dir='ltr'><strong>dies</strong></span> <span class='ocrx_word' id='word_1_222' title='bbox 1350 3283 1593 3337; x_wconf 77' lang='lat' dir='ltr'><strong>Romam</strong></span> 
     </span>
    </p>
   </div>
   <div class='ocr_carea' id='block_1_34' title="bbox 8 3363 1590 3440">
    <p class='ocr_par' dir='ltr' id='par_1_34' title="bbox 8 3363 1590 3440">
     <span class='ocr_line' id='line_1_34' title="bbox 8 3363 1590 3440; baseline 0.01 -29"><span class='ocrx_word' id='word_1_223' title='bbox 8 3375 159 3415; x_wconf 85' lang='lat' dir='ltr'><strong>more</strong></span> <span class='ocrx_word' id='word_1_224' title='bbox 204 3363 446 3417; x_wconf 86' lang='lat' dir='ltr'><strong>ofﬁcium</strong></span> <span class='ocrx_word' id='word_1_225' title='bbox 485 3367 680 3435; x_wconf 84' lang='lat' dir='ltr'><strong>prioris</strong></span> <span class='ocrx_word' id='word_1_226' title='bbox 724 3368 1017 3423; x_wconf 74' lang='lat' dir='ltr'><strong>Dominicze</strong></span> <span class='ocrx_word' id='word_1_227' title='bbox 1063 3371 1358 3440; x_wconf 84' lang='lat' dir='ltr'><strong>recipiunt,</strong></span> <span class='ocrx_word' id='word_1_228' title='bbox 1399 3374 1441 3427; x_wconf 90' lang='lat' dir='ltr'><strong>si</strong></span> <span class='ocrx_word' id='word_1_229' title='bbox 1487 3389 1590 3427; x_wconf 88' lang='lat' dir='ltr'><strong>non</strong></span> 
     </span>
    </p>
   </div>
   <div class='ocr_carea' id='block_1_35' title="bbox 8 3451 1597 3530">
    <p class='ocr_par' dir='ltr' id='par_1_35' title="bbox 8 3451 1597 3530">
     <span class='ocr_line' id='line_1_35' title="bbox 8 3451 1597 3530; baseline 0.009 -26"><span class='ocrx_word' id='word_1_230' title='bbox 8 3451 230 3508; x_wconf 85' lang='lat' dir='ltr'><strong>aliunde</strong></span> <span class='ocrx_word' id='word_1_231' title='bbox 271 3466 640 3526; x_wconf 87' lang='lat' dir='ltr'><strong>competenter</strong></span> <span class='ocrx_word' id='word_1_232' title='bbox 682 3458 966 3514; x_wconf 89' lang='lat' dir='ltr'><strong>inofﬁciari</strong></span> <span class='ocrx_word' id='word_1_233' title='bbox 1011 3472 1269 3530; x_wconf 89' lang='lat' dir='ltr'><strong>possunt,</strong></span> <span class='ocrx_word' id='word_1_234' title='bbox 1317 3472 1494 3518; x_wconf 86' lang='lat' dir='ltr'><strong>tamen</strong></span> <span class='ocrx_word' id='word_1_235' title='bbox 1539 3472 1597 3518; x_wconf 87' lang='lat' dir='ltr'><strong>et</strong></span> 
     </span>
    </p>
   </div>
   <div class='ocr_carea' id='block_1_36' title="bbox 8 3546 1589 3621">
    <p class='ocr_par' dir='ltr' id='par_1_36' title="bbox 8 3546 1589 3621">
     <span class='ocr_line' id='line_1_36' title="bbox 8 3546 1589 3621; baseline 0.01 -25"><span class='ocrx_word' id='word_1_236' title='bbox 8 3558 158 3615; x_wconf 73' lang='lat' dir='ltr'><strong>aquae</strong></span> <span class='ocrx_word' id='word_1_237' title='bbox 188 3546 489 3604; x_wconf 72' lang='lat' dir='ltr'><strong>benedicta:</strong></span> <span class='ocrx_word' id='word_1_238' title='bbox 518 3552 911 3619; x_wconf 72' lang='lat' dir='ltr'><strong>aspersionem,</strong></span> <span class='ocrx_word' id='word_1_239' title='bbox 927 3552 1081 3621; x_wconf 79' lang='lat' dir='ltr'><strong>juxta</strong></span> <span class='ocrx_word' id='word_1_240' title='bbox 1114 3556 1385 3610; x_wconf 84' lang='lat' dir='ltr'><strong>decretum</strong></span> <span class='ocrx_word' id='word_1_241' title='bbox 1416 3559 1589 3612; x_wconf 89' lang='lat' dir='ltr'><strong>sancti</strong></span> 
     </span>
    </p>
   </div>
   <div class='ocr_carea' id='block_1_37' title="bbox 9 3632 1590 3711">
    <p class='ocr_par' dir='ltr' id='par_1_37' title="bbox 9 3632 1590 3711">
     <span class='ocr_line' id='line_1_37' title="bbox 9 3632 1590 3711; baseline 0.009 -24"><span class='ocrx_word' id='word_1_242' title='bbox 9 3632 307 3691; x_wconf 76' lang='lat' dir='ltr'><strong>Alexandri</strong></span> <span class='ocrx_word' id='word_1_243' title='bbox 336 3652 522 3709; x_wconf 68' lang='lat' dir='ltr'><strong>papte,</strong></span> <span class='ocrx_word' id='word_1_244' title='bbox 553 3640 852 3702; x_wconf 67' lang='lat' dir='ltr'><strong>etzL&#39;redo</strong></span> <span class='ocrx_word' id='word_1_245' title='bbox 882 3644 937 3697; x_wconf 84' lang='lat' dir='ltr'><strong>in</strong></span> <span class='ocrx_word' id='word_1_246' title='bbox 978 3660 1172 3711; x_wconf 83' lang='lat' dir='ltr'><strong>unum,</strong></span> <span class='ocrx_word' id='word_1_247' title='bbox 1220 3662 1326 3702; x_wconf 92' lang='lat' dir='ltr'><strong>non</strong></span> <span class='ocrx_word' id='word_1_248' title='bbox 1362 3646 1590 3702; x_wconf 88' lang='lat' dir='ltr'><strong>dimitti-</strong></span> 
     </span>
    </p>
   </div>
   <div class='ocr_carea' id='block_1_38' title="bbox 9 3737 148 3779">
    <p class='ocr_par' dir='ltr' id='par_1_38' title="bbox 9 3737 148 3779">
     <span class='ocr_line' id='line_1_38' title="bbox 9 3737 148 3779; baseline 0.043 -5"><span class='ocrx_word' id='word_1_249' title='bbox 9 3737 148 3779; x_wconf 82' lang='lat' dir='ltr'><strong>mus.</strong></span> 
     </span>
    </p>
   </div>
   <div class='ocr_carea' id='block_1_39' title="bbox 11 3830 1590 3913">
    <p class='ocr_par' dir='ltr' id='par_1_39' title="bbox 11 3830 1590 3913">
     <span class='ocr_line' id='line_1_39' title="bbox 11 3830 1590 3913; baseline 0.011 -27"><span class='ocrx_word' id='word_1_250' title='bbox 11 3830 134 3888; x_wconf 72' lang='lat' dir='ltr'><strong>CAP.</strong></span> <span class='ocrx_word' id='word_1_251' title='bbox 166 3833 333 3894; x_wconf 73' lang='lat' dir='ltr'><strong>XLII.</strong></span> <span class='ocrx_word' id='word_1_252' title='bbox 362 3867 433 3878; x_wconf 89' lang='lat'><strong>-—</strong></span> <span class='ocrx_word' id='word_1_253' title='bbox 466 3837 538 3894; x_wconf 81' lang='lat' dir='ltr'><strong>De</strong></span> <span class='ocrx_word' id='word_1_254' title='bbox 564 3839 765 3897; x_wconf 73' lang='lat' dir='ltr'><strong>duobus</strong></span> <span class='ocrx_word' id='word_1_255' title='bbox 800 3844 945 3913; x_wconf 75' lang='lat' dir='ltr'><strong>[estis</strong></span> <span class='ocrx_word' id='word_1_256' title='bbox 995 3848 1050 3900; x_wconf 86' lang='lat' dir='ltr'><strong>in</strong></span> <span class='ocrx_word' id='word_1_257' title='bbox 1090 3863 1250 3902; x_wconf 85' lang='lat' dir='ltr'><strong>unum</strong></span> <span class='ocrx_word' id='word_1_258' title='bbox 1290 3849 1425 3903; x_wconf 82' lang='lat' dir='ltr'><strong>diem</strong></span> <span class='ocrx_word' id='word_1_259' title='bbox 1467 3866 1590 3903; x_wconf 60' lang='lat' dir='ltr'><strong>conc</strong></span> 
     </span>
    </p>
   </div>
   <div class='ocr_carea' id='block_1_40' title="bbox 629 3915 975 3969">
    <p class='ocr_par' dir='ltr' id='par_1_40' title="bbox 629 3915 975 3969">
     <span class='ocr_line' id='line_1_40' title="bbox 629 3915 975 3969; baseline 0.012 -4"><span class='ocrx_word' id='word_1_260' title='bbox 629 3915 975 3969; x_wconf 75' lang='lat' dir='ltr'><strong>currentibus.</strong></span> 
     </span>
    </p>
   </div>
   <div class='ocr_carea' id='block_1_41' title="bbox 78 3994 1587 4064">
    <p class='ocr_par' dir='ltr' id='par_1_41' title="bbox 78 3994 1587 4064">
     <span class='ocr_line' id='line_1_41' title="bbox 78 3994 1587 4064; baseline 0.01 -15"><span class='ocrx_word' id='word_1_261' title='bbox 78 3994 213 4051; x_wconf 84' lang='lat' dir='ltr'><strong>Cum</strong></span> <span class='ocrx_word' id='word_1_262' title='bbox 251 3996 370 4051; x_wconf 73' lang='lat' dir='ltr'><strong>dua:</strong></span> <span class='ocrx_word' id='word_1_263' title='bbox 404 3996 728 4057; x_wconf 79' lang='lat' dir='ltr'><strong>festivitates</strong></span> <span class='ocrx_word' id='word_1_264' title='bbox 767 4019 958 4059; x_wconf 89' lang='lat' dir='ltr'><strong>novem</strong></span> <span class='ocrx_word' id='word_1_265' title='bbox 1006 4005 1295 4062; x_wconf 88' lang='lat' dir='ltr'><strong>lectionum</strong></span> <span class='ocrx_word' id='word_1_266' title='bbox 1336 4024 1390 4063; x_wconf 86' lang='grc' dir='ltr'><strong>ιιι</strong></span> <span class='ocrx_word' id='word_1_267' title='bbox 1421 4025 1587 4064; x_wconf 82' lang='lat' dir='ltr'><strong>unum</strong></span> 
     </span>
    </p>
   </div>
   <div class='ocr_carea' id='block_1_42' title="bbox 12 4084 1587 4171">
    <p class='ocr_par' dir='ltr' id='par_1_42' title="bbox 12 4084 1587 4171">
     <span class='ocr_line' id='line_1_42' title="bbox 12 4084 1587 4171; baseline 0.013 -34"><span class='ocrx_word' id='word_1_268' title='bbox 12 4084 154 4140; x_wconf 81' lang='lat' dir='ltr'><strong>diem</strong></span> <span class='ocrx_word' id='word_1_269' title='bbox 200 4101 555 4157; x_wconf 88' lang='lat' dir='ltr'><strong>concurrunt,</strong></span> <span class='ocrx_word' id='word_1_270' title='bbox 597 4108 823 4162; x_wconf 87' lang='lat' dir='ltr'><strong>quarum</strong></span> <span class='ocrx_word' id='word_1_271' title='bbox 856 4105 1081 4168; x_wconf 83' lang='lat' dir='ltr'><strong>utraque</strong></span> <span class='ocrx_word' id='word_1_272' title='bbox 1127 4100 1340 4169; x_wconf 89' lang='lat' dir='ltr'><strong>plenum</strong></span> <span class='ocrx_word' id='word_1_273' title='bbox 1386 4117 1481 4171; x_wconf 90' lang='lat' dir='ltr'><strong>per</strong></span> <span class='ocrx_word' id='word_1_274' title='bbox 1528 4118 1587 4157; x_wconf 89' lang='lat' dir='ltr'><strong>se</strong></span> 
     </span>
    </p>
   </div>
   <div class='ocr_carea' id='block_1_43' title="bbox 10 4172 1582 4261">
    <p class='ocr_par' dir='ltr' id='par_1_43' title="bbox 10 4172 1582 4261">
     <span class='ocr_line' id='line_1_43' title="bbox 10 4172 1582 4261; baseline 0.013 -33"><span class='ocrx_word' id='word_1_275' title='bbox 10 4172 180 4249; x_wconf 76' lang='lat' dir='ltr'><strong>ei’igit</strong></span> <span class='ocrx_word' id='word_1_276' title='bbox 203 4179 465 4250; x_wconf 81' lang='lat' dir='ltr'><strong>ofﬁcium,</strong></span> <span class='ocrx_word' id='word_1_277' title='bbox 500 4183 851 4242; x_wconf 88' lang='lat' dir='ltr'><strong>celebriorem</strong></span> <span class='ocrx_word' id='word_1_278' title='bbox 882 4204 946 4244; x_wconf 77' lang='lat' dir='ltr'><strong>ex</strong></span> <span class='ocrx_word' id='word_1_279' title='bbox 977 4190 1184 4261; x_wconf 86' lang='lat' dir='ltr'><strong>integro</strong></span> <span class='ocrx_word' id='word_1_280' title='bbox 1209 4192 1582 4260; x_wconf 88' lang='lat' dir='ltr'><strong>observamus,</strong></span> 
     </span>
    </p>
   </div>
   <div class='ocr_carea' id='block_1_44' title="bbox 10 4265 1582 4352">
    <p class='ocr_par' dir='ltr' id='par_1_44' title="bbox 10 4265 1582 4352">
     <span class='ocr_line' id='line_1_44' title="bbox 10 4265 1582 4352; baseline 0.012 -34"><span class='ocrx_word' id='word_1_281' title='bbox 10 4265 236 4325; x_wconf 81' lang='lat' dir='ltr'><strong>alterius</strong></span> <span class='ocrx_word' id='word_1_282' title='bbox 265 4285 393 4327; x_wconf 89' lang='lat' dir='ltr'><strong>vero</strong></span> <span class='ocrx_word' id='word_1_283' title='bbox 433 4283 624 4345; x_wconf 89' lang='lat' dir='ltr'><strong>postea</strong></span> <span class='ocrx_word' id='word_1_284' title='bbox 655 4286 862 4332; x_wconf 88' lang='lat' dir='ltr'><strong>tantum</strong></span> <span class='ocrx_word' id='word_1_285' title='bbox 892 4282 1208 4336; x_wconf 86' lang='lat' dir='ltr'><strong>memoriam</strong></span> <span class='ocrx_word' id='word_1_286' title='bbox 1251 4284 1480 4352; x_wconf 83' lang='lat' dir='ltr'><strong>agimus.</strong></span> <span class='ocrx_word' id='word_1_287' title='bbox 1525 4284 1582 4338; x_wconf 92' lang='lat' dir='ltr'><strong>Si</strong></span> 
     </span>
    </p>
   </div>
   <div class='ocr_carea' id='block_1_45' title="bbox 12 4366 1582 4439">
    <p class='ocr_par' dir='ltr' id='par_1_45' title="bbox 12 4366 1582 4439">
     <span class='ocr_line' id='line_1_45' title="bbox 12 4366 1582 4439; baseline 0.008 -25"><span class='ocrx_word' id='word_1_288' title='bbox 12 4370 195 4417; x_wconf 78' lang='lat' dir='ltr'><strong>autem</strong></span> <span class='ocrx_word' id='word_1_289' title='bbox 227 4372 457 4435; x_wconf 89' lang='lat' dir='ltr'><strong>utraque</strong></span> <span class='ocrx_word' id='word_1_290' title='bbox 485 4366 718 4437; x_wconf 82' lang='lat' dir='ltr'><strong>pleniter</strong></span> <span class='ocrx_word' id='word_1_291' title='bbox 749 4370 1087 4426; x_wconf 89' lang='lat' dir='ltr'><strong>observanda</strong></span> <span class='ocrx_word' id='word_1_292' title='bbox 1129 4373 1374 4439; x_wconf 89' lang='lat' dir='ltr'><strong>videtur,</strong></span> <span class='ocrx_word' id='word_1_293' title='bbox 1406 4384 1498 4428; x_wconf 87' lang='lat' dir='ltr'><strong>aut</strong></span> <span class='ocrx_word' id='word_1_294' title='bbox 1531 4376 1582 4428; x_wconf 92' lang='lat' dir='ltr'><strong>in</strong></span> 
     </span>
    </p>
   </div>
   <div class='ocr_carea' id='block_1_46' title="bbox 1420 344 1878 419">
    <p class='ocr_par' dir='ltr' id='par_1_46' title="bbox 1420 344 1878 419">
     <span class='ocr_line' id='line_1_46' title="bbox 1420 344 1878 419; baseline 0.007 -5"><span class='ocrx_word' id='word_1_295' title='bbox 1420 344 1878 419; x_wconf 73' lang='lat' dir='ltr'><strong>MICROLOCUS.</strong></span> 
     </span>
    </p>
   </div>
   <div class='ocr_carea' id='block_1_47' title="bbox 1620 3160 1663 3218">
    <p class='ocr_par' dir='ltr' id='par_1_47' title="bbox 1620 3160 1663 3218">
     <span class='ocr_line' id='line_1_47' title="bbox 1620 3160 1663 3218; baseline 0.14 -6"><span class='ocrx_word' id='word_1_296' title='bbox 1620 3160 1663 3218; x_wconf 83' lang='lat' dir='ltr'>C</span> 
     </span>
    </p>
   </div>
   <div class='ocr_carea' id='block_1_48' title="bbox 3157 381 3289 437">
    <p class='ocr_par' dir='ltr' id='par_1_48' title="bbox 3157 381 3289 437">
     <span class='ocr_line' id='line_1_48' title="bbox 3157 381 3289 437; baseline 0.03 -4"><span class='ocrx_word' id='word_1_297' title='bbox 3157 381 3289 437; x_wconf 85' lang='lat' dir='ltr'><strong>l0l0</strong></span> 
     </span>
    </p>
   </div>
   <div class='ocr_carea' id='block_1_49' title="bbox 1641 458 3287 547">
    <p class='ocr_par' dir='ltr' id='par_1_49' title="bbox 1641 458 3287 547">
     <span class='ocr_line' id='line_1_49' title="bbox 1641 458 3287 547; baseline 0.013 -21"><span class='ocrx_word' id='word_1_298' title='bbox 1641 458 1690 515; x_wconf 76' lang='grc' dir='ltr'><strong>Α</strong></span> <span class='ocrx_word' id='word_1_299' title='bbox 1720 475 1813 527; x_wconf 88' lang='lat' dir='ltr'><strong>tim</strong></span> <span class='ocrx_word' id='word_1_300' title='bbox 1844 485 2239 546; x_wconf 61' lang='lat' dir='ltr'><strong>comparantur,</strong></span> <span class='ocrx_word' id='word_1_301' title='bbox 2270 481 2356 535; x_wconf 86' lang='lat' dir='ltr'><strong>vel</strong></span> <span class='ocrx_word' id='word_1_302' title='bbox 2402 498 2563 539; x_wconf 80' lang='lat' dir='ltr'><strong>unum</strong></span> <span class='ocrx_word' id='word_1_303' title='bbox 2604 499 2788 539; x_wconf 80' lang='lat' dir='ltr'><strong>eorum</strong></span> <span class='ocrx_word' id='word_1_304' title='bbox 2831 486 2882 540; x_wconf 89' lang='lat' dir='ltr'><strong>in</strong></span> <span class='ocrx_word' id='word_1_305' title='bbox 2933 489 3092 545; x_wconf 83' lang='lat' dir='ltr'><strong>alium</strong></span> <span class='ocrx_word' id='word_1_306' title='bbox 3145 494 3287 547; x_wconf 76' lang='lat' dir='ltr'><strong>diem</strong></span> 
     </span>
    </p>
   </div>
   <div class='ocr_carea' id='block_1_50' title="bbox 1717 568 3286 642">
    <p class='ocr_par' dir='ltr' id='par_1_50' title="bbox 1717 568 3286 642">
     <span class='ocr_line' id='line_1_50' title="bbox 1717 568 3286 642; baseline 0.013 -25"><span class='ocrx_word' id='word_1_307' title='bbox 1717 568 1822 619; x_wconf 66' lang='lat' dir='ltr'><strong>diti.</strong></span> <span class='ocrx_word' id='word_1_308' title='bbox 1848 577 1995 621; x_wconf 89' lang='lat' dir='ltr'><strong>ratur</strong></span> <span class='ocrx_word' id='word_1_309' title='bbox 2025 585 2036 620; x_wconf 93' lang='lat'>:</span> <span class='ocrx_word' id='word_1_310' title='bbox 2072 586 2175 624; x_wconf 90' lang='lat' dir='ltr'><strong>non</strong></span> <span class='ocrx_word' id='word_1_311' title='bbox 2209 579 2316 625; x_wconf 89' lang='lat' dir='ltr'><strong>tam</strong></span> <span class='ocrx_word' id='word_1_312' title='bbox 2353 575 2589 642; x_wconf 82' lang='lat' dir='ltr'><strong>generali</strong></span> <span class='ocrx_word' id='word_1_313' title='bbox 2627 577 2791 633; x_wconf 78' lang='lat' dir='ltr'><strong>totius</strong></span> <span class='ocrx_word' id='word_1_314' title='bbox 2823 579 3073 636; x_wconf 67' lang='lat' dir='ltr'><strong>Ecclesiae</strong></span> <span class='ocrx_word' id='word_1_315' title='bbox 3100 582 3286 638; x_wconf 85' lang='lat' dir='ltr'><strong>obser-</strong></span> 
     </span>
    </p>
   </div>
   <div class='ocr_carea' id='block_1_51' title="bbox 1716 663 3288 743">
    <p class='ocr_par' dir='ltr' id='par_1_51' title="bbox 1716 663 3288 743">
     <span class='ocr_line' id='line_1_51' title="bbox 1716 663 3288 743; baseline 0.011 -30"><span class='ocrx_word' id='word_1_316' title='bbox 1716 663 1939 728; x_wconf 83' lang='lat' dir='ltr'><strong>vationi,</strong></span> <span class='ocrx_word' id='word_1_317' title='bbox 1971 681 2131 732; x_wconf 85' lang='lat' dir='ltr'><strong>quam</strong></span> <span class='ocrx_word' id='word_1_318' title='bbox 2166 667 2387 735; x_wconf 70' lang='lat' dir='ltr'><strong>privata:</strong></span> <span class='ocrx_word' id='word_1_319' title='bbox 2422 668 2791 737; x_wconf 83' lang='lat' dir='ltr'><strong>religiosorum</strong></span> <span class='ocrx_word' id='word_1_320' title='bbox 2832 674 3100 731; x_wconf 78' lang='lat' dir='ltr'><strong>vacatiore&#39;</strong></span> <span class='ocrx_word' id='word_1_321' title='bbox 3140 677 3288 743; x_wconf 87' lang='lat' dir='ltr'><strong>adja-</strong></span> 
     </span>
    </p>
   </div>
   <div class='ocr_carea' id='block_1_52' title="bbox 1714 751 3287 832">
    <p class='ocr_par' dir='ltr' id='par_1_52' title="bbox 1714 751 3287 832">
     <span class='ocr_line' id='line_1_52' title="bbox 1714 751 3287 832; baseline 0.01 -30"><span class='ocrx_word' id='word_1_322' title='bbox 1714 764 1839 803; x_wconf 89' lang='lat' dir='ltr'><strong>cere</strong></span> <span class='ocrx_word' id='word_1_323' title='bbox 1868 751 2096 816; x_wconf 88' lang='lat' dir='ltr'><strong>videtur,</strong></span> <span class='ocrx_word' id='word_1_324' title='bbox 2134 753 2225 822; x_wconf 86' lang='lat' dir='ltr'><strong>qui</strong></span> <span class='ocrx_word' id='word_1_325' title='bbox 2269 754 2470 807; x_wconf 89' lang='lat' dir='ltr'><strong>nullum</strong></span> <span class='ocrx_word' id='word_1_326' title='bbox 2513 757 2578 811; x_wconf 90' lang='lat' dir='ltr'><strong>de</strong></span> <span class='ocrx_word' id='word_1_327' title='bbox 2626 760 2786 812; x_wconf 83' lang='lat' dir='ltr'><strong>statis</strong></span> <span class='ocrx_word' id='word_1_328' title='bbox 2833 760 3021 816; x_wconf 72' lang='lat' dir='ltr'><strong>officiis</strong></span> <span class='ocrx_word' id='word_1_329' title='bbox 3068 774 3287 832; x_wconf 83' lang='lat' dir='ltr'><strong>pr:eter-</strong></span> 
     </span>
    </p>
   </div>
   <div class='ocr_carea' id='block_1_53' title="bbox 1715 842 2159 896">
    <p class='ocr_par' dir='ltr' id='par_1_53' title="bbox 1715 842 2159 896">
     <span class='ocr_line' id='line_1_53' title="bbox 1715 842 2159 896; baseline 0.005 -3"><span class='ocrx_word' id='word_1_330' title='bbox 1715 842 1929 894; x_wconf 84' lang='lat' dir='ltr'><strong>mittere</strong></span> <span class='ocrx_word' id='word_1_331' title='bbox 1958 842 2159 896; x_wconf 86' lang='lat' dir='ltr'><strong>volunt.</strong></span> 
     </span>
    </p>
   </div>
   <div class='ocr_carea' id='block_1_54' title="bbox 1714 954 3282 1080">
    <p class='ocr_par' dir='ltr' id='par_1_54' title="bbox 1714 954 3282 1080">
     <span class='ocr_line' id='line_1_54' title="bbox 1714 954 3282 1080; baseline 0.008 -73"><span class='ocrx_word' id='word_1_332' title='bbox 1714 954 1839 1007; x_wconf 70' lang='lat' dir='ltr'><strong>Car.</strong></span> <span class='ocrx_word' id='word_1_333' title='bbox 1888 954 2066 1011; x_wconf 74' lang='lat' dir='ltr'><strong>XLIII.</strong></span> <span class='ocrx_word' id='word_1_334' title='bbox 2118 984 2178 995; x_wconf 71' lang='grc' dir='ltr'><strong>ι·-</strong></span> <span class='ocrx_word' id='word_1_335' title='bbox 2253 957 2326 1010; x_wconf 84' lang='lat' dir='ltr'><strong>De</strong></span> <span class='ocrx_word' id='word_1_336' title='bbox 2385 960 2698 1080; x_wconf 57' lang='lat' dir='ltr'><strong>mozlyribus</strong></span> <span class='ocrx_word' id='word_1_337' title='bbox 2762 962 3012 1018; x_wconf 74' lang='lat' dir='ltr'><strong>Romanis</strong></span> <span class='ocrx_word' id='word_1_338' title='bbox 3071 967 3282 1035; x_wconf 79' lang='lat' dir='ltr'><strong>pontiﬁ-</strong></span> 
     </span>
     <span class='ocr_line' id='line_1_55' title="bbox 2424 1044 2583 1080; baseline 0 0"><span class='ocrx_word' id='word_1_339' title='bbox 2424 1044 2468 1080; x_wconf 83' lang='lat' dir='ltr'><strong>Ct</strong></span> <span class='ocrx_word' id='word_1_340' title='bbox 2509 1047 2583 1080; x_wconf 79' lang='lat' dir='ltr'><strong>us.</strong></span> 
     </span>
    </p>
   </div>
   <div class='ocr_carea' id='block_1_55' title="bbox 2424 1044 2583 1084">
    <p class='ocr_par' dir='ltr' id='par_1_55' title="bbox 2424 1044 2583 1084">
     <span class='ocr_line' id='line_1_56' title="bbox 2424 1044 2583 1084; baseline 0.031 -5"><span class='ocrx_word' id='word_1_341' title='bbox 2424 1044 2583 1084; x_wconf 77' lang='lat' dir='ltr'><strong>cwus.</strong></span> 
     </span>
    </p>
   </div>
   <div class='ocr_carea' id='block_1_56' title="bbox 1782 1133 3289 1215">
    <p class='ocr_par' dir='ltr' id='par_1_56' title="bbox 1782 1133 3289 1215">
     <span class='ocr_line' id='line_1_57' title="bbox 1782 1133 3289 1215; baseline 0.009 -26"><span class='ocrx_word' id='word_1_342' title='bbox 1782 1133 2094 1205; x_wconf 85' lang='lat' dir='ltr'><strong>Gregorius,</strong></span> <span class='ocrx_word' id='word_1_343' title='bbox 2134 1136 2292 1206; x_wconf 85' lang='lat' dir='ltr'><strong>Imjns</strong></span> <span class='ocrx_word' id='word_1_344' title='bbox 2334 1140 2565 1195; x_wconf 80' lang='lat' dir='ltr'><strong>nominis</strong></span> <span class='ocrx_word' id='word_1_345' title='bbox 2604 1156 2740 1211; x_wconf 87' lang='lat' dir='ltr'><strong>papa</strong></span> <span class='ocrx_word' id='word_1_346' title='bbox 2781 1145 3041 1213; x_wconf 89' lang='lat' dir='ltr'><strong>septimus</strong></span> <span class='ocrx_word' id='word_1_347' title='bbox 3068 1158 3289 1215; x_wconf 76' lang='lat' dir='ltr'><strong>aposto-</strong></span> 
     </span>
    </p>
   </div>
   <div class='ocr_carea' id='block_1_57' title="bbox 1711 1223 3281 1299">
    <p class='ocr_par' dir='ltr' id='par_1_57' title="bbox 1711 1223 3281 1299">
     <span class='ocr_line' id='line_1_58' title="bbox 1711 1223 3281 1299; baseline 0.01 -24"><span class='ocrx_word' id='word_1_348' title='bbox 1711 1223 1825 1277; x_wconf 67' lang='lat' dir='ltr'><strong>l‘cze</strong></span> <span class='ocrx_word' id='word_1_349' title='bbox 1849 1226 1961 1279; x_wconf 88' lang='lat' dir='ltr'><strong>sedi</strong></span> <span class='ocrx_word' id='word_1_350' title='bbox 1986 1227 2304 1299; x_wconf 69' lang='lat' dir='ltr'><strong>praesidens.</strong></span> <span class='ocrx_word' id='word_1_351' title='bbox 2327 1229 2608 1282; x_wconf 87' lang='lat' dir='ltr'><strong>constituit</strong></span> <span class='ocrx_word' id='word_1_352' title='bbox 2632 1242 2689 1283; x_wconf 83' lang='lat' dir='ltr'><strong>ut</strong></span> <span class='ocrx_word' id='word_1_353' title='bbox 2715 1242 3024 1287; x_wconf 83' lang='lat' dir='ltr'><strong>sanctorum</strong></span> <span class='ocrx_word' id='word_1_354' title='bbox 3041 1236 3281 1290; x_wconf 89' lang='lat' dir='ltr'><strong>omnium</strong></span> 
     </span>
    </p>
   </div>
   <div class='ocr_carea' id='block_1_58' title="bbox 1711 1314 3289 1391">
    <p class='ocr_par' dir='ltr' id='par_1_58' title="bbox 1711 1314 3289 1391">
     <span class='ocr_line' id='line_1_59' title="bbox 1711 1314 3289 1391; baseline 0.007 -24"><span class='ocrx_word' id='word_1_355' title='bbox 1711 1314 2072 1371; x_wconf 73' lang='lat' dir='ltr'><strong>Rotnanorutn</strong></span> <span class='ocrx_word' id='word_1_356' title='bbox 2133 1318 2446 1386; x_wconf 84' lang='lat' dir='ltr'><strong>pontificum</strong></span> <span class='ocrx_word' id='word_1_357' title='bbox 2497 1330 2552 1373; x_wconf 89' lang='lat' dir='ltr'><strong>et</strong></span> <span class='ocrx_word' id='word_1_358' title='bbox 2606 1334 2902 1391; x_wconf 78' lang='lat' dir='ltr'><strong>martyrum</strong></span> <span class='ocrx_word' id='word_1_359' title='bbox 2962 1324 3289 1378; x_wconf 65' lang='lat' dir='ltr'><strong>festivitates</strong></span> 
     </span>
    </p>
   </div>
   <div class='ocr_carea' id='block_1_59' title="bbox 1708 1404 3287 1478">
    <p class='ocr_par' dir='ltr' id='par_1_59' title="bbox 1708 1404 3287 1478">
     <span class='ocr_line' id='line_1_60' title="bbox 1708 1404 3287 1478; baseline 0.009 -23"><span class='ocrx_word' id='word_1_360' title='bbox 1708 1404 2023 1460; x_wconf 73' lang='lat' dir='ltr'><strong>soletnttiter</strong></span> <span class='ocrx_word' id='word_1_361' title='bbox 2076 1406 2274 1475; x_wconf 77' lang='lat' dir='ltr'><strong>ubique</strong></span> <span class='ocrx_word' id='word_1_362' title='bbox 2323 1425 2445 1462; x_wconf 91' lang='lat' dir='ltr'><strong>cum</strong></span> <span class='ocrx_word' id='word_1_363' title='bbox 2496 1409 2656 1478; x_wconf 69' lang='grc' dir='ltr'>[ιιριιο</span> <span class='ocrx_word' id='word_1_364' title='bbox 2696 1411 2879 1467; x_wconf 79' lang='lat' dir='ltr'><strong>ofﬁcio</strong></span> <span class='ocrx_word' id='word_1_365' title='bbox 2920 1414 3287 1470; x_wconf 74' lang='lat' dir='ltr'><strong>celebrentur.</strong></span> 
     </span>
    </p>
   </div>
   <div class='ocr_carea' id='block_1_60' title="bbox 1706 1495 3278 1574">
    <p class='ocr_par' dir='ltr' id='par_1_60' title="bbox 1706 1495 3278 1574">
     <span class='ocr_line' id='line_1_61' title="bbox 1706 1495 3278 1574; baseline 0.006 -24"><span class='ocrx_word' id='word_1_366' title='bbox 1706 1495 1839 1552; x_wconf 85' lang='lat' dir='ltr'><strong>N..m</strong></span> <span class='ocrx_word' id='word_1_367' title='bbox 1890 1515 2010 1551; x_wconf 76' lang='lat' dir='ltr'><strong>tum</strong></span> <span class='ocrx_word' id='word_1_368' title='bbox 2066 1499 2318 1568; x_wconf 67' lang='lat' dir='ltr'><strong>qua-libet</strong></span> <span class='ocrx_word' id='word_1_369' title='bbox 2366 1502 2596 1556; x_wconf 85' lang='lat' dir='ltr'><strong>ecclesia</strong></span> <span class='ocrx_word' id='word_1_370' title='bbox 2643 1505 2729 1558; x_wconf 86' lang='lat' dir='ltr'><strong>sui</strong></span> <span class='ocrx_word' id='word_1_371' title='bbox 2782 1506 3022 1574; x_wconf 84' lang='lat' dir='ltr'><strong>patroni,</strong></span> <span class='ocrx_word' id='word_1_372' title='bbox 3064 1508 3278 1561; x_wconf 37' lang='lat' dir='ltr'><strong>etiamsi</strong></span> 
     </span>
    </p>
   </div>
   <div class='ocr_carea' id='block_1_61' title="bbox 1704 1588 3287 1667">
    <p class='ocr_par' dir='ltr' id='par_1_61' title="bbox 1704 1588 3287 1667">
     <span class='ocr_line' id='line_1_62' title="bbox 1704 1588 3287 1667; baseline 0.007 -25"><span class='ocrx_word' id='word_1_373' title='bbox 1704 1588 1981 1643; x_wconf 80' lang='lat' dir='ltr'><strong>Confessor</strong></span> <span class='ocrx_word' id='word_1_374' title='bbox 2004 1589 2186 1653; x_wconf 89' lang='lat' dir='ltr'><strong>fuerit,</strong></span> <span class='ocrx_word' id='word_1_375' title='bbox 2218 1590 2411 1645; x_wconf 85' lang='lat' dir='ltr'><strong>festum</strong></span> <span class='ocrx_word' id='word_1_376' title='bbox 2449 1594 2765 1650; x_wconf 76' lang='lat' dir='ltr'><strong>solemniter</strong></span> <span class='ocrx_word' id='word_1_377' title='bbox 2784 1596 3055 1662; x_wconf 84' lang='lat' dir='ltr'><strong>observet,</strong></span> <span class='ocrx_word' id='word_1_378' title='bbox 3079 1610 3287 1667; x_wconf 85' lang='lat' dir='ltr'><strong>quanto</strong></span> 
     </span>
    </p>
   </div>
   <div class='ocr_carea' id='block_1_62' title="bbox 1705 1679 3280 1759">
    <p class='ocr_par' dir='ltr' id='par_1_62' title="bbox 1705 1679 3280 1759">
     <span class='ocr_line' id='line_1_63' title="bbox 1705 1679 3280 1759; baseline 0.008 -28"><span class='ocrx_word' id='word_1_379' title='bbox 1705 1679 1874 1749; x_wconf 65' lang='lat' dir='ltr'><strong>nugis</strong></span> <span class='ocrx_word' id='word_1_380' title='bbox 1898 1695 2083 1732; x_wconf 86' lang='lat' dir='ltr'><strong>coram</strong></span> <span class='ocrx_word' id='word_1_381' title='bbox 2113 1679 2205 1750; x_wconf 81' lang='lat' dir='ltr'><strong>qui</strong></span> <span class='ocrx_word' id='word_1_382' title='bbox 2258 1683 2420 1737; x_wconf 88' lang='lat' dir='ltr'><strong>totius</strong></span> <span class='ocrx_word' id='word_1_383' title='bbox 2464 1685 2714 1741; x_wconf 73' lang='lat' dir='ltr'><strong>Ecclesia:</strong></span> <span class='ocrx_word' id='word_1_384' title='bbox 2759 1704 2866 1742; x_wconf 85' lang='lat' dir='ltr'><strong>non</strong></span> <span class='ocrx_word' id='word_1_385' title='bbox 2908 1700 3016 1744; x_wconf 86' lang='lat' dir='ltr'><strong>tam</strong></span> <span class='ocrx_word' id='word_1_386' title='bbox 3068 1692 3280 1759; x_wconf 89' lang='lat' dir='ltr'><strong>patroni</strong></span> 
     </span>
    </p>
   </div>
   <div class='ocr_carea' id='block_1_63' title="bbox 1706 1770 3281 1851">
    <p class='ocr_par' dir='ltr' id='par_1_63' title="bbox 1706 1770 3281 1851">
     <span class='ocr_line' id='line_1_64' title="bbox 1706 1770 3281 1851; baseline 0.008 -28"><span class='ocrx_word' id='word_1_387' title='bbox 1706 1786 1867 1840; x_wconf 81' lang='lat' dir='ltr'><strong>quam</strong></span> <span class='ocrx_word' id='word_1_388' title='bbox 1918 1770 2111 1826; x_wconf 86' lang='lat' dir='ltr'><strong>Patres</strong></span> <span class='ocrx_word' id='word_1_389' title='bbox 2162 1774 2506 1837; x_wconf 80' lang='lat' dir='ltr'><strong>exstiterunt,</strong></span> <span class='ocrx_word' id='word_1_390' title='bbox 2565 1794 2727 1845; x_wconf 85' lang='lat' dir='ltr'><strong>quam</strong></span> <span class='ocrx_word' id='word_1_391' title='bbox 2777 1774 2940 1833; x_wconf 82' lang='lat' dir='ltr'><strong>etiam</strong></span> <span class='ocrx_word' id='word_1_392' title='bbox 2995 1795 3167 1851; x_wconf 84' lang='lat' dir='ltr'><strong>usque</strong></span> <span class='ocrx_word' id='word_1_393' title='bbox 3213 1783 3281 1835; x_wconf 83' lang='lat' dir='ltr'><strong>ad</strong></span> 
     </span>
    </p>
   </div>
   <div class='ocr_carea' id='block_1_64' title="bbox 1707 1862 3286 1935">
    <p class='ocr_par' dir='ltr' id='par_1_64' title="bbox 1707 1862 3286 1935">
     <span class='ocr_line' id='line_1_65' title="bbox 1707 1862 3286 1935; baseline 0.007 -21"><span class='ocrx_word' id='word_1_394' title='bbox 1707 1862 2025 1931; x_wconf 74' lang='lat' dir='ltr'><strong>martyrium</strong></span> <span class='ocrx_word' id='word_1_395' title='bbox 2060 1864 2237 1917; x_wconf 82' lang='lat' dir='ltr'><strong>verbis</strong></span> <span class='ocrx_word' id='word_1_396' title='bbox 2263 1872 2317 1918; x_wconf 88' lang='lat' dir='ltr'><strong>et</strong></span> <span class='ocrx_word' id='word_1_397' title='bbox 2348 1868 2610 1935; x_wconf 81' lang='lat' dir='ltr'><strong>exemplis</strong></span> <span class='ocrx_word' id='word_1_398' title='bbox 2640 1869 2927 1925; x_wconf 83' lang='lat' dir='ltr'><strong>instituere</strong></span> <span class='ocrx_word' id='word_1_399' title='bbox 2957 1888 3065 1925; x_wconf 88' lang='lat' dir='ltr'><strong>non</strong></span> <span class='ocrx_word' id='word_1_400' title='bbox 3112 1874 3286 1927; x_wconf 74' lang='lat' dir='ltr'><strong>desti-</strong></span> 
     </span>
    </p>
   </div>
   <div class='ocr_carea' id='block_1_65' title="bbox 1706 1952 3281 2029">
    <p class='ocr_par' dir='ltr' id='par_1_65' title="bbox 1706 1952 3281 2029">
     <span class='ocr_line' id='line_1_66' title="bbox 1706 1952 3281 2029; baseline 0.008 -25"><span class='ocrx_word' id='word_1_401' title='bbox 1706 1952 1921 2006; x_wconf 81' lang='lat' dir='ltr'><strong>terunt?</strong></span> <span class='ocrx_word' id='word_1_402' title='bbox 1955 1952 2086 2005; x_wconf 88' lang='lat' dir='ltr'><strong>Nota</strong></span> <span class='ocrx_word' id='word_1_403' title='bbox 2112 1964 2292 2008; x_wconf 87' lang='lat' dir='ltr'><strong>autent</strong></span> <span class='ocrx_word' id='word_1_404' title='bbox 2321 1967 2567 2011; x_wconf 83' lang='lat' dir='ltr'><strong>sanetum</strong></span> <span class='ocrx_word' id='word_1_405' title='bbox 2601 1958 2918 2027; x_wconf 76' lang='lat' dir='ltr'><strong>Gregorium</strong></span> <span class='ocrx_word' id='word_1_406' title='bbox 2944 1976 3133 2029; x_wconf 86' lang='lat' dir='ltr'><strong>papam</strong></span> <span class='ocrx_word' id='word_1_407' title='bbox 3171 1964 3281 2029; x_wconf 84' lang='lat' dir='ltr'><strong>pri-</strong></span> 
     </span>
    </p>
   </div>
   <div class='ocr_carea' id='block_1_66' title="bbox 1703 2042 3291 2122">
    <p class='ocr_par' dir='ltr' id='par_1_66' title="bbox 1703 2042 3291 2122">
     <span class='ocr_line' id='line_1_67' title="bbox 1703 2042 3291 2122; baseline 0.008 -28"><span class='ocrx_word' id='word_1_408' title='bbox 1703 2058 1848 2095; x_wconf 90' lang='lat' dir='ltr'><strong>mum</strong></span> <span class='ocrx_word' id='word_1_409' title='bbox 1890 2042 1942 2096; x_wconf 88' lang='lat' dir='ltr'><strong>in</strong></span> <span class='ocrx_word' id='word_1_410' title='bbox 1979 2043 2233 2098; x_wconf 89' lang='lat' dir='ltr'><strong>Graduali</strong></span> <span class='ocrx_word' id='word_1_411' title='bbox 2271 2045 2409 2101; x_wconf 89' lang='lat' dir='ltr'><strong>libro</strong></span> <span class='ocrx_word' id='word_1_412' title='bbox 2444 2046 2509 2101; x_wconf 82' lang='lat' dir='ltr'><strong>de</strong></span> <span class='ocrx_word' id='word_1_413' title='bbox 2554 2048 2637 2102; x_wconf 90' lang='lat' dir='ltr'><strong>bis</strong></span> <span class='ocrx_word' id='word_1_414' title='bbox 2681 2051 3011 2122; x_wconf 82' lang='lat' dir='ltr'><strong>martyribus</strong></span> <span class='ocrx_word' id='word_1_415' title='bbox 3044 2051 3185 2105; x_wconf 90' lang='lat' dir='ltr'><strong>sicut</strong></span> <span class='ocrx_word' id='word_1_416' title='bbox 3211 2055 3291 2107; x_wconf 18' lang='lat' dir='ltr'><strong>de.</strong></span> 
     </span>
    </p>
   </div>
   <div class='ocr_carea' id='block_1_67' title="bbox 1700 2134 3279 2207">
    <p class='ocr_par' dir='ltr' id='par_1_67' title="bbox 1700 2134 3279 2207">
     <span class='ocr_line' id='line_1_68' title="bbox 1700 2134 3279 2207; baseline 0.007 -19"><span class='ocrx_word' id='word_1_417' title='bbox 1700 2134 2097 2189; x_wconf 75' lang='lat' dir='ltr'><strong>confessoribus</strong></span> <span class='ocrx_word' id='word_1_418' title='bbox 2133 2135 2484 2204; x_wconf 78' lang='lat' dir='ltr'><strong>pontiﬁrialia</strong></span> <span class='ocrx_word' id='word_1_419' title='bbox 2525 2139 2828 2195; x_wconf 88' lang='lat' dir='ltr'><strong>instituisse</strong></span> <span class='ocrx_word' id='word_1_420' title='bbox 2868 2142 3067 2207; x_wconf 84' lang='lat' dir='ltr'><strong>ofﬁcia,</strong></span> <span class='ocrx_word' id='word_1_421' title='bbox 3113 2156 3167 2197; x_wconf 91' lang='lat' dir='ltr'><strong>ut</strong></span> <span class='ocrx_word' id='word_1_422' title='bbox 3212 2146 3279 2199; x_wconf 89' lang='lat' dir='ltr'><strong>de</strong></span> 
     </span>
    </p>
   </div>
   <div class='ocr_carea' id='block_1_68' title="bbox 1700 2224 3285 2295">
    <p class='ocr_par' dir='ltr' id='par_1_68' title="bbox 1700 2224 3285 2295">
     <span class='ocr_line' id='line_1_69' title="bbox 1700 2224 3285 2295; baseline 0.008 -19"><span class='ocrx_word' id='word_1_423' title='bbox 1700 2235 1885 2277; x_wconf 64' lang='lat' dir='ltr'><strong>saneto</strong></span> <span class='ocrx_word' id='word_1_424' title='bbox 1919 2224 2193 2288; x_wconf 81' lang='lat' dir='ltr'><strong>Marcello,</strong></span> <span class='ocrx_word' id='word_1_425' title='bbox 2226 2225 2433 2293; x_wconf 81' lang='lat' dir='ltr'><strong>antiplt.</strong></span> <span class='ocrx_word' id='word_1_426' title='bbox 2467 2246 2479 2281; x_wconf 88' lang='lat'>:</span> <span class='ocrx_word' id='word_1_427' title='bbox 2531 2230 2764 2295; x_wconf 76' lang='lat' dir='ltr'><strong>Statuit,</strong></span> <span class='ocrx_word' id='word_1_428' title='bbox 2800 2241 2853 2285; x_wconf 82' lang='grc' dir='ltr'>(ι</span> <span class='ocrx_word' id='word_1_429' title='bbox 2894 2233 2958 2286; x_wconf 87' lang='lat' dir='ltr'><strong>de</strong></span> <span class='ocrx_word' id='word_1_430' title='bbox 2995 2232 3052 2286; x_wconf 91' lang='lat' dir='ltr'><strong>S.</strong></span> <span class='ocrx_word' id='word_1_431' title='bbox 3098 2232 3285 2288; x_wconf 82' lang='lat' dir='ltr'><strong>Felice</strong></span> 
     </span>
    </p>
   </div>
   <div class='ocr_carea' id='block_1_69' title="bbox 1699 2312 3277 2393">
    <p class='ocr_par' dir='ltr' id='par_1_69' title="bbox 1699 2312 3277 2393">
     <span class='ocr_line' id='line_1_70' title="bbox 1699 2312 3277 2393; baseline 0.008 -29"><span class='ocrx_word' id='word_1_432' title='bbox 1699 2314 1904 2382; x_wconf 86' lang='lat' dir='ltr'><strong>autiph.</strong></span> <span class='ocrx_word' id='word_1_433' title='bbox 1939 2331 1955 2367; x_wconf 86' lang='lat'><strong>:</strong></span> <span class='ocrx_word' id='word_1_434' title='bbox 2005 2312 2346 2384; x_wconf 69' lang='lat' dir='ltr'><strong>Sacerdotes,</strong></span> <span class='ocrx_word' id='word_1_435' title='bbox 2394 2328 2445 2373; x_wconf 88' lang='lat' dir='ltr'><strong>et</strong></span> <span class='ocrx_word' id='word_1_436' title='bbox 2486 2320 2589 2374; x_wconf 80' lang='lat' dir='ltr'><strong>huc</strong></span> <span class='ocrx_word' id='word_1_437' title='bbox 2633 2323 2819 2390; x_wconf 69' lang='lat' dir='ltr'><strong>utique</strong></span> <span class='ocrx_word' id='word_1_438' title='bbox 2868 2324 3001 2378; x_wconf 72' lang='lat' dir='ltr'><strong>satis</strong></span> <span class='ocrx_word' id='word_1_439' title='bbox 3042 2340 3277 2393; x_wconf 81' lang='lat' dir='ltr'><strong>congrue</strong></span> 
     </span>
    </p>
   </div>
   <div class='ocr_carea' id='block_1_70' title="bbox 1699 2407 3277 2483">
    <p class='ocr_par' dir='ltr' id='par_1_70' title="bbox 1699 2407 3277 2483">
     <span class='ocr_line' id='line_1_71' title="bbox 1699 2407 3277 2483; baseline 0.009 -28"><span class='ocrx_word' id='word_1_440' title='bbox 1699 2413 1918 2473; x_wconf 83' lang='lat' dir='ltr'><strong>prepter</strong></span> <span class='ocrx_word' id='word_1_441' title='bbox 1977 2407 2359 2462; x_wconf 75' lang='lat' dir='ltr'><strong>excellentiam</strong></span> <span class='ocrx_word' id='word_1_442' title='bbox 2429 2412 2709 2481; x_wconf 83' lang='lat' dir='ltr'><strong>dignitatis</strong></span> <span class='ocrx_word' id='word_1_443' title='bbox 2772 2414 3096 2483; x_wconf 60' lang='lat' dir='ltr'><strong>apostolicae.</strong></span> <span class='ocrx_word' id='word_1_444' title='bbox 3163 2414 3277 2469; x_wconf 73' lang='lat' dir='ltr'><strong>Hoc</strong></span> 
     </span>
    </p>
   </div>
   <div class='ocr_carea' id='block_1_71' title="bbox 1696 2493 3277 2564">
    <p class='ocr_par' dir='ltr' id='par_1_71' title="bbox 1696 2493 3277 2564">
     <span class='ocr_line' id='line_1_72' title="bbox 1696 2493 3277 2564; baseline 0.006 -19"><span class='ocrx_word' id='word_1_445' title='bbox 1696 2493 1857 2545; x_wconf 89' lang='lat' dir='ltr'><strong>etiam</strong></span> <span class='ocrx_word' id='word_1_446' title='bbox 1889 2495 2215 2550; x_wconf 85' lang='lat' dir='ltr'><strong>attendendo</strong></span> <span class='ocrx_word' id='word_1_447' title='bbox 2250 2495 2482 2564; x_wconf 86' lang='lat' dir='ltr'><strong>majores</strong></span> <span class='ocrx_word' id='word_1_448' title='bbox 2525 2500 2695 2554; x_wconf 88' lang='lat' dir='ltr'><strong>nostri</strong></span> <span class='ocrx_word' id='word_1_449' title='bbox 2730 2502 2794 2555; x_wconf 90' lang='lat' dir='ltr'><strong>de</strong></span> <span class='ocrx_word' id='word_1_450' title='bbox 2835 2501 3036 2556; x_wconf 82' lang='lat' dir='ltr'><strong>eisdem</strong></span> <span class='ocrx_word' id='word_1_451' title='bbox 3071 2504 3277 2554; x_wconf 72' lang='lat' dir='ltr'><strong>sanctis</strong></span> 
     </span>
    </p>
   </div>
   <div class='ocr_carea' id='block_1_72' title="bbox 1696 2583 3281 2661">
    <p class='ocr_par' dir='ltr' id='par_1_72' title="bbox 1696 2583 3281 2661">
     <span class='ocr_line' id='line_1_73' title="bbox 1696 2583 3281 2661; baseline 0.003 -24"><span class='ocrx_word' id='word_1_452' title='bbox 1696 2583 2067 2640; x_wconf 82' lang='lat' dir='ltr'><strong>confessorem</strong></span> <span class='ocrx_word' id='word_1_453' title='bbox 2096 2586 2273 2641; x_wconf 87' lang='lat' dir='ltr'><strong>ofﬁcia</strong></span> <span class='ocrx_word' id='word_1_454' title='bbox 2307 2589 2373 2642; x_wconf 90' lang='lat' dir='ltr'><strong>ad</strong></span> <span class='ocrx_word' id='word_1_455' title='bbox 2404 2604 2621 2645; x_wconf 88' lang='lat' dir='ltr'><strong>cursum</strong></span> <span class='ocrx_word' id='word_1_456' title='bbox 2656 2591 2762 2646; x_wconf 90' lang='lat' dir='ltr'><strong>diei</strong></span> <span class='ocrx_word' id='word_1_457' title='bbox 2790 2601 2844 2646; x_wconf 88' lang='lat' dir='ltr'><strong>et</strong></span> <span class='ocrx_word' id='word_1_458' title='bbox 2876 2593 3049 2647; x_wconf 88' lang='lat' dir='ltr'><strong>noctis</strong></span> <span class='ocrx_word' id='word_1_459' title='bbox 3083 2592 3281 2661; x_wconf 55' lang='lat' dir='ltr'><strong>It‘gttt;-.</strong></span> 
     </span>
    </p>
   </div>
   <div class='ocr_carea' id='block_1_73' title="bbox 1698 2676 3277 2753">
    <p class='ocr_par' dir='ltr' id='par_1_73' title="bbox 1698 2676 3277 2753">
     <span class='ocr_line' id='line_1_74' title="bbox 1698 2676 3277 2753; baseline 0.006 -25"><span class='ocrx_word' id='word_1_460' title='bbox 1698 2685 1783 2729; x_wconf 90' lang='lat' dir='ltr'><strong>tur</strong></span> <span class='ocrx_word' id='word_1_461' title='bbox 1806 2676 2158 2746; x_wconf 88' lang='lat' dir='ltr'><strong>observasse,</strong></span> <span class='ocrx_word' id='word_1_462' title='bbox 2186 2695 2304 2749; x_wconf 67' lang='lat' dir='ltr'><strong>quae</strong></span> <span class='ocrx_word' id='word_1_463' title='bbox 2336 2688 2393 2735; x_wconf 91' lang='lat' dir='ltr'><strong>et</strong></span> <span class='ocrx_word' id='word_1_464' title='bbox 2418 2682 2688 2751; x_wconf 88' lang='lat' dir='ltr'><strong>pontiﬁcis</strong></span> <span class='ocrx_word' id='word_1_465' title='bbox 2724 2683 3042 2753; x_wconf 77' lang='lat' dir='ltr'><strong>dignitatem</strong></span> <span class='ocrx_word' id='word_1_466' title='bbox 3084 2685 3277 2737; x_wconf 84' lang='lat' dir='ltr'><strong>eodem</strong></span> 
     </span>
    </p>
   </div>
   <div class='ocr_carea' id='block_1_74' title="bbox 1696 2764 3273 2843">
    <p class='ocr_par' dir='ltr' id='par_1_74' title="bbox 1696 2764 3273 2843">
     <span class='ocr_line' id='line_1_75' title="bbox 1696 2764 3273 2843; baseline 0.004 -25"><span class='ocrx_word' id='word_1_467' title='bbox 1696 2764 1854 2818; x_wconf 89' lang='lat' dir='ltr'><strong>modo</strong></span> <span class='ocrx_word' id='word_1_468' title='bbox 1878 2765 2171 2833; x_wconf 85' lang='lat' dir='ltr'><strong>insinuant,</strong></span> <span class='ocrx_word' id='word_1_469' title='bbox 2196 2783 2292 2822; x_wconf 82' lang='lat' dir='ltr'><strong>nec</strong></span> <span class='ocrx_word' id='word_1_470' title='bbox 2319 2776 2495 2823; x_wconf 88' lang='lat' dir='ltr'><strong>tamen</strong></span> <span class='ocrx_word' id='word_1_471' title='bbox 2522 2769 2574 2824; x_wconf 90' lang='lat' dir='ltr'><strong>in</strong></span> <span class='ocrx_word' id='word_1_472' title='bbox 2597 2770 2776 2840; x_wconf 87' lang='lat' dir='ltr'><strong>aliquo</strong></span> <span class='ocrx_word' id='word_1_473' title='bbox 2798 2785 2985 2825; x_wconf 89' lang='lat' dir='ltr'><strong>eorum</strong></span> <span class='ocrx_word' id='word_1_474' title='bbox 3012 2773 3273 2843; x_wconf 77' lang='lat' dir='ltr'><strong>martyrio</strong></span> 
     </span>
    </p>
   </div>
   <div class='ocr_carea' id='block_1_75' title="bbox 1696 2855 3275 2932">
    <p class='ocr_par' dir='ltr' id='par_1_75' title="bbox 1696 2855 3275 2932">
     <span class='ocr_line' id='line_1_76' title="bbox 1696 2855 3275 2932; baseline 0.006 -25"><span class='ocrx_word' id='word_1_475' title='bbox 1696 2855 2066 2925; x_wconf 64' lang='lat' dir='ltr'><strong>prtejttdicanl.</strong></span> <span class='ocrx_word' id='word_1_476' title='bbox 2099 2859 2243 2914; x_wconf 90' lang='lat' dir='ltr'><strong>Idem</strong></span> <span class='ocrx_word' id='word_1_477' title='bbox 2276 2861 2416 2916; x_wconf 86' lang='lat' dir='ltr'><strong>etde</strong></span> <span class='ocrx_word' id='word_1_478' title='bbox 2437 2871 2629 2917; x_wconf 86' lang='lat' dir='ltr'><strong>sancto</strong></span> <span class='ocrx_word' id='word_1_479' title='bbox 2648 2862 2960 2932; x_wconf 85' lang='lat' dir='ltr'><strong>Apollinare</strong></span> <span class='ocrx_word' id='word_1_480' title='bbox 2981 2864 3275 2919; x_wconf 86' lang='lat' dir='ltr'><strong>observan—</strong></span> 
     </span>
    </p>
   </div>
   <div class='ocr_carea' id='block_1_76' title="bbox 1694 2949 3283 3025">
    <p class='ocr_par' dir='ltr' id='par_1_76' title="bbox 1694 2949 3283 3025">
     <span class='ocr_line' id='line_1_77' title="bbox 1694 2949 3283 3025; baseline 0.003 -24"><span class='ocrx_word' id='word_1_481' title='bbox 1694 2949 1818 3002; x_wconf 90' lang='lat' dir='ltr'><strong>dum</strong></span> <span class='ocrx_word' id='word_1_482' title='bbox 1855 2966 1975 3004; x_wconf 89' lang='lat' dir='ltr'><strong>esse</strong></span> <span class='ocrx_word' id='word_1_483' title='bbox 2004 2951 2292 3007; x_wconf 86' lang='lat' dir='ltr'><strong>Gradualis</strong></span> <span class='ocrx_word' id='word_1_484' title='bbox 2316 2951 2451 3008; x_wconf 82' lang='lat' dir='ltr'><strong>liber</strong></span> <span class='ocrx_word' id='word_1_485' title='bbox 2475 2954 2832 3011; x_wconf 86' lang='lat' dir='ltr'><strong>demonstrat.</strong></span> <span class='ocrx_word' id='word_1_486' title='bbox 2863 2955 2928 3010; x_wconf 84' lang='lat' dir='ltr'><strong>Et</strong></span> <span class='ocrx_word' id='word_1_487' title='bbox 2954 2956 3020 3011; x_wconf 91' lang='lat' dir='ltr'><strong>de</strong></span> <span class='ocrx_word' id='word_1_488' title='bbox 3052 2956 3117 3011; x_wconf 92' lang='lat' dir='ltr'><strong>iis</strong></span> <span class='ocrx_word' id='word_1_489' title='bbox 3148 2956 3283 3025; x_wconf 45' lang='grc' dir='ltr'>ιιιιί-ε</span> 
     </span>
    </p>
   </div>
   <div class='ocr_carea' id='block_1_77' title="bbox 1695 3041 3282 3111">
    <p class='ocr_par' dir='ltr' id='par_1_77' title="bbox 1695 3041 3282 3111">
     <span class='ocr_line' id='line_1_78' title="bbox 1695 3041 3282 3111; baseline 0.004 -21"><span class='ocrx_word' id='word_1_490' title='bbox 1695 3042 1816 3091; x_wconf 91' lang='lat' dir='ltr'><strong>dem</strong></span> <span class='ocrx_word' id='word_1_491' title='bbox 1860 3041 2063 3093; x_wconf 88' lang='lat' dir='ltr'><strong>sanctis</strong></span> <span class='ocrx_word' id='word_1_492' title='bbox 2103 3041 2365 3110; x_wconf 85' lang='lat' dir='ltr'><strong>hymnus,</strong></span> <span class='ocrx_word' id='word_1_493' title='bbox 2402 3043 2768 3098; x_wconf 82' lang='lat' dir='ltr'><strong>invitatoriam</strong></span> <span class='ocrx_word' id='word_1_494' title='bbox 2791 3086 2806 3111; x_wconf 95' lang='lat'><strong>,</strong></span> <span class='ocrx_word' id='word_1_495' title='bbox 2840 3059 3063 3100; x_wconf 82' lang='lat' dir='ltr'><strong>versus:</strong></span> <span class='ocrx_word' id='word_1_496' title='bbox 3091 3043 3282 3099; x_wconf 70' lang='lat' dir='ltr'><strong>Gloria</strong></span> 
     </span>
    </p>
   </div>
   <div class='ocr_carea' id='block_1_78' title="bbox 1694 3125 3272 3203">
    <p class='ocr_par' dir='ltr' id='par_1_78' title="bbox 1694 3125 3272 3203">
     <span class='ocr_line' id='line_1_79' title="bbox 1694 3125 3272 3203; baseline 0.006 -25"><span class='ocrx_word' id='word_1_497' title='bbox 1694 3138 1738 3179; x_wconf 72' lang='lat' dir='ltr'><strong>et</strong></span> <span class='ocrx_word' id='word_1_498' title='bbox 1764 3128 1983 3192; x_wconf 83' lang='lat' dir='ltr'><strong>honore,</strong></span> <span class='ocrx_word' id='word_1_499' title='bbox 2013 3125 2243 3183; x_wconf 72' lang='lat' dir='ltr'><strong>Posuisti</strong></span> <span class='ocrx_word' id='word_1_500' title='bbox 2267 3172 2282 3197; x_wconf 90' lang='lat'><strong>,</strong></span> <span class='ocrx_word' id='word_1_501' title='bbox 2311 3130 2565 3199; x_wconf 83' lang='lat' dir='ltr'><strong>Domine,</strong></span> <span class='ocrx_word' id='word_1_502' title='bbox 2600 3132 2792 3201; x_wconf 81' lang='lat' dir='ltr'><strong>Magna</strong></span> <span class='ocrx_word' id='word_1_503' title='bbox 2831 3143 2904 3186; x_wconf 76' lang='lat' dir='ltr'><strong>est</strong></span> <span class='ocrx_word' id='word_1_504' title='bbox 2930 3132 3099 3203; x_wconf 84' lang='lat' dir='ltr'><strong>gloria</strong></span> <span class='ocrx_word' id='word_1_505' title='bbox 3122 3134 3235 3202; x_wconf 70' lang='lat' dir='ltr'><strong>ejus</strong></span> <span class='ocrx_word' id='word_1_506' title='bbox 3255 3173 3272 3197; x_wconf 94' lang='lat'><strong>,</strong></span> 
     </span>
    </p>
   </div>
   <div class='ocr_carea' id='block_1_79' title="bbox 1697 3222 3273 3295">
    <p class='ocr_par' dir='ltr' id='par_1_79' title="bbox 1697 3222 3273 3295">
     <span class='ocr_line' id='line_1_80' title="bbox 1697 3222 3273 3295; baseline 0.003 -24"><span class='ocrx_word' id='word_1_507' title='bbox 1697 3228 2003 3285; x_wconf 81' lang='lat' dir='ltr'><strong>cantantnr,</strong></span> <span class='ocrx_word' id='word_1_508' title='bbox 2036 3229 2093 3273; x_wconf 84' lang='lat' dir='ltr'><strong>ut</strong></span> <span class='ocrx_word' id='word_1_509' title='bbox 2121 3222 2186 3276; x_wconf 89' lang='lat' dir='ltr'><strong>de</strong></span> <span class='ocrx_word' id='word_1_510' title='bbox 2208 3224 2564 3294; x_wconf 85' lang='lat' dir='ltr'><strong>martyribus;</strong></span> <span class='ocrx_word' id='word_1_511' title='bbox 2597 3224 2799 3292; x_wconf 86' lang='lat' dir='ltr'><strong>reliqua</strong></span> <span class='ocrx_word' id='word_1_512' title='bbox 2829 3239 2956 3278; x_wconf 89' lang='lat' dir='ltr'><strong>vero</strong></span> <span class='ocrx_word' id='word_1_513' title='bbox 2996 3240 3092 3295; x_wconf 85' lang='lat' dir='ltr'><strong>per</strong></span> <span class='ocrx_word' id='word_1_514' title='bbox 3119 3227 3273 3283; x_wconf 40' lang='lat' dir='ltr'><strong>ordia</strong></span> 
     </span>
    </p>
   </div>
   <div class='ocr_carea' id='block_1_80' title="bbox 1696 3311 3269 3381">
    <p class='ocr_par' dir='ltr' id='par_1_80' title="bbox 1696 3311 3269 3381">
     <span class='ocr_line' id='line_1_81' title="bbox 1696 3311 3269 3381; baseline 0.006 -20"><span class='ocrx_word' id='word_1_515' title='bbox 1696 3324 1817 3363; x_wconf 89' lang='lat' dir='ltr'><strong>nem</strong></span> <span class='ocrx_word' id='word_1_516' title='bbox 1854 3320 1905 3364; x_wconf 88' lang='lat' dir='ltr'><strong>et</strong></span> <span class='ocrx_word' id='word_1_517' title='bbox 1943 3311 2007 3365; x_wconf 89' lang='lat' dir='ltr'><strong>de</strong></span> <span class='ocrx_word' id='word_1_518' title='bbox 2032 3311 2450 3369; x_wconf 86' lang='lat' dir='ltr'><strong>confessoribns.</strong></span> <span class='ocrx_word' id='word_1_519' title='bbox 2494 3314 2722 3381; x_wconf 86' lang='lat' dir='ltr'><strong>Quidam</strong></span> <span class='ocrx_word' id='word_1_520' title='bbox 2768 3325 2946 3369; x_wconf 85' lang='lat' dir='ltr'><strong>autem</strong></span> <span class='ocrx_word' id='word_1_521' title='bbox 2994 3318 3269 3380; x_wconf 85' lang='lat' dir='ltr'><strong>moderui,</strong></span> 
     </span>
    </p>
   </div>
   <div class='ocr_carea' id='block_1_81' title="bbox 1695 3399 3283 3471">
    <p class='ocr_par' dir='ltr' id='par_1_81' title="bbox 1695 3399 3283 3471">
     <span class='ocr_line' id='line_1_82' title="bbox 1695 3399 3283 3471; baseline 0.004 -20"><span class='ocrx_word' id='word_1_522' title='bbox 1695 3399 1874 3457; x_wconf 89' lang='lat' dir='ltr'><strong>minus</strong></span> <span class='ocrx_word' id='word_1_523' title='bbox 1905 3404 2250 3457; x_wconf 90' lang='lat' dir='ltr'><strong>concordiam</strong></span> <span class='ocrx_word' id='word_1_524' title='bbox 2298 3404 2601 3460; x_wconf 89' lang='lat' dir='ltr'><strong>officiorum</strong></span> <span class='ocrx_word' id='word_1_525' title='bbox 2648 3408 3025 3471; x_wconf 88' lang='lat' dir='ltr'><strong>attendentes,</strong></span> <span class='ocrx_word' id='word_1_526' title='bbox 3066 3409 3131 3461; x_wconf 89' lang='lat' dir='ltr'><strong>de</strong></span> <span class='ocrx_word' id='word_1_527' title='bbox 3170 3409 3283 3462; x_wconf 77' lang='lat' dir='ltr'><strong>illis.</strong></span> 
     </span>
    </p>
   </div>
   <div class='ocr_carea' id='block_1_82' title="bbox 1692 3496 3275 3566">
    <p class='ocr_par' dir='ltr' id='par_1_82' title="bbox 1692 3496 3275 3566">
     <span class='ocr_line' id='line_1_83' title="bbox 1692 3496 3275 3566; baseline 0.002 -19"><span class='ocrx_word' id='word_1_528' title='bbox 1692 3507 1905 3547; x_wconf 86' lang='lat' dir='ltr'><strong>onmem</strong></span> <span class='ocrx_word' id='word_1_529' title='bbox 1937 3502 2156 3546; x_wconf 86' lang='lat' dir='ltr'><strong>cantum</strong></span> <span class='ocrx_word' id='word_1_530' title='bbox 2187 3502 2241 3546; x_wconf 89' lang='lat' dir='ltr'><strong>ttt</strong></span> <span class='ocrx_word' id='word_1_531' title='bbox 2267 3496 2332 3548; x_wconf 88' lang='lat' dir='ltr'><strong>de</strong></span> <span class='ocrx_word' id='word_1_532' title='bbox 2368 3497 2696 3566; x_wconf 84' lang='lat' dir='ltr'><strong>martyribus</strong></span> <span class='ocrx_word' id='word_1_533' title='bbox 2720 3498 3044 3560; x_wconf 87' lang='lat' dir='ltr'><strong>observant,</strong></span> <span class='ocrx_word' id='word_1_534' title='bbox 3076 3507 3275 3566; x_wconf 58' lang='lat' dir='ltr'><strong>praeter</strong></span> 
     </span>
    </p>
   </div>
   <div class='ocr_carea' id='block_1_83' title="bbox 1694 3580 3270 3655">
    <p class='ocr_par' dir='ltr' id='par_1_83' title="bbox 1694 3580 3270 3655">
     <span class='ocr_line' id='line_1_84' title="bbox 1694 3580 3270 3655; baseline 0.003 -20"><span class='ocrx_word' id='word_1_535' title='bbox 1694 3582 1760 3636; x_wconf 92' lang='lat' dir='ltr'><strong>ad</strong></span> <span class='ocrx_word' id='word_1_536' title='bbox 1792 3580 2039 3647; x_wconf 81' lang='lat' dir='ltr'><strong>Missam;</strong></span> <span class='ocrx_word' id='word_1_537' title='bbox 2078 3594 2380 3639; x_wconf 87' lang='lat' dir='ltr'><strong>asserentes</strong></span> <span class='ocrx_word' id='word_1_538' title='bbox 2404 3600 2699 3655; x_wconf 85' lang='lat' dir='ltr'><strong>congruum</strong></span> <span class='ocrx_word' id='word_1_539' title='bbox 2730 3600 2849 3640; x_wconf 87' lang='lat' dir='ltr'><strong>esse</strong></span> <span class='ocrx_word' id='word_1_540' title='bbox 2893 3596 2975 3653; x_wconf 87' lang='lat' dir='ltr'><strong>ut,</strong></span> <span class='ocrx_word' id='word_1_541' title='bbox 3005 3597 3165 3640; x_wconf 85' lang='lat' dir='ltr'><strong>nocte</strong></span> <span class='ocrx_word' id='word_1_542' title='bbox 3205 3586 3270 3639; x_wconf 91' lang='lat' dir='ltr'><strong>de</strong></span> 
     </span>
    </p>
   </div>
   <div class='ocr_carea' id='block_1_84' title="bbox 1693 3672 3270 3742">
    <p class='ocr_par' dir='ltr' id='par_1_84' title="bbox 1693 3672 3270 3742">
     <span class='ocr_line' id='line_1_85' title="bbox 1693 3672 3270 3742; baseline 0.002 -17"><span class='ocrx_word' id='word_1_543' title='bbox 1693 3672 1955 3742; x_wconf 88' lang='lat' dir='ltr'><strong>martyrio</strong></span> <span class='ocrx_word' id='word_1_544' title='bbox 1983 3686 2169 3725; x_wconf 89' lang='lat' dir='ltr'><strong>eorum</strong></span> <span class='ocrx_word' id='word_1_545' title='bbox 2191 3713 2204 3737; x_wconf 94' lang='lat'><strong>,</strong></span> <span class='ocrx_word' id='word_1_546' title='bbox 2235 3674 2301 3727; x_wconf 90' lang='lat' dir='ltr'><strong>ad</strong></span> <span class='ocrx_word' id='word_1_547' title='bbox 2334 3674 2549 3731; x_wconf 83' lang='lat' dir='ltr'><strong>missam</strong></span> <span class='ocrx_word' id='word_1_548' title='bbox 2595 3682 2777 3727; x_wconf 85' lang='lat' dir='ltr'><strong>autem</strong></span> <span class='ocrx_word' id='word_1_549' title='bbox 2805 3717 2820 3741; x_wconf 89' lang='lat'><strong>,</strong></span> <span class='ocrx_word' id='word_1_550' title='bbox 2853 3675 2917 3729; x_wconf 91' lang='lat' dir='ltr'><strong>de</strong></span> <span class='ocrx_word' id='word_1_551' title='bbox 2949 3674 3270 3730; x_wconf 87' lang='lat' dir='ltr'><strong>sacerdotali</strong></span> 
     </span>
    </p>
   </div>
   <div class='ocr_carea' id='block_1_85' title="bbox 1691 3762 3269 3833">
    <p class='ocr_par' dir='ltr' id='par_1_85' title="bbox 1691 3762 3269 3833">
     <span class='ocr_line' id='line_1_86' title="bbox 1691 3762 3269 3833; baseline 0.001 -18"><span class='ocrx_word' id='word_1_552' title='bbox 1691 3776 1880 3817; x_wconf 86' lang='lat' dir='ltr'><strong>eorum</strong></span> <span class='ocrx_word' id='word_1_553' title='bbox 1913 3762 2174 3832; x_wconf 79' lang='lat' dir='ltr'><strong>dignitate</strong></span> <span class='ocrx_word' id='word_1_554' title='bbox 2219 3773 2430 3833; x_wconf 78' lang='lat' dir='ltr'><strong>agatur.</strong></span> <span class='ocrx_word' id='word_1_555' title='bbox 2465 3762 2571 3817; x_wconf 86' lang='lat' dir='ltr'><strong>Sed</strong></span> <span class='ocrx_word' id='word_1_556' title='bbox 2620 3765 3027 3833; x_wconf 78' lang='lat' dir='ltr'><strong>convenientior</strong></span> <span class='ocrx_word' id='word_1_557' title='bbox 3057 3764 3269 3819; x_wconf 85' lang='lat' dir='ltr'><strong>videtur</strong></span> 
     </span>
    </p>
   </div>
   <div class='ocr_carea' id='block_1_86' title="bbox 1692 3855 3285 3928">
    <p class='ocr_par' dir='ltr' id='par_1_86' title="bbox 1692 3855 3285 3928">
     <span class='ocr_line' id='line_1_87' title="bbox 1692 3855 3285 3928; baseline 0.003 -20"><span class='ocrx_word' id='word_1_558' title='bbox 1692 3855 2027 3924; x_wconf 88' lang='lat' dir='ltr'><strong>superiorum</strong></span> <span class='ocrx_word' id='word_1_559' title='bbox 2052 3856 2378 3912; x_wconf 86' lang='lat' dir='ltr'><strong>observatio.</strong></span> <span class='ocrx_word' id='word_1_560' title='bbox 2414 3855 2547 3919; x_wconf 83' lang='lat' dir='ltr'><strong>Nam</strong></span> <span class='ocrx_word' id='word_1_561' title='bbox 2584 3857 2744 3913; x_wconf 86' lang='lat' dir='ltr'><strong>missa</strong></span> <span class='ocrx_word' id='word_1_562' title='bbox 2777 3857 2828 3919; x_wconf 88' lang='lat' dir='ltr'><strong>in</strong></span> <span class='ocrx_word' id='word_1_563' title='bbox 2859 3858 3096 3928; x_wconf 81' lang='lat' dir='ltr'><strong>quolibet</strong></span> <span class='ocrx_word' id='word_1_564' title='bbox 3131 3858 3285 3913; x_wconf 63' lang='lat' dir='ltr'><strong>festo,</strong></span> 
     </span>
    </p>
   </div>
   <div class='ocr_carea' id='block_1_87' title="bbox 1690 3944 2596 4015">
    <p class='ocr_par' dir='ltr' id='par_1_87' title="bbox 1690 3944 2596 4015">
     <span class='ocr_line' id='line_1_88' title="bbox 1690 3944 2596 4015; baseline 0.002 -16"><span class='ocrx_word' id='word_1_565' title='bbox 1690 3944 1896 4015; x_wconf 85' lang='lat' dir='ltr'><strong>reliqua</strong></span> <span class='ocrx_word' id='word_1_566' title='bbox 1924 3945 2059 4000; x_wconf 88' lang='lat' dir='ltr'><strong>solet</strong></span> <span class='ocrx_word' id='word_1_567' title='bbox 2086 3945 2375 4001; x_wconf 85' lang='lat' dir='ltr'><strong>informare</strong></span> <span class='ocrx_word' id='word_1_568' title='bbox 2396 3947 2596 4001; x_wconf 84' lang='lat' dir='ltr'><strong>ofﬁcia.</strong></span> 
     </span>
    </p>
   </div>
   <div class='ocr_carea' id='block_1_88' title="bbox 1918 4080 3027 4139">
    <p class='ocr_par' dir='ltr' id='par_1_88' title="bbox 1918 4080 3027 4139">
     <span class='ocr_line' id='line_1_89' title="bbox 1918 4080 3027 4139; baseline 0.001 -2"><span class='ocrx_word' id='word_1_569' title='bbox 1918 4082 2050 4137; x_wconf 65' lang='lat' dir='ltr'><strong>Car.</strong></span> <span class='ocrx_word' id='word_1_570' title='bbox 2083 4080 2265 4138; x_wconf 75' lang='lat' dir='ltr'><strong>XLIV.</strong></span> <span class='ocrx_word' id='word_1_571' title='bbox 2290 4112 2360 4124; x_wconf 91' lang='lat'><strong>-—</strong></span> <span class='ocrx_word' id='word_1_572' title='bbox 2389 4083 2466 4138; x_wconf 75' lang='lat' dir='ltr'><strong>De</strong></span> <span class='ocrx_word' id='word_1_573' title='bbox 2488 4085 2679 4139; x_wconf 76' lang='lat' dir='ltr'><strong>octavis</strong></span> <span class='ocrx_word' id='word_1_574' title='bbox 2705 4095 3027 4139; x_wconf 80' lang='lat' dir='ltr'><strong>sanctorum.</strong></span> 
     </span>
    </p>
   </div>
   <div class='ocr_carea' id='block_1_89' title="bbox 1758 4195 3277 4253">
    <p class='ocr_par' dir='ltr' id='par_1_89' title="bbox 1758 4195 3277 4253">
     <span class='ocr_line' id='line_1_90' title="bbox 1758 4195 3277 4253; baseline -0.005 0"><span class='ocrx_word' id='word_1_575' title='bbox 1758 4198 1916 4253; x_wconf 81' lang='lat' dir='ltr'><strong>Juxta</strong></span> <span class='ocrx_word' id='word_1_576' title='bbox 1935 4198 2231 4252; x_wconf 79' lang='lat' dir='ltr'><strong>Romanam</strong></span> <span class='ocrx_word' id='word_1_577' title='bbox 2261 4196 2634 4250; x_wconf 83' lang='lat' dir='ltr'><strong>auctoritatem</strong></span> <span class='ocrx_word' id='word_1_578' title='bbox 2666 4195 2930 4249; x_wconf 83' lang='lat' dir='ltr'><strong>nullorum</strong></span> <span class='ocrx_word' id='word_1_579' title='bbox 2955 4200 3277 4246; x_wconf 77' lang='lat' dir='ltr'><strong>sanctorum</strong></span> 
     </span>
    </p>
   </div>
   <div class='ocr_carea' id='block_1_90' title="bbox 1687 4281 3261 4348">
    <p class='ocr_par' dir='ltr' id='par_1_90' title="bbox 1687 4281 3261 4348">
     <span class='ocr_line' id='line_1_91' title="bbox 1687 4281 3261 4348; baseline -0.006 -4"><span class='ocrx_word' id='word_1_580' title='bbox 1687 4300 1907 4344; x_wconf 87' lang='lat' dir='ltr'><strong>octavas</strong></span> <span class='ocrx_word' id='word_1_581' title='bbox 1935 4289 2226 4344; x_wconf 86' lang='lat' dir='ltr'><strong>observare</strong></span> <span class='ocrx_word' id='word_1_582' title='bbox 2254 4287 2546 4348; x_wconf 84' lang='lat' dir='ltr'><strong>debemus,</strong></span> <span class='ocrx_word' id='word_1_583' title='bbox 2584 4286 2686 4339; x_wconf 89' lang='lat' dir='ltr'><strong>nisi</strong></span> <span class='ocrx_word' id='word_1_584' title='bbox 2730 4285 2873 4339; x_wconf 87' lang='lat' dir='ltr'><strong>unde</strong></span> <span class='ocrx_word' id='word_1_585' title='bbox 2910 4293 3114 4337; x_wconf 87' lang='lat' dir='ltr'><strong>cert-am</strong></span> <span class='ocrx_word' id='word_1_586' title='bbox 3160 4281 3261 4335; x_wconf 88' lang='lat' dir='ltr'><strong>ali-</strong></span> 
     </span>
    </p>
   </div>
   <div class='ocr_carea' id='block_1_91' title="bbox 1687 4374 3265 4449">
    <p class='ocr_par' dir='ltr' id='par_1_91' title="bbox 1687 4374 3265 4449">
     <span class='ocr_line' id='line_1_92' title="bbox 1687 4374 3265 4449; baseline -0.005 -16"><span class='ocrx_word' id='word_1_587' title='bbox 1687 4394 1851 4449; x_wconf 82' lang='lat' dir='ltr'><strong>quam</strong></span> <span class='ocrx_word' id='word_1_588' title='bbox 1880 4380 2225 4434; x_wconf 86' lang='lat' dir='ltr'><strong>traditionem</strong></span> <span class='ocrx_word' id='word_1_589' title='bbox 2255 4393 2282 4431; x_wconf 87' lang='lat' dir='ltr'><strong>a</strong></span> <span class='ocrx_word' id='word_1_590' title='bbox 2319 4377 2523 4431; x_wconf 87' lang='lat' dir='ltr'><strong>sanctis</strong></span> <span class='ocrx_word' id='word_1_591' title='bbox 2556 4375 2806 4431; x_wconf 86' lang='lat' dir='ltr'><strong>Patribus</strong></span> <span class='ocrx_word' id='word_1_592' title='bbox 2846 4374 3127 4428; x_wconf 86' lang='lat' dir='ltr'><strong>habemus.</strong></span> <span class='ocrx_word' id='word_1_593' title='bbox 3162 4374 3265 4426; x_wconf 73' lang='lat' dir='ltr'><strong>Eo-</strong></span> 
     </span>
    </p>
   </div>
   <div class='ocr_carea' id='block_1_92' title="bbox 13 4451 3257 4554">
    <p class='ocr_par' dir='ltr' id='par_1_92' title="bbox 13 4451 3257 4554">
     <span class='ocr_line' id='line_1_93' title="bbox 13 4451 3257 4554; baseline 0.003 -50"><span class='ocrx_word' id='word_1_594' title='bbox 13 4451 122 4520; x_wconf 86' lang='lat' dir='ltr'><strong>ipsa</strong></span> <span class='ocrx_word' id='word_1_595' title='bbox 158 4455 242 4512; x_wconf 90' lang='lat' dir='ltr'><strong>die</strong></span> <span class='ocrx_word' id='word_1_596' title='bbox 276 4457 536 4515; x_wconf 85' lang='lat' dir='ltr'><strong>ambabus</strong></span> <span class='ocrx_word' id='word_1_597' title='bbox 561 4459 767 4531; x_wconf 86' lang='lat' dir='ltr'><strong>singula</strong></span> <span class='ocrx_word' id='word_1_598' title='bbox 799 4461 974 4527; x_wconf 81' lang='lat' dir='ltr'><strong>officia</strong></span> <span class='ocrx_word' id='word_1_599' title='bbox 1006 4465 1403 4533; x_wconf 82' lang='lat' dir='ltr'><strong>persolvantur,</strong></span> <span class='ocrx_word' id='word_1_600' title='bbox 1425 4463 1580 4533; x_wconf 78' lang='lat' dir='ltr'><strong>juxta</strong></span> <span class='ocrx_word' id='word_1_601' title='bbox 1617 4501 1660 4554; x_wconf 67' lang='grc' dir='ltr'><strong>Β</strong></span> <span class='ocrx_word' id='word_1_602' title='bbox 1691 4483 1806 4522; x_wconf 90' lang='lat' dir='ltr'><strong>rum</strong></span> <span class='ocrx_word' id='word_1_603' title='bbox 1843 4483 2055 4538; x_wconf 84' lang='lat' dir='ltr'><strong>quoque</strong></span> <span class='ocrx_word' id='word_1_604' title='bbox 2096 4481 2326 4535; x_wconf 88' lang='lat' dir='ltr'><strong>quorum</strong></span> <span class='ocrx_word' id='word_1_605' title='bbox 2362 4474 2584 4519; x_wconf 85' lang='lat' dir='ltr'><strong>octavas</strong></span> <span class='ocrx_word' id='word_1_606' title='bbox 2628 4464 2965 4518; x_wconf 67' lang='lat' dir='ltr'><strong>celebramus</strong></span> <span class='ocrx_word' id='word_1_607' title='bbox 2989 4502 3004 4525; x_wconf 95' lang='lat'><strong>,</strong></span> <span class='ocrx_word' id='word_1_608' title='bbox 3057 4462 3257 4515; x_wconf 87' lang='lat' dir='ltr'><strong>nullam</strong></span> 
     </span>
    </p>
   </div>
   <div class='ocr_carea' id='block_1_93' title="bbox 20 4544 1581 4621">
    <p class='ocr_par' dir='ltr' id='par_1_93' title="bbox 20 4544 1581 4621">
     <span class='ocr_line' id='line_1_94' title="bbox 20 4544 1581 4621; baseline 0.009 -25"><span class='ocrx_word' id='word_1_609' title='bbox 20 4544 164 4609; x_wconf 89' lang='lat' dir='ltr'><strong>quod</strong></span> <span class='ocrx_word' id='word_1_610' title='bbox 194 4554 246 4602; x_wconf 90' lang='lat' dir='ltr'><strong>et</strong></span> <span class='ocrx_word' id='word_1_611' title='bbox 275 4556 498 4604; x_wconf 86' lang='lat' dir='ltr'><strong>sanctus</strong></span> <span class='ocrx_word' id='word_1_612' title='bbox 529 4547 822 4621; x_wconf 83' lang='lat' dir='ltr'><strong>Gregorius</strong></span> <span class='ocrx_word' id='word_1_613' title='bbox 864 4552 917 4606; x_wconf 93' lang='lat' dir='ltr'><strong>in</strong></span> <span class='ocrx_word' id='word_1_614' title='bbox 964 4552 1401 4609; x_wconf 86' lang='lat' dir='ltr'><strong>Sacramentario</strong></span> <span class='ocrx_word' id='word_1_615' title='bbox 1428 4564 1480 4609; x_wconf 89' lang='lat' dir='ltr'><strong>et</strong></span> <span class='ocrx_word' id='word_1_616' title='bbox 1528 4556 1581 4610; x_wconf 91' lang='lat' dir='ltr'><strong>in</strong></span> 
     </span>
    </p>
   </div>
   <div class='ocr_carea' id='block_1_94' title="bbox 14 4635 1585 4719">
    <p class='ocr_par' dir='ltr' id='par_1_94' title="bbox 14 4635 1585 4719">
     <span class='ocr_line' id='line_1_95' title="bbox 14 4635 1585 4719; baseline 0.008 -30"><span class='ocrx_word' id='word_1_617' title='bbox 14 4635 265 4694; x_wconf 83' lang='lat' dir='ltr'><strong>Graduali</strong></span> <span class='ocrx_word' id='word_1_618' title='bbox 290 4640 430 4696; x_wconf 91' lang='lat' dir='ltr'><strong>libro</strong></span> <span class='ocrx_word' id='word_1_619' title='bbox 451 4640 737 4713; x_wconf 74' lang='lat' dir='ltr'><strong>aliquoties</strong></span> <span class='ocrx_word' id='word_1_620' title='bbox 769 4643 860 4698; x_wconf 91' lang='lat' dir='ltr'><strong>nni</strong></span> <span class='ocrx_word' id='word_1_621' title='bbox 896 4643 1002 4699; x_wconf 90' lang='lat' dir='ltr'><strong>diei</strong></span> <span class='ocrx_word' id='word_1_622' title='bbox 1044 4643 1179 4709; x_wconf 32' lang='lat' dir='ltr'><strong>bina.</strong></span> <span class='ocrx_word' id='word_1_623' title='bbox 1200 4646 1452 4716; x_wconf 86' lang='lat' dir='ltr'><strong>ascripsit</strong></span> <span class='ocrx_word' id='word_1_624' title='bbox 1476 4646 1585 4719; x_wconf 75' lang='lat' dir='ltr'><strong>[as-</strong></span> 
     </span>
    </p>
   </div>
   <div class='ocr_carea' id='block_1_95' title="bbox 15 4727 1582 4806">
    <p class='ocr_par' dir='ltr' id='par_1_95' title="bbox 15 4727 1582 4806">
     <span class='ocr_line' id='line_1_96' title="bbox 15 4727 1582 4806; baseline 0.008 -27"><span class='ocrx_word' id='word_1_625' title='bbox 15 4727 197 4802; x_wconf 90' lang='lat' dir='ltr'><strong>cribit]</strong></span> <span class='ocrx_word' id='word_1_626' title='bbox 242 4731 441 4798; x_wconf 88' lang='lat' dir='ltr'><strong>ofﬁcia,</strong></span> <span class='ocrx_word' id='word_1_627' title='bbox 490 4743 582 4787; x_wconf 89' lang='lat' dir='ltr'><strong>aut</strong></span> <span class='ocrx_word' id='word_1_628' title='bbox 624 4750 727 4789; x_wconf 89' lang='lat' dir='ltr'><strong>una</strong></span> <span class='ocrx_word' id='word_1_629' title='bbox 776 4749 963 4789; x_wconf 89' lang='lat' dir='ltr'><strong>earum</strong></span> <span class='ocrx_word' id='word_1_630' title='bbox 1008 4735 1069 4791; x_wconf 80' lang='lat' dir='ltr'><strong>in.</strong></span> <span class='ocrx_word' id='word_1_631' title='bbox 1105 4747 1416 4806; x_wconf 84' lang='lat' dir='ltr'><strong>sequentem</strong></span> <span class='ocrx_word' id='word_1_632' title='bbox 1444 4739 1582 4793; x_wconf 90' lang='lat' dir='ltr'><strong>diem</strong></span> 
     </span>
    </p>
   </div>
   <div class='ocr_carea' id='block_1_96' title="bbox 20 4816 1587 4897">
    <p class='ocr_par' dir='ltr' id='par_1_96' title="bbox 20 4816 1587 4897">
     <span class='ocr_line' id='line_1_97' title="bbox 20 4816 1587 4897; baseline 0.01 -29"><span class='ocrx_word' id='word_1_633' title='bbox 20 4816 315 4888; x_wconf 73' lang='lat' dir='ltr'><strong>differatur,</strong></span> <span class='ocrx_word' id='word_1_634' title='bbox 344 4824 485 4879; x_wconf 89' lang='lat' dir='ltr'><strong>sicut</strong></span> <span class='ocrx_word' id='word_1_635' title='bbox 507 4834 726 4880; x_wconf 88' lang='lat' dir='ltr'><strong>sanctus</strong></span> <span class='ocrx_word' id='word_1_636' title='bbox 751 4825 1043 4896; x_wconf 87' lang='lat' dir='ltr'><strong>Gregorius</strong></span> <span class='ocrx_word' id='word_1_637' title='bbox 1072 4842 1207 4897; x_wconf 88' lang='lat' dir='ltr'><strong>papa</strong></span> <span class='ocrx_word' id='word_1_638' title='bbox 1241 4827 1434 4883; x_wconf 85' lang='lat' dir='ltr'><strong>festum</strong></span> <span class='ocrx_word' id='word_1_639' title='bbox 1462 4845 1587 4885; x_wconf 82' lang='lat' dir='ltr'><strong>san-</strong></span> 
     </span>
    </p>
   </div>
   <div class='ocr_carea' id='block_1_97' title="bbox 17 4909 1581 4985">
    <p class='ocr_par' dir='ltr' id='par_1_97' title="bbox 17 4909 1581 4985">
     <span class='ocr_line' id='line_1_98' title="bbox 17 4909 1581 4985; baseline 0.008 -23"><span class='ocrx_word' id='word_1_640' title='bbox 17 4909 82 4964; x_wconf 81' lang='lat' dir='ltr'><strong>eti</strong></span> <span class='ocrx_word' id='word_1_641' title='bbox 110 4910 260 4969; x_wconf 87' lang='lat' dir='ltr'><strong>Pauli</strong></span> <span class='ocrx_word' id='word_1_642' title='bbox 302 4924 424 4985; x_wconf 87' lang='lat' dir='ltr'><strong>post</strong></span> <span class='ocrx_word' id='word_1_643' title='bbox 451 4916 646 4972; x_wconf 84' lang='lat' dir='ltr'><strong>festum</strong></span> <span class='ocrx_word' id='word_1_644' title='bbox 688 4918 859 4972; x_wconf 86' lang='lat' dir='ltr'><strong>sancti</strong></span> <span class='ocrx_word' id='word_1_645' title='bbox 894 4917 1038 4973; x_wconf 89' lang='lat' dir='ltr'><strong>Petri</strong></span> <span class='ocrx_word' id='word_1_646' title='bbox 1072 4920 1239 4974; x_wconf 90' lang='lat' dir='ltr'><strong>voluit</strong></span> <span class='ocrx_word' id='word_1_647' title='bbox 1269 4919 1581 4977; x_wconf 87' lang='lat' dir='ltr'><strong>observare.</strong></span> 
     </span>
    </p>
   </div>
   <div class='ocr_carea' id='block_1_98' title="bbox 18 4996 1580 5078">
    <p class='ocr_par' dir='ltr' id='par_1_98' title="bbox 18 4996 1580 5078">
     <span class='ocr_line' id='line_1_99' title="bbox 18 4996 1580 5078; baseline 0.004 -19"><span class='ocrx_word' id='word_1_648' title='bbox 18 4996 154 5059; x_wconf 70' lang='lat' dir='ltr'><strong>Nam</strong></span> <span class='ocrx_word' id='word_1_649' title='bbox 173 5003 313 5062; x_wconf 83' lang='lat' dir='ltr'><strong>illam</strong></span> <span class='ocrx_word' id='word_1_650' title='bbox 344 5008 751 5077; x_wconf 86' lang='lat' dir='ltr'><strong>usurpationem</strong></span> <span class='ocrx_word' id='word_1_651' title='bbox 782 5024 901 5078; x_wconf 75' lang='lat' dir='ltr'><strong>qua:</strong></span> <span class='ocrx_word' id='word_1_652' title='bbox 940 5024 1004 5063; x_wconf 78' lang='lat' dir='ltr'><strong>ex</strong></span> <span class='ocrx_word' id='word_1_653' title='bbox 1052 5010 1259 5065; x_wconf 88' lang='lat' dir='ltr'><strong>duobus</strong></span> <span class='ocrx_word' id='word_1_654' title='bbox 1295 5010 1491 5066; x_wconf 82' lang='lat' dir='ltr'><strong>officiis</strong></span> <span class='ocrx_word' id='word_1_655' title='bbox 1528 5012 1580 5065; x_wconf 88' lang='lat' dir='ltr'><strong>in</strong></span> 
     </span>
    </p>
   </div>
   <div class='ocr_carea' id='block_1_99' title="bbox 20 5090 1591 5170">
    <p class='ocr_par' dir='ltr' id='par_1_99' title="bbox 20 5090 1591 5170">
     <span class='ocr_line' id='line_1_100' title="bbox 20 5090 1591 5170; baseline 0.008 -31"><span class='ocrx_word' id='word_1_656' title='bbox 20 5101 118 5143; x_wconf 88' lang='lat' dir='ltr'><strong>una</strong></span> <span class='ocrx_word' id='word_1_657' title='bbox 144 5090 231 5148; x_wconf 83' lang='lat' dir='ltr'><strong>die</strong></span> <span class='ocrx_word' id='word_1_658' title='bbox 251 5094 602 5150; x_wconf 82' lang='lat' dir='ltr'><strong>observandis</strong></span> <span class='ocrx_word' id='word_1_659' title='bbox 620 5135 637 5161; x_wconf 93' lang='lat'><strong>,</strong></span> <span class='ocrx_word' id='word_1_660' title='bbox 670 5112 834 5156; x_wconf 87' lang='lat' dir='ltr'><strong>unum</strong></span> <span class='ocrx_word' id='word_1_661' title='bbox 877 5097 1229 5165; x_wconf 88' lang='lat' dir='ltr'><strong>incomposite</strong></span> <span class='ocrx_word' id='word_1_662' title='bbox 1257 5099 1591 5170; x_wconf 77' lang='lat' dir='ltr'><strong>compingit,</strong></span> 
     </span>
    </p>
   </div>
   <div class='ocr_carea' id='block_1_100' title="bbox 21 5183 1585 5258">
    <p class='ocr_par' dir='ltr' id='par_1_100' title="bbox 21 5183 1585 5258">
     <span class='ocr_line' id='line_1_101' title="bbox 21 5183 1585 5258; baseline 0.009 -29"><span class='ocrx_word' id='word_1_663' title='bbox 21 5188 318 5236; x_wconf 84' lang='lat' dir='ltr'><strong>sanctorum</strong></span> <span class='ocrx_word' id='word_1_664' title='bbox 368 5183 598 5239; x_wconf 85' lang='lat' dir='ltr'><strong>Patrum</strong></span> <span class='ocrx_word' id='word_1_665' title='bbox 636 5184 928 5240; x_wconf 87' lang='lat' dir='ltr'><strong>auctoritas</strong></span> <span class='ocrx_word' id='word_1_666' title='bbox 989 5201 1095 5240; x_wconf 90' lang='lat' dir='ltr'><strong>non</strong></span> <span class='ocrx_word' id='word_1_667' title='bbox 1153 5187 1389 5241; x_wconf 87' lang='lat' dir='ltr'><strong>admittit</strong></span> <span class='ocrx_word' id='word_1_668' title='bbox 1441 5189 1585 5258; x_wconf 78' lang='lat' dir='ltr'><strong>(qnze</strong></span> 
     </span>
    </p>
   </div>
   <div class='ocr_carea' id='block_1_101' title="bbox 22 5274 1583 5348">
    <p class='ocr_par' dir='ltr' id='par_1_101' title="bbox 22 5274 1583 5348">
     <span class='ocr_line' id='line_1_102' title="bbox 22 5274 1583 5348; baseline 0.007 -26"><span class='ocrx_word' id='word_1_669' title='bbox 22 5280 226 5341; x_wconf 79' lang='lat' dir='ltr'><strong>semper</strong></span> <span class='ocrx_word' id='word_1_670' title='bbox 251 5289 348 5328; x_wconf 89' lang='lat' dir='ltr'><strong>nos</strong></span> <span class='ocrx_word' id='word_1_671' title='bbox 380 5274 431 5328; x_wconf 88' lang='lat' dir='ltr'><strong>in</strong></span> <span class='ocrx_word' id='word_1_672' title='bbox 461 5274 655 5329; x_wconf 87' lang='lat' dir='ltr'><strong>ofﬁciis</strong></span> <span class='ocrx_word' id='word_1_673' title='bbox 688 5277 1031 5331; x_wconf 87' lang='lat' dir='ltr'><strong>concordiam</strong></span> <span class='ocrx_word' id='word_1_674' title='bbox 1052 5278 1328 5333; x_wconf 82' lang='lat' dir='ltr'><strong>custodire</strong></span> <span class='ocrx_word' id='word_1_675' title='bbox 1352 5295 1583 5348; x_wconf 73' lang='lat' dir='ltr'><strong>prtemo-</strong></span> 
     </span>
    </p>
   </div>
   <div class='ocr_carea' id='block_1_102' title="bbox 23 5360 1580 5436">
    <p class='ocr_par' dir='ltr' id='par_1_102' title="bbox 23 5360 1580 5436">
     <span class='ocr_line' id='line_1_103' title="bbox 23 5360 1580 5436; baseline 0.008 -25"><span class='ocrx_word' id='word_1_676' title='bbox 23 5360 177 5430; x_wconf 86' lang='lat' dir='ltr'><strong>nnit),</strong></span> <span class='ocrx_word' id='word_1_677' title='bbox 218 5363 467 5419; x_wconf 83' lang='lat' dir='ltr'><strong>videlicet</strong></span> <span class='ocrx_word' id='word_1_678' title='bbox 505 5375 564 5419; x_wconf 87' lang='lat' dir='ltr'><strong>ut</strong></span> <span class='ocrx_word' id='word_1_679' title='bbox 606 5382 766 5419; x_wconf 89' lang='lat' dir='ltr'><strong>unam</strong></span> <span class='ocrx_word' id='word_1_680' title='bbox 801 5376 1130 5430; x_wconf 47' lang='lat' dir='ltr'><strong>nocturnam,</strong></span> <span class='ocrx_word' id='word_1_681' title='bbox 1166 5370 1232 5423; x_wconf 91' lang='lat' dir='ltr'><strong>de</strong></span> <span class='ocrx_word' id='word_1_682' title='bbox 1274 5385 1379 5425; x_wconf 89' lang='lat' dir='ltr'><strong>uno</strong></span> <span class='ocrx_word' id='word_1_683' title='bbox 1420 5369 1580 5436; x_wconf 78' lang='lat' dir='ltr'><strong>festo,</strong></span> 
     </span>
    </p>
   </div>
   <div class='ocr_carea' id='block_1_103' title="bbox 22 5449 1580 5532">
    <p class='ocr_par' dir='ltr' id='par_1_103' title="bbox 22 5449 1580 5532">
     <span class='ocr_line' id='line_1_104' title="bbox 22 5449 1580 5532; baseline 0.011 -30"><span class='ocrx_word' id='word_1_684' title='bbox 22 5449 244 5522; x_wconf 85' lang='lat' dir='ltr'><strong>reliquas</strong></span> <span class='ocrx_word' id='word_1_685' title='bbox 275 5456 338 5510; x_wconf 89' lang='lat' dir='ltr'><strong>de</strong></span> <span class='ocrx_word' id='word_1_686' title='bbox 360 5457 467 5511; x_wconf 91' lang='lat' dir='ltr'><strong>alio</strong></span> <span class='ocrx_word' id='word_1_687' title='bbox 495 5457 864 5513; x_wconf 86' lang='lat' dir='ltr'><strong>observemus.</strong></span> <span class='ocrx_word' id='word_1_688' title='bbox 896 5461 972 5514; x_wconf 79' lang='lat' dir='ltr'><strong>Eo</strong></span> <span class='ocrx_word' id='word_1_689' title='bbox 1006 5462 1149 5515; x_wconf 91' lang='lat' dir='ltr'><strong>enim</strong></span> <span class='ocrx_word' id='word_1_690' title='bbox 1188 5471 1343 5532; x_wconf 89' lang='lat' dir='ltr'><strong>pacto</strong></span> <span class='ocrx_word' id='word_1_691' title='bbox 1380 5465 1422 5518; x_wconf 94' lang='lat' dir='ltr'><strong>si</strong></span> <span class='ocrx_word' id='word_1_692' title='bbox 1447 5465 1580 5519; x_wconf 91' lang='lat' dir='ltr'><strong>utri-</strong></span> 
     </span>
    </p>
   </div>
   <div class='ocr_carea' id='block_1_104' title="bbox 24 5542 1581 5616">
    <p class='ocr_par' dir='ltr' id='par_1_104' title="bbox 24 5542 1581 5616">
     <span class='ocr_line' id='line_1_105' title="bbox 24 5542 1581 5616; baseline 0.01 -21"><span class='ocrx_word' id='word_1_693' title='bbox 24 5554 123 5609; x_wconf 81' lang='lat' dir='ltr'><strong>que</strong></span> <span class='ocrx_word' id='word_1_694' title='bbox 143 5542 279 5601; x_wconf 86' lang='lat' dir='ltr'><strong>festo</strong></span> <span class='ocrx_word' id='word_1_695' title='bbox 300 5546 619 5603; x_wconf 87' lang='lat' dir='ltr'><strong>satisfacere</strong></span> <span class='ocrx_word' id='word_1_696' title='bbox 644 5548 956 5616; x_wconf 86' lang='lat' dir='ltr'><strong>niteremur,</strong></span> <span class='ocrx_word' id='word_1_697' title='bbox 982 5558 1230 5605; x_wconf 90' lang='lat' dir='ltr'><strong>neutrum</strong></span> <span class='ocrx_word' id='word_1_698' title='bbox 1260 5554 1436 5608; x_wconf 87' lang='lat' dir='ltr'><strong>debita</strong></span> <span class='ocrx_word' id='word_1_699' title='bbox 1463 5554 1581 5610; x_wconf 79' lang='lat' dir='ltr'><strong>ofﬁ-</strong></span> 
     </span>
    </p>
   </div>
   <div class='ocr_carea' id='block_1_105' title="bbox 28 5630 1580 5699">
    <p class='ocr_par' dir='ltr' id='par_1_105' title="bbox 28 5630 1580 5699">
     <span class='ocr_line' id='line_1_106' title="bbox 28 5630 1580 5699; baseline 0.011 -17"><span class='ocrx_word' id='word_1_700' title='bbox 28 5630 215 5691; x_wconf 89' lang='lat' dir='ltr'><strong>ciorum</strong></span> <span class='ocrx_word' id='word_1_701' title='bbox 262 5639 565 5693; x_wconf 88' lang='lat' dir='ltr'><strong>reverentia</strong></span> <span class='ocrx_word' id='word_1_702' title='bbox 629 5637 931 5693; x_wconf 86' lang='lat' dir='ltr'><strong>celebrasse</strong></span> <span class='ocrx_word' id='word_1_703' title='bbox 989 5641 1455 5698; x_wconf 78' lang='lat' dir='ltr'><strong>convincerentur.</strong></span> <span class='ocrx_word' id='word_1_704' title='bbox 1511 5644 1580 5699; x_wconf 86' lang='lat' dir='ltr'><strong>Ut</strong></span> 
     </span>
    </p>
   </div>
   <div class='ocr_carea' id='block_1_106' title="bbox 28 5731 1577 5797">
    <p class='ocr_par' dir='ltr' id='par_1_106' title="bbox 28 5731 1577 5797">
     <span class='ocr_line' id='line_1_107' title="bbox 28 5731 1577 5797; baseline 0.008 -21"><span class='ocrx_word' id='word_1_705' title='bbox 28 5735 191 5784; x_wconf 83' lang='lat' dir='ltr'><strong>autem</strong></span> <span class='ocrx_word' id='word_1_706' title='bbox 218 5731 444 5785; x_wconf 87' lang='lat' dir='ltr'><strong>duorum</strong></span> <span class='ocrx_word' id='word_1_707' title='bbox 476 5732 733 5788; x_wconf 87' lang='lat' dir='ltr'><strong>festormn</strong></span> <span class='ocrx_word' id='word_1_708' title='bbox 779 5731 954 5786; x_wconf 84' lang='lat' dir='ltr'><strong>ofﬁcia</strong></span> <span class='ocrx_word' id='word_1_709' title='bbox 986 5732 1036 5787; x_wconf 93' lang='lat' dir='ltr'><strong>in</strong></span> <span class='ocrx_word' id='word_1_710' title='bbox 1084 5749 1191 5790; x_wconf 89' lang='lat' dir='ltr'><strong>uno</strong></span> <span class='ocrx_word' id='word_1_711' title='bbox 1235 5734 1322 5790; x_wconf 88' lang='lat' dir='ltr'><strong>die</strong></span> <span class='ocrx_word' id='word_1_712' title='bbox 1363 5751 1577 5797; x_wconf 82' lang='lat' dir='ltr'><strong>separa-</strong></span> 
     </span>
    </p>
   </div>
   <div class='ocr_carea' id='block_1_107' title="bbox 1688 4554 3260 4627">
    <p class='ocr_par' dir='ltr' id='par_1_107' title="bbox 1688 4554 3260 4627">
     <span class='ocr_line' id='line_1_108' title="bbox 1688 4554 3260 4627; baseline -0.003 -18"><span class='ocrx_word' id='word_1_713' title='bbox 1688 4558 2057 4627; x_wconf 80' lang='lat' dir='ltr'><strong>quotidianam</strong></span> <span class='ocrx_word' id='word_1_714' title='bbox 2092 4556 2418 4610; x_wconf 90' lang='lat' dir='ltr'><strong>mentionem</strong></span> <span class='ocrx_word' id='word_1_715' title='bbox 2459 4570 2557 4625; x_wconf 88' lang='lat' dir='ltr'><strong>per</strong></span> <span class='ocrx_word' id='word_1_716' title='bbox 2588 4554 2964 4622; x_wconf 77' lang='lat' dir='ltr'><strong>interiacentes</strong></span> <span class='ocrx_word' id='word_1_717' title='bbox 2991 4554 3106 4607; x_wconf 88' lang='lat' dir='ltr'><strong>dies</strong></span> <span class='ocrx_word' id='word_1_718' title='bbox 3147 4554 3260 4622; x_wconf 84' lang='lat' dir='ltr'><strong>agi-</strong></span> 
     </span>
    </p>
   </div>
   <div class='ocr_carea' id='block_1_108' title="bbox 1690 4643 3257 4716">
    <p class='ocr_par' dir='ltr' id='par_1_108' title="bbox 1690 4643 3257 4716">
     <span class='ocr_line' id='line_1_109' title="bbox 1690 4643 3257 4716; baseline -0.004 -15"><span class='ocrx_word' id='word_1_719' title='bbox 1690 4663 1827 4711; x_wconf 91' lang='lat' dir='ltr'><strong>mus,</strong></span> <span class='ocrx_word' id='word_1_720' title='bbox 1858 4647 1981 4716; x_wconf 89' lang='lat' dir='ltr'><strong>quia</strong></span> <span class='ocrx_word' id='word_1_721' title='bbox 2012 4645 2211 4700; x_wconf 89' lang='lat' dir='ltr'><strong>nnllam</strong></span> <span class='ocrx_word' id='word_1_722' title='bbox 2255 4645 2633 4699; x_wconf 85' lang='lat' dir='ltr'><strong>auctoritatem</strong></span> <span class='ocrx_word' id='word_1_723' title='bbox 2674 4643 2797 4699; x_wconf 88' lang='lat' dir='ltr'><strong>inde</strong></span> <span class='ocrx_word' id='word_1_724' title='bbox 2837 4643 3120 4709; x_wconf 85' lang='lat' dir='ltr'><strong>habemus,</strong></span> <span class='ocrx_word' id='word_1_725' title='bbox 3161 4658 3257 4701; x_wconf 42' lang='lat' dir='ltr'><strong>ex.-</strong></span> 
     </span>
    </p>
   </div>
   <div class='ocr_carea' id='block_1_109' title="bbox 1688 4730 3259 4804">
    <p class='ocr_par' dir='ltr' id='par_1_109' title="bbox 1688 4730 3259 4804">
     <span class='ocr_line' id='line_1_110' title="bbox 1688 4730 3259 4804; baseline -0.003 -17"><span class='ocrx_word' id='word_1_726' title='bbox 1688 4735 1857 4804; x_wconf 85' lang='lat' dir='ltr'><strong>ceptis</strong></span> <span class='ocrx_word' id='word_1_727' title='bbox 1897 4735 1962 4788; x_wconf 88' lang='lat' dir='ltr'><strong>de</strong></span> <span class='ocrx_word' id='word_1_728' title='bbox 2004 4732 2061 4788; x_wconf 91' lang='lat' dir='ltr'><strong>S.</strong></span> <span class='ocrx_word' id='word_1_729' title='bbox 2094 4732 2261 4786; x_wconf 80' lang='lat' dir='ltr'><strong>Maria</strong></span> <span class='ocrx_word' id='word_1_730' title='bbox 2292 4742 2345 4787; x_wconf 90' lang='lat' dir='ltr'><strong>et</strong></span> <span class='ocrx_word' id='word_1_731' title='bbox 2375 4732 2442 4786; x_wconf 89' lang='lat' dir='ltr'><strong>de</strong></span> <span class='ocrx_word' id='word_1_732' title='bbox 2467 4731 2526 4787; x_wconf 77' lang='lat' dir='ltr'><strong>S.</strong></span> <span class='ocrx_word' id='word_1_733' title='bbox 2554 4730 2732 4793; x_wconf 85' lang='lat' dir='ltr'><strong>Petro,</strong></span> <span class='ocrx_word' id='word_1_734' title='bbox 2778 4745 3013 4800; x_wconf 90' lang='lat' dir='ltr'><strong>quorum</strong></span> <span class='ocrx_word' id='word_1_735' title='bbox 3051 4743 3259 4782; x_wconf 88' lang='lat' dir='ltr'><strong>memo-</strong></span> 
     </span>
    </p>
   </div>
   <div class='ocr_carea' id='block_1_110' title="bbox 1690 4820 3269 4892">
    <p class='ocr_par' dir='ltr' id='par_1_110' title="bbox 1690 4820 3269 4892">
     <span class='ocr_line' id='line_1_111' title="bbox 1690 4820 3269 4892; baseline 0 -16"><span class='ocrx_word' id='word_1_736' title='bbox 1690 4825 1821 4877; x_wconf 89' lang='lat' dir='ltr'><strong>riam</strong></span> <span class='ocrx_word' id='word_1_737' title='bbox 1852 4831 1905 4878; x_wconf 89' lang='lat' dir='ltr'><strong>et</strong></span> <span class='ocrx_word' id='word_1_738' title='bbox 1933 4821 2039 4878; x_wconf 90' lang='lat' dir='ltr'><strong>alio</strong></span> <span class='ocrx_word' id='word_1_739' title='bbox 2070 4834 2313 4892; x_wconf 88' lang='lat' dir='ltr'><strong>tempore</strong></span> <span class='ocrx_word' id='word_1_740' title='bbox 2344 4838 2448 4877; x_wconf 89' lang='lat' dir='ltr'><strong>non</strong></span> <span class='ocrx_word' id='word_1_741' title='bbox 2487 4835 2766 4877; x_wconf 86' lang='lat' dir='ltr'><strong>cessamus</strong></span> <span class='ocrx_word' id='word_1_742' title='bbox 2798 4820 3161 4890; x_wconf 84' lang='lat' dir='ltr'><strong>frequentare.</strong></span> <span class='ocrx_word' id='word_1_743' title='bbox 3200 4820 3269 4877; x_wconf 22' lang='lat' dir='ltr'><strong>In.</strong></span> 
     </span>
    </p>
   </div>
   <div class='ocr_carea' id='block_1_111' title="bbox 1690 4912 3261 4983">
    <p class='ocr_par' dir='ltr' id='par_1_111' title="bbox 1690 4912 3261 4983">
     <span class='ocr_line' id='line_1_112' title="bbox 1690 4912 3261 4983; baseline -0.004 -14"><span class='ocrx_word' id='word_1_744' title='bbox 1690 4914 1828 4969; x_wconf 86' lang='lat' dir='ltr'><strong>festo</strong></span> <span class='ocrx_word' id='word_1_745' title='bbox 1854 4912 2136 4983; x_wconf 79' lang='lat' dir='ltr'><strong>cujuslibet</strong></span> <span class='ocrx_word' id='word_1_746' title='bbox 2154 4914 2326 4969; x_wconf 89' lang='lat' dir='ltr'><strong>sancti</strong></span> <span class='ocrx_word' id='word_1_747' title='bbox 2347 4914 2510 4968; x_wconf 83' lang='lat' dir='ltr'><strong>trium</strong></span> <span class='ocrx_word' id='word_1_748' title='bbox 2534 4912 3025 4982; x_wconf 86' lang='lat' dir='ltr'><strong>responsoriorum,</strong></span> <span class='ocrx_word' id='word_1_749' title='bbox 3042 4919 3261 4965; x_wconf 79' lang='lat' dir='ltr'><strong>noctur-</strong></span> 
     </span>
    </p>
   </div>
   <div class='ocr_carea' id='block_1_112' title="bbox 1686 5004 3263 5082">
    <p class='ocr_par' dir='ltr' id='par_1_112' title="bbox 1686 5004 3263 5082">
     <span class='ocr_line' id='line_1_113' title="bbox 1686 5004 3263 5082; baseline -0.004 -19"><span class='ocrx_word' id='word_1_750' title='bbox 1686 5025 1809 5063; x_wconf 90' lang='lat' dir='ltr'><strong>nam</strong></span> <span class='ocrx_word' id='word_1_751' title='bbox 1839 5008 2178 5082; x_wconf 85' lang='lat' dir='ltr'><strong>[nocturnas]</strong></span> <span class='ocrx_word' id='word_1_752' title='bbox 2207 5025 2314 5063; x_wconf 91' lang='lat' dir='ltr'><strong>non</strong></span> <span class='ocrx_word' id='word_1_753' title='bbox 2350 5008 2700 5073; x_wconf 87' lang='lat' dir='ltr'><strong>dimittimus;</strong></span> <span class='ocrx_word' id='word_1_754' title='bbox 2741 5014 2928 5062; x_wconf 88' lang='lat' dir='ltr'><strong>sancto</strong></span> <span class='ocrx_word' id='word_1_755' title='bbox 2960 5015 3141 5060; x_wconf 89' lang='lat' dir='ltr'><strong>tamen</strong></span> <span class='ocrx_word' id='word_1_756' title='bbox 3176 5004 3263 5057; x_wconf 86' lang='lat' dir='ltr'><strong>in-</strong></span> 
     </span>
    </p>
   </div>
   <div class='ocr_carea' id='block_1_113' title="bbox 1684 5097 3259 5168">
    <p class='ocr_par' dir='ltr' id='par_1_113' title="bbox 1684 5097 3259 5168">
     <span class='ocr_line' id='line_1_114' title="bbox 1684 5097 3259 5168; baseline -0.001 -18"><span class='ocrx_word' id='word_1_757' title='bbox 1684 5099 2035 5164; x_wconf 86' lang='lat' dir='ltr'><strong>vitatorium,_</strong></span> <span class='ocrx_word' id='word_1_758' title='bbox 2060 5100 2465 5168; x_wconf 83' lang='lat' dir='ltr'><strong>responsorium</strong></span> <span class='ocrx_word' id='word_1_759' title='bbox 2505 5108 2558 5154; x_wconf 90' lang='lat' dir='ltr'><strong>et</strong></span> <span class='ocrx_word' id='word_1_760' title='bbox 2597 5098 2943 5153; x_wconf 88' lang='lat' dir='ltr'><strong>matutinales</strong></span> <span class='ocrx_word' id='word_1_761' title='bbox 2972 5097 3175 5161; x_wconf 82' lang='lat' dir='ltr'><strong>laudes,</strong></span> <span class='ocrx_word' id='word_1_762' title='bbox 3203 5106 3259 5149; x_wconf 78' lang='lat' dir='ltr'><strong>et</strong></span> 
     </span>
    </p>
   </div>
   <div class='ocr_carea' id='block_1_114' title="bbox 1684 5184 3258 5257">
    <p class='ocr_par' dir='ltr' id='par_1_114' title="bbox 1684 5184 3258 5257">
     <span class='ocr_line' id='line_1_115' title="bbox 1684 5184 3258 5257; baseline -0.001 -18"><span class='ocrx_word' id='word_1_763' title='bbox 1684 5187 1786 5240; x_wconf 86' lang='lat' dir='ltr'><strong>alia</strong></span> <span class='ocrx_word' id='word_1_764' title='bbox 1817 5202 1989 5257; x_wconf 88' lang='lat' dir='ltr'><strong>usque</strong></span> <span class='ocrx_word' id='word_1_765' title='bbox 2015 5188 2085 5245; x_wconf 82' lang='lat' dir='ltr'><strong>ad</strong></span> <span class='ocrx_word' id='word_1_766' title='bbox 2117 5187 2279 5242; x_wconf 90' lang='lat' dir='ltr'><strong>ﬁnem</strong></span> <span class='ocrx_word' id='word_1_767' title='bbox 2310 5188 2490 5242; x_wconf 67' lang='lat' dir='ltr'><strong>missae</strong></span> <span class='ocrx_word' id='word_1_768' title='bbox 2532 5187 2909 5253; x_wconf 80' lang='lat' dir='ltr'><strong>concedimus;</strong></span> <span class='ocrx_word' id='word_1_769' title='bbox 2942 5184 3148 5255; x_wconf 80' lang='lat' dir='ltr'><strong>reliqua</strong></span> <span class='ocrx_word' id='word_1_770' title='bbox 3189 5184 3258 5238; x_wconf 86' lang='lat' dir='ltr'><strong>de</strong></span> 
     </span>
    </p>
   </div>
   <div class='ocr_carea' id='block_1_115' title="bbox 1685 5276 3257 5347">
    <p class='ocr_par' dir='ltr' id='par_1_115' title="bbox 1685 5276 3257 5347">
     <span class='ocr_line' id='line_1_116' title="bbox 1685 5276 3257 5347; baseline -0.004 -13"><span class='ocrx_word' id='word_1_771' title='bbox 1685 5280 1982 5336; x_wconf 86' lang='lat' dir='ltr'><strong>ferialibus.</strong></span> <span class='ocrx_word' id='word_1_772' title='bbox 2006 5278 2141 5334; x_wconf 87' lang='lat' dir='ltr'><strong>Nam</strong></span> <span class='ocrx_word' id='word_1_773' title='bbox 2167 5278 2314 5347; x_wconf 60' lang='lat' dir='ltr'><strong>iuxta</strong></span> <span class='ocrx_word' id='word_1_774' title='bbox 2345 5278 2647 5341; x_wconf 61' lang='lat' dir='ltr'><strong>Romanam</strong></span> <span class='ocrx_word' id='word_1_775' title='bbox 2666 5278 3106 5334; x_wconf 80' lang='lat' dir='ltr'><strong>consuetudinem</strong></span> <span class='ocrx_word' id='word_1_776' title='bbox 3138 5276 3257 5329; x_wconf 80' lang='lat' dir='ltr'><strong>nul-</strong></span> 
     </span>
    </p>
   </div>
   <div class='ocr_carea' id='block_1_116' title="bbox 1684 5367 3261 5440">
    <p class='ocr_par' dir='ltr' id='par_1_116' title="bbox 1684 5367 3261 5440">
     <span class='ocr_line' id='line_1_117' title="bbox 1684 5367 3261 5440; baseline -0.004 -14"><span class='ocrx_word' id='word_1_777' title='bbox 1684 5372 1785 5427; x_wconf 89' lang='lat' dir='ltr'><strong>lius</strong></span> <span class='ocrx_word' id='word_1_778' title='bbox 1816 5372 1987 5428; x_wconf 89' lang='lat' dir='ltr'><strong>sancti</strong></span> <span class='ocrx_word' id='word_1_779' title='bbox 2022 5372 2181 5426; x_wconf 87' lang='lat' dir='ltr'><strong>trinm</strong></span> <span class='ocrx_word' id='word_1_780' title='bbox 2201 5370 2665 5440; x_wconf 83' lang='lat' dir='ltr'><strong>responsoriorum</strong></span> <span class='ocrx_word' id='word_1_781' title='bbox 2681 5370 3008 5439; x_wconf 76' lang='lat' dir='ltr'><strong>mentionem</strong></span> <span class='ocrx_word' id='word_1_782' title='bbox 3023 5367 3261 5423; x_wconf 79' lang='lat' dir='ltr'><strong>facimus</strong></span> 
     </span>
    </p>
   </div>
   <div class='ocr_carea' id='block_1_117' title="bbox 1684 5459 3250 5532">
    <p class='ocr_par' dir='ltr' id='par_1_117' title="bbox 1684 5459 3250 5532">
     <span class='ocr_line' id='line_1_118' title="bbox 1684 5459 3250 5532; baseline -0.003 -17"><span class='ocrx_word' id='word_1_783' title='bbox 1684 5472 1804 5532; x_wconf 83' lang='lat' dir='ltr'><strong>post</strong></span> <span class='ocrx_word' id='word_1_784' title='bbox 1830 5462 2075 5526; x_wconf 85' lang='lat' dir='ltr'><strong>missam,</strong></span> <span class='ocrx_word' id='word_1_785' title='bbox 2100 5460 2212 5514; x_wconf 86' lang='lat' dir='ltr'><strong>sive</strong></span> <span class='ocrx_word' id='word_1_786' title='bbox 2257 5459 2363 5513; x_wconf 79' lang='lat' dir='ltr'><strong>itla‘</strong></span> <span class='ocrx_word' id='word_1_787' title='bbox 2388 5469 2621 5514; x_wconf 86' lang='lat' dir='ltr'><strong>canatur</strong></span> <span class='ocrx_word' id='word_1_788' title='bbox 2653 5460 2719 5514; x_wconf 85' lang='lat' dir='ltr'><strong>ad</strong></span> <span class='ocrx_word' id='word_1_789' title='bbox 2753 5460 2993 5524; x_wconf 85' lang='lat' dir='ltr'><strong>tertiam,</strong></span> <span class='ocrx_word' id='word_1_790' title='bbox 3027 5460 3140 5513; x_wconf 88' lang='lat' dir='ltr'><strong>sive</strong></span> <span class='ocrx_word' id='word_1_791' title='bbox 3182 5459 3250 5512; x_wconf 82' lang='lat' dir='ltr'><strong>ad</strong></span> 
     </span>
    </p>
   </div>
   <div class='ocr_carea' id='block_1_118' title="bbox 1683 5547 3258 5617">
    <p class='ocr_par' dir='ltr' id='par_1_118' title="bbox 1683 5547 3258 5617">
     <span class='ocr_line' id='line_1_119' title="bbox 1683 5547 3258 5617; baseline -0.001 -13"><span class='ocrx_word' id='word_1_792' title='bbox 1683 5560 1910 5605; x_wconf 76' lang='lat' dir='ltr'><strong>sextam.</strong></span> <span class='ocrx_word' id='word_1_793' title='bbox 1942 5549 2053 5603; x_wconf 88' lang='lat' dir='ltr'><strong>Imo</strong></span> <span class='ocrx_word' id='word_1_794' title='bbox 2083 5562 2205 5602; x_wconf 88' lang='lat' dir='ltr'><strong>cum</strong></span> <span class='ocrx_word' id='word_1_795' title='bbox 2226 5547 2345 5617; x_wconf 68' lang='lat' dir='ltr'><strong>ipsa.</strong></span> <span class='ocrx_word' id='word_1_796' title='bbox 2368 5548 2531 5603; x_wconf 76' lang='lat' dir='ltr'><strong>missa</strong></span> <span class='ocrx_word' id='word_1_797' title='bbox 2564 5550 2888 5604; x_wconf 85' lang='lat' dir='ltr'><strong>mentionem</strong></span> <span class='ocrx_word' id='word_1_798' title='bbox 2922 5549 3091 5604; x_wconf 86' lang='lat' dir='ltr'><strong>sancti</strong></span> <span class='ocrx_word' id='word_1_799' title='bbox 3126 5549 3258 5602; x_wconf 40' lang='lat' dir='ltr'><strong>ﬁnis</strong></span> 
     </span>
    </p>
   </div>
   <div class='ocr_carea' id='block_1_119' title="bbox 1684 5640 3253 5711">
    <p class='ocr_par' dir='ltr' id='par_1_119' title="bbox 1684 5640 3253 5711">
     <span class='ocr_line' id='line_1_120' title="bbox 1684 5640 3253 5711; baseline -0.002 -14"><span class='ocrx_word' id='word_1_800' title='bbox 1684 5658 1821 5697; x_wconf 90' lang='lat' dir='ltr'><strong>mus.</strong></span> <span class='ocrx_word' id='word_1_801' title='bbox 1850 5642 1905 5696; x_wconf 90' lang='lat' dir='ltr'><strong>In</strong></span> <span class='ocrx_word' id='word_1_802' title='bbox 1938 5643 2076 5698; x_wconf 83' lang='lat' dir='ltr'><strong>festo</strong></span> <span class='ocrx_word' id='word_1_803' title='bbox 2100 5653 2283 5697; x_wconf 85' lang='lat' dir='ltr'><strong>autem</strong></span> <span class='ocrx_word' id='word_1_804' title='bbox 2306 5655 2498 5696; x_wconf 86' lang='lat' dir='ltr'><strong>novem</strong></span> <span class='ocrx_word' id='word_1_805' title='bbox 2537 5640 2829 5697; x_wconf 83' lang='lat' dir='ltr'><strong>lectionum</strong></span> <span class='ocrx_word' id='word_1_806' title='bbox 2858 5644 3037 5702; x_wconf 88' lang='lat' dir='ltr'><strong>omnia</strong></span> <span class='ocrx_word' id='word_1_807' title='bbox 3081 5656 3253 5711; x_wconf 82' lang='lat' dir='ltr'><strong>usque</strong></span> 
     </span>
    </p>
   </div>
   <div class='ocr_carea' id='block_1_120' title="bbox 1682 5732 2891 5803">
    <p class='ocr_par' dir='ltr' id='par_1_120' title="bbox 1682 5732 2891 5803">
     <span class='ocr_line' id='line_1_121' title="bbox 1682 5732 2891 5803; baseline 0.002 -16"><span class='ocrx_word' id='word_1_808' title='bbox 1682 5735 1747 5787; x_wconf 75' lang='lat' dir='ltr'><strong>ad</strong></span> <span class='ocrx_word' id='word_1_809' title='bbox 1777 5732 2066 5788; x_wconf 85' lang='lat' dir='ltr'><strong>secundam</strong></span> <span class='ocrx_word' id='word_1_810' title='bbox 2100 5747 2375 5802; x_wconf 85' lang='lat' dir='ltr'><strong>vesperam</strong></span> <span class='ocrx_word' id='word_1_811' title='bbox 2407 5732 2472 5787; x_wconf 91' lang='lat' dir='ltr'><strong>de</strong></span> <span class='ocrx_word' id='word_1_812' title='bbox 2502 5732 2637 5788; x_wconf 85' lang='lat' dir='ltr'><strong>festo</strong></span> <span class='ocrx_word' id='word_1_813' title='bbox 2666 5734 2891 5803; x_wconf 83' lang='lat' dir='ltr'><strong>agimus.</strong></span> 
     </span>
    </p>
   </div>
  </div>
