3846 6324
0 287 91 370 -ω
111 290 128 342 ι
145 290 202 342 5.

1483 291 1826 360 MlCliOLOG
1841 306 1946 361 US.

3191 321 3283 376 lﬂl
3299 319 3335 377 »ιδ

0 400 376 456 nunizatum
419 401 890 473 deprehendimus.
929 408 1062 464 Cum
1103 416 1295 465 autem.
1322 411 1646 470 festivitates
1676 405 1720 458 Α
1752 421 1962 488 Patres,
1998 425 2102 480 Leo
2131 427 2374 499 Magnus,
2408 429 2676 496 Gel-asins,
2705 431 3000 502 Gregorius
3031 449 3165 506 papa
3215 439 3342 505 ντὶ-.

1 505 256 545 novem
285 493 572 549 lectionum
616 497 667 551 in
713 498 1137 571 Quadragesima
1181 505 1424 574 agimus,
1461 506 1640 561 omnia

5 587 95 637 de
145 586 322 648 festo,
354 589 440 642 die
471 604 534 644 ac
563 603 737 654 nocte,
761 594 1059 648 etmissa‘m
1092 596 1156 649 de
1185 596 1301 665 ipso
1332 599 1400 652 ad
1427 599 1641 652 tertiam

7 677 258 731 festive
281 679 529 734 dicimus.
564 682 637 736 De
668 682 1092 754 Quadragesima
1123 703 1252 742 vero
1283 699 1404 757 post
1430 689 1666 765 Benedi—b

8 786 242 821 ramus
292 770 640 838 aatiphonam
690 773 931 828 terialem
978 791 1100 830 cum
1151 780 1402 848 prccil.us
1439 790 1494 834 et
1529 797 1647 834 ora-

12 861 240 922 tione,
279 863 464 917 ethoc
505 865 570 918 ad
617 867 936 920 tuatutinmn
980 878 1033 921 et
1077 851 1359 940 vesperum
1407 881 1644 933 tantum.

11 953 287 1008 missam
333 971 546 1024 quoque
592 957 658 1012 de
695 958 1125 1030 Quadragesima
1169 963 1481 1020 adNonam
1523 980 1644 1019 cum

12 1045 458 1115 genuﬂcxione.

348 1136 477 1211 CAP.
507 1138 696 1193 XLIX.
719 1171 786 1180 —-
813 1140 886 1195 De
913 1142 1093 1210 Capite
1129 1145 1350 1214 Jejunii.

108 1225 174 1278 ln
213 1224 405 1296 Capite
454 1227 648 1297 Jejunii
702 1231 924 1307 missam
973 1235 1200 1290 dicimus
1229 1239 1294 1289 ad
1337 1236 1564 1302 Bonam,
1595 1249 1648 1290 et

10 1330 56 1369 0
89 1317 243 1370 nnia
278 1317 508 1374 iacimus
541 1331 599 1373 ut
630 1321 680 1374 iu
710 1323 1157 1394 Quadragcsima.
1191 1327 1326 1381 Cum
1355 1330 1523 1393 enim
1573 1329 1647 1382 illi

11 1419 294 1474 quatuor
359 1408 475 1463 dies
532 1425 632 1478 pro
697 1412 1098 1482 complemento
1159 1415 1650 1486 Quazlragcsimalis

7 1495 246 1564 jejunii
312 1499 672 1569 recipiantur,
747 1506 1059 1559 necessario
1111 1506 1647 1576 Quadragesimalem

15 1587 464 1643 observantiam
492 1591 838 1654 obtinebunt.
891 1596 1136 1651 videlicet
1182 1609 1236 1651 ut
1270 1601 1480 1653 tandem
1518 1601 1646 1671 [non

17 1680 180 1752 nisi}
212 1691 341 1751 post
375 1698 653 1752 vesperam
681 1685 951 1756 jejunium
978 1690 1243 1756 solvatur,
1279 1693 1418 1747 sicut
1451 1694 1502 1747 in
1552 1710 1644 1748 ca-

1747 532 1888 582 mus,
1915 527 1970 571 et
1999 521 2288 587 secundus,
2313 530 2367 576 et
2391 524 2671 592 septimus,
2699 526 3328 596 constituissclcguntur.

1747 607 1999 664 Tractum
2030 627 2040 661 :
2075 610 2311 674 Domine,
2343 630 2442 665 non
2473 616 2775 676 secundum,
2801 631 2958 685 quem
2994 616 3043 669 in
3083 615 3326 682 Quadra-

1747 701 2414 771 gesimafrequentamus,
2463 721 2566 759 non
2619 715 2726 759 tam
2769 723 2832 761 ex
2861 707 3104 763 Romano
3131 706 3332 764 Ordine

1746 803 1904 858 quam
1929 805 1990 844 ex
2017 777 2200 845 nostra
2225 795 2616 850 consuetudine
2641 812 2982 866 usurpamus.
3004 797 3327 853 Melchiades

1747 898 1908 951 papa,
1959 899 1986 936 a
2033 885 2094 939 B.
2135 884 2296 943 Petro
2344 887 2646 942 tricesimus
2694 889 2902 952 tertius,
2951 891 3234 944 constituit
3275 901 3333 943 ut
3389 901 3392 906 '

1751 972 1929 1027 nullus
1963 973 2014 1026 in
2059 975 2360 1039 Dominica,
2414 992 2512 1030 nec
2571 977 2621 1030 in
2663 978 2848 1046 quinta
2882 978 3015 1032 feria
3041 977 3328 1046 jejunaret.
3371 997 3378 1044 ι

1753 1063 1902 1118 Unde
1925 1077 2145 1121 sanctus
2187 1067 2482 1138 Gregorius
2537 1069 2590 1123 in
2639 1071 2994 1139 dispositione
3030 1071 3339 1126 ofﬁciorum.

1752 1157 1994 1224 quintam
2027 1157 2216 1212 feriam
2248 1161 2384 1214 infra
2420 1161 2898 1229 Quatlragesimam
2936 1173 3218 1217 vacantem
3250 1164 3343 1217 dia

1753 1248 1917 1309 misit,
1949 1259 2005 1302 ut
2056 1251 2180 1316 quia
2227 1250 2416 1304 festiva
2461 1261 2598 1313 erat,
2638 1253 2776 1306 sicut
2828 1253 3124 1316 Dominica,
3169 1255 3330 1306 ctiam

1751 1338 1929 1392 ollicio
1997 1339 2315 1394 Dominieali
2360 1343 2742 1397 honor-aretur.
2813 1344 2918 1397 Sed
2980 1345 3102 1413 quia
3144 1345 3330 1396 eadem

1753 1428 1885 1481 feria
1907 1429 2129 1499 jejuniis
2157 1432 2496 1500 postmodum
2546 1435 2812 1502 applicata
2868 1443 2970 1500 est,
3005 1444 3063 1487 ut
3093 1435 3334 1502 reliqua',

1752 1519 2045 1586 Gregorius
2094 1520 2285 1574 Jnnior
2322 1521 2515 1577 statuit
2546 1520 2729 1592 [Grog.
2760 1521 2949 1576 Junior
2997 1532 3053 1575 ut
3096 1520 3336 1590 reliquas

1753 1612 1961 1684 statuit]
2021 1628 2141 1667 esse
2168 1614 2460 1669 solemnem
2484 1615 2674 1670 ciliciis
2696 1617 3050 1684 undecunque
3073 1615 3360 1683 ςθΗιιιιιῖς,⁵

1754 1713 1807 1756 ct
1835 1705 2070 1758 maxime
2100 1721 2162 1758 cx
2191 1707 2534 1761 a‘slivalibus.
2549 1707 2867 1772 Dominicis,
2902 1711 3040 1762 unde
3095 1719 3150 1762 et
3193 1709 3336 1761 anti-

15 1773 294 1827 nonilms
325 1777 653 1845 pr:ecipitur,
693 1783 834 1848 quod
863 1791 1040 1836 tazncn
1068 1784 1173 1837 alio
1199 1793 1438 1854 tempore
1463 1787 1646 1840 statim
1685 1759 1727 1812 Β
1755 1795 1946 1862 ριιοητΒ
1993 1810 2056 1847 ev
2111 1798 2534 1853 Dominicalihus
2574 1800 2869 1869 evangeliis
2914 1801 3119 1868 quintis
3185 1799 3338 1853 feriis

17 1872 171 1928 post
202 1863 416 1919 Nonam
449 1867 698 1933 solvitur,
729 1883 926 1928 cumet
968 1874 1130 1928 missa
1169 1877 1234 1929 ad
1259 1876 1478 1930 Sextatn
1511 1878 1650 1937 Celeo

15 1952 272 2007 bratur.
305 1953 360 2008 ln
395 1956 496 2010 hoc
549 1958 696 2013 enim
749 1961 1229 2031 Quadragesimale
1269 1965 1531 2036 jejunium
1579 1969 1650 2022 ab

16 2044 403 2120 aliis‘diﬂ'ert
431 2049 643 2115 diebus,
696 2053 838 2121 quod
881 2055 932 2107 in
988 2056 1110 2110 aliis
1157 2066 1277 2126 post
1329 2057 1555 2122 Nonam,
1597 2061 1648 2113 in

23 2136 152 2188 hoc
205 2145 401 2218 autem
433 2147 552 2206 post
601 2155 875 2212 veSperam
930 2145 1155 2202 reﬁcere
1205 2149 1484 2204 debemus.
1539 2150 1650 2204 Nec

19 2221 205 2290 juxta
235 2241 468 2285 canones
498 2232 1318 2308 Quadragesimaliterjejunarc
1339 2223 1647 2308 censentur,

25 2319 80 2369 si
119 2329 262 2373 ante
294 2336 574 2392 vesperam
610 2325 900 2379 rclicimur.
937 2329 1075 2398 Ergo
1105 2339 1159 2384 et
1192 2331 1242 2384 in
1299 2333 1383 2388 his
1417 2343 1654 2402 quatuor

29 2408 251 2464 diebus
283 2411 535 2468 similiter
558 2412 808 2482 jcjunare
837 2417 1114 2483 debemus,
1146 2423 1190 2475 si
1235 2437 1356 2475 cum
1390 2423 1457 2476 iis
1507 2425 1652 2491 Qua-

28 2500 423 2569 dragesimale
446 2504 709 2574 jejunium
744 2507 1037 2577 adimplere
1068 2511 1334 2565 volumus.
1401 2512 1552 2569 Unde
1597 2524 1663 2570 et.

33 2589 228 2641 missa
258 2589 310 2642 in
342 2591 406 2644 iis
437 2592 630 2649 diebus
661 2610 766 2649 non
800 2599 866 2650 ad
897 2598 1139 2663 Sextam,
1173 2605 1264 2655 sed
1317 2604 1384 2657 ad
1441 2603 1650 2659 Nonum

30 2679 256 2735 Ine-.ito
283 2681 610 2738 celebratur.
660 2684 758 2740 Est
807 2690 949 2740 enim
998 2690 1367 2748 ecclesiastica
1417 2710 1648 2750 consue—

35 2770 189 2820 ιιι.ἷο
225 2776 283 2820 ιιι
315 2770 379 2823 ad
413 2769 624 2825 Nonam
654 2773 952 2843 reficiatur,
978 2792 1099 2832 cum
1133 2781 1198 2833 ad
1252 2782 1472 2836 Sextam
1522 2786 1650 2838 mis-

34 2877 172 2914 sam
214 2863 593 2933 celebramus;
622 2869 688 2923 ad
720 2883 1000 2938 vesperam
1043 2883 1246 2939 autem,
1285 2892 1406 2929 cum
1441 2880 1507 2931 ad
1547 2877 1652 2931 Na-

37 2972 180 3008 natn
215 2957 588 3015 sacriﬁcamus
616 2978 630 3025 ;
678 2971 731 3015 ιιι
755 2977 884 3032 ergo
914 2972 966 3016 et
993 2964 1044 3018 in
1071 2966 1136 3019 iis
1157 2967 1345 3032 diebus
1372 2984 1540 3038 usque
1581 2970 1649 3024 ad

34 3061 344 3115 vesperam
377 3048 707 3118 jejunemus,
731 3055 1053 3108 canonicum
1078 3043 1178 3120 est,
1213 3067 1269 3112 ut
1319 3071 1374 3113 et
1425 3061 1645 3114 missam

40 3140 117 3192 ad
147 3136 364 3193 Nonam
395 3141 733 3198 differamus.
772 3143 1065 3199 Sciendum
1092 3157 1273 3202 autem
1321 3136 1427 3204 nan
1473 3150 1646 3204 solum

42 3231 384 3296 modernos,
429 3243 488 3287 ut
540 3229 758 3304 quidam
817 3247 1030 3307 putant,
1080 3242 1172 3295 sed
1236 3251 1292 3296 et
1333 3244 1584 3312 antiquos
1620 3260 1650 3297 a

44 3319 254 3388 Capite
280 3319 476 3389 Jejunii
508 3324 820 3394 incmpisse,
853 3343 976 3382 cum
1018 3338 1070 3383 ct
1111 3329 1167 3384 S.
1225 3329 1519 3400 Gregorius
1577 3331 1652 3386 ibi

46 3411 562 3482 Quadragesimalia
595 3416 769 3472 ollicia
796 3418 1046 3474 videatur
1075 3421 1340 3478 initiasse.
1369 3423 1459 3478 Sic
1504 3425 1650 3478 enim

51 3505 105 3557 in
138 3504 498 3575 Gregorianis
527 3507 988 3565 Sacramenlariis
1019 3513 1132 3567 sive
1171 3513 1535 3571 Gradualibus
1584 3516 1651 3570 li-

50 3597 174 3650 ln-is
229 3599 637 3657 evidentissiine
693 3602 1019 3659 declaratur.
1073 3605 1422 3676 Subsequens
1470 3618 1650 3664 tamen

48 3688 347 3743 honrinica
392 3692 608 3760 proprie
663 3692 878 3748 initium
931 3686 1371 3766 Quadragesimac
1414 3699 1652 3767 dicitur;

48 3779 206 3832 tmth
238 3791 296 3834 ct
326 3797 433 3835 xm
472 3784 588 3838 dies
646 3800 815 3853 usque
864 3786 916 3840 in
976 3786 1180 3842 Pascha
1228 3797 1648 3858 computantur;

43 3871 411 3939 quibuscum
458 3889 552 3928 sex
604 3875 918 3931 Dominicas
964 3879 1361 3943 subtrahimus,
1405 3895 1512 3936 non
1551 3882 1655 3936 nisi

43 3964 293 4033 trig'nta
321 3979 415 4016 sex
448 3964 500 4018 in
545 3966 873 4024 abstinentia
901 3969 1272 4024 observamus.
1303 3971 1444 4041 Ergo
1485 3987 1511 4024 a
1554 3972 1660 4026 (ἐξιε-

37 4060 174 4128 pitc
231 4056 430 4126 Jnjttuii
462 4061 785 4114 necessario.
817 4062 1126 4131 incipimus,
1169 4065 1211 4118 si
1257 4081 1378 4119 cum
1429 4065 1664 4122 Domino-

29 4149 331 4221 ji-junium
383 4152 752 4221 quadraginta
799 4154 1008 4211 dierum
1062 4156 1333 4226 complere
1385 4157 1654 4216 voltunus.

37 4242 285 4299 Exinde
317 4242 478 4295 etiam
505 4244 810 4298 orationem
843 4261 1006 4314 super
1030 4247 1281 4316 populum
1319 4249 1473 4318 juxta
1521 4251 1659 4306 Gre-

37 4331 204 4405 gut'ii
238 4331 634 4387 institutionem
686 4336 1020 4403 exordimur,
1055 4352 1215 4406 quam
1265 4355 1540 4409 nunquam
1585 4342 1663 4396 di—

1752 1885 1927 1938 adhuc
1957 1887 2206 1954 ascriptie
2241 1889 2606 1955 reperiuntur,
2636 1900 2692 1943 ut
2717 1905 2790 1944 ex.
2809 1890 3088 1958 evangelio
3115 1907 3128 1943 :
3164 1889 3352 1944 Homo-

1750 1977 1964 2044 qnidnm
1996 1987 2103 2029 erat
2136 1979 2292 2032 diros.
2325 1989 2377 2032 et
2404 1998 2415 2032 :
2455 1979 2570 2032 Ibo!
2599 1980 2787 2044 Iesus;
2821 1989 2874 2034 et
2914 1981 2963 2034 in
2998 1980 3333 2035 liebtlomada

1752 2081 1966 2134 quoque
2017 2069 2366 2123 Pentecostes
2403 2072 2595 2139 quinta
2635 2071 2766 2125 feria
2818 2070 2993 2126 ollicio
3041 2071 3337 2124 Dominicm

1754 2159 2094 2214 inciliciatur.
2130 2161 2367 2216 Sabbata
2405 2176 2530 2218 ante
2586 2165 3064 2233 Quadragcsinmm
3113 2173 3166 2217 et
3211 2171 3347 2216 ante

1753 2251 1964 2305 Paltnas
1995 2253 2392 2307 Dominicarum
2449 2272 2670 2310 suarum
2699 2257 2871 2310 ollicia
2909 2256 3192 2333 recipiunt,
3240 2271 3340 2309 ncc

1754 2341 2044 2406 innuerito,
2079 2360 2199 2397 cum
2223 2346 2452 2413 quilibet
2486 2346 2600 2398 dies
2627 2347 2823 2414 privati
2853 2347 2918 2398 de
2956 2347 3067 2399 suis
3097 2346 3337 2398 Domini-

1753 2432 1832 2486 cis
1861 2433 2067 2488 soleant
2115 2435 2416 2489 inotliciari.
2464 2438 2544 2491 Ad
2573 2453 2764 2492 omnes
2795 2439 2956 2492 horas
2985 2438 3327 2506 quadragesi-

1755 2521 1921 2575 males
1980 2540 2153 2592 genua
2211 2524 2496 2579 ﬂectimus.
2556 2525 2685 2579 ltcm
2743 2528 2808 2580 ad
2855 2527 3094 2588 ιιιίς-ῖειιιιι,
3127 2527 3340 2579 etiamsi

1754 2612 2005 2667 salutatio
2041 2617 2306 2683 przccedat
2336 2618 2657 2681 orationem,
2693 2619 2795 2670 nisi
2846 2619 2950 2671 alia
2998 2619 3174 2672 oratio
3222 2617 3340 2671 sine

1753 2705 2077 2758 salutatione
2106 2709 2444 2775 praecesserit
2474 2727 2486 2761 :
2523 2718 2649 2762 tunc
2675 2709 2820 2762 enim
2851 2711 2917 2761 ad
2947 2710 3180 2778 priorem
3218 2718 3339 2761 tan-

1756 2804 1865 2848 tum
1891 2812 2061 2863 genua
2092 2798 2376 2864 ﬂectimus,
2427 2811 2656 2871 excepto
2707 2802 2777 2854 in-
2799 2812 2989 2870 quarta
3036 2801 3184 2857 feria
3219 2812 3342 2871 post.

1754 2883 1985 2949 Palmas,
2017 2886 2104 2940 ubi
2129 2889 2194 2940 ad
2237 2890 2677 2961 ntrasquejuxta
2727 2892 3027 2946 Romanum
3080 2892 3352 2948 Ordinem

1754 2991 1925 3045 genua
1957 2977 2240 3034 ﬂectimus.

1973 3067 2099 3122 CAP.
2126 3068 2207 3123 LI.
2235 3102 2304 3110 —
2333 3071 2405 3126 De
2429 3075 2668 3127 oratione
2690 3091 2843 3144 super
2863 3075 3128 3145 populum.

1829 3157 2138 3214 Orationem
2175 3179 2338 3232 super
2367 3166 2619 3235 papnlum
2659 3169 2710 3221 iu
2745 3168 3165 3235 Quadragesitna
3220 3168 3355 3221 idco.

1757 3250 2164 3319 frequentamus
2189 3256 2314 3324 quia
2342 3272 2462 3311 cum
2490 3258 2748 3326 majorem
2792 3259 3100 3313 conﬂictum
3133 3259 3183 3311 in
3202 3258 3359 3325 jejn-.

1756 3343 1862 3397 niis
1891 3353 1944 3396 et
1976 3343 2312 3400 orationibus
2339 3352 2536 3401 contra
2574 3349 2846 3418 Spiritalcs
2871 3364 2936 3402 ne
2959 3350 3139 3416 Iuitias
3168 3349 3338 3402 sumi-

1758 3452 1906 3500 nius,
1949 3438 2258 3493 necessario
2303 3456 2400 3494 nos
2448 3441 2738 3494 instantius
2793 3439 2901 3492 Dco
2963 3438 3344 3492 commendare

1756 3528 2032 3583 debemus.
2064 3528 2197 3582 Nam
2227 3529 2402 3583 oratio
2450 3539 2569 3598 post
2609 3529 3042 3583 contu‘mnioncm
3088 3542 3184 3596 pro
3215 3525 3345 3579 solis

1756 3621 2282 3678 communicantihus
2308 3621 2443 3675 solet
2473 3637 2650 3676 orare.
2705 3620 2938 3690 Populus
2993 3628 3198 3680 autem,
3239 3617 3356 3672 etsi.

1758 3709 1997 3776 qnozislie
2050 3709 2108 3764 in.
2154 3710 2578 3781 Quadragesima
2633 3712 2948 3775 conveniat,
3003 3725 3106 3763 non
3159 3719 3349 3763 tanmn

1759 3800 2021 3868 quotidie,
2059 3808 2115 3853 ιιι
2142 3802 2381 3865 deberet,
2414 3803 2802 3868 communicat.
2853 3800 2930 3856 Nc
2960 3816 3088 3871 ergo
3116 3800 3343 3870 populus

1761 3892 1831 3944 ita
1872 3892 2116 3946 oratione
2169 3901 2242 3961 ut“
2274 3894 2655 3947 communione
2699 3903 2946 3956 careret,
2997 3890 3207 3962 adjecta
3264 3899 3355 3945 est.

1759 3981 1936 4036 oratio
1964 3996 2126 4049 super
2155 3982 2431 4052 populum,
2459 3983 2509 4036 in
2534 3999 2640 4053 qua
2665 3999 2768 4038 non
2793 3984 2857 4037 de
2899 3982 3350 4036 communicatio-

1763 4085 1849 4133 ne,
1894 4073 1988 4126 sed
2017 4073 2083 4126 de
2103 4073 2282 4140 populi
2316 4073 2651 4142 protectione
2695 4072 3002 4141 specialiter
3044 4079 3250 4124 oratur.
3293 4069 3347 4122 ln

1765 4161 2057 4216 Durninicis
2090 4170 2265 4216 tamen
2292 4162 2482 4218 diebus
2510 4178 2615 4216 non
2633 4161 2849 4224 dicitur,
2887 4161 3012 4231 quia
3049 4159 3350 4226 genuﬂexio

1764 4256 1985 4320 vitatur,
2014 4271 2131 4324 quae
2160 4256 2287 4309 huic
2317 4255 2552 4309 orationi
2590 4270 2618 4306 a
2652 4253 2848 4323 pepulo
2884 4251 3182 4320 antiquitus
3222 4264 3353 4317 per-

1766 4345 2114 4412 solvebatur;
2140 4347 2223 4399 vel
2255 4346 2432 4414 potius
2456 4347 2574 4400 ideo
2613 4345 2739 4414 quia
2786 4359 2998 4408 omnes,
3022 4341 3177 4410 juxta
3209 4349 3350 4395 atte-

39 4427 246 4482 cimus
274 4423 377 4478 nisi
413 4439 534 4479 cum
560 4433 612 4480 et
644 4427 1188 4498 quadragesimalitcr
1212 4431 1462 4500 jejunare
1489 4434 1654 4488 debc-
1695 4461 1737 4514 ι)
1764 4440 2049 4493 stationem
2074 4440 2246 4493 sancti
2279 4438 2568 4499 Ambrosii,
2590 4439 2640 4491 in
2665 4437 2956 4491 Dominicis
2987 4435 3176 4488 diebus
3198 4449 3348 4487 cout-

40 4535 212 4576 ιιιτιε.

421 4613 548 4669 Car.
583 4615 643 4670 L.
665 4647 735 4656 —-
759 4617 833 4671 De
869 4617 1307 4688 Quadrugesima.

141 4701 202 4755 In
245 4700 710 4773 Quadragcsit‘nali
735 4707 1212 4778 dicitur-pt‘mfaitio
1239 4730 1250 4764 :
1281 4711 1661 4781 Quicorpornli

43 4795 302 4868 j.jtmio,
329 4793 481 4866 juxta
505 4806 763 4854 statutum
789 4800 992 4871 Pelagii
1019 4818 1189 4870 papar.
1234 4821 1336 4857 non
1384 4805 1561 4859 minus
1607 4806 1655 4859 iu

64 4887 379 4944 Dmninicis
409 4905 570 4957 quam
596 4891 649 4944 in
681 4907 869 4947 earum
899 4893 1068 4952 feriis.
1096 4897 1145 4954 Α,
1171 4897 1446 4952 Dominica
1483 4907 1656 4951 tamen

63 4979 674 5052 l’altnarum,.eo.quod
707 4984 777 5038 ibi
807 4986 1084 5053 passiones
1126 4986 1302 5056 legere
1347 4989 1655 5057 incipimus,

67 5069 455 5142 praefationem
486 5073 552 5126 de
580 5089 744 5128 cruce
768 5076 999 5130 (licinius
1027 5093 1196 5145 usque
1227 5079 1278 5130 in
1306 5078 1527 5133 Ctenam
1563 5080 1664 5133 [)0-

72 5160 241 5222 mini,
274 5159 525 5217 videlicet
551 5156 647 5233 per
671 5164 791 5218 illos
813 5166 1066 5234 quinque
1097 5168 1210 5220 dies
1255 5169 1657 5238 quinqueparti-

79 5267 196 5312 tam
227 5253 429 5308 Domini
459 5256 762 5324 passionem
791 5257 1124 5318 intimantes,
1157 5259 1437 5327 ipsamque
1461 5261 1664 5312 hebdo.

81 5347 300 5402 madam
325 5365 484 5415 quam
513 5349 684 5404 sancti
709 5348 902 5403 Patres
927 5349 1182 5418 Majorem
1228 5359 1441 5412 vocant,
1474 5351 1663 5405 eadem

83 5440 406 5513 praefatione
432 5442 759 5498 adornantes
787 5460 798 5494 :
835 5458 956 5495 nam
987 5453 1040 5496 et
1071 5443 1578 5496 comzenientissiine
1601 5459 1666 5497 eo

87 5545 330 5600 tempore
359 5531 557 5604 dicitur
604 5547 727 5585 cum
759 5531 824 5584 de
861 5533 1116 5601 passione
1152 5531 1359 5584 Domini
1387 5540 1493 5584 tam
1545 5549 1668 5600 spe-

89 5623 302 5681 cialiter
325 5622 518 5693 agitur.
557 5623 611 5676 ln
650 5623 822 5692 prima
863 5625 1195 5678 hebdomada
1229 5625 1666 5693 Quadragcsinnc

89 5713 463 5775 celebrandum
508 5722 593 5769 est
629 5713 894 5783 jejunium
923 5715 1161 5780 vernale,
1208 5715 1346 5770 sicut
1395 5724 1449 5770 et
1494 5715 1664 5771 sancti

1769 4524 2356 4592 tnunicare'deberent,
2388 4529 2584 4598 quibus
2632 4538 2684 4582 et
2735 4530 2908 4581 oratio
2955 4534 3075 4596 post
3112 4540 3355 4578 continu.

1769 4623 1982 4675 nionem
2019 4622 2519 4692 proabenedictione
2543 4621 2788 4675 sntiiccrc
2825 4627 3026 4688 posset.
3056 4617 3352 4670 Sciendum

1767 4721 2082 4776 estautem,
2105 4715 2261 4781 juxta
2285 4715 2536 4781 antiquos
2565 4712 2777 4773 Patres,
2806 4711 2944 4780 quod
2979 4710 3077 4764 soli
3107 4725 3346 4764 commu-

1768 4803 2014 4857 nicantes
2065 4804 2260 4858 divinis
2309 4803 2581 4874 mysteriis
2636 4803 2898 4856 interesse
2927 4809 3348 4862 consueverunt,

1770 4892 1910 4945 unde
1949 4901 2004 4945 et
2031 4903 2155 4946 ante
2182 4892 2504 4946 oblationem
2543 4890 2695 4958 juxta
2747 4906 2983 4945 canones
3021 4889 3352 4957 jubebantur

1766 4986 1916 5039 exire
1956 4985 2330 5040 catechumeni
2369 4994 2423 5039 et
2455 4985 2800 5054 pce-nitentes,
2845 4981 3097 5035 videlicet
3142 4980 3233 5048 qui
3273 4981 3354 5050 [nt

1767 5077 1881 5148 qui]
1921 5079 2153 5132 nondum
2177 5093 2236 5132 se
2259 5084 2581 5147 paraverunt
2608 5075 2672 5129 ad
2689 5073 3216 5128 cotmnunicamltnn.
3239 5071 3349 5124 lloc

1765 5181 1980 5234 quoque
2020 5166 2617 5235 ipsasacramentorum
2643 5162 2816 5217 innuit
2839 5160 3125 5226 confectio,
3155 5161 3206 5212 in
3241 5175 3349 5227 qua

1767 5256 2026 5308 sacerdos
2053 5270 2157 5309 non
2191 5270 2285 5322 pro
2315 5255 2424 5308 sola
2457 5271 2549 5308 sua
2575 5253 2853 5309 oblatione
2882 5260 2936 5303 ct
2980 5250 3350 5304 communica-9

1772 5347 1938 5411 tione,
1972 5346 2064 5400 sed
2093 5356 2146 5400 et
2168 5346 2393 5398 aliorum
2428 5357 2597 5413 rogat,
2634 5356 2688 5401 et
2719 5345 2955 5399 maxime
3005 5344 3055 5396 ia
3100 5343 3350 5396 oratione

1769 5447 1888 5506 post
1910 5438 2363 5502 communitmetn,
2379 5451 2475 5504 pro
2491 5436 2618 5489 solis
2644 5435 3167 5490 communicantibus
3189 5450 3349 5488 orare

1767 5536 2002 5590 videtur.
2059 5535 2166 5588 Nec
2213 5534 2427 5602 proprie
2481 5535 2788 5586 communio
2831 5535 2933 5588 dici
2995 5542 3190 5602 potes“
3241 5533 3367 5585 nisi-

1769 5629 1970 5698 pluries
1999 5628 2064 5679 de
2085 5625 2553 5680 codemsacriticio
2575 5625 2915 5694 participant.
2948 5627 3098 5694 Apud
3130 5627 3350 5680 Grarcos

1769 5721 1931 5775 etiam
1987 5727 2045 5773 ut
2087 5718 2296 5785 legitur,
2330 5717 2880 5773 cxcotnmunicaudus
2909 5726 3009 5783 est,
3057 5717 3146 5785 qui
3183 5730 3353 5782 ιμςιιεο
