3846 6324
566 308 659 363 101
671 306 706 362 5

1873 300 2145 359 MONUM.
2186 299 2462 358 LITURG.

3636 310 3727 370 ltili

565 422 631 474 al
671 418 882 475 tertiam
910 417 1240 473 Domiaicant
1269 433 1372 472 non
1400 418 1900 474 communicaverit.
1935 418 2140 472 Beatis—
2169 400 2213 456 Α
2240 419 2590 468 COIISCCl‘allIr
2617 431 2636 468 τ
2677 411 2890 469 ("amni
2939 419 3114 466 ῑηῐηθη
3163 410 3456 476 (laltnaticis
3496 426 3543 470 et
3579 423 3727 478 Subit};-

567 513 688 568 simi
721 527 934 581 quoque
967 510 1152 564 Patres
1179 511 1346 565 nostri
1388 511 1700 566 Ambrosius
1731 520 1782 565 et
1816 510 2147 575 Augustinus

567 603 634 655 ad
665 600 1033 670 quotidianam
1064 617 1164 655 nos
1195 603 1484 655 hortantur
1529 601 1985 654 conununioncm.
2040 598 2146 652 Sed

565 691 693 760 quia
721 692 824 744 boc
855 690 1014 743 modo
1037 705 1136 746 nec
1166 691 1235 745 ab
1261 691 1518 746 omnibus
1543 691 1872 761 presbyteris
1915 689 1966 743 in
1999 689 2146 755 Qua-

565 781 887 851 itragesima,
916 779 1114 834 nedum
1138 795 1166 833 a
1196 779 1368 844 laicis,
1409 780 1752 845 observatur,
1783 795 2019 850 congrue
2047 779 2146 832 ad-

560 871 705 938 jecta
742 879 821 924 est
845 871 1022 924 oratio
1047 885 1209 940 super
1234 872 1524 942 populum.
1575 880 1632 925 ut
1680 871 1762 926 vel
1807 886 1874 926 eo
1908 879 2148 940 tempore

567 961 757 1014 ultima
776 961 1153 1016 benedictione
1182 963 1410 1032 pepulus
1435 979 1538 1018 non
1562 972 1796 1026 careret,
1821 963 1946 1017 dum
1967 974 2145 1016 tamen

566 1049 977 1103 communicare
1004 1064 1109 1103 non
1139 1049 1356 1106 soleret.
1389 1050 1525 1105 Hine
1567 1065 1782 1120 quoque
1808 1059 1858 1104 et
1900 1050 1987 1104 illa
2021 1065 2149 1104 con-

564 1136 797 1192 suctudo
813 1138 950 1206 apud
983 1140 1293 1207 moderans,
1315 1155 1433 1209 qua!
1456 1156 1560 1198 non
1582 1139 1684 1195 fuit
1703 1141 1842 1211 apud
1872 1141 2148 1210 antiquos,

565 1227 856 1284 inolevisse
883 1229 1111 1294 videtur,
1157 1239 1216 1284 ut
1256 1240 1311 1286 et
1357 1233 1409 1287 in
1453 1233 1574 1288 aliis
1621 1234 1952 1303 temporibus
1983 1233 2144 1286 etiam

564 1320 863 1389 presbyteri
905 1329 1027 1388 post
1055 1319 1214 1375 tinent
1240 1321 1419 1388 missa:
1445 1322 1784 1388 benedicant,
1802 1339 1870 1377 ne
1893 1323 2146 1392 populum

567 1410 642 1468 ita
674 1412 1045 1468 benedictione
1071 1421 1131 1467 ut
1157 1414 1536 1468 communione
1557 1414 1826 1484 privatum
1869 1415 2152 1470 discedere

565 1503 905 1572 permittant.

703 1593 832 1648 CAP.
869 1592 976 1649 ιιι.
998 1624 1064 1636 -
1091 1593 1166 1648 De
1196 1594 1379 1650 diebus
1411 1595 1699 1650 Dominica:
1730 1597 2008 1662 passionis.

637 1685 683 1739 Δ
714 1684 991 1740 Dominica
1017 1685 1083 1740 de
1105 1686 1356 1754 passione
1373 1686 1608 1752 Domini,
1631 1703 1736 1742 non
1761 1688 1955 1742 dicitur
1977 1701 2147 1756 usque

568 1776 620 1830 in
647 1775 858 1831 Pascha
882 1774 1066 1830 Gloria
1101 1774 1255 1831 Patri
1281 1778 1345 1832 ad
1378 1779 1720 1849 responsoria
1749 1779 1828 1834 vel
1865 1780 1931 1833 ad
1972 1779 2141 1834 intro-

563 1868 690 1931 itus,
720 1865 802 1921 vel
829 1867 896 1920 ad
923 1867 1186 1936 psalmum
1228 1867 1427 1934 Venite,
1458 1871 1524 1923 ad
1555 1885 1713 1939 quem
1754 1872 1915 1925 etiam
1947 1871 2146 1940 repeti-

563 1954 640 2010 tio
669 1955 962 2010 invitatorii
995 1955 1129 2012 solet
1163 1959 1398 2023 mutari,
1443 1959 1493 2012 id
1547 1968 1633 2014 est
1686 1969 1744 2014 ut
1787 1960 1853 2014 ad
1908 1960 2146 2029 primum

562 2062 784 2102 versum
833 2062 863 2101 a
903 2049 1099 2115 medio,
1150 2049 1219 2103 ad
1249 2050 1545 2103 secundum
1598 2057 1779 2104 autem
1812 2065 1846 2103 a-
1883 2049 2150 2120 principio

562 2146 858 2206 repetatur,
895 2144 949 2192 et
971 2137 1049 2192 sic
1072 2151 1243 2208 usque
1264 2137 1318 2192 in
1349 2137 1509 2192 linem
1541 2137 1857 2192 alternetur.
1913 2138 1968 2192 In
2007 2139 2148 2208 psal-

507 2247 518 2258 ί
561 2230 667 2284 mis
690 2231 758 2286 ad
786 2230 1000 2286 tertiam
1037 2241 1382 2298 nocturnam,
1410 2231 1608 2302 legitur
1636 2233 1856 2287 bomilia
1884 2233 1949 2288 de
1983 2249 2148 2288 evan-

561 2320 701 2388 gelio
731 2339 745 2375 :
786 2319 918 2376 Cum
941 2323 1398 2394 appropinquaret.
1426 2323 1587 2378 Juxta
1615 2323 1869 2380 Ordinem
1916 2341 2018 2379 non
2063 2327 2146 2380 di-

563 2408 802 2463 mittitur
839 2409 1100 2466 salutatio
1143 2413 1210 2466 ad
1247 2413 1548 2481 passiones,
1599 2414 1702 2467 nisi
1729 2416 1778 2467 in
1827 2413 2146 2479 Parasceve,

562 2499 654 2553 ubi
687 2508 744 2556 et
798 2502 1132 2557 sacerdotale
1179 2502 1415 2558 olﬁcium
1471 2502 1523 2576 [a
1562 2507 1847 2561 sacerdote
1887 2505 2145 2580 cilicium]

562 2589 843 2655 reticetur,
897 2589 991 2646 sed
1047 2589 1228 2646 Gloria
1277 2592 1391 2660 tibi,
1443 2593 1682 2660 Domine,
1727 2611 1834 2650 non
1869 2593 2148 2667 subjungi-

563 2695 703 2735 mus.
737 2679 1030 2737 Sciendum
1075 2690 1256 2738 autem
1306 2683 1351 2738 si
1390 2685 1606 2754 quando
1655 2685 1789 2739 intra
1838 2687 2146 2756 passionem

561 2769 773 2828 Domini
796 2771 862 2831 de
895 2772 1077 2844 aliquo
1109 2783 1298 2830 sancto
1355 2775 1595 2846 agimus,
1627 2775 1810 2832 Gloria
1852 2777 2004 2832 Patri
2040 2795 2144 2834 non

563 2864 886 2923 omittimus.
921 2864 977 2920 ln
1020 2866 1156 2921 feria
1188 2869 1424 2934 secunda
1461 2877 1516 2924 et
1557 2870 1715 2926 tertia
1758 2880 1879 2940 pest
1911 2871 2141 2932 Palmas.

562 2955 684 3010 duae
712 2955 968 3012 lectiones
995 2957 1247 3029 leguntur
1285 2961 1656 3016 continuatam
1691 2967 1754 3017 ad
1794 2965 2038 3030 missam,
2086 2976 2146 3021 ut

563 3046 618 3100 in
649 3045 942 3104 Nativitale
969 3049 1202 3106 Domini.
1238 3051 1369 3108 Item
1407 3054 1460 3109 in
1501 3053 1739 3110 Sabbato
1764 3065 1883 3126 post
1909 3058 2140 3113 mediam
2173 3083 2220 3144 ο

563 3136 1073 3207 Quadragesimam,
1107 3147 1162 3196 et
1210 3141 1264 3196 in
1320 3151 1513 3212 quarta
1567 3143 1700 3204 feria
1733 3155 1858 3214 post
1906 3145 2144 3212 Palmas,

560 3226 681 3280 date
706 3226 963 3284 lectiones
986 3229 1260 3302 leguntur,
1297 3241 1353 3288 et
1377 3233 1601 3303 singulas
1631 3236 1903 3306 accipiunt
1935 3236 2147 3308 [singu-

561 3315 643 3376 las
665 3317 953 3392 recipiunt]
980 3319 1403 3391 genuﬂexiones,
1431 3339 1532 3380 nec
1569 3325 1845 3380 immerito
1871 3344 1885 3380 :
1945 3341 2068 3381 nam
2093 3335 2147 3381 ct

561 3408 856 3480 Apostolus
899 3411 952 3465 in
999 3411 1188 3469 eadem
1217 3415 1304 3471 die
1335 3417 1388 3470 in
1415 3416 1709 3486 autiphona
1757 3419 1826 3473 ad
1863 3418 2144 3473 introitum

559 3501 742 3558 omnia
765 3501 1006 3559 cmlestia
1033 3514 1087 3561 et
1117 3507 1395 3562 terrestria
1447 3516 1502 3564 et
1550 3506 1831 3576 interualla
1883 3509 1950 3563 ad
1981 3525 2151 3577 geuu-

561 3591 846 3649 ﬂexitnem
878 3609 976 3662 pro
1002 3595 1252 3665 passione
1274 3596 1488 3652 Domini
1523 3597 1792 3662 hortator,
1820 3612 1941 3667 quae
1968 3599 2019 3652 in
2045 3600 2148 3654 bac

563 3685 652 3740 die
681 3687 911 3743 consilio
936 3687 1244 3744 Judaaorum
1279 3690 1420 3746 facta
1451 3690 1672 3762 legitur;
1705 3691 1848 3760 quod
1899 3692 2044 3745 enim
2091 3691 2145 3746 in

566 3779 672 3832 bac
706 3779 792 3832 die
815 3778 982 3834 Judaei
1013 3782 1282 3838 consiliati
1311 3792 1462 3852 sunt,
1492 3784 1594 3839 boc
1616 3784 1668 3838 iu
1694 3783 1994 3838 Parasceve
2020 3799 2146 3853 per.

566 3877 748 3920 aetum
797 3875 901 3929 est.
947 3867 1101 3923 Sicut
1145 3885 1276 3942 ergo
1321 3871 1621 3928 Paraseeve
1670 3873 1790 3944 plus
1839 3889 2000 3942 quam
2031 3873 2150 3927 alie

569 3955 720 4009 lci-im
759 3965 926 4010 sexta}
949 3959 1004 4012 in
1023 3959 1484 4030 genuﬂesionibus
1508 3962 1740 4026 celebris
1780 3964 2029 4027 habetur,
2068 3964 2152 4020 sic

566 4054 625 4101 et
655 4047 710 4100 in
731 4050 831 4102 hac
855 4060 1048 4119 quarta
1071 4052 1198 4105 feria
1227 4051 1344 4121 plus
1373 4069 1532 4123 quam
1565 4055 1616 4116 in
1643 4055 1761 4112 aliis
1789 4056 2150 4126 genuﬂeetere

566 4137 762 4192 metito
795 4139 1070 4204 debetmis.
1117 4140 1252 4196 Cum
1287 4144 1432 4197 enim
1481 4158 1670 4199 omnes
1717 4155 1941 4214 quartas
1985 4147 2150 4204 ferias

563 4244 664 4300 pro
720 4232 978 4300 passione
1018 4233 1230 4290 Domini
1278 4249 1587 4301 semermis,
1634 4238 1757 4306 quis
1802 4249 1960 4306 negat
2001 4240 2148 4296 illam

564 4322 720 4376 nobis
749 4323 984 4380 maxime
1011 4325 1401 4381 observandam
1428 4345 1549 4398 qum
1579 4330 1734 4384 nobis
1753 4331 1997 4385 eamdem
2027 4347 2148 4402 spe-

2248 505 2367 559 coni
2400 506 2870 560 subdiacmtalibus
2893 514 3136 575 utuntur.
3163 505 3215 559 ln
3239 523 3343 575 qua
3372 509 3451 563 die
3475 511 3558 565 sub
3575 521 3726 572 amitte.

2251 604 2395 648 mate
2441 595 2785 649 interdicitur
2834 585 3074 662 nequis
3121 595 3292 649 solvat
3354 596 3729 669 taailragcsimle

2242 679 2534 750 jejunium,
2566 693 2625 738 ut
2657 685 3063 740 Priscillanistze
3096 685 3322 740 faciunt.
3358 687 3443 742 Sic
3466 692 3585 745 enim
3618 703 3729 750 siam

2249 774 2437 830 Patres
2462 777 2632 832 nostri
2669 777 2722 832 in
2747 777 3068 833 Laodicensi
3092 787 3146 832 et
3195 779 3246 833 in
3297 781 3541 836 Toletano
3577 791 3732 844 concilio

2249 867 2597 924 constituisse
2642 869 2910 938 leguntur.
2965 869 3104 924 lliuc
3130 868 3192 923 Β.
3223 870 3332 926 Leo
3379 873 3429 926 in
3474 884 3728 934 sermonede

2249 959 2728 1029 Quadragesima:
2784 980 2802 1012 ι
2851 959 2989 1026 Qui,
3041 961 3247 1030 inquit,
3308 962 3362 1016 in
3413 964 3733 1034 Quadragesin-a

2249 1058 2413 1097 unum
2437 1045 2576 1098 diem
2605 1046 2990 1114 przetermittit,
3026 1055 3192 1099 totam
3217 1046 3649 1119 Quadragesiinam
3665 1056 3735 1110 tio-

2250 1133 2399 1201 lavit,
2446 1137 2716 1208 pmcipue
2753 1137 2897 1192 illaut
2950 1139 3090 1193 diem
3130 1137 3239 1209 [illa
3271 1142 3729 1217 przecipuediejqna

2251 1243 2372 1282 cum
2406 1229 2528 1282 linis
2555 1231 2626 1285 sil
2657 1230 3116 1299 Quadragesimm,
3151 1232 3324 1302 magis
3375 1243 3456 1288 est
3490 1235 3733 1293 observant:

2250 1335 2411 1390 quam
2439 1319 2568 1386 alia,
2599 1322 2722 1390 quia
2750 1322 2929 1376 omnis
2978 1322 3094 1376 laus
3153 1322 3204 1376 in
3257 1323 3365 1378 line
3413 1328 3599 1382 canitur
3634 1346 3736 1400 quam

2252 1409 2504 1464 maxime.
2543 1430 2562 1463 ι
2599 1410 2654 1465 lu
2692 1411 2992 1467 Parasceve
3019 1411 3252 1467 ollicium
3289 1431 3318 1468 a
3353 1415 3579 1483 lectione;
3601 1435 3674 1472 non
3699 1425 3741 1474 ab

2249 1499 2515 1562 oratione,
2543 1502 2693 1570 juxta
2725 1503 2969 1557 ordinem
3002 1503 3278 1568 incipitur.
3315 1505 3445 1560 Nam
3493 1511 3638 1563 oratio
3665 1515 3740 1566 finis

2250 1606 2371 1646 esse
2403 1592 2534 1646 solet
2562 1594 2739 1661 potius
2765 1594 3065 1650 ciliciorum
3096 1611 3261 1665 quam
3307 1598 3620 1668 principium.
3654 1605 3740 1654 utin

2252 1681 2366 1750 ipsa
2395 1683 2558 1737 missa
2590 1693 2757 1752 patet,
2781 1695 2835 1740 et
2861 1685 2913 1738 in
2945 1685 3316 1756 singularibus
3339 1689 3584 1742 cursibus.
3618 1690 3658 1744 In
3685 1709 3739 1744 n-

2247 1772 2368 1826 dem
2399 1773 2484 1829 die
2514 1783 2640 1829 ante
2669 1775 2908 1844 singulas
2936 1778 3235 1842 orationes,
3262 1787 3459 1846 praeter
3482 1779 3602 1832 illam
3621 1782 3666 1834 de
3691 1781 3742 1833 ln-

2246 1864 2395 1928 dzeis,
2445 1864 2747 1921 Flectamus
2793 1883 2986 1937 genua,
3015 1868 3271 1933 dicimus,
3306 1871 3579 1942 statimque
3606 1871 3741 1932 ιιτεις

2247 1965 2429 2022 postea
2458 1956 2758 2010 oralionem
2790 1956 3190 2029 subjungimus,
3222 1959 3471 2014 Romano
3491 1975 3631 2025 more,
3656 1961 3741 2014 sicut

2247 2055 2299 2099 et
2327 2046 2376 2098 in
2399 2045 2521 2100 aliis
2545 2045 2736 2100 diebus
2769 2047 3174 2103 continuamus.

2553 2136 2682 2191 CAP.
2710 2136 2925 2191 Ll-ll.——
2952 2137 3025 2192 De
3064 2137 3298 2205 Sabbato
3331 2151 3523 2196 sancto.

2320 2227 2374 2280 In
2408 2227 2648 2283 Sabbato
2674 2238 2864 2284 sancto
2889 2230 3138 2285 Zosimus
3163 2247 3300 2301 papa
3339 2249 3546 2288 cereum
3568 2249 3741 2303 magnum

2247 2317 2493 2373 benedici
2533 2319 2832 2382 constituit,
2857 2319 2948 2390 qui
3000 2330 3053 2375 et
3090 2307 3654 2378 ante'bencdictionem
3671 2324 3743 2375 ills-

2249 2410 2539 2464 minandus
2561 2419 2666 2472 est,
2697 2421 2749 2466 et
2779 2411 2830 2464 in
2862 2412 3072 2468 octavis
3103 2411 3333 2468 Pascha:
3360 2413 3546 2484 populo
3566 2414 3742 2468 distule-

2246 2502 2416 2556 endus
2436 2502 2506 2556 ad
2525 2502 2998 2574 subfumigandum
3031 2504 3198 2560 rebus
3215 2520 3431 2568 eorum,
3462 2521 3602 2575 quem
3627 2506 3743 2557 dism-

2248 2610 2349 2649 nus
2370 2603 2587 2665 accepta
2619 2594 3001 2650 benedictione
3037 2596 3105 2650 ab
3149 2596 3338 2668 aliquo
3367 2599 3617 2652 sacerdote
3644 2597 3742 2650 delet

2248 2683 2586 2738 benedicere.
2621 2683 2916 2739 Duodecim
2946 2685 3205 2740 lectiones
3221 2686 3381 2752 juxta
3412 2686 3665 2741 Romanum
3681 2685 3743 2739 0r-

2247 2773 2426 2828 dinem
2455 2773 2695 2842 legenda:
2719 2783 2846 2828 sunt
2877 2775 3084 2844 absque
3113 2775 3312 2842 titulis,
3337 2786 3462 2832 ante
3486 2777 3740 2847 baptismum.

2247 2862 2374 2919 Post
2399 2865 2724 2934 baptismum
2762 2867 3068 2937 presbyteri
3092 2869 3314 2923 demum
3338 2878 3549 2939 possunt
3579 2884 3656 2920 ιιι-ς
3676 2884 3744 2920 θεν.

2247 2956 2291 3011 si
2325 2972 2544 3012 necesse
2569 2957 2748 3020 fuerit,
2772 2959 3024 3028 privatim
3051 2959 3363 3026 celebrare,
3394 2962 3510 3030 quia
3525 2961 3616 3029 jam
3636 2957 3743 3010 rce-ti

2249 3059 2396 3115 sunt,
2433 3051 2499 3104 de
2525 3051 2720 3119 quibus
2743 3051 3053 3120 specialiter
3077 3052 3128 3106 in
3171 3053 3339 3107 missa
3366 3069 3518 3123 agerc
3540 3053 3671 3105 ili-ben
3689 3067 3741 3103 ns;

2249 3155 2350 3194 nec
2373 3149 2556 3209 pes-tea
2581 3157 2612 3196 a
2642 3143 2965 3198 lectionibus
2995 3160 3130 3215 quas
3153 3143 3269 3211 jam
3316 3145 3620 3208 audivimus,
3653 3145 3743 3194 sed:

2247 3229 2432 3284 lilauia
2467 3232 2704 3301 incipere
2725 3233 2980 3288 solemus.

2447 3322 2574 3377 CAP.
2607 3323 2740 3377 LIV.
2764 3355 2836 3363 —
2865 3323 2938 3378 De
2972 3322 3226 3379 Prisc/mli
3253 3326 3608 3381 observatione.

2315 3409 2476 3466 Juxta
2514 3413 2812 3468 Romanam
2849 3414 3258 3480 auctoritatem,
3309 3431 3484 3487 agnus
3532 3416 3575 3468 in
3608 3413 3740 3467 νειμ-ιιι

2246 3503 2393 3558 bene
2413 3505 2610 3570 Eicitur,
2643 3519 2752 3559 non
2781 3505 2846 3559 ad
2887 3506 3078 3568 altare,
3113 3507 3210 3561 sed
3229 3508 3296 3560 ad
3331 3518 3742 3561 comminemur:-

2251 3612 2390 3651 sam;
2418 3597 2588 3652 Credo
2617 3599 2670 3650 in
2707 3615 2892 3664 unum,
2953 3608 3007 3654 ct
3063 3599 3165 3654 alia
3221 3599 3546 3667 bujnsmodi,
3583 3595 3743 3666 ψιυιὲιέἓε

2249 3704 2418 3757 usque
2447 3689 2500 3743 in
2531 3699 2780 3744 octavam
2811 3691 3064 3752 dicimus,
3099 3699 3153 3743 ut
3187 3691 3238 3745 in
3263 3693 3356 3746 die
3385 3690 3738 3746 sancto.\'cr~u

2247 3776 2576 3833 Gradualis:
2613 3779 2925 3833 Benedictus
2970 3781 3062 3850 qni
3120 3782 3279 3847 venit,
3332 3781 3388 3837 in
3441 3782 3603 3850 quinta
3633 3777 3738 3832 lem;

2248 3865 2509 3938 Lapidem
2528 3869 2580 3923 in
2611 3880 2762 3924 sexta
2793 3869 2924 3924 feria
2955 3886 3193 3942 congrue
3213 3872 3468 3937 dicimus,
3492 3872 3537 3924 in
3567 3884 3646 3938 qua
3680 3864 3741 3916 De

2250 3959 2430 4016 minus
2475 3975 2504 4013 a
2554 3959 2753 4015 lniltcis
2801 3963 3125 4030 reprobatus
3171 3971 3271 4018 est.
3316 3961 3380 4017 In
3417 3962 3624 4017 Sabbato
3653 3955 3737 4009 iniri

2249 4060 2469 4106 octavas
2495 4050 2721 4108 Pascha:
2748 4052 3040 4123 autiphona
3065 4071 3082 4107 :
3127 4053 3259 4107 Cum
3309 4064 3445 4108 esset
3479 4069 3595 4112 sero,
3620 4049 3667 4102 ad
3689 4061 3738 4096 τε·

2249 4158 2462 4214 speram
2507 4154 2780 4209 cantatur,
2832 4160 2895 4198 eo
2937 4147 3081 4214 quod
3127 4147 3268 4200 idem
3327 4145 3737 4216 evangeliumattﬂ

2250 4237 2502 4306 antiquos
2525 4252 2696 4306 usque
2719 4237 2784 4291 ad
2834 4236 3062 4291 Thomas
3085 4249 3281 4301 autem,
3306 4238 3365 4293 in
3387 4240 3560 4294 eodem
3581 4232 3739 4287 Sall”

2251 4329 2552 4398 legebatur,
2581 4330 2722 4384 sicut
2767 4330 2945 4384 adhuc
2977 4329 3254 4386 anTaria
3302 4328 3659 4400 evangelioan
3696 4330 3739 4370 lt-

561 4409 758 4466 cialius
829 4413 1130 4482 passionem
1187 4419 1467 4473 annuatim
1534 4423 1927 4490 reprznsentat?
1985 4423 2146 4479 Juxta
2178 4436 2225 4496 ι)
2253 4431 2489 4475 stanter.
2518 4423 2596 4475 Ad
2629 4421 2770 4476 banc
2796 4433 3081 4492 vesperam
3108 4421 3324 4476 leriales
3366 4420 3544 4492 psalmi
3569 4417 3736 4470 diutum!

562 4498 866 4557 Romanum
899 4519 1112 4575 quoque
1135 4505 1393 4562 Ordinem
1445 4510 1662 4566 easdem
1707 4513 1983 4569 crationes
2023 4529 2147 4569 cum

563 4591 1030 4659 gcmiﬂexionibus
1084 4596 1138 4648 in
1189 4605 1383 4667 quarta
1436 4597 1570 4654 feria
1628 4601 1812 4656 dicere
1865 4603 2144 4671 debemus,

562 4696 698 4750 quas
719 4691 775 4738 et
804 4683 855 4736 in
881 4683 1180 4746 Parasceve
1205 4696 1332 4743 ante
1350 4688 1731 4746 salutationem
1759 4694 1936 4748 crucis
1956 4703 2148 4749 sancta

565 4769 808 4834 Ecclesia
831 4773 965 4830 solet
1004 4777 1314 4834 observare.
1350 4779 1617 4849 Prmterca
1651 4783 1766 4838 haec
1810 4783 2147 4839 bebdomada

561 4858 711 4928 juxta
744 4861 1046 4918 Rotmmmn
1079 4865 1334 4923 Ordinem
1367 4867 1696 4940 [Romanam
1739 4872 2145 4945 auctoritatem}

564 4949 734 5020 Major
755 4956 1072 5024 appellatur,
1098 4974 1163 5015 eo
1187 4963 1330 5028 quod
1359 4977 1422 5015 ex
1466 4963 1810 5020 sanctissimo
1856 4964 2149 5021 Dominica:

565 5041 831 5109 paasiou-is
879 5058 1220 5104 sacramento
1285 5051 1545 5120 insignior
1590 5053 1804 5108 exteris
1861 5053 2144 5111 habeatur.

564 5135 690 5192 iure
716 5156 844 5209 ergo
873 5145 1116 5198 eamdem
1137 5156 1192 5200 et
1221 5146 1542 5202 lectionibus
1589 5157 1641 5202 et
1685 5149 2149 5220 genuﬂexionibus

569 5229 682 5283 sive
716 5231 768 5285 in
802 5234 924 5289 aliis
951 5236 1424 5295 observationibus
1453 5240 1803 5297 celebriorem
1824 5258 1987 5312 quant
2011 5244 2148 5300 alias

568 5317 849 5378 habemur.
874 5323 1032 5380 Juxta
1065 5327 1365 5384 Romanum
1393 5331 1638 5386 ordinem
1670 5332 1722 5387 in
1750 5332 1916 5388 Coena
1960 5334 2146 5389 Domi-

565 5409 644 5473 ni,
670 5410 720 5463 in
753 5411 1050 5472 Parasceve
1093 5428 1148 5474 et
1171 5417 1409 5476 Sabbato
1451 5430 1660 5488 sancto,
1703 5423 1771 5478 ad
1803 5425 2150 5481 matutinalcs

563 5499 753 5556 laudes
783 5515 904 5571 post
932 5506 1268 5575 Benedictus,
1295 5512 1396 5567 sub
1419 5512 1635 5568 silentio
1656 5512 1958 5576 dicendum,
1989 5513 2149 5584 Kyrie

565 5589 761 5645 sleison
792 5609 977 5662 preces
1005 5608 1059 5653 et
1084 5601 1374 5658 orationes.
1415 5601 1472 5656 lu
1506 5601 1676 5658 Canta
1707 5603 1940 5669 Domini,
1961 5603 2146 5659 Gloria

566 5677 742 5747 Patri,
763 5693 820 5738 ct
846 5684 1026 5741 Gloria
1048 5687 1101 5742 in
1125 5690 1339 5746 excelsis
1368 5691 1649 5758 reticetur,
1675 5692 1775 5748 nisi
1801 5693 1888 5748 ubi
1910 5694 2150 5750 chrisma

2250 4525 2374 4566 cum
2412 4511 2660 4580 Alleluia,
2686 4521 2740 4567 et
2768 4511 2824 4566 in
2853 4522 3010 4567 nocte
3041 4513 3316 4568 Dominica
3364 4523 3601 4567 nocturna
3621 4518 3658 4559 et
3679 4518 3734 4554 trr

2249 4617 2372 4657 vem
2433 4603 2696 4659 lectiones
2745 4604 2899 4674 juxta
2959 4604 3262 4659 Romanum
3318 4605 3577 4660 Ordinem.
3616 4595 3734 4652 Ειιὴ

2251 4693 2505 4765 deinceps
2533 4692 2752 4750 feriales
2780 4693 3018 4765 psalmos
3049 4696 3120 4748 ad
3140 4710 3419 4764 vesperam
3447 4702 3496 4747 et
3518 4691 3574 4744 ad
3593 4695 3733 4741 noctur-

2249 4798 2376 4837 nam
2410 4799 2532 4838 cum
2571 4784 2798 4840 Alleluia
2851 4785 3116 4851 dicimus,
3175 4785 3280 4840 nisi
3337 4785 3526 4840 festum
3563 4781 3731 4834 occurrit

2249 4891 2442 4930 novem
2473 4875 2788 4933 lectionum.
2820 4877 3050 4948 Semper
3082 4885 3260 4931 tamen
3287 4877 3357 4931 ad
3390 4873 3638 4930 Nuntius
3669 4865 3730 4916 lt“-

2249 4969 2424 5023 miuas
2475 4971 2705 5038 regnarit
2765 4969 3079 5025 recitamus.
3141 4969 3254 5024 Sed
3297 4970 3424 5040 quia
3481 4960 3728 5036 quampiam“

2249 5073 2439 5113 omnes
2474 5058 2592 5113 dies
2628 5058 2752 5113 binc
2779 5073 2952 5122 usque
2977 5059 3028 5112 in
3050 5069 3302 5113 octavam
3339 5058 3640 5113 Pentecostcs
3654 5057 3729 5098 σι’

2249 5149 2425 5204 tribus
2449 5149 2672 5220 psalmis
2698 5158 2750 5204 ct
2781 5149 3102 5204 lcetionibus
3141 5150 3430 5204 observare
3462 5145 3628 5201 volunt,
3647 5149 3726 5200 οβ’

2251 5255 2324 5296 η
2354 5241 2584 5313 pretium
2613 5241 2828 5297 videtur
2850 5250 2910 5295 ut
2933 5242 3005 5297 ad
3030 5242 3411 5297 auctoritatem
3443 5238 3570 5294 sedis
3585 5239 3725 5323 ²Ρ⁰⁵¹¹ξ

2248 5332 2365 5387 lica:
2402 5346 2769 5399 recurranms,
2802 5340 2858 5386 et
2905 5332 3036 5386 inde
3069 5331 3205 5402 quid
3245 5330 3397 5386 nobis
3430 5321 3722 5384 faciatdulsi

2248 5423 2614 5494 exploremus,
2642 5423 2785 5478 unde
2835 5422 2999 5478 totius
3035 5421 3360 5477 Christiana
3395 5413 3630 5489 religionis
3657 5407 3719 5458 ἰστ-

2250 5529 2394 5569 mam
2425 5514 2752 5582 accepimus.
2785 5511 3080 5583 Gregorius
3102 5527 3238 5582 papa
3271 5513 3321 5567 in
3376 5506 3624 5580 apostolica
3643 5495 3719 5552 ωδε

2248 5604 2594 5669 constitutus,
2630 5603 2682 5656 in
2716 5603 2818 5658 bac
2845 5617 3005 5658 causa
3037 5602 3161 5675 [αι.
3190 5605 3257 5658 de
3286 5600 3408 5674 hoc]
3429 5599 3526 5654 tale
3543 5597 3718 5650 statim

2249 5695 2610 5762 promulgavit
2639 5711 2650 5747 :
2689 5713 2706 5747 ι
2741 5695 2784 5751 Δ
2811 5695 2916 5760 die,
2943 5695 3136 5762 inquit,
3171 5690 3587 5752 llcsnrrcctionis.
3611 5687 3715 5734 ποδί
