3846 6324
54 299 168 357 nui
1357 259 1701 342 nicnowo
1714 287 1813 343 us.
3128 297 3257 354 mg

53 412 98 462 in
122 404 425 461 Sabbatumo
448 400 500 457 in
546 399 717 466 Albis,
767 409 821 458 et
872 417 900 456 a
928 401 1016 459 die
1050 400 1395 457 Peulecostcs
1417 418 1588 471 usque
1617 384 1663 441 Α
1691 399 2028 467 sponsorium
2058 418 2071 455 :
2101 401 2295 473 Dignus
2321 420 2394 468 es,
2426 403 2663 459 Domine.
2686 405 3259 475 Responsoriumzzlu-

50 498 95 550 in
115 494 388 548 Sabhatnm
418 490 655 557 ejusdem
686 490 1055 555 hebdomadze,
1082 502 1189 548 tres
1214 492 1448 562 psalmos
1472 501 1587 545 tan-
1690 490 1813 543 diui.
1848 489 2209 560 Responsum:
2244 493 2406 547 Dulce
2435 495 2652 563 lignum.
2695 498 2749 549 In
2798 499 2957 551 tertio
2997 509 3261 555 nocturno

50 598 145 639 tum
175 586 236 647 ad
269 584 581 645 Nocturnus,
635 594 850 653 tresque
892 585 1150 641 lectiones
1190 585 1411 654 antiquo
1438 601 1587 641 more
1689 582 1979 651 antiphona
2007 600 2020 636 :
2053 582 2294 637 Salvator
2322 587 2521 639 mundi.
2571 588 2876 657 Antiphonta
2902 608 2915 642 :
2946 588 3101 644 Salva
3142 607 3256 645 nos.

48 684 304 730 cantamus
330 682 380 727 et
428 672 669 743 legimus.
718 675 977 732 Omnibus
1006 676 1127 733 aliis
1161 676 1351 733 diebus
1378 692 1473 745 per
1506 686 1586 731 to-
1684 672 1994 739 Autiplioua
2023 690 2036 725 :
2072 671 2118 725 0
2167 690 2433 743 ntagnum.
2489 675 2685 730 Psalmi
2712 692 2726 730 :
2759 678 3010 741 Cantate,
3051 680 3210 749 prim.
3242 698 3258 733 :

50 779 144 819 tum
183 780 404 866 auinam,
457 765 503 819 si
553 764 816 821 festivitas
864 778 973 832 cst,
1024 782 1213 823 novem
1270 767 1501 836 psalmos
1529 776 1583 823 et
1686 761 1941 818 Dominus
1974 766 2486 835 νεςηαυίῑνεέτεηίιεδν
2536 768 2779 835 Canta“.
2815 773 3037 826 εθοηηάο
3071 789 3258 829 verso:

49 871 217 910 “ovem
244 854 494 909 lectiones
538 863 589 909 et
640 856 898 924 Ilespous.
940 857 1203 922 dicimus;
1257 856 1371 911 aliis
1401 867 1579 913 autem
1686 852 1821 907 Mihi
1850 864 2023 908 autem
2044 856 2175 909 absit
2202 856 2436 926 gloriari.
2485 857 2747 927 Ilespous.
2778 879 2790 913 :
2824 860 3025 915 Bonum
3047 874 3120 916 est
3144 880 3264 916 con-

52 950 210 1002 iiehus
234 946 506 1001 duodecim
534 947 768 1016 psalmos
784 956 833 1001 et
858 957 965 1002 tres
988 948 1244 1003 lectiones
1271 950 1579 1007 recitamus.
1686 944 1824 1011 Ιίιενὶ
1847 944 2088 999 Domino.
2122 945 2381 1017 Respons.
2416 966 2429 1000 ε
2465 948 2650 1003 Dicant
2681 968 2839 1007 nunc.
2875 952 3136 1022 Respons.
3164 971 3176 1007 :
3217 952 3264 1008 0

240 996 505 1001 μηπμ--
535 996 833 1016 τηγη---
862 996 963 1002 η--
988 996 1242 1003 ---_------_
1274 996 1579 1007 .e---r.,--_--
1686 996 1698 1011 ,
1810 996 1815 997 κ
1850 996 1867 997 κ
1906 996 1913 997 κ
2125 996 2225 1007 με
2418 996 2428 1000 -
2681 996 2839 1007 nm.-.
2876 996 2977 1006 -.νυ
3164 996 3176 1007 .
3220 996 3255 1008 ν

52 1038 93 1088 In
140 1035 313 1089 diebus
366 1035 659 1090 Dominicis
703 1036 999 1091 octodecim
1059 1037 1314 1107 psalmos,
1363 1047 1587 1107 excepto
1689 1050 1817 1087 crux
1852 1034 2137 1089 benedicta.
2171 996 2288 1090 Διῖι
2327 1040 2460 1092 uales
2504 1041 2869 1095 matutinales.
2912 996 3260 1112 Alitiphoua:

44 1128 117 1181 die
139 1126 367 1187 Pasehae,
392 1135 446 1179 et
467 1126 552 1180 die
572 1126 942 1192 Peutecostes,
984 1136 1037 1183 et
1086 1142 1277 1183 novem
1325 1127 1587 1183 lectiones
1690 1121 1893 1178 Helena
1967 1124 2317 1178 Constantini.
2374 1128 2680 1195 Antiphona
2725 1144 2740 1181 :
2803 1129 2945 1184 Tunc
3000 1134 3263 1200 priet-epit.

47 1219 266 1270 dicimus.
309 1217 418 1272 Hoc
472 1218 636 1272 etiam
683 1234 1065 1289 usquequaque
1087 1220 1239 1289 juxta
1283 1220 1585 1279 Romanum
1690 1214 1909 1283 Autiph.
1931 1231 1949 1266 ξ
1978 1214 2174 1268 Helena
2196 1228 2397 1271 sancto.
2424 1220 2729 1288 Autipbona
2760 1236 2772 1271 :
2802 1218 3033 1291 Cumque
3054 1224 3267 1277 ascend.

45 1310 269 1363 Ordinem
300 1310 369 1362 ita
403 1309 515 1365 ﬁeri
548 1310 855 1375 statuimus,
895 1319 955 1364 ut
976 1327 1137 1381 supra
1177 1312 1502 1365 notavimus.
1534 1311 1589 1366 In
1689 1303 2037 1373 Autipbona:
2077 1304 2275 1359 Orabat
2324 1307 2515 1363 Jurlas.
2569 1310 2624 1364 Iu
2671 1310 2952 1381 evangelio
3008 1312 3218 1381 amipli.
3250 1330 3264 1365 :

45 1409 207 1453 octava
250 1399 473 1454 Pascha:
523 1399 845 1456 historiam:
896 1399 1093 1469 Dignus
1138 1417 1215 1464 es,
1260 1400 1496 1466 Domine,
1535 1409 1590 1455 et
1691 1392 1821 1449 Cum
1856 1404 2055 1452 0mm!
2081 1393 2272 1449 «ludas.
2313 1398 2384 1452 Dc
2436 1409 2623 1454 sancto
2666 1409 2845 1454 autem
2878 1400 3182 1455 Alexandro
3216 1411 3271 1456 et

45 1491 371 1560 Apocalypsin
393 1488 548 1557 juxta
578 1490 822 1545 ordinem
852 1491 1156 1562 incipimus,
1191 1510 1209 1543 ι
1692 1483 1854 1539 sociis
1876 1484 1990 1553 ejus
2021 1496 2141 1554 post
2167 1486 2541 1542 Benrdicanms
2565 1507 2991 1546 conuuemorare
3014 1492 3269 1547 solemus.

135 1580 251 1635 CAP.
287 1580 393 1634 LV.
418 1609 490 1620 --
526 1579 600 1633 De
635 1579 779 1646 [estis
810 1580 951 1648 infra
980 1579 1225 1649 paschale
1261 1590 1482 1649 tempus.

1725 1572 1965 1633 inaltatio
1996 1589 2177 1630 autem
2216 1586 2413 1631 sanctae
2434 1580 2612 1634 crucis
2641 1596 2743 1634 non
2786 1581 2920 1635 adeo
2949 1582 3273 1650 generaliter

106 1671 178 1725 Ab
202 1679 387 1725 octava
412 1669 632 1725 Pascha:
658 1685 827 1739 usque
871 1671 923 1725 in
954 1670 1333 1735 Pentecosten,
1376 1672 1592 1726 infesto
1635 1741 1643 1742 ί
1693 1674 1748 1719 et
1771 1666 2083 1723 solemniter
2114 1668 2444 1734 celebratur,
2480 1681 2531 1723 et
2576 1671 2674 1727 hoc
2716 1670 2947 1726 fortasse
2997 1673 3115 1725 ideo
3145 1674 3269 1742 quia

46 1763 184 1814 trium
212 1760 697 1830 responsariorum,
731 1776 894 1814 unum
927 1760 1154 1821 Alleluia
1192 1771 1398 1816 tantum
1425 1779 1440 1827 ;
1492 1777 1591 1815 no-
1626 1741 1671 1799 Β
1705 1758 1911 1812 nullum
1938 1759 2062 1815 inde
2095 1768 2202 1814 tam
2228 1762 2459 1832 speciale
2481 1773 2745 1821 statutum
2776 1772 2833 1817 ut
2862 1764 2927 1818 de
2969 1741 3277 1819 inventione

44 1870 146 1909 rem
172 1867 292 1906 vero
316 1853 631 1917 lectionum,
657 1853 762 1907 duo
790 1852 1014 1909 Alleluia
1043 1854 1111 1909 ad
1146 1853 1366 1910 missnm
1408 1863 1595 1911 canta—
1696 1851 1988 1919 reperitur.

46 1960 165 2005 mus,
204 1943 315 1996 sive
374 1944 439 1996 de
497 1943 913 2007 resurrectione,
959 1944 1075 1998 sive
1100 1944 1166 1997 de
1193 1943 1299 1998 alio
1328 1944 1483 1999 festo.
1530 1944 1595 1998 Et
1960 1941 2088 1997 Cn.
2120 1941 2249 1996 LVI.
2280 1973 2347 1983 -—
2374 1942 2449 1997 De
2493 1942 2699 1998 Pascha
2731 1947 3006 1999 annotino.

46 2048 147 2084 cum
170 2033 270 2086 duo
296 2032 523 2085 Alleluia
551 2033 798 2098 dicimus,
828 2049 933 2088 non
963 2034 1221 2103 primum,
1264 2035 1357 2090 sed
1402 2049 1595 2089 secun-
1770 2028 1997 2088 Romani
2021 2034 2339 2091 annotinum
2373 2034 2583 2089 Pascha
2634 2037 2788 2105 quasi
2847 2034 3275 2105 anniversarium

44 2123 150 2225 dum
167 2096 868 2225 repetiturus:Pr:efationem
893 2096 1111 2194 quoque
1132 2096 1301 2194 usque
1329 2125 1380 2187 in
1394 2124 1598 2180 Ascen-
1699 2119 1903 2181 Pascha
1944 2122 2151 2188 dicunt,
2177 2125 2302 2193 quia
2330 2127 2628 2195 antiquitus
2652 2096 2665 2105 -
2692 2127 2832 2196 apud
2889 2126 3026 2189 illos,
3077 2096 3169 2195 qui
3222 2124 3276 2176 in

45 2216 226 2268 sionem
256 2214 471 2268 Domini
523 2226 629 2268 non
671 2215 997 2283 omittimus,
1048 2216 1174 2284 quia
1219 2216 1306 2271 die
1339 2226 1393 2274 et
1440 2227 1599 2273 nocte
1698 2215 1863 2281 priori
1894 2214 2641 2285 Paschabaptizatierant,in,
2663 2218 2905 2285 sequenti
2934 2216 3278 2270 annoeadem

45 2305 278 2361 Paschale
330 2304 568 2360 cilicium
621 2307 975 2367 celebramus.
1031 2307 1393 2378 Iucongruum
1454 2309 1597 2363 enim
1700 2304 1784 2363 die
1815 2303 1886 2357 ad
1912 2304 2201 2359 ecclesiam
2221 2321 2548 2372 convenere,
2579 2322 2794 2375 suaeque
2854 2304 3280 2375 regenerationis

45 2404 168 2449 esset
198 2405 251 2450 ut
280 2396 399 2451 sola
434 2396 677 2464 praefatio
706 2396 984 2463 ferialitcr,
1036 2408 1091 2454 et
1143 2400 1323 2459 omnia
1359 2400 1459 2455 alia
1498 2416 1597 2470 pu-
1709 2394 2143 2453 anniversarium
2191 2397 2331 2451 diem
2374 2413 2496 2452 cum
2550 2397 2911 2452 oblationibus
2965 2395 3282 2450 solemniter

45 2486 276 2540 sclialiter
313 2485 762 2541 observarentur.
815 2485 873 2540 In
928 2486 1212 2541 nativitate
1257 2497 1434 2544 tamen
1465 2505 1597 2559 apo-
1700 2486 2131 2552 Ct'lel‘aVCI‘tlnl.
2163 2490 2329 2559 Cujus
2356 2493 2456 2546 diei
2488 2492 2588 2546 hoc
2617 2501 2736 2546 erat
2764 2488 2998 2545 omnium
3034 2506 3046 2541 ε
3084 2487 3281 2541 nam-

44 2577 272 2680 ξίυ¹ξξτ¹ξί¹¹
308 2577 547 2680 Philippi
589 2577 858 2680 δι’σίθεοθί
892 2578 1262 2680 Ρτξῗίξιίοηθηὶ
1290 2582 1356 2637 de
1385 2595 1601 2652 θροειοο
1701 2596 1832 2660 rexi,
1865 2607 1959 2663 per
1983 2599 2173 2645 totum.
2202 2587 2404 2649 Lectio,
2445 2583 2565 2637 Vidi
2613 2582 2822 2635 ostium.
2871 2580 3073 2649 Evaug.
3101 2595 3115 2631 :
3151 2576 3284 2630 Erat

47 2669 98 2772 lis
118 2670 362 2772 dicimus,
398 2671 619 2772 sieo-tet
643 2669 713 2772 tle
954 2669 1009 2725 in
1042 2669 1359 2772 ittvenlione
1409 2673 1596 2742 ἱρεὶιιε-
1700 2688 1853 2738 homo
1877 2698 1942 2736 ea:
1968 2678 2274 2739 Phariswis,
2301 2690 2423 2730 cum
2453 2672 2788 2729 orationibus
2810 2672 2875 2725 ad
2929 2673 3029 2725 boc
3058 2684 3279 2738 compeo

48 2758 397 2864 lloctempore
422 2760 618 2864 nullius
639 2759 1022 2864 festivi-ginem
1038 2759 1289 2864 jejuuare
1306 2761 1390 2816 vel
1415 2762 1601 2864 obser-
1704 2775 1973 2837 teutibus;
2012 2785 2132 2840 qua:
2161 2767 2339 2822 omnia
2380 2764 2719 2835 apertissime
2746 2763 2811 2815 de
2861 2762 3037 2831 gratia
3063 2774 3288 2828 regene-

47 2864 154 2902 Vare
174 2848 448 2918 jubemur,
482 2852 584 2907 nisi
624 2852 972 2915 Ascensionis
1001 2863 1056 2910 et
1093 2853 1455 2909 Pcutecostes.
1489 2852 1603 2911 Hoc

1725 2875 1946 2917 natorum
1995 2871 2155 2930 agere
2216 2854 2484 2911 videntur.
2547 2850 2653 2906 Sed
2695 2851 2942 2921 quamvis
2981 2848 3286 2916 hujusmodi

46 2955 235 3010 quoque
260 2956 505 3012 congrue
549 2942 603 3003 in
637 2945 895 3000 omnibus
942 2944 1139 3014 vigiliis
1177 2945 1513 3012 observatur,
1544 2953 1603 2998 ut

1725 2951 2105 3009 mniversarius
2125 2965 2153 3003 a
2183 2948 2366 3019 paucis
2394 2945 2599 3016 uspiam
2624 2944 2964 3005 observetur,
2984 2940 3283 2995 authentici

47 3031 279 3136 Nona
301 3035 490 3092 futuro
682 3044 992 3108 peragatur,
1043 3038 1086 3093 si
1125 3046 1300 3092 tamen
1326 3049 1445 3106 post
1470 3038 1594 3093 mis-
1634 3080 1675 3136 Ο
1711 3056 1886 3098 tamen
1932 3041 2053 3096 libri
2093 3042 2268 3109 ipsum
2310 3034 2587 3091 observari
2645 3034 2839 3086 dobere
2890 3032 3141 3091 iimuunt,
3195 3029 3285 3097 qui

48 3141 146 3224 satu
183 3125 455 3228 dill'ertur,
484 3126 738 3228 videlicet
765 3137 825 3182 ut
868 3139 1149 3228 postquam
1192 3129 1257 3185 de
1304 3128 1442 3184 festo
1484 3135 1606 3198 post
1635 3119 1675 3138 υ
1710 3135 1864 3189 nobis
1891 3131 2177 3187 lectionem
2206 3136 2263 3184 et
2311 3125 2652 3195 evangelium
2706 3121 2806 3177 sub
2861 3120 3017 3176 titulo
3069 3119 3288 3175 Pascha:

47 3215 1097 3316 MSS?”infll’fmus,uullamdeinceps
1125 3233 1412 3275 Cabillona
1437 3219 1608 3273 (ἥδεθ’
1709 3223 1951 3283 annotiui
1992 3220 2271 3277 annuatim
2324 3215 2703 3288 prteseribunt.
2755 3213 2812 3268 Si
2867 3213 3010 3268 enim
3064 3211 3291 3281 quilibet

48 3306 272 3410 nantiaut
296 3304 604 3410 ciliciorum
634 3305 923 3373 faciamus;
958 3324 1123 3379 quam
1166 3309 1398 3363 maxime
1437 3307 1608 3363 sancti
1710 3333 1865 3374 suum
1890 3313 2123 3370 natalem
2145 3351 2159 3376 ,
2182 3325 2291 3379 quo
2312 3309 2377 3363 ad
2406 3316 2661 3361 cateruam
2721 3315 2951 3360 mortem
2996 3312 3152 3358 natus
3181 3313 3286 3368 est,

48 3396 319 3500 Ρδιῗθδκίρ
365 3398 713 3500 ἀξδβοδίιίοηθ
753 3402 1064 3457 θοτυιηάετη
1112 3402 1354 3457 ἀθνῖιέιτθ
1392 3402 1617 3457 είυάιιοι
1709 3411 1985 3472 observat,
2014 3412 2217 3474 quanto
2242 3398 2412 3469 magis
2436 3397 2581 3451 illum
2610 3397 2906 3451 observare
2934 3393 3288 3461 deberet,quo

49 3497 177 3542 runl.
208 3487 503 3544 Sciendum
535 3500 712 3546 autem
738 3492 879 3563 quod
910 3492 1117 3563 antiqui
1146 3493 1210 3547 de
1233 3494 1435 3547 sanctis
1463 3507 1610 3546 eom-
1710 3500 1781 3556 aa
1808 3506 2067 3555 πιθιιηοιιι
2096 3492 2259 3549 vitam
2288 3494 2639 3559 regeneratus
2669 3483 2787 3539 est?

48 3583 264 3636 munitcr
291 3581 353 3634 in
378 3579 731 3645 Paschal'tbus
784 3594 1006 3639 cantare
1048 3584 1324 3649 solebant,
1369 3584 1508 3637 unde
1556 3590 1611 3637 et
2098 3581 2227 3637 CAP.
2254 3577 2406 3635 LVII.
2442 3606 2512 3617 --
2533 3575 2610 3630 De
2638 3573 2878 3635 Litaniis.

49 3680 206 3735 adhuc
234 3680 303 3737 de
356 3694 465 3735 uno
507 3694 625 3749 quae
654 3678 719 3735 ad
764 3676 947 3747 plures
975 3677 1267 3746 pertinent,
1299 3682 1607 3740 cantantur,
1779 3677 1947 3748 Major
1971 3673 2186 3732 Litauia
2215 3686 2247 3729 a
2273 3672 2430 3727 beato
2479 3665 2739 3737 Gregorio
2766 3680 2902 3735 papa
2956 3662 3129 3733 primo
3187 3676 3288 3732 pro

48 3778 99 3822 ut
126 3771 374 3835 Alleluia,
405 3769 671 3836 Gaudete;
699 3778 753 3831 et
780 3768 1115 3825 oﬂ‘ertorium
1140 3785 1153 3821 :
1185 3766 1609 3835 Con/itebuutur;
1710 3767 2018 3842 pestilentia
2046 3764 2212 3834 ipsius
2235 3759 2493 3831 temporis
2521 3757 2769 3814 instituta
2783 3767 2884 3821 est,
2910 3755 2999 3824 qui
3027 3753 3289 3809 etJoauni

48 3872 93 3914 et
120 3862 577 3932 Responsorium:
634 3860 698 3917 In
738 3862 899 3919 seruis
942 3858 1072 3915 suis.
1119 3858 1185 3911 Et
1212 3858 1312 3913 hoc
1342 3858 1459 3912 ideo
1485 3856 1607 3925 quia
1710 3860 1966 3929 episcopo
1999 3854 2296 3913 Ravennati
2325 3852 2599 3921 scribens,
2629 3850 2772 3904 diem
2827 3847 3051 3901 Litaniae
3081 3856 3291 3915 tempus

48 3957 329 4017 universali
380 3957 797 4021 resurrectione,
849 3954 1001 4023 cujus
1048 3963 1204 4024 typus
1248 3967 1314 4007 co
1372 3960 1617 4020 tempore
1710 3950 1913 4013 cineris
1931 3958 1986 4004 et
2007 3945 2167 4001 cilicii
2196 3942 2445 4014 appellat.
2483 3940 2769 3995 Triduanze
2816 3949 2998 3993 autem
3061 3935 3287 3990 Litanite

49 4050 231 4118 agitur.
260 4049 568 4111 communis
601 4057 685 4109 est
711 4047 895 4108 laetitia
924 4056 979 4105 οι
1012 4023 1275 4103 festivitas
1316 4042 1607 4110 iustorum.
1712 4049 1838 4101 ante
1866 4034 2255 4093 Ascensiouem
2310 4029 2519 4085 Domini
2553 4043 2659 4082 non
2688 4026 2967 4089 Romanae,
2995 4024 3087 4079 sed
3124 4023 3293 4078 Galli-

48 4137 158 4193 Itleo
182 4141 350 4196 etiam
380 4139 649 4201 invenitur
677 4138 730 4193 in
776 4137 1173 4207 Martyrologiis
1201 4135 1383 4199 sivein
1418 4133 1610 4188 Sacrae
1713 4144 1863 4185 caute
1896 4135 2050 4191 sunt;
2110 4124 2236 4192 quia
2275 4118 2457 4193 [quas]
2516 4118 2636 4172 illas
2681 4124 2902 4175 sanctus
2947 4112 3295 4167 Mammertus

48 4231 321 4286 meutariis
346 4215 1153 4291 festivitassatictorumJacobi
1177 4238 1231 4284 et
1256 4224 1504 4295 Philippi,
1556 4232 1613 4278 et
1716 4221 2037 4283 Vietmensis
2060 4218 2347 4289 episcOpus
2375 4214 2673 4270 instituisse
2700 4210 2893 4282 legitur
2918 4226 2931 4273 ;
2958 4223 3092 4278 quas
3114 4209 3291 4262 sancti

48 4324 275 4379 omnium
308 4322 694 4393 apostolorum.
730 4320 994 4381 Eusebius
1018 4334 1157 4391 papa
1197 4336 1226 4374 a
1265 4320 1425 4381 beato
1452 4317 1611 4373 Petro
1715 4317 1905 4371 Patres
1936 4327 2040 4366 non
2068 4308 2493 4379 cquitando,non
2523 4303 2763 4359 vestibus
2789 4298 3044 4371 pretiosis
3073 4300 3290 4362 utendo,

50 4415 348 4472 tricesimus
376 4416 665 4479 secundus,
697 4413 973 4470 constituit
1002 4386 1059 4464 ut
1088 4386 1276 4467 omues
1317 4407 1607 4469 Christiani
1646 4436 1693 4491 ι)
1716 4406 1809 4461 sed
1843 4406 1894 4458 in
1921 4403 2104 4457 cinere
2124 4407 2175 4453 et
2203 4397 2401 4459 cilicio,
2438 4396 2578 4450 sicut
2621 4402 2673 4447 et
2702 4390 2958 4459 majorem
2998 4386 3290 4451 Litaniam,

47 4502 407 4561 luveutiouem
433 4514 633 4559 sancta:
657 4503 834 4561 crucis
864 4519 897 4556 v.
924 4501 1102 4557 Nonas
1131 4499 1253 4554 Maii
1304 4496 1614 4553 solemniter
1646 4476 1691 4491 υ
1716 4493 1991 4554 oLservari
2017 4497 2338 4546 statuerunt.
2374 4487 2430 4541 In
2452 4498 2677 4555 quarum
2704 4482 2889 4534 ultima
2914 4480 3018 4543 die,
3051 4478 3107 4530 id
3133 4486 3213 4531 est
3239 4476 3292 4530 in

48 4596 398 4654 celebrarent.
431 4592 584 4653 Unde
603 4602 657 4655 et
677 4607 777 4649 nos
805 4593 950 4648 illam
985 4606 1107 4653 cum
1152 4588 1308 4660 pleno
1333 4587 1505 4642 cilicio
1526 4587 1616 4640 ob-
1716 4587 1899 4659 vigilia
1924 4580 2275 4639 Aseensiouis
2307 4577 2538 4639 Domini,
2562 4575 2773 4629 canitur
2801 4570 3034 4627 cilicium
3070 4583 3084 4622 :
3108 4567 3294 4621 Vocem

50 4702 258 4743 servate
287 4686 563 4753 debemus,
588 4686 731 4756 quod
782 4698 886 4738 non
938 4659 1232 4750 incongrue
1260 4679 1331 4733 ita
1363 4678 1621 4739 ordinare.
1709 4678 2092 4749 jucunditatis;
2125 4670 2457 4728 oﬂertorium
2484 4684 2497 4719 :
2544 4665 2655 4720 Viri
2682 4663 2923 4727 Galila'i;
2946 4659 3293 4717 communio:

48 4795 347 4849 possumus.
378 4780 684 4850 Autipboua
714 4796 726 4832 :
774 4777 995 4832 Helena.
1033 4774 1406 4831 Invitatorium
1439 4791 1451 4827 :
1480 4772 1617 4826 Allc-
1720 4768 1881 4827 Pater
1902 4782 2023 4821 cum
2049 4779 2234 4818 essem.

51 4873 172 4939 tuin,
208 4873 401 4943 Regem
434 4871 762 4940 cruciﬁxum.
818 4868 875 4929 In
910 4884 925 4923 I
957 4876 1242 4933 nocturno,
1280 4865 1572 4919 autiuliona
1601 4880 1613 4916 :

1861 4858 1991 4913 CAP.
2040 4853 2216 4909 LVIII.
2242 4881 2310 4892 ——
2345 4849 2416 4902 De
2440 4844 2768 4901 hebdomatla
2807 4841 3153 4895 Pentecostes.

51 4964 354 5021 Adoremus.
378 4966 683 5036 Antiphona
710 4982 723 5017 :
747 4963 1064 5024 Adorautus.
1088 4959 1425 5028 Antiphoua:
1452 4956 1625 5010 Tuam
1791 4950 2057 5019 lejunium
2089 4944 2328 5001 mstivale
2382 4954 2595 5009 semper
2638 4936 2773 4991 infra
2829 4934 3178 4989 Pentecostcu
3214 4937 3304 4986 est.

1634 3080 1675 3138 C

52 5071 271 5111 crucem.
304 5056 471 5112 Psal.:
497 5056 717 5111 Domine
754 5055 895 5111 Deus
929 5064 1100 5108 noster
1138 5051 1371 5123 [Domini
1407 5062 1480 5102 est
1517 5059 1616 5100 ter-

56 5145 153 5217 ra].
181 5146 437 5203 Conserca
468 5164 570 5203 me.
600 5147 821 5203 Domine
867 5148 920 5201 in
963 5146 1164 5199 virtute.
1196 5141 1349 5196 Vers.
1379 5158 1392 5193 :
1438 5139 1625 5197 Onmis.

55 5246 208 5292 terra.
239 5238 665 5309 Bespousorium
694 5257 709 5296 :
756 5239 866 5291 Hoc
896 5238 1099 5307 signum
1130 5234 1322 5291 crucis.
1376 5230 1621 5299 Respon-

56 5329 294 5384 soriuut:
322 5330 498 5399 Agnus
542 5330 638 5386 Dei
686 5330 941 5388 Christus.
991 5323 1452 5399 Responsorium:
1488 5320 1625 5375 Ecce

56 5421 168 5473 vicit
199 5420 299 5476 leo.
331 5423 384 5483 In
432 5421 668 5478 secundo
708 5431 974 5480 nocturno
1027 5420 1371 5489 autipbonte:
1404 5414 1626 5469 Crucem

55 5522 309 5563 sanctam.
347 5509 451 5566 Per
493 5514 697 5583 signum
740 5513 931 5575 crucis,
981 5510 1095 5564 Nos
1138 5521 1331 5571 autem.
1378 5506 1619 5561 Psalmi:

56 5600 265 5655 Domini
291 5614 361 5656 est
386 5613 546 5665 terra,
579 5602 804 5670 Magnus
823 5602 1093 5665 Dominus,
1119 5600 1367 5655 .l-ubilate.
1391 5598 1621 5653 Versus:

58 5691 223 5748 Dicite
248 5693 300 5747 in
326 5695 650 5759 nationibus,
687 5693 938 5747 Dominus
988 5692 1215 5762 regnavit
1249 5708 1283 5744 a
1312 5690 1471 5760 ligno.
1523 5689 1626 5743 Rc-

1722 5042 2126 5097 cclebrandum.
2160 5038 2291 5093 Nam
2315 5034 2590 5091 orationes
2611 5042 2666 5085 et
2696 5029 2952 5084 lectiones
2986 5028 3051 5081 de
3102 5025 3296 5080 eodem

1716 5134 1927 5204 jejunio
1954 5140 2117 5202 agunt
2146 5131 2211 5184 dc
2241 5128 2443 5197 Spiritu
2474 5132 2663 5180 sancto
2690 5121 2857 5193 [festo
2903 5117 3074 5173 sancti
3116 5115 3288 5186 Spiri-

1726 5224 1852 5297 lus].
1879 5225 2032 5277 Sicut
2062 5236 2188 5290 ergo
2209 5217 2468 5285 jejunium
2500 5212 2719 5269 vernale
2747 5225 2961 5279 semper
2992 5207 3128 5261 infra
3162 5205 3305 5271 Qua-

1724 5296 2084 5387 dra§esimam
2103 5320 2184 5365 est
2210 5309 2610 5366 celebrandum,
2645 5319 2709 5357 co
2747 5303 2896 5386 quod
2947 5296 3307 5367 Quadragesi-

1728 5378 1883 5464 utalia
1913 5408 2109 5462 habeat
2134 5402 2414 5466 ollicia,ita
2444 5399 2653 5454 etistud
2679 5397 2816 5449 intra
2848 5378 3043 5447 festum
3073 5388 3310 5460 Spiritus

1728 5502 1923 5563 sancti,
1956 5498 2097 5552 unde
2128 5496 2291 5551 habet
2316 5492 2507 5555 ofﬁcia,
2542 5499 2664 5558 apte
2696 5486 3017 5542 celebratur.
3050 5483 3143 5538 Sic
3163 5480 3309 5536 enim

1730 5593 1901 5647 sancti
1935 5588 2118 5641 Patres
2151 5587 2216 5639 de
2247 5594 2475 5651 utroque
2518 5579 2724 5650 jejunio
2752 5576 3096 5631 constituisse
3126 5572 3312 5643 legun-

1732 5694 1838 5740 tur.
1872 5683 1924 5734 In
1956 5679 2161 5749 jejunio
2184 5677 2526 5737 Pcu'ecostcs
2551 5687 2720 5743 (δέημα
2747 5686 2849 5722 non
2872 5663 3309 5733 ﬂectimus,juxta
