3838 6322
546 259 686 321 ιε)ξό

1849 204 2434 334 Μοδιξλι.τ-ιιιιιθιοδί.
3079 241 3088 249 ”
3631 260 3716 318 ne:

543 371 638 430 size
664 379 1076 440 nostrorumque
1114 369 1350 425 ﬁdelium
1387 365 1731 432 universitas,
1778 339 2124 436 pmsentiilm
2150 346 2203 406 Α
2228 377 2496 416 summam
2521 361 2776 418 duxerint
2807 362 3144 431 dignitatem,
3177 378 3274 418 nos
3303 363 3527 434 quidem,
3546 377 3718 439 exempt;

543 462 750 518 scilicet
774 478 838 516 ac
863 462 1186 522 futurorum,
1209 460 1334 528 quia
1360 456 1680 512 venerabilis
1702 457 1868 512 abbas
1889 454 2126 511 Haimoi-

545 569 650 607 nus
690 553 756 606 de
797 551 1122 606 monasterio
1155 549 1336 604 Sancti
1367 549 1593 602 Antlrcre
1631 546 1880 614 apostoli,
1913 546 1965 599 in
1991 545 2123 599 civi-

543 652 652 696 tate
704 640 942 711 Vigenna
992 641 1100 702 siti,
1153 654 1276 694 cum
1317 638 1597 693 monachis
1646 638 1747 692 sibi
1797 636 2122 700 commissis,

540 740 668 784 ante
703 730 1047 798 prazsentiam
1099 738 1337 784 nostram
1369 736 1696 798 praeceptum
1745 727 1916 796 patris
1955 728 2121 784 nostri

538 817 806 882 deferens,
830 817 1121 887 postulavit
1145 826 1206 870 ut
1238 831 1324 871 res
1354 831 1479 884 quae
1503 816 1555 870 in
1601 817 1717 885 ipso
1745 816 1812 870 ad
1839 816 2122 885 portatum

537 908 927 962 monasterium
955 922 984 961 a
1009 922 1072 962 se
1106 905 1424 982 jamdudum
1467 915 1822 962 restauratum
1867 905 2122 975 delegatae

535 1009 692 1054 erant
718 1014 815 1061 pro
837 999 1034 1056 animae
1071 1001 1262 1054 matris
1293 1008 1490 1054 nostra:
1515 998 1794 1053 Matbildis
1815 999 2011 1068 regina:
2038 1014 2125 1054 rc-
2168 1031 2173 1036 -

535 1091 715 1148 medio
743 1106 807 1147 ac
853 1107 989 1156 suae,
1022 1101 1217 1146 nostra!
1243 1091 1580 1146 auctoritatis
1607 1100 1875 1160 praecepto
1903 1091 1968 1148 ad
2005 1105 2124 1145 sus.-

537 1183 890 1238 tentationem
926 1183 1044 1238 Deo.
1071 1183 1142 1238 ibi
1177 1183 1524 1237 servientium
1550 1182 1906 1238 corroborare
1936 1183 2124 1253 digna-

535 1287 742 1328 remur.
776 1271 917 1328 Sunt
946 1282 1125 1330 antem
1160 1289 1244 1328 res
1277 1274 1402 1343 ipsa:
1453 1274 1504 1328 in
1555 1288 1690 1351 pago
1723 1273 1950 1344 Vigenni
1983 1274 2121 1336 sita),

535 1365 589 1418 in
616 1364 743 1418 villa
772 1363 1028 1420 Vitrosco
1070 1365 1308 1421 ecclesia
1345 1381 1467 1420 cum
1518 1367 1863 1438 appendiciis—
1891 1367 2020 1428 suis,
2069 1377 2128 1422 et-

534 1454 793 1525 quidquid
808 1455 858 1510 in
874 1456 985 1526 ipsa
999 1457 1143 1523 villa,
1163 1458 1246 1512 vel
1273 1460 1322 1512 in
1338 1457 1496 1511 Areto
1519 1468 1868 1528 paternoster
1887 1468 1940 1513 et
1953 1469 2128 1512 mater

535 1556 720 1600 nostra
768 1545 836 1600 de
902 1547 1233 1603 Teudovvino
1289 1550 1676 1620 acquisieruut,
1727 1559 1781 1603 et
1833 1552 1883 1604 in
1952 1550 2121 1604 Areas

2223 453 2467 522 priorum
2511 455 2905 523 perpendentes
2935 469 3000 508 ac
3031 453 3223 509 molem
3272 465 3563 512 nostrorum
3587 476 3716 529 pem.

2227 544 2460 610 miunm,
2506 560 2572 600 ne
2624 547 2701 600 ira
2747 546 2982 601 districti
3018 545 3214 612 judicis
3245 548 3422 617 pavidi
3467 551 3715 616 damnentur.

2227 638 2753 708 archiepiscopatum
2827 637 3078 691 llibernis
3129 637 3520 695 incursionibus
3575 647 3721 709 penith

2225 725 2622 797 depopulatum,
2656 743 2816 796 (ptem
2869 727 3078 791 Arnim,
3119 737 3280 797 prout
3332 729 3470 784 vires
3519 746 3718 801 Ippclut,

2223 819 2530 874 ordinatunt
2586 819 2828 882 vestivit,
2879 821 3136 875 comitatu
3170 822 3454 885 donamus,
3503 839 3574 885 ac,
3619 829 3722 894 huius

2238 907 2561 964 auctoritate
2591 909 2762 962 nostri
2787 909 3061 977 praecepti,
3094 909 3236 967 hunc
3264 921 3446 964 autem
3478 910 3600 978 jttsle
3618 918 3720 968 etle-

2225 997 2416 1068 galiter
2441 1014 2561 1054 esse
2587 1000 2769 1054 datum
2825 999 3124 1065 ﬁrmamus,
3169 1012 3226 1055 ut
3266 1003 3409 1056 sicut
3435 1004 3720 1072 przedictontn

2226 1088 2473 1158 maligna:
2522 1090 2818 1145 incursioni
2883 1092 3179 1162 saepissime
3229 1095 3432 1148 decidit
3473 1097 3636 1158 furore,
3677 1102 3720 1154 tu

2192 1176 2395 1232 'nostri
2445 1177 2738 1247 juvamiuis
2800 1181 3116 1236 sublevetur
3177 1185 3407 1238 horrore.
3473 1183 3568 1240 lloc
3602 1201 3720 1243 autem

2224 1269 2380 1324 omni
2405 1270 2840 1325 consideratione
2870 1273 3021 1326 cordi
3055 1275 3470 1337 committimus,
3493 1275 3722 1333 Dominu-

2223 1375 2327 1429 quc
2352 1360 2629 1416 Christum
2654 1361 2838 1416 Jesum
2891 1361 3011 1418 ﬁxis
3049 1365 3277 1436 genibus
3307 1367 3637 1436 imploramus,
3657 1387 3723 1439 quo

2223 1451 2308 1505 his
2338 1452 2584 1521 peractis.
2601 1454 2668 1508 ad
2699 1452 2941 1508 ccclestis
2985 1458 3176 1524 patria
3235 1457 3506 1512 valeanms
3531 1461 3720 1528 deportati

2221 1558 2471 1613 regnum,
2501 1561 2563 1598 ac
2592 1555 2916 1614 potestatem
2951 1539 3156 1603 sanctae
3186 1550 3283 1604 Dei
3335 1551 3571 1608 Ecclesia:
3589 1555 3720 1614 Taren-

532 1649 780 1689 ntansum
805 1651 992 1700 unutn,
1019 1644 1074 1689 et
1103 1636 1156 1690 in
1183 1636 1422 1692 Masiauo
1443 1637 1685 1692 colonica
1709 1654 1836 1692 una.
1864 1637 1972 1693 Nos
1991 1653 2120 1692 vero
2152 1679 2204 1732 B
2227 1637 2376 1690 Iasiae
2408 1637 2676 1706 integrum
2709 1637 3041 1694 conferimus
3069 1642 3412 1706 comitatum,
3438 1662 3533 1716 quo
3552 1648 3720 1703 beatissi-

532 1741 638 1779 non
675 1725 849 1780 solum
879 1726 931 1780 in
970 1727 1073 1782 hoc
1103 1727 1159 1781 ei
1209 1743 1490 1781 assensum
1536 1729 1857 1796 prmbentes,
1896 1727 1991 1782 sed
2041 1727 2118 1780 in-

527 1833 694 1889 super
723 1834 820 1888 per
871 1819 1161 1875 consilium
1193 1819 1404 1875 dilectae
1449 1820 1692 1890 conjugis
1732 1830 1927 1873 nostrae
1976 1819 2121 1887 Agil-

527 1913 717 1967 drudis
759 1913 984 1984 regium,
1018 1928 1082 1968 ac
1118 1912 1306 1968 fratris
1350 1913 1519 1968 nostri
1567 1912 1860 1966 Burchardi
1907 1912 2120 1982 Lugiu-

529 2004 713 2060 nensis
745 2005 1159 2075 archiepiscopi,
1206 2005 1498 2072 quamdam
1530 2005 1707 2059 villam
1758 1991 2117 2107 Crisinciricus

525 2097 856 2154 nominatam
888 2113 1010 2154 cum
1035 2097 1256 2153 familiis
1281 2099 1561 2168 utriusque
1587 2114 1752 2152 sexus
1776 2107 1825 2153 et
1857 2097 2120 2160 :etat?.§,ct

526 2190 689 2243 relms
737 2188 994 2246 omnibus
1054 2191 1124 2244 ad
1167 2190 1338 2260 ipsam
1394 2191 1840 2260 respicientibus,
1880 2207 1998 2259 qua:
2049 2207 2115 2244 ex

525 2277 694 2331 multo
731 2287 974 2347 tempore
1025 2279 1090 2334 de
1131 2280 1355 2349 prmfato
1396 2279 1731 2334 monasterio
1769 2279 1945 2333 ablata
1994 2280 2112 2343 fuit,

524 2382 624 2437 pro
653 2370 890 2425 remedio
922 2371 1116 2424 anima:
1144 2371 1315 2440 patris
1359 2371 1552 2434 nostri,
1587 2371 1727 2423 sicut
1772 2373 1883 2440 ipse
1925 2372 1976 2425 in
2011 2373 2116 2427 line

525 2459 707 2514 obitus
786 2461 868 2515 sui
949 2461 1203 2524 reddidit,
1266 2471 1455 2516 sancto
1532 2464 1760 2517 Andr-exe
1821 2474 2114 2532 sanctoque

525 2549 761 2605 Maximo
791 2551 1064 2607 reddimus
1091 2561 1144 2607 et
1186 2553 1635 2621 concedimus,.et
1660 2571 1755 2623 per
1779 2557 1882 2610 hoc
1920 2565 2116 2612 nostra)

526 2641 870 2695 auctoritatis
893 2651 1219 2712 praeceptum
1251 2643 1548 2709 sancimus,
1581 2656 1633 2699 ut
1661 2647 1913 2716 deinceps
1937 2647 2112 2703 nullus

524 2732 655 2797 dux,
689 2732 954 2798 marchio,
981 2748 1183 2800 comes,
1217 2734 1296 2787 vel
1321 2733 1575 2804 quaelibet
1591 2736 1807 2805 grandis
1831 2747 1922 2790 aut
1945 2753 2106 2807 parva

524 2823 675 2890 regni
703 2824 874 2877 nostri
915 2838 1144 2891 persona
1185 2825 1253 2880 de
1289 2840 1454 2896 supra
1487 2827 1774 2882 nominatis
1805 2830 1964 2884 rebus
1991 2831 2112 2884 nul-

523 2911 633 2966 lum
662 2913 952 2978 teloneum,
995 2913 1077 2968 vel
1105 2913 1340 2983 aliquam
1368 2914 1696 2970 fonctionem
1723 2918 1942 2986 exigere
1969 2934 2110 2988 prae-

523 3009 728 3069 sumat,
780 3003 874 3057 sed
922 3003 987 3056 ad
1031 3003 1267 3058 subsidia
1319 3006 1709 3060 monachorum
1744 3007 1794 3061 in
1831 3008 2107 3076 pra-libato

521 3094 854 3150 monasterio
878 3094 986 3150 Deo
1021 3096 1394 3159 servientium,
1434 3097 1675 3152 omnium
1713 3099 1989 3154 hominum
2019 3101 2107 3156 in—

520 3182 836 3252 quietudine
865 3194 1094 3248 remota,
1124 3195 1321 3240 cuncto
1353 3197 1704 3255 permaneant
1746 3199 2006 3260 tempore.

594 3270 651 3326 Si
687 3272 807 3341 quis
835 3282 1012 3327 autem
1060 3274 1218 3343 hujus
1255 3277 1424 3330 nostri
1460 3279 1712 3348 praecepti
1746 3279 1976 3335 violator
2006 3299 2104 3336 cx-

519 3361 743 3426 stiterit,
767 3363 905 3418 sciat
921 3379 978 3418 se
999 3364 1424 3433 compositurum
1447 3367 1560 3420 auri
1577 3369 1763 3437 optimi
1784 3371 1948 3426 libras
1974 3388 2104 3438 xxx,

517 3453 864 3509 medietatem
914 3470 1144 3512 camera:
1187 3456 1369 3526 palatii
1417 3460 1608 3525 nostri,
1651 3469 1706 3514 et
1757 3463 2102 3520 medietatem

517 3545 801 3598 monachis
869 3547 1220 3615 supradictis.
1285 3547 1356 3606 Ut
1423 3558 1604 3606 autem
1645 3553 1824 3608 verius
1863 3570 1898 3607 τι
1950 3557 2108 3613 nobis

519 3629 720 3686 factum
744 3635 1017 3702 credatur,
1061 3646 1116 3692 et
1161 3640 1231 3695 ab
1275 3640 1529 3696 omnibus
1565 3642 1873 3712 diligentes
1918 3661 2098 3700 succe-

519 3719 770 3777 dentibus
816 3729 1146 3796 temporibus
1196 3731 1537 3798 observetur,
1588 3750 1780 3791 n=.anus
1832 3736 1958 3791 illud
2003 3754 2103 3792 no-

519 3817 650 3864 stra:
715 3814 1118 3884 subscriptione
1170 3822 1509 3890 roborantes,
1567 3826 1726 3896 sigilli
1780 3829 1951 3882 nostri
1998 3819 2102 3882 "im-

518 3899 796 3968 prcssiouc
827 3904 1071 3961 adnotari
1097 3907 1361 3976 jussitnus
1394 3931 1408 3968 :
1445 3923 1500 3968 et
1534 3917 1600 3969 ad
1631 3918 2100 3978 conﬁrmationem

517 3989 852 4057 praelibatam
895 3997 1320 4058 conﬁrmamlam
1394 4006 1644 4061 addimus
1697 4009 1980 4064 ecclesiam
2035 4012 2102 4067 de

517 4079 793 4140 Masclatis
822 4103 944 4143 cum
973 4093 1312 4164 appendit-iis.
1345 4097 1541 4155 suisad
1579 4100 1956 4168 praedictorum
1989 4118 2101 4158 mo—

517 4173 816 4230 nachorum
849 4181 1111 4236 subsidia.

589 4265 811 4337 Signum
833 4273 1012 4327 domui
1045 4274 1256 4347 Rudul/i
1284 4279 1594 4334 nobilissimi
1627 4284 1780 4352 regis.

587 4356 858 4416 Paldolfus
881 4366 1118 4419 cancella
1133 4369 1266 4433 rius,
1293 4375 1602 4442 recognovi.

596 4451 730 4506 Data
778 4469 814 4508 ιι
846 4455 968 4510 ldus
993 4457 1262 4526 Januarii,
1290 4479 1432 4519 anno
1468 4465 1858 4523 Iurat-nationis
1889 4471 2098 4524 Domini

513 4541 639 4605 995,
665 4543 852 4601 indict.
890 4562 944 4612 v,
977 4565 1120 4603 anno
1148 4567 1275 4605 vero
1307 4553 1712 4612 domnilialulli
1739 4561 1880 4631 regis
1901 4563 2096 4631 primo.

580 4635 778 4693 Actum
812 4637 1140 4710 Vigennmin
1178 4645 1271 4701 Dei
1309 4649 1526 4704 nomine
1554 4650 1800 4706 feliciter.
1845 4656 2034 4710 Amen.

509 4836 773 4907 Anu'zoni,
801 4843 1186 4930 archiepiscopo
1211 4848 1621 4930 Terruitnsiensi,
1644 4856 1942 4910 comitatum
1961 4859 2099 4930 ejus.

1057 4919 1174 4972 dem
1205 4923 1343 4974 urbis
1370 4928 1552 4976 dormt.
1674 4938 1678 4942 ‘

1126 5013 1304 5082 (Anno
1339 5014 1487 5084 996‘.)

815 5098 1147 5171 [Munaronn
1178 5103 1352 5177 Autiq.
1387 5107 1492 5159 Ital
1524 5149 1538 5170 ,
1566 5107 1605 5166 Ι.
1636 5108 1785 5180 “5.1

581 5187 637 5245 in
668 5192 886 5248 nomine
913 5206 1117 5250 sant-tte
1149 5207 1202 5251 et
1231 5198 1517 5258 individnze
1547 5199 1848 5271 Trinitatis,
1881 5203 2096 5265 Reum.-

512 5296 667 5348 rnus,
699 5285 884 5338 aeterni
908 5284 1110 5354 iudicis
1135 5291 1502 5349 misericordia
1533 5308 1652 5353 rex.

581 5374 720 5432 Dum
750 5376 804 5432 in
835 5378 1136 5447 primordio.
1161 5382 1483 5440 Christianum
1513 5386 1791 5457 religionis.
1814 5391 2098 5449 constituti

509 5475 638 5521 sunt
695 5482 880 5538 reges,
925 5468 1298 5530 Ecclesiarmn.
1335 5477 1749 5536 sollicitudinem
1801 5497 2101 5556 coeantque

509 5556 824 5626 pontiﬁcum
847 5560 955 5619 Deo
983 5561 1357 5622 ﬁnitimamium
1383 5567 1808 5634 considerantes,
1839 5588 2097 5643 augmen-

511 5650 982 5713 tandotctfrarum
1034 5655 1189 5714 donis
1239 5658 1586 5728 pontificatus
1638 5664 1986 5734 quamplurcs
2026 5669 2094 5724 ad

2223 1741 2430 1778 morum
2485 1726 2850 1794 apostolorum
2898 1729 3160 1800 principis
3183 1731 3301 1801 jam
3343 1733 3533 1788 dictum
3570 1741 3721 1791 comit:-

2223 1825 2332 1869 tnm
2385 1817 2495 1872 Deo
2528 1817 2845 1884 deferimus,
2890 1830 2948 1874 ut
2997 1823 3050 1876 in
3106 1825 3366 1879 omnibus
3405 1828 3615 1882 eamdem
3651 1831 3719 1899 ipse

2221 1907 2511 1974 prmdictns
2563 1909 3004 1981 archiepiscopus
3061 1923 3395 1981 potestatem
3433 1916 3600 1970 habeat
3634 1923 3717 1989 ηεξ.

2221 2014 2342 2053 men
2403 1999 2515 2054 sive
2565 2002 2924 2058 ordinationis
2977 2020 3199 2058 suormn
3262 2007 3430 2061 tantis
3482 2011 3724 2078 temporibus

2219 2091 2469 2161 episcopo
2500 2093 2856 2149 committere.
2885 2095 3200 2168 Quicunque
3235 2098 3403 2166 igitur
3432 2098 3569 2152 istius
3588 2109 3718 2153 nostra

2217 2179 2526 2235 donationis
2549 2181 2746 2235 seriem
2773 2185 3065 2238 temerario
3092 2201 3241 2242 ausu-
3260 2197 3519 2241 temerare
3536 2203 3716 2256 prastin-

2217 2271 2404 2337 pserit,
2437 2271 2687 2326 omnibus
2717 2271 2806 2326 Dei
2837 2274 3312 2332 maledictionibns
3347 2277 3613 2346 subjaceat,
3641 2294 3716 2331 san-

2215 2370 2536 2432 ctorumque
2562 2365 2929 2436 apostolorum
2970 2367 3216 2420 omnium
3267 2367 3424 2421 nodis
3474 2376 3523 2422 et
3565 2367 3718 2421 nexibus

2216 2448 2490 2516 irretitus,
2532 2455 2878 2510 anathemate
2908 2465 3170 2525 perpetuo
3219 2456 3523 2511 damnetur.
3569 2457 3716 2512 Ethzt

2215 2550 2406 2596 nostra
2434 2545 2731 2599 auctoritas
2763 2547 2936 2611 ﬁrma,
2970 2547 3182 2601 stabilis
3214 2559 3431 2602 maneat
3454 2551 3716 2620 semper;iu-

2215 2645 2483 2701 superque
2543 2635 2737 2688 sentiat
2785 2652 2843 2689 se
2887 2638 3320 2706 compositurum
3375 2649 3568 2692 centum
3608 2639 3720 2691 libra

2212 2723 2403 2790 optimi
2432 2725 2570 2789 auri,
2601 2727 2944 2781 medietatem
2972 2743 3203 2782 camerae
3229 2739 3513 2794 nostrae,et
3538 2731 3716 2784 medieta-

2215 2820 2320 2866 tem
2352 2814 2786 2884 archiepiscopo,
2831 2816 2912 2870 vel
2953 2821 3367 2872 successoribus
3417 2820 3535 2872 suis.
3578 2817 3711 2872 Verr

2212 2913 2269 2958 ut
2301 2904 2402 2958 hoc
2444 2907 2684 2960 credatis
2734 2907 2948 2971 melius,
2981 2922 3222 2976 praesens
3254 2918 3562 2977 praeceptum
3595 2907 3714 2960 ﬁrma-

2214 2996 2411 3061 vimus,
2435 3007 2728 3066 nostroque
2761 2998 2950 3069 sigillo,
2971 2999 3214 3067 insigniri
3240 3000 3511 3064 jussimus.

2285 3084 2509 3154 Signum
2538 3087 2739 3142 domini
2769 3087 3102 3149 serenissimi
3137 3089 3286 3158 regis
3315 3086 3580 3157 Rodulpbi.

2281 3181 2574 3238 Ansclums
2607 3185 2749 3254 regis
2797 3184 3157 3241 euncellarius
3200 3187 3309 3242 hoc
3353 3187 3547 3256 scripsit
3577 3197 3710 3252 prete-

2210 3281 2368 3341 ptmn
2383 3289 2526 3327 anno
2565 3275 2778 3328 Domini
2826 3275 3223 3331 lnearnat-ionis
3257 3276 3626 3347 nongentesimo
3652 3287 3711 3324 Ito-

2210 3363 2486 3432 nagesimo
2555 3374 2746 3430 sexto,
2808 3366 3102 3423 indictione
3158 3383 3294 3425 vero
3349 3370 3561 3434 decima,
3612 3365 3710 3434 regni

2208 3465 2386 3509 autem
2425 3454 2692 3524 Rodulphi
2727 3457 2910 3515 tertio.

2281 3548 2470 3602 Actum
2499 3549 2551 3603 in
2578 3548 2804 3619 Agauno
2836 3551 3086 3609 feliciter.

2207 3765 2498 3821 Ecclesium
2558 3768 2616 3824 S.
2663 3769 2876 3825 Νίσυιαὶ
2938 3771 3002 3824 de
3052 3771 3332 3826 Pollniaco
3383 3772 3441 3827 S.
3489 3769 3705 3826 Odilotu'rc

2522 3843 2840 3894 rnonruierio
2869 3840 3206 3896 Cluniacensi
3230 3845 3482 3899 concedit.

2813 3953 2992 4022 (Attno
3025 3953 3204 4023 1029.)

2209 4038 2362 4110 [Dom
2395 4040 2678 4103 liburnae,
2715 4040 2950 4095 Thesnur
2974 4042 3199 4104 Anecd.,
3237 4045 3276 4107 l,
3315 4046 3434 4106 HT,
3464 4061 3520 4097 ex
3541 4039 3705 4096 architis

2451 4114 2694 4168 Carnem
2737 4113 3129 4184 (gompntorutn.
3154 4115 3528 4185 Diviouensis.]

2276 4201 2338 4255 In
2359 4202 2575 4256 notnine
2603 4211 2802 4256 sancla‘
2822 4211 2875 4255 et
2920 4201 3208 4258 individua
3235 4205 3526 4266 Trinitatis,
3555 4203 3700 4255 litan-

2205 4310 2317 4357 rus,
2349 4293 2440 4356 Dei
2471 4294 2643 4362 gratia
2675 4294 3106 4364 Burgundiorum
3146 4311 3263 4354 rex.

2135 4409 2179 4468 υ
2279 4384 2431 4438 Sicut
2479 4394 2686 4438 certtun
2731 4386 2964 4457 estquia
3001 4385 3092 4441 Dei
3141 4389 3382 4455 potentis
3431 4405 3694 4442 non...”

2204 4475 2400 4543 quippe
2417 4475 2533 4529 sine
2561 4491 2667 4542 quo
2696 4485 2935 4544 potestas
2980 4490 3085 4530 non
3119 4486 3222 4540 est,
3276 4479 3344 4532 ita
3385 4494 3568 4548 quoque
3588 4476 3694 4543 liquet

2202 4571 2342 4636 quod
2376 4578 2652 4636 potentum
2675 4584 2837 4637 opera
2881 4569 3257 4636 interrogabit.
3288 4571 3354 4626 Et
3393 4574 3457 4624 ob
3493 4573 3573 4626 hoc
3595 4569 3692 4621 nobis

2201 4674 2544 4728 sitnntnoperc
2583 4661 2878 4714 curandum
2919 4673 3000 4717 est
3029 4675 3086 4718 ut
3127 4679 3251 4718 cum
3283 4665 3362 4719 vel
3393 4657 3686 4734 prodesse.th

2201 4751 2414 4818 obc‘sse,
2467 4753 2583 4820 ipso
2617 4753 2953 4820 disponente,
3005 4771 3319 4824 possumus,
3347 4765 3560 4809 nostrum
3590 4762 3690 4819 post?

2201 4845 2300 4896 sub
2345 4844 2462 4912 ejus
2492 4855 2623 4898 nntn
2649 4846 2863 4914 penitus
2910 4848 3244 4917 subigentes,
3277 4861 3331 4904 et
3360 4848 3527 4903 honori
3557 4853 3682 4898 sancti

2200 4939 2315 5004 ejus
2354 4938 2609 4993 Ecclesiae
2656 4939 2927 5008 proﬁciat,
2971 4943 3218 4996 certatim
3270 4943 3527 4996 faciamus.
3568 4937 3682 5002 ltaqut

2199 5028 2390 5097 prisca)
2415 5028 2608 5083 seriem
2638 5030 3064 5092 consuetudinis,
3099 5031 3433 5100 regalemque
3457 5027 3674 5084 Chrislllli

2201 5119 2478 5187 religionis
2507 5135 2712 5174 morem
2743 5121 3157 5175 considerantes
3182 5122 3304 5175 totis
3335 5121 3520 5175 nisibus
3539 5124 3670 5179 totoqu

2198 5213 2398 5267 mentis
2437 5211 2631 5267 alfectu
2683 5213 2879 5267 imitari
2911 5215 3181 5284 cupimus,
3215 5225 3270 5269 et
3315 5214 3447 5285 quod
3475 5212 3553 5281 ipsi
3575 5209 3683 5260 duu-

2200 5313 2324 5357 runt
2353 5304 2418 5357 ad
2439 5303 2824 5360 ecclesiasticae
2873 5305 3209 5362 celsitudinis
3254 5323 3450 5371 curam,
3479 5319 3559 5358 nos
3579 5297 3678 5368 spiri-

2200 5393 2432 5446 tualibus
2463 5394 2652 5460 armis,
2681 5404 2735 5450 et
2775 5395 2963 5467 clypeo
2987 5397 3280 5453 Dominica:
3307 5391 3604 5470 protectionis
3619 5387 3678 5440 de-

2197 5485 2340 5539 fendi
2399 5485 2645 5540 eamdem
2702 5503 2848 5542 cura:
2900 5487 3315 5545 sollicitudinem
3382 5487 3673 5544 subintretuns.

2196 5578 2334 5631 sicut
2358 5576 2449 5647 qui
2475 5577 2586 5633 Deo
2616 5577 3005 5636 famulantibus
3043 5579 3330 5650 placabiles
3352 5568 3672 5632 misericorditer

2197 5668 2543 5724 exstiterunt.
2571 5671 2910 5741 Quapropter
2935 5671 3166 5738 cunctis,
3203 5680 3307 5726 tam
3343 5668 3543 5739 regibus,
3565 5668 3669 5728 ιιωιι
