3838 6322
26 316 155 377 η)Ξὸ

1162 310 1518 373 ῗΙΙΕΝΙΠΩυΞ
1555 317 1573 371 1
1613 315 2042 375 FRANCORUM
2082 318 2244 375 REX.

3155 332 3177 385 ί
3190 329 3291 387 026

28 435 720 508 reliquaruquignitatum
775 434 1043 505 personis,
1099 434 1455 505 [tumentibus
1516 434 1597 488 vel
1628 415 1674 474 Α
1702 431 1927 501 campis,
1960 433 2199 502 pascuis,
2236 433 2385 488 omni
2412 436 2635 492 omnino
2665 445 2810 494 terra
2850 438 2992 496 culta
3038 441 3289 499 videlicet

23 531 235 589 futuris,
259 537 443 582 notum
476 528 548 583 sit
570 528 715 597 quod
744 527 901 597 petiit
930 542 960 581 a
996 526 1152 582 nobis
1177 527 1397 597 quidam
1426 526 1596 582 ﬁdelis

18 630 196 674 noster
236 619 525 673 Reinaldus
558 634 762 686 comes,
810 618 950 673 ﬁlius
979 618 1213 675 Othonis
1238 629 1596 690 cognomento

20 711 289 773 Willclmi,
340 711 441 765 viri
495 710 872 774 illustrissimi,
933 721 1201 781 quatenus
1254 711 1595 767 Cluniacensi

21 802 257 856 cmuobio
286 802 337 856 in
369 802 576 856 honore
599 801 899 871 primorum
926 803 1076 867 εαξη,
1105 802 1245 858 Petri
1266 802 1518 857 videlicet
1541 812 1595 857 et

19 893 160 946 Pauli
193 886 857 962 constructo,’cui1ir:eest
888 895 1217 949 reverendus
1234 892 1589 959 Pater‘Odilo,

19 983 424 1037 concederemus
472 996 571 1051 per
621 983 725 1037 hoc
756 992 957 1036 nostrae
1010 986 1350 1039 auctoritatis
1394 1001 1593 1056 plumea

18 1086 153 1143 ptum
182 1074 467 1129 ecclesiam
512 1073 625 1128 sive
666 1076 1053 1130 monasterium
1082 1076 1133 1130 in
1169 1077 1373 1131 honore
1407 1076 1497 1133 Dei
1537 1087 1593 1133 et

14 1166 304 1221 Salvatoris
344 1165 470 1221 iesu
504 1165 731 1231 Christi,
763 1168 1115 1238 ejusdemque
1138 1168 1435 1225 Genitricis
1476 1169 1591 1223 Ma»

14 1257 118 1319 rirc,
150 1258 430 1327 sanctique
458 1257 603 1312 Petri
626 1258 877 1327 apostoli,
903 1272 1110 1314 necnon
1143 1268 1196 1315 et
1228 1262 1399 1316 sancti
1430 1260 1590 1315 Nico-

11 1345 73 1400 lai
99 1347 426 1403 confessoris
446 1348 575 1402 almi
606 1359 1013 1415 consecratum,
1041 1350 1107 1404 ad
1136 1350 1485 1405 habitandum
1514 1352 1583 1407 ibi

10 1434 386 1490 Cluniacenscs
415 1437 735 1503 monachos,
782 1438 873 1508 qui
906 1447 1015 1492 tam
1056 1453 1156 1509 pro
1187 1450 1368 1495 nostra
1423 1457 1583 1510 quam

14 1526 241 1578 oiuuinm
295 1526 469 1581 salute
522 1527 631 1582 Deo
657 1527 872 1583 assidue
924 1542 1111 1597 preces
1144 1539 1199 1583 et
1225 1537 1347 1583 vota
1378 1531 1584 1600 persol-

6 1630 145 1669 vant.
180 1616 544 1673 Coucedimns
573 1633 703 1690 ergo
721 1621 834 1690 jam
863 1624 1009 1678 dicto
1030 1622 1280 1679 emnobio
1301 1623 1580 1694 praefatum

11 1703 192 1769 locum,
219 1706 385 1761 situm
412 1708 464 1761 in
494 1709 806 1780 episcopatu
837 1712 1247 1770 Vesuutionensi
1275 1714 1428 1783 juxta
1460 1717 1582 1772 Pol»

4 1796 273 1861 liuiacum,
308 1799 359 1852 iu
405 1798 525 1855 loco
556 1802 647 1870 qui
679 1812 826 1858 recte
849 1805 1016 1860 Vallis
1050 1816 1279 1861 vocatur
1323 1809 1587 1863 constitu-

10 1896 130 1949 tum.
154 1904 278 1943 cum
311 1897 453 1944 terra
496 1900 551 1945 et
593 1892 838 1958 decimis,
874 1911 969 1951 seu
1000 1899 1251 1953 onmihus
1277 1898 1379 1954 sibi
1414 1901 1581 1969 perti-

8 1978 264 2043 nentibus,
298 1988 352 2034 et
381 1995 409 2034 a
442 1980 595 2036 bona:
629 1986 905 2040 memoriae
945 1987 1177 2050 Othone,
1223 1999 1581 2057 cognomento

9 2067 291 2133 Willelmo,
318 2071 431 2127 sive
471 2072 728 2129 Reiualdo
749 2077 865 2146 ejus
896 2078 1023 2143 ﬁlio,
1044 2079 1130 2133 vel
1151 2080 1219 2135 ab
1245 2081 1425 2151 aliquo
1453 2097 1580 2151 posv-

8 2175 207 2215 sessore
263 2161 336 2215 ibi
383 2161 595 2218 collatis
613 2179 710 2219 seu
747 2166 1123 2235 conferendis,
1167 2178 1223 2225 et
1258 2172 1470 2226 cunctis
1508 2172 1579 2227 ibi

0 2253 355 2323 undecunque
387 2254 439 2308 in
477 2271 646 2326 regno
689 2268 875 2312 nostro
910 2262 1212 2331 acquisitis,
1240 2263 1324 2317 vel
1357 2263 1409 2317 in
1446 2277 1577 2333 per-

4 2352 205 2411 petuum
235 2346 603 2414 acquirendis.
662 2348 743 2402 Ad
783 2364 1030 2419 praesens
1078 2368 1293 2422 quoque
1342 2363 1579 2423 quatuor

5 2433 194 2490 ferreas
222 2436 519 2504 caldarias,
568 2440 812 2510 situsque
853 2460 1041 2499 earum
1092 2446 1142 2500 in
1174 2447 1380 2509 salinis,
1413 2456 1468 2502 et
1497 2450 1576 2501 vi-

2 2542 119 2582 ncas
139 2544 261 2598 qum
304 2532 573 2599 quondam
600 2532 817 2588 fuerunt
848 2536 1132 2599 Beatricis.
1158 2548 1212 2593 et
1236 2540 1417 2594 omnia
1457 2554 1578 2610 qtae

2 2622 376 2680 (iluuiaceuscs
428 2627 673 2682 monachi
705 2627 757 2681 iu
801 2631 1057 2698 praedicto
1096 2632 1264 2703 hurgo
1312 2634 1579 2701 acquisie-

3 2715 115 2768 rint.
151 2716 202 2769 ln
229 2717 406 2786 burgo
433 2719 596 2772 etiam
643 2718 991 2785 Giosoneusi,
1035 2724 1178 2792 quod
1225 2724 1348 2793 quia
1382 2723 1452 2778 ibi
1484 2741 1577 2778 ac-

0 2804 317 2874 quisierunt,
342 2808 422 2860 vel
449 2818 707 2876 prteterea
739 2812 1024 2880 acquirere
1051 2820 1364 2882 potuerunt,
1396 2813 1574 2866 villam

1 2897 215 2969 denique
249 2899 571 2965 Glcnoncm,
628 2919 752 2958 cum
795 2905 1023 2960 ecclesia
1068 2916 1122 2962 et
1169 2908 1414 2972 decimis,
1453 2924 1575 2963 cum

0 2992 157 3047 servis
173 3004 227 3049 et
244 2993 473 3058 ancillis,
497 3011 617 3051 cum
645 2998 840 3063 vincis,
863 2999 1089 3059 silvulis,
1116 3004 1303 3071 pratis,
1332 3004 1570 3067 rut-ibus,

1 3104 100 3122 F—u

1699 530 1756 576 et
1781 521 2003 588 inculta,
2048 538 2169 577 cum
2221 525 2435 579 cunctis
2479 527 2786 598 ubicunque
2826 532 3014 600 positis
3041 534 3107 587 ad
3140 549 3290 589 eam-

1690 614 1817 668 dem
1844 614 2083 668 villulam
2112 616 2523 684 pertinentibus.
2556 619 2745 674 Villam
2777 637 2994 693 quoque
3024 623 3283 680 Mediola-

1696 722 1847 773 num,
1901 706 2318 777 ecclesiamque,
2366 722 2489 764 cum
2532 712 2757 767 decimis
2806 724 2860 768 et
2884 716 3135 770 omnibus
3172 717 3288 772 suis

1688 798 2054 867 pertinentiis,
2082 800 2428 869 maximeque
2452 813 2711 856 aeternam
2739 807 3186 861 consuetudinem
3226 809 3282 862 in

1695 888 1825 941 silva
1856 888 2205 960 Maydunensi
2243 909 2255 944 :
2286 890 2470 945 villam
2500 907 2713 961 quoque
2739 895 3124 963 Vesanensem,
3155 913 3280 951 cum

1683 981 1922 1035 ceclesia
1959 992 2021 1037 et
2064 983 2311 1047 decimis,
2351 992 2404 1037 et
2452 984 2666 1038 cunctis
2712 984 2776 1037 ad
2830 986 3073 1040 eamdem
3103 986 3282 1041 villam

1693 1073 2114 1140 pertinentibus,
2171 1072 2346 1127 locum
2397 1076 2561 1127 etiam
2619 1074 2709 1142 qui
2756 1074 2954 1129 dicitur
2995 1074 3201 1139 Mutua,
3231 1083 3285 1130 ct

1683 1163 1871 1218 omnia
1903 1163 1969 1217 ad
2020 1179 2080 1219 se
2108 1163 2457 1233 pertinentia.
2498 1163 2602 1218 Sed
2638 1173 2692 1219 et
2738 1164 3095 1220 Guntherium
3125 1164 3285 1235 Popi-

1691 1253 2007 1319 lianeuscm,
2038 1271 2160 1310 cum
2191 1255 2444 1309 omnibus
2476 1271 2596 1324 qua:
2624 1256 2737 1324 ipse
2765 1257 2912 1310 visus
2938 1266 3021 1310 est
3052 1257 3277 1321 habere,

1693 1355 1798 1400 tam
1825 1348 1875 1400 in
1906 1346 2079 1401 alodis
2108 1363 2269 1418 quam
2303 1348 2355 1401 in
2397 1347 2677 1402 beneﬁciis
2700 1348 2983 1412 comitum,
3012 1359 3066 1403 et
3086 1360 3283 1404 cuncta

1681 1437 1908 1491 omnino
1934 1437 2276 1507 possessione
2317 1438 2455 1508 ejus,
2487 1439 2776 1506 piscarium
2812 1454 3032 1510 quoque
3067 1440 3283 1494 Guiria-

1686 1542 1928 1589 censent,
1960 1544 2082 1583 cum
2109 1530 2255 1582 omni
2290 1537 2434 1583 terra
2474 1530 2539 1582 ad
2568 1544 2686 1584 eam
2718 1531 3034 1600 pertinenti.
3065 1529 3282 1585 Praefati

1654 1620 1851 1688 igitur
1888 1621 2131 1676 Reinaldi
2159 1622 2391 1687 comitis,
2427 1622 2511 1676 vel
2543 1621 2773 1675 aliorum
2809 1621 3044 1677 ﬁdelium
3072 1630 3281 1676 nostro-

1686 1724 1806 1762 rum
1836 1707 2271 1780 obtemperantes
2298 1711 2566 1781 petitioni,
2592 1726 2714 1765 eum
2740 1725 3007 1765 consensu
3032 1709 3280 1781 conjugis

1689 1799 2098 1868 Yrtnengardis,
2124 1802 2491 1865 concedimus,
2526 1802 2664 1856 sicut
2706 1801 2907 1856 dictum
2934 1814 3035 1866 est,
3068 1802 3280 1860 Clunia-

1683 1891 2100 1945 censicceuobio
2127 1890 2308 1944 omnia
2362 1893 2612 1960 superius
2657 1902 2978 1958 memorata,
3026 1908 3088 1948 ac
3129 1893 3278 1948 velut

1675 1980 1695 2049 j
1738 1998 1787 2034 m
1818 1982 2052 2036 diximus
2086 1982 2341 2053 deinceps
2390 1984 2741 2052 acquirenda,
2793 1984 2860 2038 ad
2900 1984 3188 2039 tenendum
3222 1994 3277 2039 et

1676 2072 1799 2142 jure
1828 2083 2086 2142 perpetuo
2109 2073 2516 2143 possidendum,
2552 2075 2668 2129 siue
2694 2072 2984 2144 ettjuslibet
3006 2088 3273 2144 personae,

1684 2163 1763 2218 vel
1786 2162 1946 2218 nobis
1982 2164 2321 2220 succedentis
2373 2166 2426 2220 in
2477 2178 2666 2233 regno,
2699 2164 2784 2218 vel
2827 2163 3049 2218 alterius
3089 2163 3274 2232 cujus-

1679 2270 1896 2324 cunque
1924 2256 2129 2311 ordinis
2157 2272 2252 2311 seu
2284 2255 2563 2326 dignitatis
2590 2254 3035 2318 contradictione,
3059 2252 3145 2309 vel
3167 2252 3275 2307 ulla

1682 2347 1749 2398 ah
1778 2346 1960 2415 aliquo
1984 2346 2053 2400 ibi
2077 2356 2284 2402 retenta
2310 2346 2726 2402 consuetudine.
2751 2346 2819 2401 Et
2843 2346 2947 2400 hoc
2975 2352 3035 2398 ut
3061 2360 3091 2398 a
3120 2343 3276 2399 nobis

1680 2439 1860 2492 verius
1889 2439 2160 2501 credatur,
2194 2449 2250 2494 et
2288 2454 2318 2493 a
2349 2439 2579 2510 posteris
2602 2437 2803 2494 nostris
2830 2452 2934 2493 non
2972 2436 3270 2506 frangatur,

1676 2532 1898 2600 propria
1928 2548 2089 2586 manu
2148 2543 2332 2587 nostra
2375 2532 2767 2597 rohoravimus,
2801 2539 2855 2585 et
2904 2526 3063 2599 sigilli
3100 2524 3271 2581 nostri

1681 2622 2036 2691 impressione
2071 2622 2317 2692 insigniri
2343 2623 2629 2692 jussimus.

1752 2711 1976 2782 Signum
2000 2712 2183 2766 domui
2222 2713 2434 2767 liadulﬁ
2469 2714 2632 2783 regis.

1752 2804 1943 2858 Actum
1993 2805 2176 2875 Logis,
2207 2821 2349 2859 anno
2386 2802 2785 2861 Incarnatiouis
2819 2800 2975 2869 1029,
3011 2807 3273 2871 regnanto

1686 2896 1917 2951 liadull'o
1946 2914 2069 2967 rege
2093 2912 2236 2953 anno
2261 2915 2423 2953 xxxv.

2986 3110 3236 3135 ﬂ

1772 3148 1875 3199 σα
1904 3160 1923 3185 ςν
1944 3166 1953 3183 -ς
1992 3146 2029 3199 ea
2066 3147 2085 3193 ξ

2028 3196 2029 3199 η
2066 3174 2087 3195 ¹λ
2116 3185 2155 3196 με
2202 3174 2219 3187 ⁴

2564 3456 2577 3471 ι

1286 3434 1457 3527 ’(An.
1503 3448 1898 3527 10314000.)

1171 3666 2093 3795 DIPLOMATA

764 4031 802 4087 Ι.

0 4112 107 4193 Pro
143 4123 467 4193 monasterio
517 4120 576 4193 S.
624 4122 807 4193 iSalm'i
863 4126 1005 4193 apud
1054 4124 1454 4181 Menalerolum.
1507 4159 1580 4170 —

61 4188 344 4266 Henricus
369 4193 450 4245 ari
467 4192 570 4266 sui
612 4191 850 4266 [lagonis
880 4188 1148 4266 putrisque
1175 4196 1386 4255 Roberti
1412 4199 1582 4254 donu-

60 4261 228 4315 tianes
261 4261 424 4315 eidem
456 4265 568 4316 loco
598 4261 765 4331 factus
791 4261 1088 4333 conﬁrmat.

599 4355 777 4424 (Anno
812 4356 992 4428 1042.)

60 4437 221 4511 [Dom
260 4438 492 4519 Μωρέἰ
534 4440 730 4519 Annal.
769 4443 990 4519 Benetl._,
1030 4454 1068 4500 t.
1102 4446 1189 4508 IV.
1238 4448 1508 4519 Append,

300 4525 351 4579 p.
392 4510 513 4575 755,
544 4528 607 4564 ex
636 4513 912 4568 chartario
947 4516 1006 4570 S.
1046 4518 1258 4589 Salvii.]

60 4599 115 4655 In
167 4601 396 4655 nomine
446 4612 648 4656 sancta:
696 4614 751 4659 et
796 4606 1084 4663 individua:
1133 4608 1435 4677 Trinitatis,
1480 4625 1581 4679 ego

0 4690 286 4746 lleinrieus
313 4692 486 4760 gratia
518 4693 606 4757 Dei
645 4693 979 4750 Francorum
1015 4714 1130 4763 rex,
1160 4710 1267 4756 etc.

62 4783 220 4839 Unde
254 4782 372 4838 loco
394 4782 445 4837 ς.
476 4782 778 4855 Wingaloei
808 4786 1115 4844 Munsteroli
1145 4791 1249 4845 situ
1272 4808 1299 4844 a
1338 4792 1581 4862 pluribus

0 4873 209 4936 collata,
268 4883 538 4943 praecepto
595 4886 778 4931 nostro
814 4880 1154 4935 auctoritatis
1201 4881 1481 4939 ﬁrmamus
1526 4895 1581 4941 ct

0 4963 149 5033 sigilli
210 4965 385 5018 nostri
438 4965 791 5034 impressione
838 4968 1055 5037 signare
1107 4971 1468 5040 prmcipimus.
1522 4974 1577 5028 lu

0 5055 186 5122 primis
229 5069 289 5108 ea
323 5070 445 5125 qua:
492 5071 520 5108 a
574 5068 755 5113 nostra
794 5058 1117 5115 liberalitate
1158 5062 1239 5114 vel
1279 5066 1443 5130 patris
1475 5066 1577 5118 mei

0 5142 239 5210 Roberti,
271 5147 353 5201 vel
384 5147 466 5200 avi
498 5148 601 5203 mei
631 5149 870 5220 Hugonis
895 5152 1149 5220 praedicto
1177 5153 1296 5207 loco
1321 5170 1578 5208 concessa

0 5249 142 5303 suun,
197 5238 409 5293 scilicet
450 5239 785 5296 molendiuos
835 5243 972 5298 duos
1000 5244 1244 5299 cervisiu:
1279 5246 1464 5300 usiluts
1492 5249 1580 5300 dc-

0 5332 321 5394 servientes,
357 5347 385 5385 a
424 5347 511 5387 me
554 5332 784 5388 alterum
817 5349 940 5389 cum
988 5335 1228 5405 quinque
1258 5337 1478 5402 accolis,
1527 5348 1580 5391 et

0 5421 227 5475 alterum
280 5424 349 5477 ab
401 5439 503 5479 avo
534 5441 654 5480 meo
681 5427 937 5496 praedicto
966 5426 1189 5498 liugoue
1218 5445 1340 5484 cum
1369 5429 1580 5484 decimo

0 5513 179 5579 pontis
205 5511 449 5583 denario,
481 5525 537 5571 et
570 5516 777 5572 duabus
802 5517 1051 5573 ecclesiis
1082 5519 1133 5574 in
1163 5521 1423 5576 memoria
1451 5538 1579 5577 sau-

0 5601 62 5653 L'li
90 5600 287 5657 Judoci
326 5608 574 5669 sacratis,
616 5623 844 5676 quarum
875 5625 980 5663 una
1018 5619 1104 5665 est
1142 5609 1283 5665 infra
1320 5614 1577 5668 munitio—

0 5707 145 5759 nent,
176 5692 278 5749 alia
310 5712 468 5766 super
492 5698 827 5757 lluvium.....
859 5714 981 5755 cum
1012 5700 1303 5771 piscatoria
1335 5718 1487 5773 aqua:
1511 5703 1579 5760 ab

1607 4020 1649 4076 ϐ
1682 4056 1969 4110 Atimacho
2019 4071 2305 4125 usque"...
2368 4054 2630 4109 Addimus
2693 4060 2953 4123 prmterea
2998 4051 3271 4106 ﬁrmando

1682 4163 1743 4202 ea
1776 4161 1896 4218 qum
1946 4157 2102 4218 pater
2149 4162 2302 4202 meus
2342 4145 2590 4209 contulit,
2642 4154 2750 4201 tres
2790 4144 3072 4205 ecclesias,
3097 4159 3270 4197 unam

1682 4238 1892 4294 scilicet
1919 4240 1970 4293 in
2000 4241 2205 4294 honore
2238 4238 2411 4293 sancti
2443 4236 2609 4301 Petri,
2640 4237 2799 4290 aliam
2825 4237 2876 4289 in
2906 4237 3112 4289 honore
3139 4250 3268 4288 san-

1682 4332 1754 4385 cti
1783 4330 2106 4401 Wiugaloei,
2133 4331 2351 4384 tertiam
2384 4330 2435 4383 in
2468 4329 2672 4383 honore
2693 4329 2865 4381 sancti
2892 4326 3058 4381 Salvii
3084 4340 3272 4380 sacra-

1685 4427 1797 4483 tas;
1824 4427 1878 4472 et
1905 4417 2192 4472 transitum
2220 4432 2369 4471 nova:
2388 4416 2619 4471 villa...
2640 4415 2978 4471 lnculcamus
3006 4424 3268 4484 praetcrea

1683 4509 2091 4565 corroborando
2132 4523 2196 4563 ea
2241 4524 2363 4578 qua!
2421 4524 2451 4562 a
2504 4508 2694 4579 primis
2739 4506 3118 4561 l‘undatorihus
3168 4506 3269 4561 loci

1682 4610 1810 4658 sunt
1857 4601 2075 4665 collata,
2132 4602 2341 4657 scilicet
2389 4618 2420 4656 a
2452 4601 2677 4673 liilgodo
2704 4600 2922 4667 comite,
2954 4600 3046 4670 qui
3076 4600 3270 4671 praedi-

1682 4701 1830 4747 ctum
1862 4701 2109 4746 sanctum
2149 4706 2318 4761 nuper
2362 4707 2393 4746 a
2424 4693 2673 4761 partibus
2720 4689 3013 4745 Britanni-.2
3051 4700 3275 4760 propter

1683 4792 1886 4837 metum
1925 4782 2221 4851 piratarum
2248 4784 2592 4852 deportatum
2623 4782 2863 4850 hospitio
2909 4796 3036 4836 cum
3073 4780 3270 4835 libera-

1683 4875 1834 4929 litate
1863 4884 1918 4928 ct
1958 4874 2325 4930 muniﬁcentia
2358 4885 2603 4945 tempore
2633 4873 2888 4929 Ludovici
2922 4870 3271 4943 imperatoris

1683 4967 1779 5021 ﬁlii
1818 4968 1994 5022 Caroli
2030 4968 2177 5023 Calvi
2231 4967 2569 5037 suscipiens,
2622 4965 2772 5021 dedit
2819 4965 2918 5029 illi,
2976 4964 3029 5019 in
3083 4962 3273 5033 primis

1684 5060 1881 5113 atrium
1932 5059 2228 5128 publicum,
2273 5058 2603 5129 sepulturam
2630 5057 2838 5113 scilicet
2867 5059 3195 5113 advenarum
3218 5062 3273 5107 et

1684 5151 2112 5219 peregrinorum,
2160 5150 2353 5205 deinde
2398 5165 2593 5204 novem
2622 5163 2843 5204 mansos
2869 5149 3056 5203 subtus
3079 5147 3273 5201 Firmi-

1688 5252 1945 5297 tatem....
1999 5243 2095 5297 His
2150 5244 2401 5297 addimus
2435 5252 2621 5296 nostra
2674 5243 2999 5297 auctoritate
3042 5255 3106 5295 ea
3152 5254 3272 5309 qua:

1614 5333 2031 5422 Dcoutulerunt
2086 5333 2426 5388 Herlewinus
2475 5348 2691 5398 comes,
2744 5332 3065 5403 Raynerus,
3111 5330 3269 5392 llato,

1693 5424 1994 5495 Scylaldus,
2012 5424 2412 5489 cherannus,
2438 5424 2779 5491 (llarboldus,
2804 5424 3044 5479 Alienus
3070 5435 3271 5485 comes,

1689 5519 1987 5581 Ansccrus,
2022 5517 2231 5582 Saleco,
2276 5517 2537 5573 Arnull‘us
2587 5532 2795 5579 comes.
2842 5515 3133 5570 Baldttiutts
3176 5529 3273 5566 co-

1692 5622 1827 5673 mes,
1850 5606 2165 5673 Gonfridus,
2198 5606 2541 5673 Benzelinus,
2571 5606 2837 5670 Alﬁ-idus,
2870 5604 3110 5676 liagauo,
3138 5603 3272 5656 Aut-

1689 5713 1852 5772 gerus
1901 5699 2149 5767 clericus,
2204 5701 2500 5759 Balduinus
2545 5698 2882 5763 marchisus,
2942 5698 3275 5766 lugerannus
