3838 6322
48 380 182 433 tota

1188 369 1539 425 llEt‘ililCUS
1582 371 1619 423 1.
1662 370 2084 426 FilANCOllliM
2116 372 2276 425 REX.

3176 358 3199 411 1
3211 358 3311 412 (150

44 486 311 545 videlicet,
343 494 395 537 et
444 482 585 544 Filii,
620 490 674 534 et
712 480 946 550 Spiritus
999 481 1192 543 sancti,
1225 495 1322 546 ego
1355 480 1622 534 llcsmcus
1652 483 1696 537 Α
1728 481 1956 534 libenter
2000 482 2357 535 succedendo.
2418 482 2599 552 Neque
2631 484 2774 536 enim
2806 484 2980 542 locum
3018 490 3183 545 cilicii
3221 492 3307 549 νει

43 578 378 630 Francorum
419 590 510 628 rex
547 576 636 628 Dei
669 576 864 642 gratia.

114 670 170 722 Si
204 686 330 737 erga
362 668 562 721 cultum
617 676 922 719 sani-torum
974 675 1027 719 et
1058 665 1337 718 utilitatem
1370 664 1624 717 ecclesia-

42 760 173 812 rum
209 762 556 827 antiquorum
608 758 873 811 institutio
902 774 999 811 nos
1030 758 1194 809 voluit
1229 772 1350 809 esse
1382 757 1618 815 devotos,

40 860 245 918 quamo
301 849 471 918 magis
508 863 632 916 erga
686 847 1009 917 singularem
1051 847 1365 899 memoriam
1424 854 1624 899 nostr.e

40 940 379 1002 salvationis,
407 938 652 992 videlicet
680 938 770 991 Dei
796 937 1107 1000 Genilricis,
1129 953 1288 1005 quam
1314 945 1433 1004 post
1458 937 1623 989 Deum

38 1031 318 1083 credimus
347 1037 399 1082 et
438 1029 758 1082 conﬁdimus
810 1044 915 1080 non
966 1026 1135 1080 solum
1192 1039 1388 1079 nostra:
1439 1026 1625 1079 saliuis

40 1120 473 1185 amininiculiim,
531 1119 623 1172 sed
665 1130 719 1173 et
757 1118 969 1187 plenum
1012 1118 1302 1173 eﬁeczum!
1340 1118 1489 1173 Unde
1530 1135 1626 1185 pro

39 1211 403 1281 acquisitione
448 1220 663 1264 aeternae
703 1209 976 1264 felicitatis
1017 1210 1301 1263 admodum
1345 1210 1623 1274 sollicitus,

38 1304 402 1371 circumspexi
432 1304 475 1355 si
506 1304 647 1355 circa
674 1317 758 1354 me
795 1302 995 1371 aliquid
1028 1298 1303 1363 haberem,
1335 1302 1476 1369 quod
1508 1301 1624 1368 ejns

39 1394 326 1447 famulatui
353 1403 405 1446 et
426 1393 795 1462 promerendae
828 1394 1014 1461 gratiie
1042 1392 1349 1461 impendere
1376 1407 1622 1461 possem:

39 1486 234 1540 ethoc
270 1486 400 1538 mihi
456 1485 849 1553 aliquantisper
903 1485 1159 1553 cogitanti
1203 1484 1267 1537 ad
1312 1485 1626 1539 memoriam

40 1575 207 1627 rediit
273 1574 1061 1631 canonicorumiCarnotensis
1127 1574 1398 1637 ecclesiae,
1466 1590 1627 1642 quam

37 1668 244 1733 sepius
278 1659 698 1730 inculcaverant,
740 1665 945 1734 petitio,
1002 1680 1097 1733 per
1130 1680 1289 1733 quam
1322 1682 1350 1719 a
1403 1667 1629 1720 diversis

36 1758 468 1811 mhibitionibus
498 1768 551 1809 et
574 1758 854 1811 exactione
891 1756 1001 1820 illa,
1034 1773 1153 1825 qua:
1178 1757 1378 1825 vulgari
1412 1758 1627 1811 nomine

1726 573 1903 624 sudem
1951 573 2286 627 celsitudinis
2327 580 2634 645 usurpando
2677 594 2931 650 appetere
2979 581 3158 649 debet,
3204 589 3314 653 qui'

1725 664 1841 731 ejus
1868 664 2116 719 elfectum
2152 668 2428 723 vindicare
2469 688 2571 724 non
2605 676 2785 726 audet.
2830 675 2979 729 Unde
3019 694 3115 731 nos
3162 680 3294 733 lihe-

1728 762 1993 815 ralitalem
2028 773 2080 815 et
2105 765 2403 817 inuniﬁcen
2421 768 2547 819 tiam
2580 784 2762 831 regem
2795 778 2841 820 et
2879 772 3265 838 iirpcratiiriim
3288 815 3303 835 ,

1726 852 1919 918 quibus
1952 868 2074 905 cum
2101 852 2278 906 ollieio
2311 862 2422 906 tum
2461 856 2744 925 dignitate,
2771 858 2863 912 Dei
2896 862 3067 927 gratia
3108 878 3309 929 pra-ve-

1728 943 1929 1006 niente,
1986 946 2369 1011 successimus,
2425 962 2521 1013 pro
2566 964 2720 1016 posse
2765 961 3143 1017 exsequentes,
3181 969 3306 1019 erga

1727 1033 1841 1088 loca
1892 1045 2206 1089 sanctorum
2247 1047 2298 1089 et
2335 1040 2784 1107 eongrcgationes
2835 1040 3067 1093 ﬁdelium
3117 1042 3308 1093 divinae

1729 1124 1998 1191 majestati
2038 1127 2437 1189 l'amnlantium,
2492 1129 2559 1179 ita
2613 1128 2865 1182 liberales
2892 1140 2941 1181 et
2968 1131 3145 1183 devoti
3193 1131 3307 1183 cul-

1732 1225 1872 1268 tores
1928 1231 2048 1270 esse
2120 1218 2394 1284 cupimus.
2439 1227 2496 1269 ut
2527 1220 2593 1270 ab
2645 1233 2833 1271 eorum
2883 1220 3207 1272 excellentia
3254 1235 3307 1273 et

1730 1303 1979 1372 largitate
2012 1306 2225 1360 desides
2269 1318 2318 1359 et
2373 1308 2669 1374 degeneres
2707 1322 2827 1360 esse
2864 1324 2967 1359 non
3005 1309 3304 1362 videamur.

1730 1396 1791 1448 ιςι
1825 1396 1945 1450 licet
1973 1386 2072 1450 hoc
2105 1399 2155 1450 in
2187 1412 2475 1451 commune
2501 1399 2754 1450 omnibus
2778 1397 3024 1451 ccclesiis
3060 1400 3310 1450 debueri-

1729 1505 1870 1552 inus,
1908 1498 1971 1541 ιιι
1991 1489 2068 1542 eis
2097 1488 2496 1541 aiiiminiculari
2518 1484 2581 1542 et
2609 1489 2896 1543 subvenire
2924 1490 3140 1558 dignum
3166 1491 3321 1558 jiuli-‘

1729 1595 2010 1640 earemus,
2056 1580 2267 1632 illorum
2324 1588 2502 1632 tamen
2556 1580 2944 1633 necessitudini
2991 1566 3309 1649 propensius

1729 1671 1987 1729 debemus
2030 1672 2211 1724 debito
2261 1680 2311 1723 et
2340 1672 2548 1724 ratione
2594 1673 3044 1733 condescendere,
3079 1688 3217 1740 quos
3256 1673 3307 1723 in

1731 1762 1953 1814 servitio
2006 1770 2190 1813 nostro
2251 1761 2554 1821 insudasse,
2614 1769 2667 1813 et
2722 1762 2771 1813 in
2824 1761 3078 1814 lidclitate
3122 1772 3307 1815 nostra

38 1846 259 1899 Vicaria
288 1855 525 1908 \‘CCalllt‘,
563 1845 707 1899 illum
735 1846 945 1927 ﬁscum,
974 1848 1057 1899 cui
1094 1846 1394 1915 Unigradus
1420 1846 1516 1917 [aL
1548 1847 1620 1899 hi-

1737 1854 1956 1922 contigit
2003 1854 2377 1905 vehementius
2426 1852 2754 1905 elaborasse.
2800 1852 2994 1905 Notum
3043 1853 3306 1921 siquidem

36 1936 277 2008 greiumj
308 1937 619 1992 vocabulum
650 1948 750 2001 est,
779 1938 1004 1991 liberum
1034 1949 1085 1992 et
1109 1940 1347 2008 quietum
1377 1940 1629 2007 deinceps

35 2042 163 2081 esse
210 2031 575 2081 concederem.
620 2028 729 2096 Ego
763 2043 889 2081 vero
943 2029 1215 2097 petitionis
1253 2030 1487 2095 ipsorum
1538 2046 1630 2083 cx-

34 2119 351 2187 aggerando
403 2119 695 2182 cumulum,
732 2120 980 2173 universa
1018 2118 1251 2173 concedo
1294 2136 1625 2188 qinecunque

37 2209 300 2275 qinclibet
338 2218 478 2262 terra
524 2210 730 2277 praefati
791 2212 902 2264 lisci
958 2211 1085 2263 mihi
1115 2219 1168 2264 et
1205 2212 1337 2265 meis
1369 2212 1630 2266 hactenus

33 2300 355 2368 persolvere
382 2312 757 2365 consueverat,
807 2316 1074 2371 quatenus
1111 2304 1162 2355 in
1204 2318 1267 2356 eo
1324 2305 1631 2358 habitantes

39 2393 218 2444 tutius
259 2393 458 2455 vivere,
512 2403 565 2446 et
616 2394 816 2447 idcirco
863 2410 1199 2463 quarcuiique
1239 2396 1305 2447 ab
1340 2396 1418 2448 eis
1449 2392 1631 2449 usibus

35 2482 432 2535 canonicorum
489 2484 787 2547 debentur,
840 2484 1049 2553 plenius
1108 2485 1325 2538 valeant
1385 2486 1628 2549 reddere,

36 2573 287 2640 exceptis
324 2584 555 2641 quatuor
614 2576 871 2629 sextariis
914 2577 1019 2629 vini
1075 2577 1142 2630 de
1194 2593 1512 2645 unoquoque
1545 2594 1631 2630 ar-

37 2676 246 2728 penno,
276 2678 410 2729 quos
447 2664 576 2716 mihi
612 2666 985 2719 advocationis
1036 2668 1203 2732 gratia
1235 2668 1449 2731 retinui,
1494 2683 1595 2736 qua
1619 2697 1631 2708 -

38 2753 197 2806 tinus
224 2753 265 2804 si
300 2754 348 2804 in
389 2764 662 2822 posterum
707 2756 828 2823 quis
868 2758 915 2811 ei
947 2757 1077 2811 ﬁsco
1126 2758 1375 2825 injuriam
1433 2760 1631 2813 inferre

38 2842 359 2909 tentaveiit,
394 2859 516 2912 rege
563 2846 855 2900 auxiliante
898 2860 1150 2914 superno,
1194 2861 1279 2901 me
1311 2849 1629 2902 advocatum

34 2932 142 2984 sibi
185 2933 381 2985 sentiat
414 2949 533 2988 esse
558 2935 831 2988 infestum.
881 2937 946 2989 Et
986 2947 1040 2989 ut
1067 2946 1263 2992 nostra:
1290 2938 1632 2993 liberalitatis

36 3021 418 3076 muniﬁcentia
458 3025 706 3079 omnibus
734 3037 933 3082 sancta:
964 3028 1153 3081 matris
1180 3029 1435 3083 Ecclesia:
1466 3030 1633 3084 ﬁdeli-

37 3112 143 3164 bus
180 3120 233 3164 et
273 3114 471 3167 nostris
503 3124 643 3168 esset
673 3124 825 3187 nota,
856 3132 1068 3170 summo
1099 3119 1277 3171 studio
1309 3127 1362 3172 et
1404 3119 1629 3189 diligen-

38 3204 107 3254 tia
150 3204 495 3271 priecipimus
532 3192 745 3260 exarari
779 3221 832 3261 et
878 3209 1033 3283 sigilli
1068 3210 1237 3264 uestri
1272 3210 1629 3280 impressione

36 3294 252 3362 signari
283 3312 295 3346 :
331 3306 595 3365 quatenus
624 3300 763 3367 quod
817 3316 978 3353 manu
1031 3302 1246 3370 propria
1278 3303 1430 3373 signo
1457 3306 1633 3359 crucis

33 3386 316 3455 iinpreSso
361 3389 647 3442 statuimus
682 3405 803 3444 esse
832 3401 1026 3455 ratum,
1062 3408 1156 3462 per
1203 3397 1472 3449 curricula
1516 3412 1636 3449 suc-

34 3476 356 3551 cedentium
414 3491 712 3550 temporum
770 3494 986 3538 maneat
1039 3485 1433 3540 inconvulsum.
1475 3483 1549 3540 Et
1589 3488 1633 3541 si

33 3570 173 3638 quis
221 3570 377 3637 hujus
430 3574 799 3627 conventionis
855 3589 975 3629 esse
1028 3577 1316 3628 tenlaverit
1372 3576 1629 3642 violator,

31 3661 193 3730 quod
224 3663 382 3727 absit,
420 3664 552 3717 iram
593 3664 687 3719 Dei
728 3666 989 3731 incurrat,
1023 3674 1183 3735 atque
1216 3677 1396 3721 nostra
1423 3676 1634 3723 nostro-

32 3768 280 3822 rumque
299 3755 621 3808 auctoritate
649 3757 928 3811 convictus
956 3758 1302 3821 absceilat,et
1325 3776 1423 3828 pro
1447 3761 1631 3816 illicita

30 3842 468 3909 praesumptione
500 3844 616 3897 auri
662 3843 827 3899 libras
870 3856 1084 3899 centum
1126 3847 1289 3917 regali
1347 3849 1476 3903 ﬁsco
1513 3866 1631 3918 per:

31 3930 242 3985 Solvat.

104 4024 312 4075 Actum
346 4024 559 4091 publice
591 4023 828 4079 Parisios
858 4032 1013 4080 anno"
1031 4026 1186 4081 Verbi
1218 4029 1421 4082 inearn.
1475 4028 1633 4094 ill-l8,

34 4115 342 4169 indictione
372 4118 563 4185 prima,
599 4128 856 4189 regnante
887 4119 1118 4175 Henrico
1156 4137 1278 4192 rege
1303 4138 1431 4176 xviii
1460 4139 1627 4187 anno,

32 4223 63 4259 Χ
76 4224 105 4260 v
140 4207 421 4263 Kalendas
448 4210 591 4265 Maii.
962 4226 965 4229 '
1550 4202 1553 4205 ν

789 4301 879 4356 1V.

29 4389 395 4465 Prieileginm
430 4411 521 4462 pro
555 4397 870 4449 monasterio
910 4396 1095 4451 Sancti
1138 4397 1448 4450 Tliesdorici
1474 4390 1631 4465 princ

114 4461 335 4514 Remos.
367 4493 432 4500 —
457 4466 682 4531 Adjutui'
726 4482 815 4518 rea:
843 4467 905 4518 ub
940 4468 1150 4519 Albcrto
1184 4468 1366 4520 abbate
1396 4468 1445 4521 in
1472 4461 1629 4532 crpit-

106 4532 368 4605 gnatione
416 4532 794 4595 Cestri-Novi,
849 4537 1385 4603 cjus'monuswrium
1435 4556 1464 4588 α
1496 4539 1627 4605 jngo

104 4601 491 4720 adlvocatorum
522 4614 568 4656 et
608 4601 962 4657 vexationibus
1000 4601 1613 4659 areliidiu‘couorunruli-

109 4687 171 4720 so
204 4681 299 4720 vit.
888 4706 893 4711 ι

109 4681 299 4723 solvit.

581 4766 755 4835 (Circa
796 4768 1101 4837 an.10-.‘i().)

110 4852 279 4925 [Dom
328 4853 608 4925 Mauram,
644 4857 815 4927 Ampl.
855 4858 1093 4921 (Lallem,
1127 4859 1165 4923 l,
1205 4859 1327 4925 4‘32,
1359 4877 1425 4914 ex
1457 4878 1557 4915 nis.

618 4950 673 5001 S.
709 4948 1074 5022 ThcodoricLJ

110 5035 171 5087 lii
215 5038 433 5093 nomine
459 5051 661 5095 sancta:
691 5040 744 5095 et
772 5044 1058 5099 individtne
1090 5047 1393 5100 Trinitatis.
1428 5048 1631 5117 Egerii)

28 5124 343 5190 “marcus,
372 5134 541 5199 gratia
576 5135 664 5187 Dei
702 5135 1038 5190 Francorum
1084 5156 1198 5205 rex,
1226 5143 1632 5194 successoribus

31 5220 188 5272 meis
225 5221 441 5288 regibus
471 5240 657 5293 paceni
687 5236 742 5280 et
771 5229 999 5283 salutem

112 5312 314 5365 Omnis
349 5316 659 5385 quicunque
706 5319 865 5373 alicui
900 5321 951 5374 in
989 5322 1169 5389 aliquo
1212 5324 1492 5390 dignitatis
1536 5340 1634 5394 ge-

30 5418 179 5455 nere
226 5406 491 5469 succcdit,
545 5408 661 5476 ejus
708 5408 949 5464 imitator
997 5426 1116 5465 esse
1166 5412 1324 5467 debet
1376 5414 1429 5467 in
1486 5414 1631 5467 omni

31 5495 357 5550 honestatis
400 5500 705 5568 proposito,
756 5500 911 5569 cujus
956 5503 1135 5558 otﬁcio
1188 5520 1246 5563 se
1304 5507 1637 5573 nnincipavit

116 5623 497 5705 (5)_A|i_quam
536 5633 695 5701 hujus
738 5635 1042 5704 diplomatis
1077 5648 1282 5705 partem
1317 5641 1483 5693 edidit
1516 5641 1626 5694 .‘da-

30 5696 381 5821 iiiilJOtlljtlnsulll
401 5696 698 5760 Annalibus
715 5696 1233 5775 Beiieilictiuis'dom.
1253 5710 1338 5765 IV:
1361 5712 1625 5781 integrum

56 5789 71 5819 ι
126 5783 140 5796 ³
214 5786 222 5795 ”
343 5787 386 5821 S.

56 5783 141 5820 HC
174 5783 386 5824 UillllllS.

1732 1955 1813 1997 est
1847 1946 2100 1996 omnibus
2154 1958 2291 2010 pene
2337 1944 2487 2011 regni
2536 1944 2808 1996 Gallorum
2835 1944 3021 1997 incolis
3049 1954 3307 2011 qinznlum

1734 2034 1974 2086 laborun
2018 2034 2442 2101 impcnderimus
2474 2034 2525 2085 in
2557 2034 2811 2100 captione
2846 2035 3009 2086 castri
3041 2035 3180 2102 quod
3208 2034 3310 2087 Nec

1734 2142 1860 2177 vum
1890 2135 2134 2176 vocatur.
2166 2124 2247 2174 Ad
2276 2138 2435 2189 quam
2474 2134 2693 2176 strenue
2718 2133 2771 2175 et
2799 2122 3026 2175 viriliter
3052 2138 3311 2192 peragen-

1734 2216 1890 2277 dam,
1948 2230 2200 2282 maguum
2255 2213 2493 2267 solamen
2555 2215 2708 2267 nobis
2760 2213 2987 2281 praebuit
3044 2214 3191 2266 locus
3250 2214 3308 2267 S.

1736 2303 2095 2358 lbzi‘tholoinei
2146 2303 2245 2371 ili»),
2298 2304 2518 2356 Albuti)
2569 2302 2683 2368 ejus
2731 2304 2830 2356 luci
2879 2315 3005 2356 tunc
3057 2306 3313 2373 temporis

1734 2395 1947 2457 abbate,
1990 2394 2283 2462 diligenter
2313 2403 2365 2446 et
2396 2404 2712 2446 Constanter
2742 2394 2873 2447 adeo
2908 2386 3211 2455 insistente,
3251 2403 3308 2445 ιιι

1734 2488 1898 2540 etiam
1935 2488 2131 2540 amcis
2176 2502 2317 2554 saepe
2373 2487 2609 2538 monitus
2666 2501 2861 2543 essem,
2916 2494 2971 2537 ut
3020 2486 3066 2537 ei
3119 2488 3312 2537 bonam

1739 2578 1908 2630 vicem
1958 2576 2261 2641 redderem,
2315 2585 2366 2628 et
2416 2576 2630 2643 dignam
2691 2578 3185 2631 remunerationem
3221 2592 3351 2643 pro.

1736 2667 1957 2720 merito
2002 2664 2330 2718 conferrem.
2397 2664 2510 2728 Qua
2573 2665 2946 2732 persuasionis
3007 2665 3316 2717 inductione

1737 2772 1979 2811 meorum
2026 2762 2375 2823 provocatus,
2423 2753 2715 2806 deliberavi
2749 2768 2993 2820 quievere
3020 2753 3146 2821 quid
3179 2768 3295 2820 ltt‘IC-

1736 2851 1879 2903 dicto
1912 2850 2029 2900 loco
2066 2856 2120 2899 et
2158 2845 2338 2899 abbati
2380 2862 2591 2913 possem
2626 2846 2881 2899 exhibere
2912 2861 3007 2913 pro
3038 2846 3116 2898 sui
3152 2846 3315 2897 bene-

1736 2942 1843 2995 ﬁcii
1876 2954 1927 2993 et
1953 2939 2160 2992 laboris
2213 2939 2669 2991 remuneratione.
2716 2937 2823 2991 Sed
2865 2955 2984 2991 cum
3022 2937 3315 3005 comperis-

1735 3048 1847 3089 sem
1900 3034 1966 3085 ab
2014 3030 2209 3083 abbate
2238 3040 2290 3082 et
2318 3030 2717 3083 habitatoribus
2760 3030 2860 3083 loci
2909 3028 3315 3082 advocationem

1737 3123 1987 3183 ubbatiaz.
2019 3138 2180 3190 quam
2216 3123 2429 3189 quidem
2460 3121 2746 3175 castellani
2779 3131 3089 3193 tenuerant,
3133 3119 3231 3172 sibi
3264 3131 3317 3170 et.

1737 3214 1849 3269 suis
1884 3211 2050 3265 fuisse
2076 3209 2350 3275 infestam,
2381 3226 2444 3263 eo
2470 3195 2607 3279 quod
2640 3210 2836 3262 multas
2862 3209 2969 3278 iizju
3006 3210 3083 3261 ias
3106 3207 3317 3276 publiie

1737 3314 1789 3357 et
1820 3302 2074 3373 privatim
2106 3314 2224 3367 .pcr
2261 3317 2377 3352 eam
2427 3302 2661 3369 perpessi
2711 3300 2946 3361 fuerant,
2994 3298 3219 3351 consilio
3264 3307 3316 3350 ct

1736 3396 2123 3465 astipulatione
2171 3378 2451 3454 meorum,
2500 3392 2612 3460 jam
2657 3392 2857 3444 dictam
2907 3389 3314 3442 adruentionein

1737 3506 1859 3545 cuin
1894 3487 2155 3544 benelicio
2187 3487 2253 3539 ad
2289 3501 2406 3537 eam
2444 3485 2767 3552 pertinente,
2804 3482 3065 3550 pia-dicto
3095 3475 3317 3533 omnino

1736 3581 2105 3638 concessimus
2133 3579 2273 3631 loco.

1808 3673 2009 3726 Deinde
2057 3676 2256 3723 nostrae
2306 3667 2584 3721 serenitati
2637 3670 3024 3734 suggesserunt
3065 3662 3206 3731 quod
3249 3659 3316 3712 ab

1736 3771 2147 3831 archidiacono,
2164 3769 2253 3837 qui
2277 3775 2596 3835 procurator
2619 3773 2671 3816 et
2691 3761 2937 3831 provisor
2955 3758 3190 3827 ejusdem
3216 3756 3316 3809 loci

1736 3865 1801 3917 ad
1858 3862 2150 3916 utilitatem
2202 3876 2321 3915 esse
2376 3860 2656 3919 debuerat,
2717 3853 2882 3907 multa
2938 3852 3037 3905 sub
3092 3850 3316 3903 obtentu

1737 3953 2016 4009 canonica:
2085 3950 2442 4005 institutionis
2508 3947 2851 4017 patiebantur
2901 3932 3152 3995 advc‘rsa.
3214 3939 3317 3991 Pro

1737 4048 1933 4117 quibus
1984 4047 2181 4113 smpius
2224 4045 2363 4113 apud
2411 4042 2874 4108 archiepiscopum
2920 4034 3316 4104 proclamantes

1736 4135 2089 4190 Sit-cularibns
2122 4135 2352 4204 negotiis
2394 4131 2800 4199 archiepiscopo
2850 4126 3046 4195 saepius
3085 4124 3324 4185 inlenlu,’

1738 4244 1926 4296 pacem
1982 4228 2282 4281 secundum
2333 4225 2474 4293 quod
2518 4219 2911 4283 volueraiit,‘et
2946 4217 3045 4271 sibi
3097 4228 3315 4294 necesse

1740 4318 1943 4380 fuerat,
1992 4333 2096 4370 non
2150 4316 2522 4369 obtinuerunt.
2580 4312 2691 4364 llac
2742 4307 3071 4363 necessitate
3117 4302 3313 4366 coacti,

1736 4412 1892 4463 nobis
1924 4410 2311 4462 intiinaverunt
2351 4406 2476 4474 quid
2510 4404 2851 4471 patiebantur
2891 4397 3124 4453 adversi.
3177 4394 3311 4447 Huic

1662 4502 2070 4574 Dcompatiens
2126 4496 2541 4566 conquestioni,
2600 4489 2960 4545 amicabiliter
3025 4498 3313 4556 aggressus

1737 4607 1855 4645 sum
1896 4590 2365 4658 archiepiscopum
2403 4602 2523 4640 cum
2558 4584 2802 4639 ecclesia:
2845 4575 3313 4639 ministerialibus,

1738 4689 1924 4748 petens
1954 4689 2009 4732 nt
2034 4681 2175 4748 quod
2197 4688 2383 4732 contra
2410 4691 2672 4728 canonum
2701 4680 2899 4726 statuta
2929 4677 2983 4723 et
3010 4665 3317 4737 apostolica:

1739 4774 1883 4825 sedis
1928 4774 2139 4826 decreta
2184 4770 2471 4839 perspicue
2524 4765 2841 4835 irjnriosiim
2891 4768 3030 4823 erat,
3091 4759 3314 4812 omnino

1739 4865 2241 4933 prictcrtnitierent,
2275 4874 2327 4916 el
2359 4859 2616 4928 quidquid
2645 4855 2907 4908 malorum
2937 4850 3073 4918 exigi
3105 4857 3316 4919 poterat

1738 4958 1838 5009 sub
1885 4959 2066 5026 specie
2112 4955 2258 5017 boni,
2301 4967 2462 5006 causa
2507 4948 2674 5003 nostri
2730 4944 2931 4997 amoris
2953 4952 3006 4995 ct
3032 4940 3309 5010 petitionis

1738 5051 1959 5119 omnino
1987 5052 2328 5101 l'rustrarrnt.
2366 5045 2427 5096 lit
2455 5042 2612 5108 hujus
2643 5036 2918 5107 petitionis
2943 5030 3313 5087 conditiOncm

1738 5146 2031 5210 postquam
2069 5142 2134 5191 ab
2175 5140 2276 5190 illis
2327 5153 2432 5190 non
2487 5134 2785 5186 voluntarie
2822 5126 3052 5189 obtinui,
3085 5127 3183 5179 sub
3216 5126 3316 5177 im-

1736 5232 2016 5301 pressione
2067 5229 2238 5281 nostri
2294 5226 2454 5295 sigilli
2490 5225 2787 5291 scriptam,
2823 5232 2875 5274 et
2908 5219 3161 5273 manibus
3187 5217 3317 5268 ﬁde-

1736 5323 1866 5375 lium
1903 5330 2210 5374 nostrorum
2262 5318 2695 5377 corroboratam,
2751 5314 3019 5383 pricdictie
3074 5309 3336 5365 ecclesiie'

1738 5414 1951 5483 publice
1977 5411 2321 5471 contulimus,
2352 5418 2404 5460 et
2436 5424 2532 5477 per
2559 5421 2835 5460 assensum
2868 5394 3189 5457 cunctorum
3222 5401 3314 5470 qui

1737 5506 2007 5560 alluerunt
2055 5501 2504 5557 contradidiimis.
2551 5499 2787 5552 Petimus
2812 5512 2941 5567 ergo
2972 5507 3316 5550 successores

1808 5637 1884 5705 (si)
1924 5636 2098 5707 Locus
2154 5634 2211 5688 S.
2259 5631 2637 5707 liai'tholcmici
2690 5628 3208 5707 estanonasteriimi
3253 5626 3311 5681 S.

1739 5701 2054 5763 Theoderici
2080 5720 2247 5775 prope
2278 5707 2495 5768 ltcmos,
2528 5702 2679 5768 cujus
2702 5701 3085 5772 ill'efapostolus
3115 5701 3315 5767 prima-

1740 5782 1849 5834 rius
1881 5787 2142 5849 patronus
2160 5781 2438 5831 ‘hactt‘nus
2467 5774 2793 5845 agnoscitur.
3055 5803 3060 5808 -
3322 5800 3325 5803 -
