3838 6322
23 407 42 460 l
54 402 154 458 035

1031 387 1423 445 nENIuCUSI
1465 384 1904 442 raaucoaun
1947 357 2107 439 usx.

3136 388 3272 443 Π)ἷὸ

23 514 178 571 dubio
225 507 351 579 regii
400 506 654 561 culminis
716 511 914 560 statum
971 517 1226 574 magnum
1285 486 1904 572 pratpararc‘Ajestatis
1946 497 2410 550 conﬁrmaremus.
2464 496 2703 563 Quorum
2757 497 3002 568 petitioni
3043 499 3276 557 libenter

23 603 413 671 comprobatur,
441 609 494 653 et
522 613 624 652 non
647 596 822 650 soluat
850 604 1048 650 statum
1076 594 1226 665 regni
1256 594 1308 648 in
1338 593 1589 664 praesenti

23 694 366 754 corroborat,
399 691 492 744 sed
523 689 685 743 etiam
718 687 770 740 in
805 685 984 740 futuro
1025 695 1242 740 {elerum
1275 684 1589 738 retributio-

24 788 102 841 nis
133 783 406 855 prtemium
444 779 542 834 sibi
577 778 852 834 conciliat.
882 776 1222 846 Quapropter
1253 775 1594 830 notilicamtts

23 876 265 933 ontnibus
287 881 484 928 sancta:
509 870 602 925 Dei
634 867 885 923 Ecclesiae
916 866 1061 930 liliis,
1087 875 1198 920 tam
1234 865 1594 936 praesentibus

24 983 176 1039 quam
210 963 425 1027 futuris,
472 961 615 1030 quod
654 958 954 1028 majestatis
1003 967 1202 1011 nostrae
1248 955 1591 1025 praesentiam
1639 944 1646 950 ’

24 1058 234 1128 quidam
283 1053 515 1110 clericus
559 1050 775 1127 nomine
825 1049 1045 1118 Belinus
1102 1047 1255 1111 adiit,
1290 1063 1488 1116 rogans
1538 1056 1596 1101 nt

24 1145 307 1217 privilegio
335 1152 537 1198 nostra:
570 1139 909 1195 auctoritatis
938 1137 1382 1192 eonlirmaremus
1428 1138 1595 1205 quod-

23 1241 138 1295 dam
183 1239 381 1292 donum
427 1234 530 1289 sibi
571 1248 600 1286 a
634 1230 950 1286 Nivernensi
991 1230 1190 1284 comite
1230 1227 1502 1283 Willclmo
1544 1237 1597 1282 ct

22 1329 343 1400 quibusdam
371 1327 496 1381 aliis
539 1322 962 1380 Nivernensibus
1003 1319 1330 1391 primoribus
1370 1319 1593 1385 factum,

23 1423 228 1478 scilicet
260 1421 311 1475 in
342 1417 601 1474 subnrbio
634 1413 952 1470 Niveruensi
993 1413 1283 1482 quamdam
1310 1410 1596 1466 ecclesiam

27 1519 74 1570 in
124 1515 331 1568 honore
369 1511 427 1566 S.
463 1509 694 1564 Victoris
721 1515 1118 1570 consecratam,
1165 1503 1596 1573 antiquissimam

23 1605 290 1665 videlicet,
332 1609 389 1657 et
436 1615 499 1655 ex
531 1597 721 1669 primis
769 1595 1093 1665 supradictae
1135 1592 1285 1647 urbis
1323 1592 1597 1646 ahbatiam

25 1696 208 1767 primis
259 1693 589 1761 temporibus
637 1687 993 1757 locupletem,
1039 1684 1284 1755 pluribus
1334 1684 1594 1747 dotatam,

1698 589 2089 658 acquievimus,
2131 599 2184 643 et
2232 589 2430 642 donum
2472 589 2610 644 sicut
2657 599 2776 644 erat
2825 591 3273 663 astipulavimus;

1695 681 1986 735 statuimus
2017 695 2230 750 quoque
2272 689 2330 734 ιιι
2369 681 2435 736 ad
2483 681 2769 750 pristinum
2797 692 3000 737 statum
3044 683 3274 739 ecclesia

1699 773 1785 828 illa
1820 779 2224 839 revertatur,'et
2254 773 2469 826 abbatia
2499 774 2838 838 restituatur,
2869 789 2957 829 res
2992 782 3155 843 atque
3185 790 3277 830 ec-

1697 865 1874 921 clesize
1901 865 2196 935 dispertita:
2227 877 2280 920 et
2308 881 2338 919 a
2371 865 2610 935 pluribus
2637 868 2925 922 subtractae
2953 870 3277 938 supradictae

1697 959 1959 1014 ecclesiae.
1997 998 2010 1013 .
2045 998 2058 1012 .
2089 999 2102 1012 .
2134 997 2149 1013 .
2193 969 2392 1014 uantur
2433 971 2617 1015 nostra
2669 962 3011 1024 anetoritt'e,
3062 968 3116 1016 et
3147 961 3275 1014 nulli

1698 1050 1769 1104 sit
1802 1052 1881 1104 l'as
1909 1064 1972 1104 ex
2003 1051 2168 1120 ipsius
2199 1051 2355 1105 bonis
2401 1051 2602 1119 aliquid
2653 1050 2877 1106 ulterius
2921 1053 3156 1122 diripere
3191 1052 3275 1108 vel

1699 1141 1938 1197 auferre.
1977 1140 2298 1197 Sancientes
2332 1142 2608 1197 sancimus
2634 1151 2692 1196 ut
2724 1143 2966 1213 quisquis
2989 1145 3273 1200 ecclesiam

1698 1233 1847 1288 illam
1879 1248 1945 1288 ex
1995 1243 2180 1290 nostro
2216 1236 2482 1291 beneficio
2521 1245 2874 1307 augmentare
2900 1237 3153 1299 voluerit,
3184 1246 3278 1292 aut

1702 1325 1904 1395 aliquid
1933 1341 1995 1378 ex
2027 1326 2325 1395 antiquitus
2348 1327 2549 1398 ereptis
2579 1327 2735 1384 bonis
2766 1329 3076 1394 restituere,
3100 1331 3278 1401 dispo-

1703 1426 1862 1472 nente
1903 1417 2031 1480 Deo,
2075 1431 2168 1472 seu
2214 1432 2279 1472 ex
2327 1419 2582 1488 prepriis.
2619 1459 2632 1472 .
2667 1459 2682 1473 .
2716 1460 2729 1472 .
2766 1459 2779 1472 .
2817 1419 3040 1474 liberam
3084 1419 3280 1475 habeat

1703 1505 1754 1558 in
1794 1507 2046 1563 omnibus
2073 1517 2396 1577 potestatem
2437 1522 2534 1578 per
2564 1517 2763 1564 nostrae
2792 1510 3130 1564 auctoritatis
3157 1525 3283 1579 gra-

1704 1594 1852 1649 tiam.
1887 1596 2095 1652 Placuit
2121 1599 2284 1652 etiam
2324 1607 2383 1652 ut
2414 1597 2590 1653 nullus
2615 1598 3075 1670 archiepiscopus,
3103 1599 3280 1655 nullus

1683 1687 2014 1759 tepiseopus,
2060 1689 2242 1746 nullus
2299 1690 2350 1745 in
2401 1701 2587 1747 sancta
2640 1691 2868 1747 ecclesia
2921 1695 3278 1763 praepositus,

25 1792 443 1856 augmentatum,
484 1790 538 1835 et
575 1780 822 1842 dilatam,
864 1776 1202 1847 postmodum
1241 1789 1370 1855 vero
1401 1775 1600 1829 mundo
1633 1812 1678 1867 Β
1701 1779 1880 1833 nullus
1908 1782 2038 1846 dux,
2066 1782 2245 1837 nullus
2289 1797 2472 1837 comes
2502 1791 2594 1836 aut
2624 1782 2950 1851 vieecomes,
2993 1783 3151 1838 nulla!
3182 1800 3282 1839 sm-

23 1878 122 1945 iam
151 1878 204 1932 in
233 1875 467 1944 maligno
489 1871 688 1943 posito,
717 1870 914 1940 partim
947 1867 1202 1938 pastorali
1235 1867 1290 1921 in
1314 1865 1480 1922 curia
1507 1867 1600 1923 de-

26 1967 255 2022 solative
306 1963 651 2025 destitutam,
695 1959 893 2030 partim
931 1957 1288 2028 pessimorum
1337 1955 1601 2012 Christia-

25 2074 208 2113 norum
235 2055 487 2111 barbarie
515 2054 770 2116 dirutam,
795 2061 870 2113 et,
895 2059 953 2104 ut
977 2050 1162 2104 verius
1194 2048 1387 2115 fatear,
1404 2065 1599 2120 usque-

25 2165 235 2221 quaque
266 2149 364 2203 sub
395 2147 682 2216 impiorum
731 2142 984 2198 manibus
1033 2141 1368 2197 incurvatam
1405 2151 1464 2198 et
1504 2142 1602 2197 hu-

28 2241 312 2296 miliatam.
369 2237 521 2292 lianc
576 2252 640 2292 ex
685 2234 848 2305 regali
892 2234 1148 2298 dominio,
1193 2242 1251 2288 ut
1293 2234 1460 2288 multa
1497 2234 1599 2289 alia

26 2330 455 2400 emancipatam,
515 2335 570 2380 et
623 2325 808 2380 comiti
866 2323 1186 2378 Nivernensi
1253 2323 1602 2378 beneﬂciario

23 2420 138 2489 jure
183 2435 215 2474 a
267 2415 754 2490 przedecessoribus
811 2414 1012 2470 nostris
1062 2413 1280 2483 regibus
1323 2412 1598 2478 traditam,

27 2514 242 2582 quidam
278 2508 646 2567 Frotmundus
674 2515 796 2578 post
825 2506 1078 2562 comitem
1126 2505 1378 2569 habebat,
1414 2505 1600 2560 militi-

27 2605 120 2657 bus
149 2601 560 2672 dispertiverat,
603 2595 775 2666 majus
820 2596 1059 2659 dederat,
1107 2594 1284 2649 minus
1306 2594 1408 2650 sibi
1438 2595 1601 2650 dede-

28 2703 124 2758 rat,
157 2693 341 2747 minus
369 2689 469 2746 sibi
501 2689 818 2744 retinuerat.
848 2687 940 2742 Sic
965 2687 1149 2755 itaque
1176 2685 1405 2741 ecclesia
1439 2685 1602 2740 deso-

26 2782 123 2836 lata
177 2791 239 2837 et
294 2779 362 2835 ad
418 2779 642 2834 nihilum
690 2777 931 2842 redacta,
976 2789 1117 2847 pene
1161 2777 1400 2831 destrue.
1436 2794 1502 2832 .·.
1533 2813 1549 2830 .
1586 2813 1600 2829 .

25 2890 137 2929 esse
164 2872 451 2929 ecclesiam
481 2871 738 2926 nimirum
769 2885 798 2923 a
829 2867 1193 2924 fundamentis
1221 2881 1434 2924 eversa.
1459 2867 1606 2922 Deus

25 2975 198 3022 autem
252 2965 597 3036 omnipotens
646 2962 901 3032 martyris
956 2963 1218 3015 honorem
1265 2969 1319 3015 et
1361 2959 1606 3018 ecclesia:

26 3073 218 3112 nomen
258 3072 363 3112 non
397 3057 563 3110 minui
608 3053 816 3116 volens,
864 3051 1151 3123 quemdam
1182 3049 1436 3106 clericum
1470 3066 1608 3120 prae-

1700 1871 1916 1927 culares
1959 1888 2224 1943 personm,
2271 1881 2519 1942 potentes
2560 1872 2645 1928 vel
2687 1873 3034 1940 impotentes,
3079 1875 3282 1946 aliquid

1703 1963 1962 2021 smculare
1997 1965 2050 2019 in
2103 1965 2334 2020 ecclesia
2388 1965 2559 2032 illiust
2583 2003 2596 2017 .
2631 2004 2648 2020 .
2678 2003 2696 2021 .
2728 2002 2744 2020 .
2783 1966 2950 2021 abbas
3001 1966 3168 2036 igitur
3211 1969 3281 2023 ab

1702 2054 1848 2108 Olllnl
1885 2055 2176 2109 venalitatc
2205 2055 2315 2111 Deo
2346 2056 2540 2126 dignus
2584 2057 2656 2112 ibi
2701 2057 3040 2123 instituatur,
3082 2059 3283 2116 nullius

1703 2139 1940 2212 potentis
1972 2147 2147 2216 gratia
2175 2155 2269 2201 aut
2295 2143 2596 2208 voluntate,
2621 2148 2720 2204 sed
2753 2147 2980 2204 fratrum
3010 2149 3122 2205 Deo
3152 2151 3283 2207 inibi

1704 2236 2127 2292 deservientium
2185 2237 2484 2304 electione,
2537 2255 2642 2294 non
2703 2241 2949 2298 saeculari
2995 2253 3286 2299 stemmate

1709 2343 2010 2396 generosus
2042 2329 2370 2398 inquiratur,
2398 2346 2505 2385 non
2547 2331 2638 2400 qui
2679 2334 3027 2390 saecularibus
3053 2335 3286 2392 delecta-

1706 2421 1877 2484 bitur,
1910 2437 2016 2477 non
2054 2422 2146 2492 qui
2183 2437 2213 2476 a
2257 2423 2605 2478 smcnlaribtts
2635 2425 2969 2481 sa‘culariter
2993 2427 3282 2496 obligetur,

1705 2510 1830 2580 quia
1861 2507 2025 2581 [sicut
2051 2510 2107 2565 B.
2138 2510 2452 2584 Gregorius]
2514 2513 2609 2577 ait,
2655 2513 2745 2583 qui
2791 2513 3052 2570 invitatus
3082 2517 3282 2584 renuit,

1703 2601 1962 2670 qumsitus
1988 2601 2204 2671 refugit,
2239 2603 2414 2660 sacris
2442 2613 2526 2658 est
2556 2603 2822 2660 altaribus
2853 2610 3281 2677 promovendus;

1704 2691 1782 2744 sic
1811 2691 1903 2762 qui
1945 2691 2086 2746 ultro
2118 2707 2176 2747 se
2205 2681 2534 2762 importune
2555 2693 2865 2765 ingesserit,
2915 2704 2973 2772 et,
2998 2696 3098 2771 sibi
3127 2697 3286 2752 abba-

1708 2783 1834 2858 tiam
1853 2784 2144 2852 quasierit,
2160 2784 2306 2862 nullo
2327 2785 2487 2840 modo
2507 2785 2572 2840 ad
2599 2786 2699 2842 hoc
2720 2787 2942 2857 honoris
2965 2788 3111 2862 digni
3135 2798 3280 2845 sunt.

1705 2870 1950 2927 Ecclesia
1999 2872 2087 2927 illa
2125 2873 2190 2928 ab
2224 2859 2372 2928 omni
2406 2873 2648 2929 saeculari
2689 2875 2819 2946 jugo
2859 2859 3040 2932 libera
3064 2861 3284 2955 perma-

1707 2970 1850 3027 neat,
1883 2963 2113 3020 nullntn.
2141 3008 2154 3018 .
2187 3005 2204 3043 .
2237 3006 2251 3020 .
2283 3005 2298 3021 .
2345 2975 2617 3036 pastorem
2657 2967 2788 3022 inibi
2830 2969 3114 3025 instituere
3143 2985 3282 3041 prae-

1707 3063 1909 3120 sumat,
1954 3055 2132 3112 nullus
2183 3057 2479 3128 recipiatur
2518 3059 2621 3114 nisi
2653 3076 2810 3130 quem
2836 3061 3062 3134 elegerit
3090 3062 3286 3119 frater-

25 3149 205 3218 elcgit,
238 3148 328 3216 qni
355 3147 421 3202 ab
452 3147 586 3216 ipsis
611 3145 894 3201 cunabulis
921 3143 972 3199 in
1004 3143 1248 3199 ecclesiae
1279 3142 1424 3197 illius
1450 3159 1602 3200 anto-
1630 3156 1674 3219 ε
1707 3145 1850 3200 nitas
1885 3147 1951 3203 de
1982 3148 2076 3203 Dei
2124 3149 2494 3206 misericordia
2525 3152 2797 3208 unanimis
2825 3163 2880 3208 et
2906 3155 3148 3223 provida.
3176 3154 3284 3209 lla-

24 3257 130 3293 rem
169 3240 401 3303 exarsit,
437 3239 510 3294 ibi
551 3239 603 3293 in
635 3238 887 3308 pueritia,
930 3236 1001 3290 ibi
1043 3236 1095 3311 ip
1131 3236 1519 3299 adolescentia,
1551 3246 1606 3291 et

24 3346 196 3401 usque
251 3331 317 3385 ad
349 3331 643 3399 perfectam
677 3337 890 3384 aetatem
937 3326 1052 3383 Deo
1082 3327 1183 3382 sub
1212 3328 1448 3384 clericali
1481 3343 1605 3398 pro-

24 3424 259 3478 fessione
289 3421 553 3485 militavit,
573 3421 896 3491 captivatam
922 3419 1231 3486 ecclesiam,
1260 3435 1419 3489 quam
1448 3421 1606 3476 unice

23 3522 136 3582 post
167 3514 342 3568 Deum
371 3512 650 3582 diligebat,
681 3491 868 3580 quoad
884 3510 1081 3580 potuit,
1111 3508 1319 3577 adjuvit
1348 3518 1403 3566 et
1428 3511 1602 3574 auxit,

20 3615 184 3676 atque
219 3611 276 3659 ut
303 3618 422 3658 eam
451 3604 637 3660 oriens
664 3618 728 3658 ex
761 3603 870 3657 alto
901 3602 1126 3656 visitare
1148 3602 1486 3672 dignaretur,
1519 3602 1603 3656 in-

24 3695 372 3750 terminative
418 3695 595 3749 oravit
647 3703 702 3748 et
743 3693 1012 3749 exoravit.
1075 3691 1174 3747 llic
1217 3707 1442 3746 assensu
1491 3691 1604 3745 Hu-

20 3789 173 3858 gonis
221 3786 457 3856 episcopi
501 3795 558 3840 et
597 3785 851 3840 Willelmi
897 3784 1112 3841 comitis
1156 3799 1316 3853 supra
1365 3793 1604 3838 laxatum

19 3878 416 3932 Frottnundum
468 3877 618 3942 adiit,
671 3887 728 3932 et
775 3887 834 3931 ut
881 3877 1205 3948 captivatam
1243 3877 1526 3931 ecclesiam
1574 3891 1602 3928 a

20 3970 257 4039 captivis
291 3969 562 4039 captivata
596 3984 624 4022 a
670 3970 981 4039 captivitate
1009 3969 1298 4024 redimeret
1325 3968 1521 4032 oravit,
1553 3977 1608 4023 et

19 4058 403 4114 liberalitatem
425 4059 592 4113 libere
613 4059 927 4129 derogatam
954 4069 1281 4114 restanraret
1301 4059 1602 4126 admonuit,

18 4149 364 4202 admonendo
412 4149 731 4215 desudavit,
780 4151 846 4205 de
896 4149 988 4205 Dei
1040 4149 1411 4206 misericordia
1461 4151 1604 4222 quod

16 4243 314 4312 qumsierat
340 4241 671 4311 impetravit.

90 4331 270 4400 igitur
312 4329 645 4400 jamdirtus
682 4330 1053 4385 Frolmundus
1096 4345 1280 4386 amore
1319 4331 1604 4386 cbaritatis

17 4425 356 4478 intrinsecus
415 4432 621 4488 tactus,
667 4433 852 4493 utpote
904 4423 1004 4477 viri
1054 4425 1378 4480 venerabilis
1425 4426 1603 4481 verbis

1708 3239 1833 3292 beat
1856 3237 2038 3309 itaque
2056 3237 2169 3307 jam
2193 3239 2336 3294 dicta
2361 3242 2578 3297 abbatia
2607 3243 2686 3314 (6)
2714 3243 2940 3301 liberam
2967 3247 3284 3316 acquirendi

1707 3329 1791 3384 vel
1831 3325 2200 3385 commutandi
2241 3331 2574 3390 facultatem.
2620 3373 2634 3388 .
2667 3373 2680 3388 .
2712 3373 2732 3389 .
2763 3373 2778 3388 .
2813 3375 2832 3388 ..
2863 3375 2878 3390 .
2913 3377 2927 3391 .
2963 3374 2980 3392 .
3012 3377 3025 3391 .
3060 3377 3076 3392 .
3104 3376 3124 3392 .
3159 3376 3176 3393 .
3213 3377 3228 3392 .
3263 3378 3281 3394 .

1709 3460 1722 3472 .
1755 3459 1768 3474 .
1803 3460 1816 3474 .
1853 3421 2015 3477 habet
2042 3433 2133 3476 ant
2160 3422 2426 3489 habuerit,
2456 3425 2716 3496 quidquid
2743 3426 2892 3481 salvo
2918 3429 3285 3486 ecclesiastico

1699 3509 1823 3578 jure
1861 3511 2204 3581 acquisierit,
2253 3512 2398 3568 salva
2450 3523 2636 3569 nostra
2704 3525 2756 3570 et
2791 3501 3050 3582 necclesize
3096 3520 3285 3576 matris

1706 3601 1971 3673 condigna
1997 3590 2299 3660 reverentia
2324 3591 2719 3673 inconvulsu‘m,
2745 3607 2983 3684 firmum,
3015 3619 3073 3680 et
3090 3611 3286 3668 stabile

1707 3701 2042 3759 permaneat.
2078 3691 2135 3746 Si
2176 3693 2299 3762 quis
2339 3710 2464 3750 vero
2490 3697 2742 3767 ingerens
2773 3714 2852 3755 se.
2884 3737 2898 3754 .
2931 3738 2945 3754 .
2979 3738 2995 3756 .
3025 3740 3039 3755 .
3075 3740 3090 3756 .
3217 3741 3233 3759 .
3265 3743 3280 3757 .

1709 3822 1721 3834 .
1755 3821 1770 3836 .
1797 3822 1810 3836 .
1847 3821 1860 3836 .
1894 3811 1923 3838 .-
1943 3785 2111 3838 abbas
2133 3785 2234 3840 loci
2264 3786 2408 3841 illius
2430 3789 2496 3842 ad
2522 3789 2690 3869 regal.
2726 3829 2741 3844 .
2777 3830 2794 3848 .
2821 3825 2840 3850 -.
2875 3831 2889 3844 .
2926 3830 2940 3845 .
2972 3833 2987 3847 .
3021 3832 3039 3848 .
3071 3794 3311 3865 plenam.

1705 3871 1997 3928 vindictam
2027 3884 2370 3945 recepturum
2415 3891 2472 3932 se
2507 3894 2613 3933 non
2650 3877 2949 3948 discredat;
2981 3884 3284 3956 versipellis

1707 3971 1883 4018 autem
1913 3965 2047 4021 nihil
2073 3983 2236 4038 super
2265 3970 2365 4025 hoc
2392 3971 2662 4040 proficiat,
2691 3975 2784 4029 sed
2813 3975 2944 4030 ﬁsco
2971 3978 3124 4046 regio
3158 3993 3285 4034 cen-

1705 4062 1819 4109 tum
1851 4056 2018 4114 libras
2058 4060 2176 4114 auri
2221 4061 2511 4130 persolvat.
2547 4102 2560 4117 .
2597 4105 2612 4120 .
2650 4105 2664 4119 .
2700 4105 2714 4119 .
2747 4105 2762 4120 .
2795 4105 2817 4134 .I
2846 4107 2860 4120 .
2900 4069 3317 4132 ntuttiﬂcenti:e

1705 4146 2047 4203 auctoritatis
2077 4164 2290 4219 semper
2327 4152 2377 4205 iu
2429 4153 2526 4208 Dei
2567 4157 2785 4228 nomine
2824 4159 3070 4214 obtineat
3109 4159 3284 4216 ﬁrmi-

1705 4239 1830 4295 tatis
1861 4241 2122 4308 vigorem,
2162 4260 2320 4298 manu
2353 4249 2570 4315 prepria
2602 4250 2791 4306 subter
2816 4266 2936 4306 eam
2980 4254 3284 4320 ﬁrmamus,

1703 4341 1757 4386 et
1782 4332 1965 4386 annuli
1989 4334 2153 4387 nostri
2181 4334 2532 4404 impressione
2556 4339 2896 4410 roboramus.

1777 4421 1890 4490 Ego
1913 4420 2206 4478 Balduinus
2229 4425 2585 4482 cancellarius
2615 4429 2899 4500 relegendo
2926 4433 3246 4503 subscripsi.

16 4528 309 4578 accensus,
340 4513 594 4567 comitem
624 4513 788 4576 adiit,
827 4523 880 4567 et
912 4513 960 4567 ei
988 4515 1129 4583 quod
1156 4515 1228 4567 ab
1259 4515 1372 4583 ipso
1402 4515 1602 4570 habere
1631 4509 1682 4572 Ι)
1777 4511 1972 4566 Actum
2018 4519 2103 4567 est
2148 4511 2426 4568 Carisiaeo
2469 4517 2708 4588 palatio,
2761 4530 2972 4576 astante
3016 4524 3280 4590 exercitu,

16 4597 331 4668 videbatur,
361 4603 567 4658 scilicet
590 4604 771 4658 Sancti
796 4603 1032 4659 Victoris
1076 4605 1361 4660 ecclesiam
1409 4607 1605 4662 dereli-

15 4697 154 4764 quit.
185 4694 384 4749 Comes
409 4711 535 4749 vero
558 4695 806 4749 ardorem
829 4694 929 4748 viri
959 4694 1282 4751 venerabilis
1308 4696 1604 4767 adimplen-
1645 4693 1648 4696 ’

15 4790 143 4842 dum
172 4786 516 4855 adiudicavit,
543 4788 685 4842 hunc
713 4787 1184 4856 advocavit,atque
1201 4788 1480 4842 ecclesiam
1509 4806 1604 4859 pro

18 4879 108 4932 Dei
145 4893 335 4932 amore
378 4887 433 4931 et
474 4880 686 4940 timore,
718 4886 773 4931 et
804 4878 1258 4947 prredecessorum
1295 4889 1602 4952 nostrorum

17 4985 212 5039 regum
251 4970 555 5023 animarum
598 4971 784 5039 requie
815 4970 956 5023 dono
983 4969 1148 5032 dedit,
1191 4968 1322 5022 nihil
1369 4985 1466 5038 pro
1509 4985 1604 5023 cx-

15 5053 266 5114 easnbio"
287 5060 516 5131 accepit.
546 5058 661 5114 Non
701 5059 870 5113 multo
899 5068 1020 5128 post
1048 5059 1392 5128 supradictus
1421 5076 1602 5115 comes

15 5151 366 5205 auctoritatis
420 5135 616 5206 nostrae
663 5150 1088 5220 magnitudinem
1138 5165 1257 5205 cum
1292 5149 1404 5219 jam
1459 5151 1603 5206 diezo

16 5245 307 5298 sacerdote
335 5245 486 5308 adiit,
519 5252 576 5300 et
609 5245 833 5300 auribus
867 5243 1067 5299 nostris
1113 5240 1316 5297 factum
1345 5242 1490 5302 istud
1522 5242 1604 5296 in-

19 5334 259 5397 timavit,
301 5351 496 5405 rogans
525 5351 590 5390 ac
620 5335 785 5389 multa
835 5318 1010 5405 prece;
1039 5349 1164 5389 eum
1195 5331 1475 5388 sacerdote
1507 5347 1602 5387 ev-

16 5440 276 5495 posrens,
317 5435 374 5480 ut
418 5442 516 5496 pro
547 5429 741 5483 anima:
793 5443 925 5483 mete
978 5427 1162 5497 requie
1210 5436 1600 5497 parentumque

18 5522 336 5571 nostrorum
375 5518 573 5574 denunt
617 5519 758 5574 istud
796 5520 1269 5574 auctorisaremus.
1302 5557 1316 5572 .
1341 5555 1358 5573 .
1391 5557 1408 5573 .
1433 5557 1449 5572 .
1487 5535 1599 5573 ma-

95 5650 181 5718 t‘6)
240 5651 389 5708 Hanc
451 5653 837 5711 Niverncnsem
906 5655 966 5711 S.
1029 5654 1261 5710 Victoris
1313 5642 1596 5709 ecclesiam

17 5718 344 5792 Willclmus,
391 5723 800 5779 Niverncnsinm
852 5741 1053 5792 comes,
1095 5741 1236 5778 anno
1279 5722 1418 5779 l085
1465 5728 1592 5778 sub-

16 5789 158 5857 jecit
200 5796 525 5850 monasterio
565 5796 742 5849 licata:
782 5795 961 5850 Marite
1005 5789 1069 5851 de
1110 5795 1373 5850 charitat‘e
1401 5796 1465 5848 ad
1508 5794 1594 5848 Li-

320 5893 590 5944 PATRCL.
635 5886 782 5944 CLI.
1581 5899 1607 5918 ‘

1705 4619 1848 4658 anno
1900 4593 2018 4659 xxn"
2065 4607 2216 4678 regni
2264 4607 2502 4666 lleinrici
2556 4615 2726 4684 regis,
2775 4615 3044 4679 Kalendas
3093 4618 3280 4684 Maias,

1704 4694 1826 4748 luna
1858 4711 1910 4760 Χ,
1942 4697 2230 4753 indictione
2251 4716 2323 4753 vt.

2440 4789 2544 4854 VII,

1881 4875 2078 4930 Charta
2107 4877 2170 4930 dc
2193 4877 2428 4932 libertate
2454 4880 2579 4934 data
2618 4884 2828 4937 cuidam
2858 4885 3111 4943 Ainardo.

2293 4969 2470 5036 (Anno
2505 4970 2690 5044 l056.)
3159 5015 3168 5024 .
3315 5033 3318 5038 ι

1702 5054 1786 5127 [D.
1806 5057 2078 5126 Mauram,
2099 5059 2346 5114 Mean-ur.
2367 5061 2581 5128 Amat,
2601 5064 2639 5126 l,
2666 5066 2787 5134 185,
2812 5083 2875 5122 ex
2897 5073 3279 5148 autographo.]

1771 5152 1829 5205 In
1879 5153 2098 5206 nomine
2143 5164 2343 5207 sancta:
2384 5165 2437 5208 et
2486 5155 2775 5233 individua:
2814 5161 3132 5230 Trinitatis,
3179 5181 3282 5236 ego

1704 5239 1973 5296 ﬂammeus
2005 5243 2098 5295 Dei
2137 5243 2310 5311 gratia
2338 5242 2675 5300 Francorum
2711 5265 2824 5304 rex.

1777 5329 1974 5385 Notum
2023 5331 2136 5385 ﬁeri
2195 5332 2313 5386 volo
2363 5335 2616 5391 omnibus
2665 5341 2800 5412 meis
2856 5341 3123 5408 ﬁdelibus,
3170 5355 3278 5402 tam

1701 5421 2063 5494 praesentibus
2100 5438 2261 5494 quam
2301 5432 2354 5478 et
2391 5425 2609 5494 futuris,
2642 5432 2783 5499 quod
2811 5431 3142 5492 Gausbertus
3169 5439 3281 5496 cle-

1703 5519 1852 5574 ricus
1877 5517 1944 5572 de
1973 5518 2172 5572 Sancta
2205 5517 2389 5572 Maura
2434 5524 2966 5594 pergabsolutionem
3019 5529 3279 5590 Gauﬂ‘ridi
3327 5559 3332 5566 -

1698 5658 1870 5729 gerim
1927 5657 2301 5738 subscribente
2361 5658 2582 5732 ilugone
2638 5663 2701 5718 ΙΙΙ
2788 5665 3105 5724 Niveruensi
3164 5669 3280 5740 cpi-
3329 5657 3332 5660 ’

1699 5745 1882 5800 scopo.
2305 5775 2310 5778 .
2431 5751 2436 5758 ε

2763 5892 2839 5951 33
