3838 6322
571 329 710 386 1055

1861 321 2130 383 NONUM.
2175 323 2451 381 ιιιΡι.οιι.

3633 342 3717 399 “Si

566 440 809 506 comitis,
830 438 1188 494 annitentibus
1210 435 1752 507 Arcmburge-matre
1775 449 1892 501 sua,
1928 435 2147 505 llugone
2179 424 2219 481 Α
2252 453 2396 494 anno
2447 438 2517 495 al;
2551 438 2932 497 incarnatione
2977 441 3189 496 Domini
3238 442 3503 501 millesimo
3534 449 3702 522 quinqui

567 528 736 585 fratre
784 544 910 592 suo,
967 526 1243 582 Jacbelina
1313 540 1503 580 sorore
1556 540 1685 588 sua,
1743 525 2033 594 posmlavit
2081 534 2143 579 ut

565 621 915 675 concederem
968 634 1063 687 pro
1116 616 1356 673 remedio
1409 617 1605 670 animm
1658 614 1911 669 “'illclmi
1965 616 2147 671 fratris

566 712 648 779 sui
700 725 869 779 nuper
918 709 1186 774 defuncti,
1238 708 1457 762 cuidam
1512 722 1610 761 suo
1671 706 1874 761 homini
1928 707 2146 762 nomine

567 802 832 866 Ainardo,
861 802 1057 856 donum
1108 801 1393 863 libertatis,
1444 799 1585 868 quod
1634 797 1705 851 ita
1748 806 1801 851 et
1840 797 1939 852 feci
1993 813 2145 852 more

564 893 731 961 regio,
769 906 994 946 excusso
1023 891 1229 945 scilicet
1256 889 1321 943 de
1365 887 1546 957 palmo
1584 886 1835 949 denario;
1871 902 1934 940 eo
1963 885 2145 957 itaque

564 996 748 1041 tenore
780 998 834 1041 ut
867 995 1090 1058 pateant
1135 986 1181 1040 ci
1234 994 1290 1038 ιιι
1338 983 1514 1038 libero
1556 983 1653 1036 via:
1690 982 1939 1052 quadrati
1972 983 2140 1039 orbis.

562 1074 627 1129 Et
658 1076 701 1130 si
732 1076 854 1145 quis
884 1087 1071 1129 contra
1116 1076 1254 1128 hanc
1290 1072 1604 1127 libertatem
1643 1086 1929 1140 assurgere
1965 1079 2142 1124 tenta-

562 1170 721 1234 verit,
769 1169 877 1238 regi
926 1176 1146 1221 coactus
1202 1174 1418 1219 centum
1471 1163 1638 1216 libras
1693 1162 1810 1215 auri
1859 1162 2138 1229 exsolvat;

562 1275 767 1331 suaque
814 1260 1128 1314 reclamatio
1172 1258 1321 1311 irrita
1369 1257 1420 1309 in
1457 1264 1773 1324 perpetuum
1809 1264 2042 1309 maneat.
2076 1255 2142 1308 Et

563 1359 621 1403 ιιι
652 1350 802 1403 ﬁrma
835 1359 887 1404 ct
920 1349 1129 1404 stabilis
1162 1354 1501 1417 permaneat,
1534 1359 1653 1398 eam
1686 1359 1808 1398 meo
1845 1344 2025 1414 sigillo
2060 1345 2141 1399 in-

562 1444 765 1514 siguire
797 1442 921 1497 feci.
1164 1444 1166 1447 ’

631 1534 823 1588 Actum
849 1530 1078 1586 Turonis
1101 1547 1187 1584 xlv
1210 1530 1326 1584 Kal.
1351 1528 1656 1594 Februarii,
1699 1541 1841 1582 anno
1871 1526 2135 1581 incarnati

560 1622 1022 1677 Vcrbi'tnillesimo
1046 1621 1490 1691 quinquagesimo
1514 1629 1687 1686 sexto,
1713 1618 1971 1688 regnique
1996 1618 2137 1673 lien-

562 1696 659 1767 riei
690 1708 828 1782 regis
853 1712 1103 1765 vicesimo
1132 1721 1309 1765 sexto.

570 1806 575 1811 ’
643 1804 755 1873 Ego
841 1803 1131 1857 Balduinus
1213 1800 1573 1857 cancellarius
1650 1798 1934 1867 relegendo
2006 1798 2133 1854 sub-

562 1893 773 1964 scripsi.
842 1932 847 1937 .

1284 2000 1412 2055 Vill.

566 2113 783 2169 Ilenrici
823 2114 1152 2168 Francorum
1197 2113 1330 2182 regis
1369 2112 1601 2181 diploma
1639 2130 1741 2182 quo
1782 2113 2001 2183 abrogat
2054 2128 2135 2183 m-

621 2186 823 2254 justnnt
874 2185 1321 2254 consuetudinea.
1355 2212 1420 2221 ——
1456 2183 1534 2235 Ne
1561 2194 1725 2254 porta:
1766 2182 1994 2236 civitatis
2025 2182 2138 2233 Au-

630 2255 935 2307 relianensis
983 2266 1207 2320 tempore
1247 2253 1514 2305 vindemia:
1541 2252 1859 2306 clauduntur
1878 2267 1892 2281 ο
1923 2269 2014 2305 nec
2045 2268 2136 2304 cu-

620 2325 801 2378 stodes
834 2325 1185 2377 adhibeantur

1154 2434 1332 2504 (Anno
1375 2432 1554 2503 1058.)

834 2523 1103 2595 {Acuent
1142 2522 1322 2592 Spicil.
1353 2532 1484 2574 tom.
1519 2521 1602 2585 ΙΙΙ,
1635 2536 1688 2591 p.
1715 2522 1863 2595 401.]

579 2649 585 2653 -
612 2614 680 2670 1n
715 2614 914 2670 Clu-isti
945 2616 1161 2669 nomine
1183 2630 1282 2683 ego
1312 2613 1623 2676 ﬂammeus,
1648 2615 1819 2683 gratia
1847 2614 1939 2671 Dei
1964 2613 2132 2669 Fran-

548 2719 748 2761 ⁵ΩΟΙῚΙΙΙὶ
776 2722 865 2759 γαπ
877 2747 889 2760 .

630 2800 822 2853 Notum
856 2799 973 2854 volo
1006 2798 1117 2853 ﬁeri
1156 2798 1365 2854 cunctis
1395 2798 1639 2855 fidelibus
1670 2808 1872 2854 sancire
1901 2798 1993 2854 Dei
2026 2800 2128 2855 Ec-

555 2875 766 2952 clesim,
824 2884 929 2943 tam
984 2890 1336 2959 prtcsentibus
1388 2906 1548 2960 quam
1619 2891 1846 2955 futuris,
1901 2890 2132 2960 qualiter

554 2981 895 3035 Isembardus
942 2981 1346 3036 Aurelianensis
1391 2983 1693 3051 episeo;.us,
1737 2996 1859 3036 cum
1891 2982 2038 3037 clero
2077 2993 2125 3038 e‘

2251 530 2461 599 gcsimo
2506 531 2757 601 septimo,
2801 531 3021 588 Ilenrici
3068 549 3198 589 vero
3241 538 3381 607 regis
3423 538 3634 597 vicesimo
3665 560 3717 601 ss-

2248 628 2439 690 ptimo.

2991 718 3081 774 IX.

2245 809 2441 864 Charta
2472 807 2689 863 Henrici
2732 825 2869 880 regis
2905 826 3000 879 pro
3051 813 3368 866 monasterio
3416 811 3574 867 Sancti
3613 815 3716 873 Pan.

2838 902 3016 971 (Anno
3065 902 3246 974 1058.)

2697 989 2864 1064 tanti.
2913 991 3041 1049 cm.
3079 992 3213 1059 vut,
3244 994 3395 1066 501.]

2313 1082 2584 1139 [leuamus
2614 1084 2788 1153 gratia
2822 1082 2915 1137 Dei
2949 1084 3282 1140 Francorum
3319 1100 3428 1140 rex.

2313 1177 2445 1233 Cum
2479 1177 2672 1246 regalis
2707 1176 2899 1231 solium
2930 1177 3207 1247 dignitatis
3247 1179 3512 1248 multiplex
3543 1183 3717 1236 virtutum

2241 1271 2418 1326 cultus
2464 1278 2708 1330 exornet,
2765 1269 3062 1324 liberal-itas
3122 1278 3301 1325 tamen
3353 1279 3405 1323 ct
3454 1274 3717 1327 munificentia

2241 1363 2382 1416 inter
2431 1361 2530 1415 bas
2567 1359 2894 1429 praecipuum
2931 1358 3103 1414 locum
3139 1368 3302 1415 tenet.
3354 1359 3534 1413 Notum
3567 1364 3719 1431 sith

2238 1453 2506 1518 omnibus,
2551 1452 2693 1521 quod
2728 1451 2949 1519 quidam
3009 1465 3162 1505 meus
3211 1449 3383 1505 ﬁdelis
3424 1450 3632 1506 Albcrtas
3660 1470 3717 1506 na-

2241 1546 2407 1611 miue,
2470 1543 2609 1597 ﬁlius
2649 1542 2861 1597 Ribaldi
2919 1542 3235 1596 nobilissimi
3274 1542 3397 1607 viri,
3440 1553 3607 1597 nostra
3630 1558 3719 1598 serr-

2238 1636 2422 1690 nitatis
2459 1634 2585 1688 adiit
2616 1633 2981 1702 praesentiam,
3007 1631 3202 1687 obnixe
3229 1632 3515 1702 postulans,
3544 1643 3587 1689 ut
3607 1637 3715 1703 regali

2168 1769 2211 1822 Β
2238 1724 2443 1792 pietate
2484 1729 2684 1774 nostra:
2716 1719 3095 1774 muniﬁcentia:
3128 1723 3470 1785 assentando,
3496 1724 3588 1775 suis
3608 1730 3716 1791 pne-

2240 1816 2337 1869 bus
2366 1828 2550 1867 aurem
2578 1812 2839 1866 inclinare
2868 1812 3234 1881 dignaremur,
3274 1814 3511 1869 videlicet
3533 1825 3717 1886 utqua-

2236 1906 2358 1957 dam
2395 1902 2702 1967 ecclesiam,
2734 1917 2897 1971 quam
2941 1911 3096 1972 pater
3129 1902 3249 1971 ejus
3278 1904 3446 1958 ﬁdelis
3484 1916 3630 1959 noster
3664 1906 3715 1958 lli.

2236 1992 2425 2048 baldus
2449 1993 2500 2046 in
2551 1991 2754 2046 honore
2785 1990 2843 2045 Β.
2881 1989 3134 2047 Germani
3187 1992 3619 2048 Altissiodorensis
3650 1998 3718 2063 rpi-

2236 2084 2403 2153 scopi,
2438 2084 2489 2137 in
2533 2082 2873 2137 Brucrolensi
2920 2083 3039 2137 vico
3078 2098 3177 2152 pro
3232 2083 3408 2139 salute
3460 2085 3619 2137 anim
3653 2102 3718 2137 sue

2236 2180 2635 2235 construxerat,
2685 2180 2877 2245 sancto
2929 2170 3089 2226 Petro
3134 2174 3403 2242 apostolo,
3457 2173 3505 2226 in
3546 2174 3716 2227 corneliis

2234 2262 2477 2317 suburbii
2519 2261 2828 2316 Carnotinaa
2866 2260 3036 2324 urbis,
3092 2270 3258 2331 atque
3284 2277 3351 2318 ex
3394 2262 3538 2317 rebus
3558 2278 3659 2331 quas
3675 2278 3711 2315 ιι

2236 2363 2418 2409 nostro
2447 2352 2709 2408 beneﬁcio
2750 2352 3026 2422 possidere
3080 2352 3369 2407 videbatur
3412 2353 3639 2422 pradatam
3660 2368 3715 2405 ec-

2236 2445 2478 2510 clesiam,
2506 2454 2610 2498 tam
2638 2446 2754 2514 ipse
2811 2459 2971 2513 quam
3001 2443 3118 2513 ejus
3149 2443 3339 2499 ﬁdeles
3368 2460 3460 2515 pro
3486 2444 3563 2498 Dei
3592 2458 3712 2497 amore

2235 2535 2518 2591 clementia
2570 2534 2899 2603 locupletare
2947 2534 3245 2590 liberaliter
3291 2532 3714 2603 quivissent.Cttjus

2228 2628 2428 2697 justam
2482 2625 2796 2696 petitionem
2844 2625 3153 2693 judicaotcs
3200 2639 3331 2678 cum
3381 2623 3599 2691 episcopo
3624 2623 3713 2689 Ago-

2234 2715 2408 2780 berto,
2441 2714 2494 2768 in
2522 2715 2672 2784 cujus
2696 2714 2912 2768 dioecesi
2936 2714 3163 2769 ecclesia
3191 2721 3299 2777 est,
3326 2727 3423 2767 nec
3448 2727 3539 2766 non
3565 2720 3606 2765 et
3624 2711 3714 2777 opa-

2233 2804 2469 2858 matibus
2503 2802 2704 2857 nostris
2733 2802 2950 2871 dignum
2999 2801 3257 2855 duximus
3307 2814 3404 2870 pro
3432 2808 3585 2854 nostra
3604 2798 3711 2851 salua

2232 2904 2285 2951 ct
2311 2892 2617 2963 integritate
2643 2893 2789 2961 regni
2818 2892 2985 2947 nostri
3009 2907 3293 2947 assensum
3318 2892 3557 2961 prmbere.
3581 2888 3714 2941 nanus

2233 2987 2412 3055 itaque
2437 2985 2485 3040 ei
2517 2985 2789 3039 licentiam
2823 2993 2881 3037 ut
2912 2982 3185 3052 prmfatam
3220 2981 3497 3037 ecclesiam
3519 2995 3572 3035 ex
3591 2986 3713 3033 nostra

554 3071 750 3141 populo
786 3071 888 3125 sibi
921 3070 1230 3136 commisso,
1285 3079 1522 3151 nostram
1571 3071 1920 3126 serenitatem
1969 3073 2126 3135 adiit.
2157 3110 2200 3171 Ο
2233 3076 2498 3131 beneﬁcio
2538 3076 2679 3143 quod
2728 3074 2987 3145 possidet,
3028 3072 3343 3143 ampliﬁcet,
3392 3079 3444 3126 et
3466 3068 3662 3139 quidquid
3683 3068 3711 3119 fi

552 3162 997 3231 conquestionem
1034 3162 1240 3216 faciens
1276 3176 1440 3233 super
1477 3150 1710 3232 quadam
1754 3163 1953 3234 injusta
1999 3179 2127 3219 con-

553 3251 837 3306 suetudine
877 3266 997 3322 quze
1039 3252 1328 3306 videbatur
1363 3267 1482 3307 esse
1514 3254 1564 3307 in
1598 3256 1659 3308 ea
1689 3255 1845 3320 urbe,
1878 3255 2125 3310 videlicet

550 3346 617 3398 de
652 3345 899 3398 custodia
939 3354 1238 3414 portarum,
1265 3361 1385 3415 quze
1416 3348 1857 3402 cuslodiebantur
1887 3358 1941 3404 et
1969 3349 2119 3403 clau-

550 3437 815 3492 d‘ebantur
884 3437 1093 3491 civibus
1134 3446 1379 3507 tempore
1438 3437 1738 3504 vindemia),
1786 3449 1838 3493 et
1868 3440 1932 3494 de
1967 3439 2127 3510 impia

548 3527 857 3590 exactione,
887 3526 994 3579 vini
1045 3541 1180 3595 quas
1218 3525 1484 3580 faciebant
1530 3527 1601 3581 ibi
1647 3528 1888 3582 ministri
1919 3530 2125 3594 nostri;

539 3618 750 3672 obnixe
788 3627 843 3671 et
886 3618 1170 3673 humiliter
1198 3619 1520 3687 deprecans,
1556 3628 1614 3673 ιιι
1640 3618 1783 3673 illam
1821 3620 2038 3689 impiam
2074 3630 2129 3676 et

549 3706 813 3773 injustam
861 3709 1309 3763 consuetudinem
1360 3721 1562 3764 sanctae
1604 3710 1695 3764 Dei
1744 3710 2020 3777 Ecclesia),
2073 3721 2127 3766 et

551 3797 649 3863 illi,
675 3800 821 3852 clero
851 3808 901 3852 et
928 3800 1144 3869 pepulu,
1184 3808 1498 3869 pro'amure
1524 3800 1617 3855 Dei
1656 3810 1710 3855 et
1749 3817 1847 3871 pro
1888 3802 2125 3856 remedio

552 3889 746 3942 anima:
770 3896 964 3942 nostrae
991 3897 1044 3943 et
1073 3902 1354 3958 parentum
1382 3900 1690 3945 nostrorum
1729 3893 1781 3946 in
1808 3902 2123 3962 perpetqu

550 3980 934 4051 pcrdonarcm.
965 3979 1131 4050 Cujus
1156 3981 1403 4049 petitioni
1455 3982 1687 4053 benigne
1724 3997 1972 4037 annuens
2006 3999 2127 4054 pero

551 4072 745 4126 donavi
779 4071 905 4135 Deo,
920 4071 1020 4125 sibi
1051 4081 1103 4125 et
1130 4070 1275 4125 clero
1299 4080 1357 4125 et
1384 4071 1578 4141 p0pulo
1605 4074 1965 4142 supradictam
1997 4090 2125 4128 eon-

551 4162 893 4216 suetudinem
954 4169 1010 4215 et
1060 4160 1393 4214 exactionem
1466 4160 1868 4230 perpetualiter.
1930 4161 2003 4215 Ita
2068 4171 2124 4215 ut

554 4253 684 4307 nulli
737 4252 970 4321 amplius
1014 4251 1083 4305 ibi
1136 4249 1385 4305 custodes
1432 4251 1762 4319 habeantur,
1821 4266 1921 4305 nec
1956 4260 2123 4320 porta:

551 4344 693 4398 sicut
721 4343 936 4398 solitum
971 4350 1088 4398 erat
1115 4342 1203 4395 illo
1227 4350 1464 4412 tempore
1504 4350 1616 4395 toto
1654 4341 1991 4408 claudantur,
2025 4360 2124 4398 nec

2231 3163 2479 3219 conferre
2515 3162 2764 3226 voluerit,
2802 3163 2871 3216 ita
2895 3164 2963 3217 sit
2990 3162 3215 3216 liberum
3246 3160 3318 3214 ab
3350 3160 3487 3215 onmi
3508 3156 3709 3227 judiciaria

2230 3265 2498 3327 potestate
2523 3248 2799 3321 solutum,‘
2826 3264 2885 3308 ut
2913 3254 3051 3309 idem
3102 3252 3278 3307 ﬁdelis
3328 3261 3502 3307 noster
3534 3249 3711 3302 Allienus

2231 3351 2491 3404 hactenus
2521 3363 2549 3401 a
2578 3348 2731 3404 nobis
2783 3347 2973 3411 tenuit,
3018 3356 3124 3401 etc.
3157 3344 3369 3399 Placuit
3412 3343 3557 3399 etiam
3580 3348 3710 3394 nostra.

2230 3439 2410 3509 pietati
2441 3438 2566 3493 huic
2596 3438 2747 3509 operi
2777 3438 2976 3493 addere
2999 3438 3063 3491 de
3107 3436 3274 3491 rebus
3302 3451 3435 3506 quas
3460 3436 3555 3503 ipse
3589 3430 3710 3485 Albu-

2231 3540 2316 3584 tus
2351 3531 2493 3584 dedit
2528 3531 2763 3600 prmium
2787 3528 3049 3590 ecclesizc,
3073 3537 3180 3582 ctc.
3220 3528 3335 3597 Ego
3368 3528 3590 3581 Albcrtus
3614 3522 3708 3574 noli-

2230 3622 2417 3675 lissimi
2447 3621 2656 3675 itibaldi
2685 3619 2825 3675 ﬁlius
2846 3621 3068 3689 cupiens
3094 3619 3396 3674 caelestium
3419 3615 3710 3672 nanciscimu-

2229 3712 2479 3776 sortium,
2513 3708 2727 3762 favente
2770 3708 3090 3763 charissima
3122 3706 3353 3778 conjuge
3382 3704 3609 3763 Adelaig.
3629 3701 3707 3752 liba

2230 3818 2342 3856 ram
2368 3801 2432 3854 ab
2462 3800 2606 3854 onmi
2625 3798 2888 3854 calumnia
2922 3797 3194 3853 lmininum
3219 3798 3493 3853 ecclesiam
3516 3798 3569 3849 de
3594 3793 3704 3846 [inir-

2228 3891 2423 3945 rolensi
2468 3890 2611 3955 vico,
2650 3904 2811 3960 quam
2862 3899 3015 3959 pater
3074 3904 3225 3942 meus
3277 3888 3329 3942 in
3377 3888 3556 3942 honore
3594 3880 3705 3936 sant“

2226 3982 2477 4038 Germani
2510 3982 2742 4053 episc0pi
2773 3981 3234 4046 construxit,cum
3266 3981 3425 4044 atrio,
3447 3977 3706 4046 scpultanct

2228 4075 2431 4129 decima
2471 4072 2712 4127 ecclesia:
2754 4087 2871 4141 qua:
2904 4072 2955 4125 in
2995 4087 3151 4124 manu
3190 4081 3372 4125 nostra
3414 4084 3519 4123 esse
3547 4065 3705 4117 videtur.

2225 4174 2416 4221 sancto
2445 4164 2605 4219 Petro
2636 4163 2953 4219 Carnotcnsi
3003 4177 3169 4216 COIICC
3194 4165 3263 4225 fo,
3298 4170 3356 4215 ut
3385 4156 3595 4214 monachi
3614 4165 3705 4207 can-

2227 4258 2346 4311 dcm
2371 4256 2655 4311 ecclesiam
2710 4264 2948 4318 teneant,
2982 4255 3155 4306 altare
3202 4266 3415 4320 quoque
3443 4246 3633 4317 ejusdem
3651 4255 3704 4293 et-

2226 4349 2401 4403 clesitc
2428 4346 2569 4417 quod
2597 4346 2663 4399 ab
2690 4345 2944 4415 episcopo
2972 4342 3295 4398 Carnotcnsi
3340 4343 3390 4397 in
3422 4338 3560 4394 {cudo
3582 4345 3703 4389 tenor-

550 4434 734 4487 vinum
764 4433 982 4487 cuilibet
1017 4432 1255 4495 tollatur,
1288 4446 1385 4485 nec
1410 4431 1678 4501 exigatur.
1722 4430 1828 4484 Sed
1867 4433 2118 4488 omnibus
2150 4444 2195 4502 [)
2223 4455 2357 4493 ram.
2394 4438 2529 4492 lluic
2575 4435 2842 4507 largitioni
2877 4450 3009 4488 mea:
3045 4434 3299 4488 dominus
3348 4432 3608 4504 Agobertus
3632 4420 3702 4489 cpi-

550 4525 621 4578 sit
650 4524 786 4577 liber
815 4526 1109 4593 ingressus,
1139 4533 1191 4578 et
1214 4537 1488 4591 egressus,
1517 4532 1570 4577 et
1598 4523 1887 4592 unicuique
1912 4540 1997 4578 res
2025 4542 2118 4579 sua

544 4614 666 4685 jure
689 4616 834 4670 civili
871 4626 920 4669 et
955 4619 1212 4685 :eqnitate
1242 4626 1509 4670 servetur.
1552 4616 1675 4670 lltec
1705 4626 1886 4669 autem
1922 4619 2119 4686 perdo-

549 4711 697 4765 natio
726 4721 781 4763 ut
814 4712 963 4765 ﬁrma
994 4721 1048 4766 et
1076 4711 1285 4764 stabilis
1318 4711 1369 4764 in
1404 4720 1725 4780 perpetuum
1758 4720 2118 4780 permaneret,

549 4799 652 4855 hoc
715 4810 1092 4858 testamentum
1158 4811 1355 4856 nostrae
1413 4802 1755 4856 auctoritatis
1819 4804 1942 4855 inde
2005 4804 2118 4856 ﬁeri

545 4892 815 4961 volumus,
852 4895 1141 4965 subterque
1180 4893 1357 4964 sigillo
1388 4903 1443 4947 et
1495 4892 1694 4947 annulo
1728 4903 1913 4947 nostro
1946 4894 2123 4949 ﬁrma-

548 4983 723 5038 vimus

618 5074 841 5146 Signum
866 5074 1155 5129 lsembardi
1182 5074 1583 5129 Aurelianensis
1610 5064 1868 5143 episcopi,
1894 5071 1953 5126 S.
1980 5071 2119 5126 lien.

547 5166 643 5219 riei
707 5166 879 5233 regis,
947 5164 1003 5217 8.
1062 5165 1305 5220 Gcrvasii
1365 5164 1648 5219 Remensis
1697 5164 2117 5232 archiepiscopi,

548 5257 607 5311 S.
635 5256 872 5327 ilugonis
896 5257 1153 5322 Bardulli,
1178 5256 1235 5309 S.
1267 5257 1505 5326 llugonis
1532 5256 1867 5319 buticularii,
1896 5254 1953 5309 S.
1982 5254 2118 5309 lien-

548 5345 645 5399 rici
674 5346 739 5399 de
767 5345 1050 5410 Ferrariis,
1086 5347 1144 5401 8.
1178 5345 1418 5400 Malbcrti
1466 5346 1760 5414 prmpositi,
1815 5344 1872 5400 S.
1922 5344 2115 5399 llervei

547 5438 725 5500 viarii,
759 5437 814 5491 S.
842 5437 1086 5491 Ilerberti
1137 5437 1417 5501 subviarii,
1466 5436 1503 5489 8
1570 5436 1855 5490 Gisleberti
1892 5435 2104 5504 pincer-

549 5542 653 5591 nte,
683 5526 741 5578 8.
773 5525 1023 5581 Jordanis
1051 5527 1272 5581 cellarii.
1300 5525 1589 5578 Balduinus
1612 5522 1966 5578 cancellarins
1990 5522 2118 5576 sub-

548 5618 786 5693 scripsit.

630 5708 818 5764 Datum
888 5708 1113 5762 Aurelia:
1178 5707 1386 5777 publice
1448 5722 1499 5760 vi
1574 5705 1754 5761 Nonas
1815 5704 2109 5769 Octobris,

2227 4542 2441 4598 sc0pus,
2472 4541 2596 4582 cum
2630 4539 2893 4579 consensu
2948 4523 3333 4577 eanonicorum
3381 4519 3465 4589 qui
3498 4529 3595 4572 cum
3632 4512 3700 4579 iw

2222 4627 2380 4672 erant
2410 4616 2595 4671 Droeis
2629 4617 2679 4670 in
2708 4615 2855 4669 curia
2889 4615 3049 4684 regis,
3096 4614 3302 4667 addidit
3344 4611 3572 4683 petitione
3612 4602 3702 4654 ιλιι*

2224 4707 2357 4761 drici
2405 4706 2617 4761 abbatis
2653 4714 2707 4760 et
2749 4713 2933 4759 nostra
2972 4705 3161 4758 ﬂexus.
3196 4703 3326 4759 Item
3358 4713 3554 4756 censum
3593 4690 3699 4763 ipsius

2224 4798 2324 4851 vici
2378 4812 2502 4851 cum
2542 4795 2749 4850 decima
2807 4796 3028 4850 mercati
3083 4794 3343 4860 concedo,
3390 4802 3487 4848 etc.
3520 4784 3699 4841 Similim

2224 4888 2502 4943 monachis
2518 4886 2703 4941 Sancti
2725 4885 2867 4939 Petri
2893 4885 3127 4939 concedo
3154 4884 3377 4938 liberum
3404 4877 3698 4937 transitumpér

2224 4988 2393 5034 totam
2429 4987 2649 5041 terram,
2685 4984 2742 5029 ιιι
2778 4974 2920 5028 nulla
2971 4990 3204 5042 unquam
3250 4968 3555 5027 consuetudo
3577 4964 3625 5016 ab
3650 4958 3697 5008 eis

2223 5070 2535 5139 requiratur
2578 5069 2643 5121 de
2693 5064 2950 5135 piscibus,
3003 5064 3069 5118 de
3113 5064 3313 5126 corvis,
3368 5076 3455 5115 seu
3500 5057 3554 5110 de
3594 5048 3695 5103 rtblb‘

2220 5161 2600 5228 omnibusquaz
2618 5158 3005 5211 moaacliorum
3029 5170 3148 5209 esse
3172 5158 3523 5208 ostenduntur.
3546 5145 3691 5198 Possem

2220 5252 2433 5307 addere,
2462 5263 2580 5316 qum
2608 5246 2705 5299 mei
2759 5245 2942 5299 ﬁdeles
2972 5244 3088 5297 loco
3138 5244 3387 5314 praedicto
3422 5231 3689 5294 contulerunt

2220 5342 2312 5396 sed
2350 5339 2475 5409 quia
2507 5338 2639 5391 alias
2665 5336 2922 5406 scriptum
2952 5345 3030 5389 est
3051 5376 3066 5399 ,
3102 5333 3445 5388 corroborarc
3470 5321 3689 5409 liancchéf'

2221 5443 2328 5485 tam
2367 5407 2562 5499 “sigillo
2612 5429 2753 5500 regis
2797 5442 2917 5482 cum
2976 5426 3286 5481 nominibus
3336 5424 3604 5494 optimatum
3642 5407 3686 5459 [ε-

2218 5523 2384 5581 slino.
2415 5529 2520 5572 ctc.
2626 5526 2632 5533 ‘
3634 5585 3681 5591 Am

2289 5610 2509 5680 Signum
2543 5608 2750 5664 Radulﬁ
2781 5609 3011 5673 comitis,
3050 5608 3153 5679 sig.
3184 5606 3417 5662 Waltcrii
3442 5597 3610 5659 comitis
3625 5585 3683 5641 ὅθί

2223 5701 2454 5768 Radulﬁ,
2490 5703 2595 5771 sig.
2653 5700 2890 5772 llugonis
2917 5702 3146 5767 comitis,
3186 5703 3283 5771 sig.
3320 5696 3518 5759 Alberti,
3542 5691 3679 5757 sign”
