3838 6322
48 408 185 467 1057

1097 401 1445 461 "ENRICUS
1482 403 1502 458 Ι
1542 400 1971 459 FRANCORUM
2012 401 2174 459 REX.

3179 411 3316 471 ωδε

45 516 362 575 Theudonis
389 515 570 572 fratris
599 515 732 585 ejus,
753 517 853 589 sig.
888 514 1115 570 Gttarini
1152 515 1337 569 fratris
1366 514 1627 585 ejusdem,
1661 499 1706 557 Α
1735 527 2002 588 quatenus
2032 520 2083 572 in
2114 525 2430 590 perpetmnn
2465 519 2753 592 regiojnre
2795 523 2864 581 ab
2904 526 3156 582 omnibus
3202 530 3318 585 fore

45 617 147 684 sig.
172 612 473 675 Frcdcrici,
496 613 599 682 sig.
632 611 898 675 Balduini,
929 611 1028 682 sig.
1061 609 1319 674 Simonis,
1352 609 1451 679 sig.
1490 608 1634 677 Ago-

44 707 186 762 berti
219 704 483 774 episcopi,
528 705 629 775 sig.
665 702 904 773 Hngouis
934 701 1145 766 decani,
1198 702 1301 769 sig.
1357 697 1632 755 Guillelmi

45 800 345 871 prmpositi,
391 799 601 868 signum
661 795 899 867 Sigonis,
956 793 1173 863 ‘siguum
1221 789 1478 854 Ascelini,
1530 789 1630 858 sig.

44 890 329 947 Gcncelini
357 889 575 945 decani.

46 1084 315 1137 Henricus
348 1098 367 1136 ι
406 1098 496 1135 rex
527 1080 731 1134 inducit
771 1078 1050 1133 cauouims
1090 1076 1355 1145 regulares
1390 1077 1443 1131 in
1476 1074 1638 1131 cccle-

155 1156 295 1207 siam
324 1152 381 1209 S.
416 1152 636 1206 Martini
662 1169 694 1203 a
722 1148 960 1219 Campis,
994 1166 1026 1202 α
1055 1164 1109 1202 se
1136 1156 1507 1203 restauratum.

650 1241 827 1310 (Anno
861 1237 1046 1309 1060.)

532 1331 696 1404 [σαιι.
738 1331 863 1385 Chr.
906 1329 1018 1395 vn,
1052 1328 1167 1401 52.]

111 1426 183 1481 In
212 1425 425 1481 nomine
454 1432 655 1479 sancta:
687 1434 740 1477 ct
773 1421 1061 1477 individua:
1090 1420 1394 1485 Trimtatts,
1420 1428 1530 1475 etc.

119 1517 293 1587 Igitur
326 1530 422 1585 ego
462 1515 748 1578 HENRICUS,
782 1513 875 1568 Dei
923 1512 1094 1583 gratia
1145 1527 1239 1566 rex
1283 1511 1635 1576 Francorum,

43 1611 239 1665 sedula
277 1609 602 1681 cogitatione
634 1607 878 1663 recolens
906 1605 1141 1676 qualiter
1169 1604 1417 1659 decorem
1448 1603 1640 1658 domus

45 1705 268 1761 Domini
298 1714 351 1759 et
377 1703 553 1757 locum
585 1700 941 1755 habitantium
968 1698 1093 1770 [al.,
1118 1696 1496 1769 habitationis]
1524 1697 1640 1766 ejus

45 1796 243 1860 dilexi,
273 1793 520 1849 omnibus
555 1800 662 1845 tam
704 1790 1059 1860 praesentibus
1097 1802 1260 1857 quam
1304 1786 1501 1840 futuris
1543 1800 1640 1838 no-

44 1898 172 1941 tum
202 1887 317 1941 ﬁeri
356 1885 519 1940 volui.
562 1882 732 1937 Porro
767 1890 895 1935 ante
938 1878 1223 1933 Parisiacae
1250 1877 1398 1932 urbis
1427 1885 1637 1947 portam

46 1978 101 2030 in
146 1978 351 2031 honore
381 1972 708 2031 confessoris
741 1969 940 2027 Christi
974 1967 1189 2022 Martini
1218 1965 1433 2021 abbatia
1473 1963 1639 2019 fuisse

44 2068 488 2137 dignoscebatur,
550 2080 710 2136 quam
768 2061 1049 2133 tyrannica
1104 2058 1253 2113 rabie
1298 2055 1476 2127 (quasi
1531 2071 1637 2110 non

47 2158 241 2227 fuerit)
273 2158 493 2213 omnino
522 2155 781 2218 deletam,
809 2153 876 2206 ab
904 2151 1112 2219 integro
1135 2146 1445 2217 ampliorem
1478 2145 1638 2200 restio

45 2250 159 2311 tui,
188 2248 491 2312 ecclesiam,
519 2261 637 2315 quae
682 2245 771 2299 diu
816 2240 1018 2298 sterilis
1058 2239 1257 2293 amissa
1287 2236 1438 2307 prole
1472 2235 1639 2291 ﬂeve-

46 2350 173 2407 rat,
218 2353 467 2409 qttzerens
523 2336 748 2392 reddere
798 2331 1089 2389 secundam
1140 2327 1350 2383 caelesti
1405 2326 1636 2396 Sponso;

46 2429 431 2499 religiosorum
482 2418 1028 2485 consilio‘virorum,
1072 2417 1364 2473 canonicos
1403 2414 1638 2485 regulari

42 2517 465 2573 conversatione
510 2515 707 2570 ibidem
749 2514 859 2568 Deo
900 2509 1221 2565 famulantes
1266 2506 1552 2566 attitulavi.
1583 2515 1642 2559 ut

47 2612 176 2664 sine
216 2608 576 2663 sollicitudine
611 2606 782 2676 magis
820 2602 1015 2659 divinis
1063 2615 1221 2671 quam
1270 2598 1449 2653 saeculi
1495 2597 1642 2652 curis

47 2711 315 2755 vacantes
357 2700 574 2753 valeant
609 2698 812 2763 vivere,
845 2695 911 2751 de
952 2689 1300 2748 facultatibus
1341 2691 1519 2744 dotem
1556 2689 1638 2741 fa-

44 2796 209 2850 ciens
252 2792 494 2848 ecclesitc
537 2789 605 2845 ob
648 2788 943 2845 remedium
980 2784 1150 2857 patris
1190 2783 1293 2837 mei
1343 2781 1641 2849 matrisque

49 2902 197 2940 mea:
225 2886 549 2946 animarum,
581 2889 743 2951 atque
775 2894 871 2951 pro
900 2878 1003 2933 mei
1042 2874 1399 2946 conjugisque
1426 2888 1560 2928 mea:
1587 2881 1642 2927 et

47 2974 229 3044 prolis
272 2973 442 3027 salute
482 2979 537 3026 et
574 2984 707 3040 pace
756 2970 873 3024 lucc
926 2966 1032 3021 illis
1076 2964 1277 3035 largior
1313 2960 1637 3031 possidenda

48 3076 320 3138 perpetuo
366 3066 487 3135 jure
531 3080 545 3117 :
592 3062 764 3116 altare
819 3061 871 3113 in
904 3057 1096 3129 primis
1141 3055 1380 3125 ejusdem
1410 3051 1642 3108 basilica:

1735 610 2065 664 concedatur
2123 609 2324 675 libera,
2379 620 2487 666 tam
2546 615 2793 670 videlicet
2853 617 2992 671 intra
3053 621 3314 677 ambitum

1735 700 2053 757 munitionis
2086 700 2224 770 ejus,
2259 717 2419 772 quam
2466 712 2619 757 extra
2660 704 2711 758 in
2753 706 3032 775 procinctu
3062 708 3227 777 illius,
3260 712 3316 768 iu

1739 791 1983 859 teloueis,
2015 792 2067 848 in
2130 793 2315 859 fredis,
2349 795 2399 849 in
2424 793 2673 862 justitiis,
2702 797 2755 851 in
2787 800 3036 855 omnibus
3062 817 3317 872 quaecun-

1737 898 1842 953 que
1878 882 1968 953 jus
2018 886 2189 941 nostri
2224 887 2393 958 exigit
2429 887 2566 953 lisci,
2599 905 2757 945 neruo
2795 906 3029 961 unquam
3060 894 3203 951 illam
3232 898 3314 952 in~

1737 978 1981 1047 quietare
2019 979 2234 1034 audeat.
2288 978 2543 1036 Canonici
2585 983 2751 1038 etiam
2800 984 2938 1039 hanc
2991 996 3315 1055 potestatem

1738 1070 1994 1132 habeant.
2026 1079 2106 1137 ut,
2138 1070 2334 1127 abbate
2362 1072 2623 1139 obeunte,
2653 1089 2873 1131 assensu
2906 1078 3155 1139 fratrum.
3190 1079 3315 1137 boni

1739 1163 2033 1217 testimonii
2080 1163 2279 1227 virum,
2324 1163 2540 1219 nemine
2593 1167 2962 1234 perturbante,
3008 1171 3299 1228 restituant

1739 1253 1939 1308 Verum
1978 1254 2141 1309 etiam
2174 1263 2233 1308 ιιι
2271 1270 2332 1315 ea
2366 1254 2495 1311 ﬁsca
2526 1255 2863 1321 ﬁrmamento
2890 1268 3179 1316 teneantur
3210 1272 3307 1317 sta-

1738 1344 1862 1409 bili,
1904 1345 2045 1400 banc
2092 1346 2336 1401 chartam
2387 1347 2439 1401 in
2489 1364 2626 1417 qua,
2668 1364 2755 1404 me
2797 1351 3165 1420 prmcipienle,
3205 1355 3321 1411 htec

1740 1439 1918 1494 omnia
1960 1440 2157 1508 scripta
2204 1448 2349 1504 sunt,
2383 1439 2561 1511 sigillo
2596 1456 2714 1496 meo
2754 1443 3175 1499 subterﬁrmavi.
3210 1446 3319 1515 Ego

1742 1530 1856 1601 ipse
1897 1547 1990 1585 rex
2040 1529 2305 1584 Henricus
2342 1539 2402 1585 et
2451 1531 2633 1601 regina
2684 1533 2906 1601 pariter,
2945 1543 3000 1588 et
3042 1533 3320 1604 Philippus

1742 1623 1883 1676 lidius
1914 1637 2068 1676 meus
2092 1636 2215 1675 cum
2261 1621 2518 1676 fratribus
2552 1621 2666 1675 suis
2703 1638 2865 1675 manu
2906 1622 3171 1678 ﬁrmatam
3201 1640 3321 1679 cor-

1743 1712 2139 1767 roboravimus.
2192 1711 2364 1778 Quam
2419 1713 2634 1782 quidem
2687 1714 2995 1769 Mainardus
3047 1716 3319 1772 Senonum

1744 1806 2183 1875 archiepiscopus
2220 1821 2342 1860 cum
2384 1803 2641 1860 Ymbcrto
2689 1805 3018 1860 Parisiorum
3068 1808 3319 1877 prtesale.

1744 1896 1944 1965 aliique
1991 1911 2151 1965 quant
2203 1894 2454 1964 plurimi,
2505 1904 2612 1950 tam
2659 1894 2941 1965 pontifices
2991 1913 3152 1967 quant
3201 1899 3320 1953 laici

1743 1990 2014 2061 principes
2059 1989 2451 2043 confirmarunt
2503 1999 2558 2045 et
2606 1991 3029 2046 corroborarunt
3070 1995 3322 2049 omnibus

1744 2076 1903 2152 supra
1957 2081 2271 2135 memoratis
2304 2080 2565 2135 faventes.
2619 2079 2675 2135 Si
2717 2082 2839 2150 quis
2877 2094 3055 2136 autem
3099 2085 3322 2153 posthac

1742 2171 2082 2243 privilegium
2125 2172 2229 2227 hoc
2263 2172 2467 2225 violare
2499 2174 2925 2242 praesumpserit,
2958 2174 3191 2244 primttm
3230 2192 3321 2230 sa-

1742 2260 1946 2331 crilegii
1973 2262 2089 2317 sive
2122 2270 2285 2316 tantae
2308 2261 2646 2317 auctoritatis
2670 2263 3005 2334 negligentiae
3034 2280 3156 2320 reus
3187 2266 3322 2319 duro

1743 2354 2088 2408 anathemate
2110 2352 2361 2418 feriatur,
2394 2352 2589 2408 deinde
2615 2353 2859 2409 nefanda:
2887 2357 3322 2426 prtesumptionis

1742 2448 1927 2502 irritus
1991 2446 2141 2514 gravi
2189 2459 2387 2499 census
2429 2444 2757 2501 detrimento
2808 2447 3115 2502 damnetur.
3167 2450 3322 2503 Anno

1745 2537 1895 2608 regni
1926 2549 2089 2605 supra
2110 2533 2237 2587 dicti
2267 2534 2410 2603 regis
2435 2549 2603 2590 xxvrt.

1815 2627 1892 2700 (Ἶ)
1936 2626 2129 2681 Actum
2183 2640 2324 2680 anno
2354 2625 2421 2680 ab
2469 2625 2844 2683 lncarnatione
2889 2627 3101 2684 Domini
3154 2629 3322 2694 lOGO,

1744 2721 1933 2776 imlict.
1965 2735 2054 2785 xv,
2081 2717 2302 2773 Parisiis
2329 2719 2561 2790 publice.

1817 2811 2039 2881 Signum
2071 2807 2286 2863 llenrici
2318 2810 2480 2880 regis.
2518 2810 2575 2864 S.
2603 2810 2834 2881 Philippi
2872 2810 3036 2881 regis.
3065 2809 3125 2866 8.
3156 2809 3322 2865 Anna-

1744 2903 1964 2974 regiute.
2014 2900 2071 2956 8.
2114 2900 2373 2956 Mainardi
2418 2901 2807 2972 archiepiscopi
2860 2901 3208 2957 Senoncusis.
3259 2901 3321 2956 S.

1742 2993 1986 3049 Gcrvasii
2009 2993 2289 3048 Bernensis
2307 2993 2716 3063 archiepiscopi.
2738 2993 2794 3048 S.
2828 2991 3065 3048 Ymberti
3088 2992 3320 3063 episcOpi

1745 3081 2087 3137 Pariswttsis.
2123 3080 2182 3134 S.
2212 3079 2448 3136 OJolrici
2482 3080 2847 3136 archidiaconi
2879 3080 3219 3136 Parisiensis.
3260 3080 3319 3136 8.

48 3157 205 3211 omni
258 3154 608 3210 clarificatum
658 3151 929 3215 libertate,
1001 3157 1057 3205 et
1100 3157 1273 3204 terras
1319 3159 1454 3215 quas
1492 3144 1637 3198 circa

1750 3171 1990 3227 Balduini
2040 3170 2369 3227 cancellarii.
2410 3171 2467 3225 S.
2504 3170 2762 3226 Voizelini
2810 3171 3094 3241 capellaui.
3137 3170 3194 3225 8.
3233 3171 3298 3225 Ri

44 3246 304 3301 eamdem
335 3242 618 3298 ecclesiam
664 3241 816 3310 prius
861 3238 1150 3303 habebam,
1188 3245 1241 3290 et
1272 3250 1408 3306 quas
1440 3232 1636 3286 ibidem

48 3333 330 3391 Ansoldus
359 3348 479 3387 cum
509 3330 795 3400 nepotibus
826 3327 938 3383 suis
969 3326 1164 3381 Milone
1193 3323 1401 3379 scilicet
1429 3328 1484 3376 et
1514 3319 1641 3373 Wa-

52 3430 185 3482 rino
210 3425 337 3478 mihi
368 3423 534 3487 dedit,
563 3420 893 3476 concedente
931 3416 1153 3487 Hugone.
1189 3412 1385 3468 comite
1416 3418 1642 3481 prepter

50 3517 273 3588 pricfali
325 3514 536 3568 Milonis
598 3508 1126 3571 reconciliationem,
1186 3503 1276 3575 qui
1331 3512 1460 3556 tunc
1516 3514 1643 3554 reus

52 3609 244 3679 magni
287 3606 531 3661 criminis
577 3613 696 3658 erat
744 3604 1031 3657 adversum
1080 3614 1197 3662 me;
1250 3594 1343 3650 sed
1393 3592 1644 3665 precibus

54 3699 307 3757 Ymberti
358 3697 605 3768 praesulis
656 3703 879 3764 accepta
928 3702 1083 3748 terrae
1122 3690 1330 3745 cultura
1376 3702 1407 3741 a
1456 3700 1646 3755 supra-

54 3790 228 3845 dictis
278 3788 568 3852 militibus,
626 3784 973 3840 commissum
1034 3780 1164 3834 illttd
1197 3777 1374 3849 (unde
1428 3783 1643 3829 centum

50 3884 234 3936 libras
254 3879 399 3948 justo
417 3877 619 3945 judicio
648 3874 997 3943 exsolveret),
1027 3869 1229 3926 dimisi.
1262 3867 1369 3922 llas
1394 3880 1494 3936 ego
1518 3863 1644 3937 (aL,

53 3970 222 4043 ergo]
253 3981 424 4025 terras
450 3970 595 4024 circa
629 3980 812 4022 muros
839 3963 1081 4020 ecclesia:
1110 3962 1243 4017 sitas
1267 3960 1441 4015 eidem
1473 3957 1644 4012 eccle-

52 4068 162 4122 sia:
197 4041 450 4128 concedo,
481 4078 544 4117 ea
577 4060 831 4115 videlicet
859 4058 1109 4113 libertate
1148 4063 1206 4108 ut
1245 4052 1426 4107 nullus
1467 4051 1520 4104 in
1566 4041 1647 4104 eis

49 4160 302 4227 aliquam
332 4155 742 4211 redbibitionem
777 4150 993 4221 exigere
1022 4154 1313 4217 praesumat
1345 4162 1358 4197 :
1392 4144 1529 4214 apud
1546 4141 1646 4195 Pa-

52 4251 231 4306 risios
255 4263 380 4302 vero
404 4244 771 4300 molendiuttnt
803 4257 968 4296 ttnum
1008 4257 1021 4292 :
1057 4238 1109 4292 in
1138 4236 1265 4290 villa
1302 4250 1421 4305 quae
1450 4233 1648 4288 dicitur

53 4339 271 4398 Albcrti
317 4338 528 4401 villare,
559 4344 756 4390 terram
795 4346 956 4403 quant
989 4329 1060 4384 ibi
1104 4326 1362 4383 habebam
1396 4342 1409 4378 :
1439 4323 1646 4377 Noisia-

52 4450 195 4491 cum
238 4447 366 4486 vero
415 4444 577 4500 super
631 4426 925 4480 Maternum
976 4422 1173 4484 situm,
1221 4432 1343 4473 cum
1395 4415 1644 4472 omnibus

1745 3265 1930 3319 chardi
1981 3264 2263 3333 capellani.
2308 3263 2368 3319 S.
2411 3263 2621 3317 Radulfi
2671 3263 2909 3319 comitis.
2942 3262 2998 3318 8.
3042 3263 3320 3318 'l'bethaldi

1742 3356 1809 3411 de
1836 3354 2291 3409 Moulemorenci.
2321 3352 2378 3408 8.
2412 3353 2656 3408 Rainaldi
2685 3353 2991 3409 camerarii.
3032 3351 3091 3408 8.
3122 3353 3321 3407 Albrici

1743 3446 2181 3505 conestabularii.
2229 3445 2287 3501 8.
2336 3445 2589 3501 Willehni
2637 3444 2941 3501 seniscalci.
2990 3444 3048 3499 8.
3086 3444 3318 3519 ilugonir

1742 3540 2074 3596 butieularii.
2120 3540 2179 3594 S.
2225 3537 2446 3592 Κοδριιί
2493 3536 2629 3591 coci.
2670 3535 2731 3589 S.
2781 3534 2990 3589 Radulli
3032 3534 3308 3589 Belvacen-

1745 3635 1841 3688 sis.
1870 3632 1927 3687 s.
1960 3632 2163 3687 Yvonis
2186 3628 2594 3686 subcamerarii.
2619 3627 2676 3683 s.
2702 3626 2928 3689 Walteri
2960 3627 3051 3680 filii
3076 3610 3299 3680 Berneri

1747 3723 1806 3778 8.
1850 3721 2104 3776 Atualrici
2144 3719 2284 3774 Ruﬁ.
2328 3718 2387 3774 S.
2434 3717 2693 3772 Willelmi
2742 3715 2927 3771 fratris
2969 3715 3221 3770 Baldriei.
3259 3714 3301 3770 S

1741 3814 1993 3869 Widonis
2028 3810 2409 3866 Ambianensis
2445 3809 2700 3879 episcopi.
2740 3808 2798 3863 8.
2834 3806 3057 3862 Walteri
3093 3806 3306 3861 Mclden

1745 3907 1820 3963 sis
1854 3906 2114 3975 episcopi.
2160 3904 2218 3957 S.
2256 3902 2502 3956 Elinandi
2544 3900 2919 3956 Laudunensis
2957 3899 3214 3969 episcopi.
3263 3898 3302 3953 8

1746 4000 2015 4056 Frollandi
2047 3995 2468 4053 Silvanectensis
2503 3984 2761 4062 episcopi.
2804 3990 2862 4045 S.
2895 3990 3183 4046 Treceusis
3208 3989 3298 4059 cpi

1744 4092 1918 4163 scopi.
1946 4090 2010 4145 S.
2041 4089 2267 4145 Roberti
2302 4087 2395 4142 ﬁlii
2425 4084 2639 4141 comitis
2669 4082 2938 4137 Baltluiui.
2984 4081 3041 4137 8.
3078 4080 3321 4135 Widonie

1748 4182 2125 4241 Pontltivensis
2155 4180 2389 4236 comitis.
2437 4177 2494 4232 S.
2524 4175 2783 4230 Baldriei.
2829 4173 2887 4228 8.
2922 4170 3222 4241 Engenulli.
3263 4170 3321 4223 8.

1748 4276 2005 4332 Amalrici
2063 4277 2128 4329 de
2180 4269 2504 4328 Monteforti.
2557 4268 2615 4323 S.
2649 4264 2906 4336 Stephani
2940 4263 3230 4335 praepositi.
3264 4260 3321 4316 S.

1748 4366 2041 4424 Framerici
2085 4366 2223 4421 coci.
2720 4374 2721 4377 ‘

2488 4450 2578 4507 XI.

56 4525 437 4582 redditibuset
472 4516 917 4576 redhibitionibus
944 4524 1121 4576 teme,
1155 4508 1643 4610 silvzctvinearum
1680 4551 1722 4604 υ
1751 4548 2009 4602 "amicus
2049 4562 2140 4598 rex
2184 4542 2429 4597 “claim
2461 4541 2567 4596 SS.
2597 4540 2869 4610 Stephani,
2909 4534 3138 4598 “Huni,
3173 4532 3309 4588 se“,

60 4628 234 4686 atque
262 4622 536 4685 pratorum
568 4629 580 4664 :
616 4610 668 4663 in
714 4605 992 4662 territorio
1026 4611 1205 4656 autem
1248 4596 1503 4654 Meldensi
1542 4595 1646 4648 vil-

56 4712 175 4763 lam
226 4706 439 4759 nomine
476 4701 741 4755 Ancthum
785 4711 911 4751 cum
958 4692 1208 4749 omnibus
1250 4688 1550 4745 redditibus
1594 4692 1651 4741 et

62 4795 524 4854 redhibitionilms
553 4802 731 4853 teme,
748 4788 916 4852 silvae,
944 4786 1251 4844 vinearum,
1283 4785 1641 4849 atqueprato—

61 4903 188 4943 rum
221 4902 235 4937 :
269 4884 334 4937 de
370 4882 662 4936 redditihus
698 4876 918 4946 quidem
961 4870 1248 4944 passionis,
1285 4867 1468 4922 vieria:
1503 4865 1650 4919 silva'

59 4991 232 5046 atque
255 4975 393 5045 Iiegii
429 4968 722 5044 [al.,leigii]
746 4981 959 5024 omnem
987 4960 1413 5018 dccimam.ltem
1438 4958 1493 5010 in
1514 4970 1651 5025 pago

62 5044 360 5122 Parisiensi
378 5063 640 5131 Bongeias
664 5074 785 5113 cum
807 5055 1059 5111 omnibus
1080 5048 1379 5105 redditibus
1399 5053 1447 5099 et
1475 5044 1653 5099 redhi-

63 5156 368 5212 bitionibus
418 5154 583 5206 libere
638 5150 738 5204 sibi
770 5144 1161 5216 adjacenlibus.
1210 5139 1314 5194 Sed
1342 5136 1476 5192 etin
1514 5149 1653 5204 pago

61 5246 417 5307 Laudunensi
459 5242 656 5299 Disiaci
691 5244 937 5311 (excepto
979 5232 1161 5302 altari)
1206 5227 1486 5284 dimidium
1527 5241 1650 5279 cum

63 5339 310 5413 praefatis
352 5334 782 5408 possessionibus
841 5328 1105 5389 habeant,
1166 5328 1407 5382 teneant,
1465 5326 1650 5387 regant

63 5408 235 5502 atque
271 5429 600 5499 possideant.
640 5425 772 5477 Illud
807 5434 937 5490 ergo
973 5412 1307 5487 przctcrmitti
1353 5408 1656 5463 nullatenus

62 5526 212 5591 volo,
252 5497 375 5592 quia
420 5515 697 5590 praefatam
731 5511 1015 5568 ecclesiam
1052 5520 1117 5561 ea
1162 5502 1418 5557 ﬁrmitate
1450 5497 1653 5564 munio,

144 5741 226 5810 (7)
272 5739 459 5792 Annus
501 5749 643 5810 xxvtt
691 5729 839 5801 regni
889 5728 1103 5782 Henricr
1148 5735 1203 5781 et
1247 5713 1658 5810 annuschrisli

74 5790 223 5866 ιι)ὺὸ
263 5790 370 5863 non
417 5790 780 5867 conveniunt:
799 5815 950 5856 error
996 5808 1078 5854 est
1123 5806 1379 5867 prmterea
1423 5794 1476 5847 iu
1520 5790 1657 5845 iudi-

1860 4618 1984 4682 ritti,
2012 4626 2058 4670 et
2095 4614 2292 4668 Bacchi
2329 4612 2595 4666 canonicis
2628 4606 3010 4663 Pdrist‘ensibus
3040 4606 3220 4658 tradit.

2386 4704 2510 4775 (An.
2547 4701 2678 4770 inc.)

2242 4793 2408 4868 [GalL
2439 4792 2563 4848 Chr.
2593 4778 2698 4854 vft,
2727 4792 2836 4865 5|._

1823 4892 1879 4946 lu
1904 4889 2121 4944 nomine
2148 4896 2347 4942 saneta:
2381 4894 2436 4940 et
2477 4884 2765 4938 individua:
2791 4880 3094 4945 Trinitatis,
3122 4876 3296 4931 "eam

1752 4998 1866 5048 cus,
1889 4982 2060 5052 gratia
2090 4978 2181 5033 Dei
2213 4977 2251 5030 F
2258 4991 2542 5031 raucorum
2570 4990 2687 5028 rex.

1826 5074 2048 5129 Noverit
2100 5069 2386 5141 posteritas
2433 5066 2672 5121 omnium
2727 5064 2785 5119 8.
2838 5062 3026 5117 matris
3072 5059 3319 5114 Ecclesia

1756 5163 1993 5218 fidelium
2021 5170 2073 5216 et
2100 5167 2429 5221 nostrorum,
2455 5156 2597 5225 quod
2628 5153 2845 5224 quidam
2870 5151 3135 5205 lmbertus
3172 5147 3297 5201 Pari

1758 5252 2018 5308 siacensis
2082 5247 2333 5303 Ecclesiae
2390 5245 2708 5315 episc0pus,
2767 5251 2966 5296 nostrae
3021 5236 3319 5295 serenitati'

1757 5341 1955 5395 adierit
1989 5338 2353 5410 prasentiam,
2384 5348 2581 5403 rogans
2626 5339 2680 5385 et
2724 5330 2921 5383 obnixe
2966 5326 3241 5397 postulans
3273 5340 3305 5376 u

1756 5432 2016 5504 quasdam
2051 5427 2307 5483 ecclesias
2340 5427 2391 5480 in
2434 5423 2690 5479 suburbio
2718 5419 3100 5482 Parisiacensi,
3133 5426 3318 5471 nostra

1760 5518 2013 5593 potestati
2072 5526 2126 5572 et
2189 5524 2592 5570 auteccssorum
2655 5521 2965 5568 nostrorqu
3037 5508 3305 5579 antiquitu

1762 5714 1940 5768 ctione
1963 5726 2080 5783 quae
2103 5726 2208 5767 non
2238 5727 2305 5765 xv
2335 5721 2394 5765 ut
2440 5710 2494 5765 in
2526 5710 2731 5778 charta,
2769 5706 2862 5764 sed
2897 5722 2992 5763 xm
3025 5717 3165 5759 anno
3202 5698 3320 5756 106‘

1762 5786 2168 5840 numerabatur.
