3896 6314
510 360 647 414 1059

1737 356 2003 412 NONUM.
2047 357 2319 414 DIPLOM.

3602 354 3702 408 i050

507 470 859 538 mancipatas,
893 468 949 521 S.
996 466 1254 537 Stephani
1286 468 1513 533 scilicet,
1550 465 1745 520 Juliaui
1793 466 2069 535 martyris,
2110 447 2151 499 Α
2182 466 2356 520 vitare
2384 464 2625 535 SZIpplicii
2655 480 2933 531 speramus
2961 460 3298 519 incendium.
3323 458 3368 513 si
3404 458 3454 512 in
3498 474 3703 530 quantum

506 559 754 616 Severini
794 559 1039 624 solitarii,
1070 574 1166 612 nec
1192 574 1296 613 non
1332 569 1386 614 et
1413 560 1584 613 sancti
1624 560 1827 618 Baebii.
1851 573 2078 628 quarum

505 650 752 718 quaedam
804 648 930 701 olim
981 648 1319 702 abbatiarum
1368 648 1627 718 dignitate
1674 648 1995 709 sublimata,
2025 655 2080 700 ct

504 739 624 792 ideo
664 736 1055 807 receptaculum
1079 746 1133 790 et
1165 738 1451 791 stationem
1483 738 1882 806 congregationi
1919 750 2080 790 cano-

503 828 748 881 nieorum
802 830 1103 894 praebentes
1152 826 1207 881 5.
1250 827 1469 891 Mariae.
1518 829 1611 881 sed
1665 837 1881 896 propter
1932 825 2076 894 regni

503 917 964 987 perturbationem
1020 919 1178 972 rebus
1217 918 1489 971 concessis
1522 917 1762 986 spoliatae
1805 916 2078 977 solitudini

502 1018 781 1071 vacantes,
821 1023 1044 1076 parvum
1088 1017 1177 1061 aut
1214 1009 1418 1061 nullum
1455 1009 1687 1077 antiqua:
1724 1007 2079 1075 possessionis

504 1097 837 1149 retinuerant
869 1103 1089 1163 stattnn,
1132 1097 1398 1166 pnedictac
1438 1096 1843 1165 congregationi
1887 1110 2079 1149 conce-

503 1187 773 1239 deremus.
813 1184 916 1239 Sed
956 1188 1076 1255 quia
1122 1187 1259 1256 apud
1289 1202 1385 1240 nos
1423 1202 1519 1256 pro
1549 1186 1663 1240 suis
1705 1186 1911 1239 meritis
1943 1200 2079 1253 prte-

504 1278 680 1330 dictus
705 1278 990 1347 episcOpus
1026 1287 1141 1331 erat
1183 1292 1428 1345 magnus,
1457 1278 1573 1346 ejus
1604 1278 1861 1330 voluntati
1896 1277 2078 1330 nolen-

509 1377 595 1420 tes
644 1367 842 1435 aliquid
898 1367 1184 1436 derogare,
1253 1366 1621 1420 concessimus
1672 1382 1785 1432 ejus
1838 1366 2076 1435 petitioni

505 1460 766 1526 prmdicta
822 1458 938 1512 loca
991 1458 1152 1527 regali
1212 1466 1480 1526 praecepto
1527 1467 1581 1509 et
1623 1457 1970 1519 liberalitate,
2016 1470 2080 1509 eo

505 1560 663 1618 pacto
705 1558 760 1604 et
808 1548 1135 1611 conditione,
1172 1558 1227 1601 ut
1281 1550 1519 1615 quanliu
1560 1547 1818 1641 Giralzlus'
1851 1547 2077 1601 clericus

505 1653 689 1691 earum
733 1652 1009 1706 possessor
1053 1638 1269 1702 vixerit,
1298 1639 1417 1691 sine
1461 1637 1831 1705 inquietudine
1872 1651 1967 1704 per
1995 1652 2079 1689 as-

505 1741 720 1780 sensum
769 1728 1150 1781 canonicorum
1192 1728 1354 1781 totius
1400 1727 1830 1797 congregationis
1871 1736 2073 1790 teneat,

504 1825 557 1869 et
592 1825 709 1884 post
734 1815 849 1884 ejus
880 1831 1159 1871 errr-essum
1207 1818 1393 1872 usibus
1429 1819 1809 1872 canonicorum
1844 1817 1958 1871 sine
1990 1833 2077 1872 re-
2110 1810 2151 1868 Β

503 1906 829 1961 clamatione
860 1910 1193 1978 mancipetur
1224 1926 1236 1961 ;
1270 1921 1324 1963 et
1362 1909 1433 1962 ibi
1476 1926 1573 1978 pro
1613 1909 1851 1963 remedio
1886 1910 2081 1962 anima:

504 2012 637 2050 meae
673 1997 754 2051 vel
801 2014 1081 2066 parcit-am
1126 2016 1367 2053 meorum
1408 2001 1655 2055 canonici
1702 2008 2075 2070 aggregentur,

503 2088 593 2154 qui
623 2102 719 2156 pro
748 2096 893 2141 statu
925 2099 978 2141 et
1010 2090 1380 2145 incolumitate
1410 2091 1559 2161 regni
1589 2092 1756 2145 nostri
1788 2100 2081 2145 exorantes

504 2173 572 2226 ad
622 2183 910 2243 utrumque
962 2176 1260 2241 sulliciant,
1308 2178 1521 2233 scilicet
1566 2186 1621 2232 et
1672 2180 1738 2233 ad
1794 2180 2079 2233 stationem

503 2278 653 2319 more
687 2265 843 2319 solito
881 2266 1205 2321 reddendam
1242 2268 1509 2332 eeclesim,
1540 2276 1596 2322 et
1633 2269 1701 2323 ad
1737 2268 2079 2323 serviendum

504 2354 764 2407 canonice
794 2354 1004 2407 valeant
1033 2357 1392 2410 communiter
1421 2356 1636 2427 degere.

1226 2467 1341 2521 XII.

509 2554 769 2610 Henricus
815 2573 905 2611 rea:
941 2557 1253 2610 obbatiolam
1295 2557 1355 2613 S.
1389 2555 1635 2611 Germani
1659 2558 1712 2611 in
1743 2557 1872 2614 Laio
1902 2558 2083 2614 Eccle-

932 2630 1025 2681 sia:
1058 2625 1344 2681 Parisiensi
1374 2628 1628 2682 concedit.

1141 2718 1267 2790 (An.
1296 2717 1429 2788 inc.)

992 2806 1156 2880 [GalL
1182 2808 1307 2863 cm.
1332 2809 1440 2876 vn,
1473 2810 1587 2882 δι]

576 2898 710 2953 Cum
748 2913 871 2954 vere
900 2900 1093 2969 gaudia
1143 2900 1567 2957 immortalitatis
1608 2911 1914 2959 sanctorum
1955 2918 2078 2974 pro-

507 2990 592 3042 cul
639 2990 803 3044 dubio
850 3006 1025 3060 neque
1071 2991 1191 3046 aliis
1233 2994 1489 3046 virtutum
1539 2994 1892 3061 acquirantur
1922 2995 2079 3048 obse-

506 3078 667 3145 quiis,
702 3088 756 3132 et
803 3078 1228 3134 exhibitionibus
1274 3079 1737 3150 eleemosynarum
1787 3081 1854 3133 ad
1904 3080 2079 3151 profe-

506 3179 650 3223 ctum
693 3171 1036 3239 perveniatur
1078 3172 1415 3238 animarum;
1448 3188 1678 3244 cumque
1712 3175 1871 3245 regite
1907 3175 2074 3244 digni-
2102 3143 2146 3207 Ο

507 3260 634 3313 tatis
660 3275 873 3331 semper
902 3262 1143 3331 requirat
1172 3262 1403 3318 ofﬁcium
1432 3276 1634 3320 sanctae
1668 3268 1856 3321 matris
1888 3267 2073 3323 Eccle-

505 3348 619 3410 sia},
654 3348 699 3402 si
748 3350 887 3418 quod
941 3351 1204 3418 imminet,
1240 3353 1602 3409 exterminare
1641 3354 1958 3423 perieulum,
1999 3356 2076 3425 ip-

505 3436 724 3507 siusque
766 3439 1031 3509 longeque
1076 3456 1378 3512 propagare
1433 3444 1747 3499 beneﬁcium
1796 3446 2077 3501 defuncto—

505 3546 624 3585 rum
676 3542 889 3602 patrum
942 3535 1139 3604 pietate
1203 3537 1478 3603 collatum,
1522 3539 1829 3593 nnllomodo
1886 3539 2074 3595 aeterni

544 3676 2688 3702 mm

546 3792 607 3856 Θ
1310 3790 1311 3793 η
1918 3770 2241 3813 ,ηξςλννπτν
2297 3770 2400 3819 un,
2447 3770 2815 3817 ιικενοινῖξῖνι
2868 3770 3035 3799 ημτγν

1136 3815 2363 3949 cnuonmn’nus
2420 3808 2981 3949 unm

1943 3707 2251 3793 Ome
2285 3724 2400 3799 π,
2446 3702 2559 3799 lt...
2586 3702 2688 3790 ΞΜ

2182 565 2379 611 nostrae
2417 555 2743 626 permittitur
2787 554 3049 616 facultati,
3072 552 3316 605 divinum
3348 563 3609 606 cessamus
3637 568 3702 608 ex.

2182 646 2327 715 plere
2399 646 2776 699 min’sferium.
2836 645 2929 698 llis
2999 645 3167 714 igitur
3222 655 3482 694 accensus
3535 644 3704 700 monitis

2183 754 2280 808 ego
2311 736 2575 792 Henricus
2605 738 2853 807 princeps
2881 736 3006 789 licet
3044 748 3153 789 non
3188 732 3415 786 idoneus
3446 731 3496 785 in
3530 746 3703 802 regnum

2183 825 2539 891 Francorum,
2574 827 2681 879 Deo
2729 826 2957 888 volente,
2992 823 3352 883 constitutus,
3405 830 3509 873 tam
3552 822 3705 878 domini

2179 915 2399 970 lmherti
2434 916 2765 970 Parisiorum
2811 915 3058 995 prgcsulis
3096 911 3343 980 acquievi
3392 911 3703 979 petitionibus.

2181 1023 2338 1078 quam
2370 1007 2712 1063 Christicolis
2748 1009 2998 1061 omnibus
3034 1015 3146 1070 tam
3193 1001 3389 1056 futuris
3430 1015 3578 1071 quam
3613 1019 3707 1072 pra~

2179 1096 2423 1165 sentibus
2470 1098 2832 1151 reverentiam
2880 1096 3203 1150 Christiana:
3270 1090 3540 1161 religionis
3572 1096 3704 1149 debita

2182 1202 2281 1241 nec
2313 1202 2418 1241 non
2446 1188 2714 1256 condigna
2765 1186 3116 1252 veneratione
3164 1182 3485 1238 colentibus.
3542 1184 3705 1241 Sancta

2181 1279 2375 1332 matris
2430 1279 2754 1347 supradicta:
2810 1276 3038 1343 feliciter
3087 1293 3115 1330 a
3169 1274 3462 1332 cunabulis
3513 1277 3705 1331 educatis

2180 1367 2437 1421 uberibus
2474 1367 2814 1421 innotescere
2854 1367 2921 1422 de
2955 1366 3091 1432 reri,
3119 1375 3175 1419 nt
3203 1364 3528 1418 nbbatiolam
3561 1382 3705 1433 quam-

2181 1459 2299 1512 dam
2337 1459 2387 1512 in
2428 1457 2557 1510 silva
2594 1473 2713 1525 qua:
2753 1457 2857 1512 Lea
2896 1459 3115 1521 dicitur,
3146 1456 3322 1525 patris
3359 1455 3460 1508 mei
3499 1454 3703 1513 Rodhcrti

2182 1549 2468 1603 clemeztia
2493 1549 2543 1601 in
2574 1549 2776 1603 honore
2805 1548 2861 1602 S.
2890 1548 3142 1602 Germani
3173 1544 3701 1609 fabricatam,S.P3ri-

2180 1640 2408 1694 siacensi
2452 1640 2701 1694 Ecclesia:
2747 1638 3118 1694 concederem.
3169 1637 3349 1702 Quod,
3373 1637 3491 1703 quia
3534 1635 3702 1702 dignum

2180 1731 2460 1785 videbatur
2498 1745 2762 1794 annuens,
2810 1744 2907 1784 ore
2934 1744 3071 1798 aque
3110 1730 3272 1784 corde
3317 1726 3542 1796 benigno
3583 1730 3703 1782 Susci-

2183 1821 2353 1891 piens,
2395 1835 2516 1874 cum
2560 1834 2825 1876 consensu
2861 1834 2923 1873 ac
2955 1820 3230 1874 voluntate
3262 1818 3613 1888 episcOporam
3640 1830 3700 1872 at-

2181 1926 2286 1981 que
2331 1910 2613 1973 abbatum,
2668 1925 2760 1965 seu
2811 1911 3051 1964 omnium
3104 1910 3471 1975 comitumque
3523 1908 3701 1961 ntijtum

2182 2016 2423 2055 meorum
2455 1999 2514 2055 5.
2544 2000 2636 2054 Ι)ςί
2673 1999 2931 2054 Genitrici
2963 2015 3083 2053 cum
3113 2000 3365 2053 omnibus
3388 2010 3502 2063 qum
3528 1997 3585 2050 ad
3610 2012 3697 2049 eam

2183 2093 2356 2160 pertin
2392 2101 2480 2155 nt,
2528 2091 2696 2160 ipsam
2752 2090 3074 2143 ablatiolam
3126 2088 3357 2153 contuli,
3408 2094 3465 2140 ut
3516 2087 3703 2155 quandiu

2182 2181 2283 2239 loci
2332 2181 2477 2237 illius
2524 2181 2777 2251 praesides
2818 2181 3019 2245 vivent,
3059 2188 3298 2243 teneant,
3344 2187 3543 2247 regant,
3574 2178 3702 2233 nullo-

2181 2288 2287 2342 que
2337 2281 2641 2325 nostrorum
2692 2286 3063 2326 successorum
3107 2271 3386 2325 auferente
3429 2266 3701 2338 possideant,

2184 2361 2427 2417 videlicet
2489 2370 2694 2415 terram
2745 2360 3060 2415 Filiolieurti
3107 2370 3163 2413 et
3216 2360 3271 2415 in
3323 2376 3457 2430 pago
3502 2357 3702 2413 Piuciaco

2182 2452 2352 2506 altare
2376 2453 2567 2505 Aurem.
2593 2451 2744 2505 vallis
2768 2460 2823 2506 et
2847 2452 2897 2505 in
2916 2465 3054 2521 pago
3080 2450 3364 2505 Valcasiuo
3389 2450 3544 2503 altare
3563 2447 3699 2509 Treci,

2184 2543 2235 2595 in
2278 2556 2413 2611 pago
2446 2540 2755 2595 llrlvacensi
2802 2540 2971 2594 altare
3015 2540 3223 2596 Borreti
3248 2551 3339 2603 ,et
3366 2540 3621 2593 ecclesiam
3654 2539 3698 2591 S.

2182 2629 2396 2683 Marime
2445 2630 2495 2682 in
2532 2628 2700 2682 insula
2733 2628 2943 2705 Pariii,
2972 2630 3098 2683 item
3134 2628 3359 2698 praefato
3397 2628 3585 2697 praesuli
3609 2641 3702 2696 qua

2181 2722 2248 2775 ad
2273 2719 2555 2775 ecclesiam
2586 2722 2752 2789 ipsam
2782 2737 2886 2774 non
2912 2722 3257 2790 pertinent-in
3281 2721 3526 2775 suburbio
3546 2716 3701 2772 Parisii

2180 2821 2413 2882 quatuor
2443 2825 2707 2880 arpeunos
2733 2811 3026 2866 vinearum.
3063 2813 3167 2867 Sed
3202 2821 3262 2865 ut
3298 2811 3397 2866 hoc
3425 2821 3594 2865 rostra!
3620 2807 3705 2861 cle-

2185 2902 2399 2957 mentia:
2422 2904 2618 2957 donum
2649 2904 2845 2956 nostris
2871 2904 3169 2972 lulurisque
3192 2902 3508 2972 temporibus
3532 2899 3706 2952 ﬁrmum

2181 2995 2456 3053 habeatur,
2486 2992 2684 3062 llat‘Uil
2721 2994 2875 3047 nobis
2904 3002 3169 3062 quatenus
3202 2993 3395 3047 exinde
3428 2999 3703 3059 pnecepili!"

2183 3083 2297 3136 tieri
2317 3081 2649 3150 juberemus,
2681 3081 2926 3136 videlicet
2957 3092 3013 3135 ut
3041 3097 3139 3136 nec
3168 3081 3384 3141 nostris,
3413 3094 3500 3133 nec
3525 3075 3709 3144 rtl'quis

2178 3181 2295 3240 post
2327 3170 2624 3239 futurisque
2658 3171 3005 3239 temporibus,
3042 3170 3238 3239 aliquis
3282 3170 3539 3223 hominum
3567 3165 3707 3235 quod-

2176 3262 2299 3316 libet
2330 3263 2378 3315 ei
2416 3262 2853 3330 impedimentum
2884 3261 2949 3315 de
2981 3262 3164 3316 iisdem
3205 3263 3363 3316 rebus
3393 3261 3570 3314 inferre
3594 3273 3711 3325 pra:-

2176 3361 2370 3408 sumat.
2405 3352 2472 3406 Et
2499 3360 2557 3406 ut
2597 3352 2710 3407 lucc
2745 3352 2913 3405 nostri
2950 3353 3199 3422 przecepti
3231 3351 3510 3405 auctoritas
3536 3344 3711 3399 (iratior

2176 3446 2462 3511 habeatur,
2501 3462 2659 3499 manu
2695 3453 2873 3500 nostra
2915 3440 3458 3502 subteslirmavimns,
3494 3446 3540 3491 et
3573 3434 3711 3506 sigilli

2180 3540 2347 3593 nostri
2378 3537 2729 3607 impressione
2756 3535 3102 3607 signavimus.

3075 3674 3708 3699 Μ

2713 3714 2815 3799 ξοι

2638 3716 2781 3801 ΑΜ

2556 3776 2669 3785 ιτς-νγ

2574 3806 2689 3821 W‘I'

509 4032 728 4091 llUJUS
768 4033 1054 4093 NOMINIS
1095 4038 1304 4095 INTER
1341 4038 1564 4096 REGES
1602 4038 1983 4106 SECUNDUS,
2042 4040 2249 4097 INTER
2308 4040 2678 4099 AUGUSTOS
2720 4039 3000 4104 PRIMUS,
3035 4036 3427 4095 COGNOMINE
3461 4032 3724 4091 SALICUS

1783 4194 1931 4274 (An.
1980 4195 2361 4273 lOQh-1039.,

858 4350 1776 4570 CHUONRADI
1874 4448 1985 4568 11
2081 4439 3430 4572 CONSTITUTIONES

1140 4675 1421 4744 (D.Pt:tm
1477 4676 1817 4731 Monumenta
1854 4676 2147 4732 Germanae
2184 4678 2454 4741 historica,
2485 4676 2612 4746 Leg.
2648 4685 2777 4731 tom.
2810 4676 2873 4742 ll,
2915 4694 2966 4746 p.
2999 4676 3113 4745 58.)

707 5099 939 5139 lanterna
972 5099 1036 5137 nr:
1078 5097 1340 5136 IMNCIPIIS
1368 5095 1724 5134 ecccesnncu
1758 5062 1854 5148 llo).
1938 5077 1953 5092 ‘

1028 5175 1204 5243 (Circa
1242 5190 1331 5227 an.
1362 5173 1542 5240 1051.)

567 5263 952 5330 Cuuosmnus,
1012 5267 1102 5321 Dei
1147 5266 1318 5336 gratia
1365 5265 1726 5319 Romanorum
1784 5265 2073 5332 imperator

498 5353 804 5422 Augustus,
867 5356 1223 5409 BKREMIAIKDO
1277 5354 1449 5416 duci,
1511 5353 1786 5407 Slotrmoo
1846 5351 2069 5416 comiti,

499 5442 819 5500 Bennuanno
849 5447 1170 5511 marchioni,
1203 5444 1426 5498 salutem
1459 5455 1511 5497 et
1541 5444 1789 5513 gratiam.

568 5576 647 5643 (Ι)
674 5574 856 5630 Prodit
877 5577 987 5644 jam
1018 5576 1191 5643 prima
1219 5588 1335 5626 vice
1364 5587 1427 5625 ex
1463 5570 1726 5644 tabulario
1753 5568 2070 5644 regio‘llan-

497 5639 789 5707 nove-rane,
836 5639 924 5698 ubi
982 5639 1122 5697 inter
1164 5645 1380 5698 chartas
1410 5643 1749 5708 episcopatus
1785 5639 2070 5693 Verdensis

498 5714 861 5768 authenticum
888 5714 1061 5785 sigillo
1099 5713 1359 5781 imperiali
1398 5711 1709 5777 insignitum
1739 5717 2046 5763 asservatur

2245 4986 2500 5052 Quamv's
2526 4999 2620 5052 pro
2650 4984 2811 5038 totius
2840 4986 2913 5039 rei
2937 4983 3159 5054 publica:
3191 4985 3343 5052 longe
3373 4980 3567 5045 lateque
3601 4991 3735 5044 pro-

2176 5074 2409 5129 etnaada
2461 5074 2707 5139 utilitate,
2757 5076 2937 5145 jugem
2994 5075 3282 5129 debeamus
3331 5067 3737 5126 soilicitudinem

2176 5180 2388 5233 gerere,
2417 5176 2596 5220 tamen
2628 5174 2685 5219 ut
2716 5180 2812 5235 pro
2850 5153 3199 5219 ecclesiarum
3246 5163 3332 5215 Dei
3376 5168 3495 5213 statu
3538 5154 3739 5207 soller-

2177 5259 2281 5311 tius
2310 5258 2665 5326 invigilemus,
2702 5272 2797 5310 nos
2850 5254 3191 5323 obligatiores
3229 5269 3344 5307 esse
3380 5265 3468 5303 non
3506 5244 3741 5314 ignora-

2179 5364 2315 5401 mus.
2350 5348 2521 5412 Unde,
2546 5348 2671 5417 quia
2706 5355 2907 5401 sanctre
2948 5344 3235 5400 Fardensis
3263 5341 3479 5397 ecclesia:
3514 5334 3739 5388 manci-

2176 5439 2261 5505 pia
2302 5453 2397 5492 ceu
2428 5438 2582 5492 bruta
2624 5436 2872 5489 animalia
2924 5450 3021 5504 pro
3056 5430 3501 5503 quantulocunquc
3554 5421 3743 5492 pretio

2174 5571 2551 5641 Apograpbum
2590 5568 2919 5641 ejusexstat
2954 5555 3619 5641 _inACopiari_o_V'erdensi,
3652 5552 3744 5605 ubi

2179 5633 2353 5696 ta'mEn
2384 5633 2688 5695 Clutonradi
2720 5638 2835 5693 loco
2865 5633 3156 5689 Heinricus
3183 5633 3436 5689 scribitur.
