3896 6314
467 210 607 271 1045

1684 205 1954 265 NONUM.
1993 204 2273 264 DIPLOM.

3555 212 3666 270 ωλι

466 320 536 379 de
561 319 859 396 majoribus
888 321 1304 378 walvassoribus
1331 320 1647 378 observetur
1673 320 1737 374 ".
1764 319 1843 378 De
1878 320 2049 375 mino.
2078 303 2125 358 Α
2151 332 2380 373 camera:
2430 324 2658 384 nostrae,
2709 323 2764 371 et
2811 313 3156 370 medietatem
3204 313 3279 369 illi
3318 315 3400 369 cui
3433 317 3669 390 dantpnum

467 413 623 467 ribus
672 427 803 467 vero
851 413 903 467 itt
962 400 1128 483 regno
1174 420 1268 466 aut
1318 422 1446 467 ante
1494 411 1736 465 seniores
1787 418 1879 464 aut
1923 418 2048 466 ante

466 514 714 558 nostrum
747 504 967 559 missum
1008 519 1192 559 eorum
1228 518 1390 558 causa
1424 504 1657 558 ﬁniatur.
1699 502 2047 572 Prtecipimus

467 595 630 651 etiam
682 604 741 648 ut
768 609 889 647 cum
922 592 1119 663 aliquis
1165 594 1342 657 miles,
1364 595 1479 649 sive
1513 594 1579 649 de
1608 593 1904 664 majoribus
1934 592 2047 646 sive

467 684 534 736 de
576 682 896 748 minoribus,
929 682 997 739 de
1025 685 1127 739 hoc
1166 683 1361 739 saeculo
1390 682 1720 754 migraverit,
1760 681 1902 738 ﬁlius
1934 680 2050 751 eius

466 771 787 827 beneﬁcium
821 773 1018 828 haheat
1043 774 1104 827 ³⁸.
1133 773 1189 829 Si
1220 788 1348 830 vero
1384 773 1553 828 ﬁlium
1578 774 1622 805 ³³
1646 788 1751 827 non
1776 771 2046 836 habuerit,

468 870 523 915 et
546 862 840 919 abiaticum
860 862 905 895 "‘
927 878 993 917 ex
1028 864 1269 920 masculo
1300 864 1407 919 lilio
1430 862 1857 933 reliquerit,pari
1890 862 2049 918 modo

466 954 790 1010 beneﬁcium
820 956 1015 1011 habeat
1045 956 1112 1021 ³⁸,
1142 965 1357 1012 serrato
1386 972 1485 1011 usu
1527 955 1791 1026 majorum
1818 955 2049 1011 walvas—

466 1059 650 1099 eorum
688 1044 740 1099 in
777 1045 968 1100 dandis
996 1045 1151 1115 equis
1185 1056 1236 1100 et
1270 1045 1436 1100 armis
1467 1046 1579 1101 $qu
1623 1044 1946 1101 senioribus.
1990 1044 2053 1101 Si

466 1132 608 1189 forte
645 1135 938 1191 abiaticum
977 1151 1040 1191 ex
1074 1136 1181 1190 ftlio
1226 1150 1332 1192 non
1380 1136 1678 1205 reliquerit,
1729 1145 1785 1191 et
1827 1135 2049 1192 fratrem

467 1224 767 1295 legitimum
813 1242 879 1282 ex
904 1235 1056 1296 parte
1102 1227 1271 1297 patris
1313 1227 1581 1290 habuerit,
1628 1228 1672 1283 si
1701 1227 1746 1259 “
1778 1227 2047 1284 seniorem

467 1315 733 1372 offensum
776 1318 983 1384 habuit,
1024 1326 1079 1373 et
1133 1318 1236 1373 sibi
1276 1317 1389 1373 vult
1433 1318 1743 1374 satisfacere
1794 1326 1846 1373 et
1896 1317 2052 1374 miles

469 1405 587 1474 ejus
615 1406 773 1473 cliici,
795 1408 1112 1464 beneﬁcium
1138 1408 1277 1478 quod
1306 1408 1445 1478 patri
1470 1407 1552 1462 sui
1579 1407 1622 1440 ⁸⁷
1646 1406 1745 1462 fuit
1765 1407 1960 1462 habeat
1981 1407 2047 1461 ³⁸.

468 1494 695 1566 insuper
721 1499 881 1552 etiam
909 1498 1156 1553 omnibus
1188 1497 1361 1553 modis
1390 1497 1758 1568 prohibemus,
1788 1507 1847 1553 ut
1874 1496 2049 1552 nullus

2150 408 2352 463 illatum
2391 418 2468 464 est
2494 408 2560 461 “.

2221 502 2445 573 Signum
2475 503 2521 534 “
2547 502 2728 557 domui
2762 499 3073 556 Cltuonradi
3101 500 3429 555 serenissitni
3457 501 3672 562 Romano.

2150 610 2266 649 rum
2292 593 2635 663 imperatoris
2665 590 2903 661 augusti.

2220 685 2530 740 liadololtus
2559 682 2915 739 cancellarius
2951 682 3067 737 vice
3108 680 3418 736 Herimanni
3446 686 3676 743 archican.

2150 777 2353 834 cellarii
2383 776 2688 846 recognovi.

2221 868 2417 924 Datum
2448 884 2480 922 v
2504 866 2775 922 Kalendas
2818 863 2986 932 Junii,
3038 864 3334 919 indictione
3363 865 3417 930 5,
3445 880 3567 922 anno
3599 867 3660 922 Do

2153 962 2362 1017 minicte
2387 960 2777 1017 lncarnationis
2807 958 2939 1014 1057
2962 959 3028 1025 δ’,
3051 973 3194 1013 anno
3220 966 3399 1012 autem
3425 957 3680 1020 Chuonradi

2152 1054 2296 1124 regis
2324 1053 2411 1119 l3,
2442 1048 2785 1123 imperatoris
2808 1051 2896 1105 ii.
2925 1050 3124 1106 Actum
3151 1049 3209 1105 in
3239 1048 3506 1106 obsidione
3527 1051 3682 1108 Medio-

2153 1143 2256 1199 latti
2282 1142 2530 1200 feliciter.
2555 1142 2751 1197 Amen.

2892 1230 2993 1291 illi.

2436 1337 2772 1380 BESCBIP'I'IJI
2822 1336 2890 1375 ne
2929 1335 3063 1376 LEGE
3102 1334 3317 1376 notum
3354 1318 3454 1391 (7).

2772 1410 2898 1483 (An.
2931 1409 3115 1479 was.)

2223 1502 2524 1573 Imperator
2566 1501 2925 1557 Cenomanos
2967 1496 3016 1532 “
3053 1498 3333 1580 Augustus
3381 1498 3425 1530 ⁸⁷
3479 1498 3690 1557 Romanis

468 1589 655 1641 senior
690 1588 759 1643 de
789 1588 1052 1643 beneﬁcio
1095 1603 1316 1644 suorum
1362 1588 1593 1643 militum
1635 1589 1904 1645 cambiutn
1958 1599 2051 1644 aut
2149 1594 2423 1665 judicibus
2448 1593 2517 1647 ⁸⁸.

469 1678 770 1748 precariam
799 1687 892 1732 aut
925 1678 1159 1733 libellum
1207 1678 1324 1734 sine
1362 1693 1549 1733 eorum
1577 1694 1840 1735 consensu
1871 1679 2048 1735 fatere
2079 1677 2123 1732 Β
2230 1686 2428 1741 Audita
2467 1685 2512 1717 δ’
2539 1682 2913 1740 controversia
2942 1697 3063 1754 quae
3100 1681 3369 1737 hactenus
3398 1681 3529 1736 inter
3550 1698 3629 1736 vos
3649 1693 3689 1737 et

469 1778 779 1840 pnesumat.
820 1768 911 1823 llla
950 1785 1077 1824 vero
1110 1768 1248 1824 bona
1281 1784 1399 1837 quae
1429 1770 1477 1802 ”
1506 1778 1652 1825 tenet
1694 1770 2052 1840 proprietario

466 1859 610 1927 jure,
638 1869 731 1913 aut
757 1873 850 1930 per
872 1871 1135 1931 praecepta
1176 1868 1268 1914 aut
1297 1876 1394 1931 per
1435 1869 1639 1915 rectum
1671 1859 1907 1915 libellum
1936 1861 2053 1916 sive

471 1966 566 2021 per
595 1952 915 2021 precariam,
947 1964 1104 2006 nemo
1144 1951 1339 2022 injuste
1384 1966 1478 2007 eos
1510 1951 1797 2008 disvestire
1836 1952 2050 2008 audeat.

471 2043 782 2097 Fotlrnmde
795 2043 1238 2114 castellis‘°quod
1260 2044 1429 2099 nostri
1458 2053 1827 2101 antecessores
1855 2046 2055 2102 habue-

472 2145 623 2199 runt,
636 2136 833 2191 habere
854 2135 1119 2203 volumus,
1136 2135 1262 2193 illud
1278 2153 1405 2194 vero
1419 2137 1559 2208 quod
1576 2153 1680 2192 non
1695 2138 2050 2194 habuerunt“

470 2226 616 2283 nullo
646 2230 803 2283 modo
830 2229 1115 2300 exigimus.
1157 2230 1213 2285 Si
1241 2230 1362 2300 quis
1393 2230 1532 2285 hanc
1563 2230 1860 2298 iussionem
1887 2230 2053 2286 infre-

471 2319 609 2387 gerit
637 2317 704 2387 ",
736 2321 852 2375 auri
884 2320 1046 2375 libras
1094 2330 1309 2376 centum
1354 2332 1665 2392 componat,
1703 2323 2046 2378 medietatem

2153 1777 2540 1851 Langobardos
2555 1776 2767 1846 iudices
2790 1775 2837 1809 ⁵⁰
2863 1774 3203 1840 versabatur,
3236 1774 3482 1843 nulloque
3504 1775 3689 1828 termino

2155 1869 2490 1942 quiescebat,
2531 1866 2805 1923 sancimus
2855 1874 2916 1920 ut
2967 1879 3307 1935 quzecunque
3365 1864 3686 1917 admodum"

2156 1960 2369 2034 negotia
2397 1968 2541 2015 mota
2574 1958 2619 1991 ⁸³
2644 1957 2931 2023 fuerint“,
2957 1967 3065 2012 tam
3119 1956 3264 2011 inter
3293 1954 3537 2015 Romana:
3577 1958 3688 2010 urbis

2156 2052 2332 2107 tnenia
2360 2065 2520 2121 quam
2544 2048 2705 2104 etiam
2733 2046 2801 2102 de
2837 2045 2970 2102 foris
3004 2046 3059 2101 itt
3094 2043 3357 2099 Romanis
3386 2046 3690 2113 pertinentiis,

2154 2151 2341 2199 actore
2373 2140 2726 2211 Langobardo
2763 2139 2809 2173 ⁸⁵
2850 2138 2933 2194 vel
2982 2153 3075 2193 reo
3104 2137 3182 2204 ",
3231 2152 3261 2191 a
3289 2138 3439 2192 vobis
3480 2138 3690 2191 duntaxat

2154 2232 2415 2289 Romanis
2451 2231 2657 2303 legibus
2682 2231 3059 2296 terminentur,
3094 2228 3351 2299 nulloque
3390 2238 3605 2299 tempore
3628 2244 3690 2283 re-

2150 2325 2415 2381 viriscant
2434 2324 2500 2378 ⁸⁸.

1747 2457 1980 2514 νΑΡ-ΙᾸΕ
2017 2458 2418 2517 LECTIONES.

543 2568 587 2600 ³⁸
618 2577 865 2624 teneatur
887 2569 947 2624 L.

1047 2572 1093 2604 ³²
1119 2571 1256 2629 tllios
1283 2587 1334 2627 e.
1358 2571 1413 2626 b.
1443 2581 1626 2628 tenere
1652 2570 1713 2626 L.
1748 2570 1807 2625 V.
1843 2571 1909 2626 V.
1940 2571 2040 2627 Vn.
2072 2574 2137 2629 Ε.
2165 2572 2287 2627 Cas.

2373 2572 2420 2604 ³³
2456 2570 2595 2627 ﬁlios
2641 2570 2703 2626 L.
2753 2570 2817 2626 V.
2870 2570 2971 2625 Vn.
3005 2571 3070 2624 Ε.
3094 2570 3221 2625 Cas.
3316 2569 3362 2602 “
3389 2568 3622 2624 abiatiros
3646 2570 3693 2622 L.

472 2640 596 2713 Qus.
627 2641 930 2713 alibiaticos
962 2641 1025 2713 Y.
1058 2641 1159 2696 Vn.
1185 2660 1323 2713 corr.
1352 2644 1703 2699 abbiaticum.
1731 2641 1878 2698 Glos.
1910 2642 2031 2697 Cas.
2064 2645 2115 2700 id
2143 2653 2227 2699 est
2264 2651 2504 2713 nepotes.
2582 2643 2628 2674 ³⁸
2651 2642 2885 2697 habeant
2919 2641 2978 2713 1..
3015 2640 3077 2695 Υ.
3104 2642 3227 2694 Cas.
3270 2712 3278 2713 ί
3308 2641 3355 2672 ³⁸
3378 2652 3431 2692 et
3456 2640 3513 2692 L.
3536 2639 3590 2713 l’.
3617 2639 3692 2693 i’n.

472 2708 597 2781 Cos.
624 2710 666 2740 ³⁷
699 2726 752 2779 p.
781 2711 862 2781 sui
894 2711 976 2766 vel
1006 2712 1189 2767 fratris
1215 2711 1339 2768 Cas.
1415 2714 1461 2744 ³⁸
1485 2714 1683 2769 habeat
1721 2725 1939 2769 servato
1984 2729 2082 2767 usu
2122 2708 2384 2781 majoruin
2430 2713 2798 2781 valvassorum
2841 2713 2893 2765 in
2929 2711 3122 2765 dandis
3157 2712 3313 2781 equis
3344 2718 3399 2765 et
3434 2712 3695 2781 aftltis_§ll_is

474 2780 781 2852 senioribus
808 2778 936 2852 Her.
1014 2783 1059 2814 ”
1088 2782 1179 2836 Ille
1203 2798 1331 2837 vero
1360 2784 1451 2852 qui
1487 2782 1530 2837 V
1554 2782 1636 2837 ΙΙ.
1713 2784 1758 2815 ⁸ο
1782 2785 1850 2839 de
1877 2784 2113 2838 castellis
2151 2778 2292 2838 deest
2321 2782 2383 2836 L.
2425 2781 2485 2836 ν.
2522 2783 2623 2838 Vn.
2651 2780 2769 2836 Cas.
2819 2783 2885 2837 de
2923 2798 3083 2850 usque
3113 2778 3359 2835 volumus
3397 2779 3627 2852 demitti
3648 2778 3689 2831 ll

472 2866 697 2922 quorum
718 2850 1162 2922 foro__Chnonradi
1184 2848 1500 2921 rescriptum
1531 2852 1672 2921 infra
1704 2854 1898 2907 editum
1929 2854 2170 2908 habetur.
2247 2853 2289 2885 “
2316 2854 2623 2908 habuerunt
2660 2869 2820 2922 usque
2859 2848 3158 2922 habuerunt
3187 2853 3373 2904 desunt
3419 2848 3476 2901 V.
3544 2848 3583 2879 δ’
3607 2864 3699 2916 pte-

475 2919 708 2992 terierit‘
728 2918 787 2992 ν,
832 2919 924 2973 νη.
950 2920 1075 2976 Cas.
1129 2922 1197 2992 7"
1225 2933 1308 2992 est
1333 2918 1530 2991 reliqua
1556 2918 1742 2992 desunt
1769 2925 1823 2978 in
1866 2922 2105 2977 llalensi.
2142 2923 2368 2978 illatum.
2408 2925 2473 2975 At
2524 2925 2570 2978 si
2601 2918 2939 2992 quis-aurum
2973 2937 3079 2992 non
3113 2921 3387 2984 habuerit,
3419 2928 3581 2972 nostra
3606 2936 3698 2992 sen-

476 2990 650 3065 tencia
683 2988 997 3065 feria_t_tt_r__tt_t_
1010 2991 1168 3065 nobis
1195 2988 1457 3065 placuerit
1489 2992 1546 3047 L.
1580 2990 1782 3065 V.__Vn.
1953 2993 2000 3025 “
2022 2993 2219 3065 reliqua
2252 3004 2432 3065 extant
2472 2994 2526 3065 in
2550 2988 2675 3065 qur-to
2719 2991 2891 3065 (lieni.
2967 2991 3122 3065 “ita
3152 2991 3508 3065 corrigendum
3524 3006 3555 3065 ;_
3572 2991 3701 3065 ςοειτξς

476 3058 716 3112 Cremon.
744 3075 763 3113 :
804 3058 997 3114 MXXX
1010 3060 1138 3115 VIII.

475 3130 656 3182 Auditi
700 3128 741 3181 V
765 3128 849 3183 ll.
952 3132 998 3162 ⁵ο
1023 3140 1077 3186 et
1104 3132 1138 3185 l.
1167 3130 1203 3185 i.
1235 3136 1376 3187 deest
1406 3136 1459 3187 in
1489 3131 1610 3187 Cas.

1237 3062 1283 3094 “
1310 3063 1588 3118 Choratltts
1635 3061 1757 3117 Cas.
1810 3063 2095 3119 Conradus
2129 3061 2206 3118 'S.
2252 3061 2288 3114 V
2328 3062 2411 3117 ΙΙ.

1702 3133 1746 3165 ⁵⁸
1772 3135 1965 3189 amodo
2002 3132 2045 3187 V
2077 3132 2162 3188 11.

482 3197 608 3252 Cos.
637 3199 716 3255 vel
752 3216 794 3254 r.
827 3200 863 3254 l.
897 3200 940 3256 V
967 3200 1053 3257 ll.
1127 3201 1174 3234 ⁸⁵
1196 3204 1339 3259 deest
1369 3202 1492 3260 Cas.
1567 3202 1615 3236 ⁸⁸
1646 3204 1975 3261 reviviscent
2003 3203 2067 3259 S.

3009 3062 3055 3093 ⁸⁸
3109 3060 3147 3114 i.
3182 3058 3412 3115 salutem
3453 3058 3489 3111 γ
3535 3058 3605 3111 Il.
3665 3059 3700 3090 "

3009 3132 3183 3181 desum
3227 3131 3280 3181 in
3321 3130 3444 3181 Cas.
3532 3130 3698 3181 “deest

3594 3146 3682 3183 ιεεεε

2512 3062 2557 3095 ⁸⁷
2580 3063 2720 3117 deest
2758 3060 2801 3114 γ
2828 3062 2853 3114 Ι
2864 3061 2913 3115 1.

2258 3134 2303 3165 "
2327 3134 2467 3189 deest
2500 3131 2542 3187 V
2569 3132 2655 3188 Il.
2748 3131 2792 3163 ⁵³
2820 3148 2893 3187 m.
2931 3131 2969 3186 f.
2999 3132 3183 3186 desunt
3227 3131 3280 3184 in
3321 3130 3444 3185 Cas.

1992 3314 2204 3373 ΝΟΤιΕ

552 3424 629 3496 (6)
664 3421 874 3494 Optima
913 3423 1045 3496 legis
1082 3425 1241 3495 hujus
1284 3428 1451 3484 editio
1496 3439 1675 3485 exstat
1703 3430 1755 3485 in
1784 3428 2065 3484 Muratorii
2094 3415 2136 3472 C
2170 3424 2372 3490 uentis,
2401 3423 2653 3496 llalcnsis
2679 3423 2886 3479 scilicet
2920 3438 3047 3478 szer.
3072 3437 3185 3487 xiv,
3218 3418 3547 3477 aonotandas
3593 3418 3708 3472 lratnt

478 3494 907 3569 Antiquitatibus
936 3494 1161 3560 Italicis.
1182 3507 1221 3551 t.
1259 3498 1302 3565 1,
1329 3514 1382 3568 p.
1408 3500 1512 3555 609
1543 3500 1663 3566 fol.;
1690 3509 1727 3554 ι.
1757 3500 1819 3564 ll,
1851 3514 1903 3569 p.
1939 3500 2064 3565 287,

479 3567 611 3619 edit.
642 3568 902 3629 Aretinte.
940 3580 1005 3621 ex
1040 3567 1349 3636 pervetusta
1401 3572 1714 3626 membrana
1754 3571 1807 3624 in
1842 3567 2068 3624 arcltivo

479 3636 698 3704 capituli
775 3637 1162 3691 eanonicorum
1222 3640 1664 3695 Cremonensium
1741 3640 2062 3704 desumpta;

481 3721 643 3772 quam
676 3705 761 3759 hic
786 3723 906 3758 cum
935 3707 1209 3764 codicibus
1249 3710 1429 3764 satculi
1473 3726 1525 3764 χι
1552 3710 1895 3775 Florentino,
1928 3705 2068 3764 Lutt-

483 3775 717 3845 tlinettsi,
750 3775 1168 3844 \‘indobonensi,
1211 3778 1383 3835 altero
1423 3779 1847 3845 Vindobonensi,
1888 3796 1943 3834 η.
1971 3779 2062 3842 59,

487 3844 827 3917 Veronensi,
854 3846 1131 3902 Casinensi
1174 3849 1354 3904 saeculi
1394 3866 1447 3905 χι
1484 3850 1751 3917 exeuntis,
1782 3867 1836 3906 n.
1867 3851 1972 3906 328
1993 3849 2067 3903 si-

485 3924 669 3992 gnato,
694 3925 748 3992 et
787 3916 1002 3992 _Estensi
1048 3919 1577 3992 apudbluratorittnt
1615 3916 1862 3987 collatam
1897 3933 2065 3992 rrepes

490 3986 672 4060 tinnis.
720 3986 799 4039 Ad
829 4003 966 4060 quos
1009 3986 1129 4043 cuin
1178 3988 1298 4044 libri
1336 3991 1402 4045 de
1442 3990 1658 4051 Feudis,
1707 3986 2063 4060 posteriorum

488 4057 700 4130 etnlices
735 4058 1073 4130 saeculorum,
1116 4074 1184 4113 ne
1232 4061 1474 4129 proxime
1518 4057 1733 4130 quidem
1780 4060 2064 4124 accedant,

487 4123 744 4180 lectiones
766 4128 965 4182 codicis
994 4130 1132 4184 inter
1159 4123 1254 4184 eos
1287 4123 1702 4201 primum'facile
1724 4130 1898 4185 locum
1928 4123 2069 4185 obti-

504 4250 3317 4275 W

2170 3495 2494 3550 existimavi.

2243 3564 2320 3635 (7)
2359 3563 2413 3618 In
2443 3564 2629 3635 codice
2664 3562 2964 3635 Ciasincnsi,
2999 3578 3052 3616 n.
3082 3561 3482 3635 328,;memlin,
3516 3573 3623 3635 safe:
3664 3572 3703 3609 xl

2170 3628 2441 3698 exeuntis,
2483 3634 2658 3701 legum
2692 3634 3166 3702 Langobardorum
3204 3632 3374 3686 libros
3406 3646 3458 3684 ttt
3494 3628 3710 3702 exhibens

2172 3706 2262 3769 lis,
2306 3705 2358 3758 itt
2402 3696 2589 3759 tenera
2637 3696 2951 3759 membrana
2998 3703 3318 3771 rescriptum
3371 3700 3557 3771 inueni.
3597 3696 3708 3771 tutotl

2171 3766 2332 3829 antea
2354 3774 2627 3844 exrcodice
2661 3774 2923 3843 Lipsiettsi
2950 3774 3017 3826 et.
3049 3766 3708 3844 St-ttl'aettticrgin‘hletltodo

2167 3843 2623 3918 jurisprndentite,
2656 3838 2884 3918 appentl.
2930 3860 3012 3904 tit,
3047 3842 3075 3913 §
3112 3842 3197 3918 f7,
3242 3838 3709 3918 pitg.vi_0.9,hltttblit‘l

2167 3909 2323 3986 juris'
2336 3916 2556 3986 fecerat.
2587 3909 2872 3986 ltep’e’ritur
2893 3909 3108 3986 quoque
3129 3914 3179 3965 iit
3211 3909 3397 3986 codice
3424 3909 3709 3986 bibliothecze

2174 3978 2435 4040 Caesarea:
2465 3978 3071 4038 Vindobonettsis'iuter
3113 3998 3245 4036 mss.
3282 3978 3429 4033 Jnris
3469 3978 3640 4040 civilis,
3666 3992 3710 4026 ιι.

2173 4056 2263 4122 59,
2294 4054 2521 4123 indeque
2543 4069 2574 4108 a
2599 4055 2653 4110 b.
2687 4070 2760 4108 m.
2792 4053 3043 4108 Pirsuero
3081 4052 3410 4121 exscripttttn
3440 4059 3535 4104 est.

3320 4242 3701 4266 .—_—-——_

869 4407 1790 4543 CHUONRADI
1853 4409 1966 4533 II
2029 4406 2351 4530 IMP.
2420 4396 3385 4530 DIPLOMATA.

566 4890 873 4947 Cltuonradi
900 4888 965 4944 II
999 4888 1322 4961 privilegium
1346 4904 1442 4958 pro
1474 4885 1685 4941 abbatia
1717 4884 2001 4940 Vuisebiki.

1091 4979 1280 5052 (Antio
1310 4978 1491 5049 l025.)

569 5073 847 5146 [EIIIABD,
881 5071 1010 5127 Cod.
1039 5070 1254 5140 dipl'om.
1287 5069 1428 5124 "ist.
1459 5068 1769 5138 WestplaaL,
1815 5085 1867 5139 p.
1891 5065 2009 5137 87.].

566 5165 628 5220 C.
688 5163 745 5218 in
819 5162 1038 5217 nomine
1086 5171 1285 5217 sanctae
1327 5170 1381 5215 et
1436 5160 1726 5214 individua:
1770 5158 2074 5223 Trinitatis,

495 5252 875 5314 Chtmnradus,
906 5252 1085 5306 divina
1117 5252 1329 5306 favente
1355 5250 1665 5314 clementia,
1700 5265 1815 5304 rex.

570 5342 762 5397 Notum
795 5342 865 5397 sit
891 5342 1143 5398 omnibus
1180 5341 1425 5396 ﬁdelibus
1447 5341 1667 5402 nostris,
1704 5349 1811 5394 tam
1838 5355 2077 5408 praesen-

501 5436 646 5488 tibus
684 5450 843 5502 quant
903 5434 1121 5498 futuris,
1174 5433 1407 5500 qualiter
1453 5422 1701 5502 quadam
1753 5431 2079 5485 venerabilis

503 5526 796 5589 abbatissa,
831 5526 1049 5581 nomine
1097 5525 1273 5593 Abug,
1320 5532 1724 5579 antecessorum
1774 5531 2083 5577 nostrorum

506 5632 692 5687 regum
723 5617 927 5672 scilicet
959 5616 1039 5671 vel
1081 5616 1466 5685 imperatorum
1505 5615 1725 5684 scripta,
1769 5631 1876 5669 sua:
1911 5615 2083 5671 etcle-

2111 4779 2155 4835 Ι)
2182 4791 2297 4854 site,
2327 4802 2446 4858 qua:
2479 4796 2561 4842 est
2610 4787 2663 4841 in
2712 4783 2984 4839 Vuiscbiki
3013 4782 3295 4844 collocata,
3333 4781 3545 4847 tradita,
3581 4779 3623 4833 in
3646 4791 3717 4830 no-

2184 4893 2354 4939 stram
2402 4879 2746 4952 praesentiam
2789 4876 3041 4942 contulit,
3094 4876 3395 4944 eademque
3452 4890 3515 4928 ex
3571 4880 3716 4925 nostri

2187 4973 2350 5045 regali
2401 4980 2668 5043 potestate
2724 4967 3034 5025 conﬁrmari
3090 4981 3154 5022 ac
3209 4964 3548 5021 corroborari
3592 4974 3718 5030 quam

2187 5062 2487 5119 humillime
2539 5058 2810 5130 rogitavit.
2844 5055 3011 5124 Cujus
3039 5055 3287 5126 petitioni
3336 5054 3409 5107 ita
3452 5060 3508 5105 ttt
3542 5049 3718 5118 dignum

2186 5162 2268 5207 est
2302 5165 2579 5205 assensum
2611 5148 2918 5217 prebentes,
2951 5146 3026 5199 ob
3056 5157 3299 5198 antorem
3328 5142 3424 5196 Dei
3466 5146 3719 5202 nostraeque

2186 5243 2482 5298 remedium
2518 5240 2711 5293 animat:
2748 5235 2961 5292 scilicet’
2976 5245 3029 5289 et
3058 5251 3153 5305 per
3196 5234 3559 5290 interventum
3598 5228 3717 5295 Sige-

2187 5335 2323 5390 berti
2358 5342 2563 5387 sancta:
2595 5329 2890 5385 Mindcnsis
2929 5327 3171 5384 ecclesia:
3206 5325 3493 5382 venerandi
3522 5317 3720 5393 prasnlis

2187 5442 2287 5481 nee.
2315 5442 2420 5480 non
2462 5433 2518 5479 et
2546 5421 2866 5477 Berittltardi
2906 5421 3060 5475 ducis
3085 5428 3512 5487 catteroruntque
3548 5420 3719 5468 nostro-

2192 5535 2312 5574 rum
2365 5516 2619 5579 ﬁdeliutn,
2675 5513 2789 5581 jam
2834 5513 3033 5568 dictam
3099 5511 3431 5566 abbatissam
3466 5521 3563 5562 una
3622 5513 3718 5555 cum

2190 5610 2609 5684 congregatione
2658 5607 2757 5663 sibi
2808 5604 3043 5661 sub‘ecta
3083 5605 3440 5686 omnibusque
3484 5600 3596 5654 illuc
3642 5592 3719 5647 rite
