3896 6314
150 291 265 352 1015

146 480 319 556 sionem
357 503 419 544 ex
464 484 678 553 integro
709 480 1066 551 suscepimus.
1094 481 1477 552 Prmcipientes
1514 483 1679 553 igitur

145 590 351 662 iubemus
375 589 429 635 ut
478 577 656 633 nullus
690 573 853 644 judex
892 573 1138 644 publicus
1184 589 1356 645 neque
1383 574 1580 645 aliquis
1609 591 1676 629 ex

141 670 385 751 judiciaria
411 674 676 738 potestate
698 664 943 719 homines
969 664 1240 733 praedictae
1266 665 1507 721 ecclesiis
1540 664 1675 721 libe-

145 783 216 825 ros
236 780 317 820 seu
344 762 576 823 colonos,
603 756 728 812 litos
757 764 851 810 aut
884 769 1091 819 servos,
1121 755 1172 810 in
1215 755 1397 827 aliquo
1444 757 1671 827 negocio

143 856 423 925 distringere
476 857 775 922 presumat,
836 846 937 901 nisi
982 855 1191 901 tantum
1242 847 1531 904 advocatus
1572 849 1673 904 lori

145 952 279 1015 illius,
307 945 635 1012 habeantque
683 938 1124 995 sanctimoniales
1154 938 1255 994 illa:
1278 939 1500 995 liberam
1525 949 1675 1012 pote-

143 1051 303 1098 statem
349 1051 440 1108 per
481 1033 876 1089 successionem
948 1032 1207 1101 temporis
1264 1031 1408 1087 inter
1452 1048 1511 1087 se
1561 1034 1675 1089 sive

142 1132 320 1189 aliunde
347 1126 663 1184 abbatissam
692 1123 942 1195 eligendi,
984 1123 1185 1179 nullius
1218 1124 1467 1180 Saeculari
1501 1125 1675 1180 domi-

142 1230 215 1284 nio
252 1221 507 1293 subjeette,
540 1226 766 1289 excepto
792 1208 999 1283 nostro,
1030 1217 1120 1288 qui
1159 1232 1346 1274 earum
1394 1217 1669 1286 defensor,

142 1321 230 1374 Deo
254 1321 523 1375 annuente,
552 1325 669 1365 esse
696 1308 913 1364 volumu
933 1323 978 1363 s.

198 1409 304 1465 llzec
331 1413 445 1461 sunt
492 1403 680 1473 predia
718 1416 836 1472 qua:
866 1400 1143 1471 pertinent
1166 1400 1232 1454 ad
1264 1415 1429 1468 supra
1469 1399 1668 1455 dictam

140 1499 381 1559 ecclesiam
409 1494 664 1551 Viscbiki.
698 1493 754 1548 In
797 1492 887 1547 illo
912 1491 1032 1547 loco
1053 1507 1105 1546 vt
1133 1492 1303 1546 mansi
1329 1491 1491 1561 pleni.
1520 1492 1675 1547 lnsu-

139 1607 217 1664 per
240 1592 385 1645 etiam
409 1587 459 1640 in
491 1585 573 1639 his
591 1583 725 1638 locis
760 1582 833 1637 ita
868 1581 1180 1636 nominatis.
1222 1579 1603 1635 Vnendredesa
1628 1581 1666 1635 Ι.

139 1678 589 1751 Vuigbaldeshnsuu
616 1690 698 1729 llll
732 1673 925 1728 mansi.
953 1671 1338 1727 Benneshusun
1374 1687 1390 1725 ι
1425 1686 1665 1726 mansus.

140 1772 483 1829 lladdeshusun
536 1784 553 1822 ι
608 1776 850 1821 mansus.
915 1764 1299 1819 Tiadanhusun
1350 1780 1367 1819 ι
1426 1778 1664 1819 mansus.

140 1864 479 1924 llainanhusun
508 1875 544 1915 ιι
585 1859 783 1914 mansi.
816 1857 882 1912 Et
913 1857 965 1912 in
993 1856 1113 1912 aliis
1157 1856 1291 1912 locis
1321 1856 1387 1911 ad
1427 1856 1672 1911 ministe-

138 1963 248 2015 rium
268 1954 491 2012 ecclesia:
516 1950 757 2009 Visebiki
791 1966 981 2005 xxvmt
1022 1949 1193 2005 mansi
1243 1951 1296 2004 in
1324 1964 1462 2019 pago
1488 1947 1669 2004 Tilitlii

138 2051 179 2103 in
200 2048 427 2103 comitatu
461 2041 780 2098 llerimanni
832 2040 1067 2107 comitis,
1096 2040 1403 2110 iterumque
1446 2039 1497 2093 in
1529 2054 1668 2109 pago

136 2137 345 2192 Merstem
377 2134 426 2187 in
453 2131 713 2188 comitatu
747 2129 987 2198 ejusdem
1027 2128 1240 2184 comitis
1264 2144 1355 2182 vni
1389 2129 1586 2195 mansi,
1616 2139 1672 2185 et

138 2228 180 2282 in
208 2242 325 2297 pago
349 2224 576 2294 Lagiuga
626 2237 683 2277 vi
734 2220 907 2276 mansi
942 2219 993 2275 in
1016 2220 1276 2275 comitatu
1324 2220 1583 2286 Dodiean,
1616 2221 1668 2275 in

136 2336 244 2391 pago
272 2317 511 2375 Westfala
544 2316 596 2371 i-n
634 2318 895 2372 comitatu
927 2312 1164 2369 Heinriei
1192 2312 1407 2368 comitis
1436 2329 1467 2367 ιι
1493 2320 1549 2368 et
1571 2327 1669 2367 vni

139 2413 301 2479 mansi,
324 2420 374 2468 et
424 2411 474 2466 in
509 2409 771 2466 comitatu
796 2404 1150 2462 Hrodwerkes
1202 2421 1252 2458 vi
1286 2421 1335 2458 ιιι
1356 2394 1491 2458 -ιιειιίζΔ
1519 2405 1586 2459 Ει
1618 2405 1668 2458 in

136 2506 233 2560 villa
265 2519 370 2575 qua:
390 2510 611 2557 vocatur
641 2500 1042 2568 llramnesherg
1071 2513 1108 2552 ιι
1139 2496 1332 2563 mansi,
1365 2496 1673 2551 Fiahtthor-

136 2608 222 2663 pet
256 2606 475 2654 mansus,
531 2591 585 2645 in
639 2588 818 2645 Anion
850 2602 933 2642 ιιιι
987 2586 1181 2648 mansi,
1215 2596 1269 2640 et
1317 2586 1369 2639 in
1414 2584 1670 2640 comitatu

136 2682 416 2737 Wiriuhardi
464 2690 675 2736 curtem
710 2679 926 2734 nomine
992 2676 1283 2732 Thuliberh
1315 2692 1345 2729 v
1386 2676 1580 2731 mansi.
1613 2676 1669 2731 In

136 2773 353 2828 Tundirin
374 2788 443 2827 vn
485 2771 681 2826 mansi.
709 2771 765 2825 ln
794 2769 1235 2839 llartingehusun
1288 2766 1414 2822 villa
1441 2767 1667 2839 integra.

134 2864 187 2919 Et
217 2873 265 2917 ut
288 2865 389 2918 haec
421 2872 607 2918 nostra
652 2861 997 2917 conﬁrmatio
1027 2859 1238 2915 stabilis
1264 2869 1319 2914 et
1354 2860 1670 2915 iuconvulsa

134 2962 419 3022 permaneat,
449 2953 588 3008 hanc
616 2952 790 3008 nostri
829 2950 1082 3022 praecepti
1109 2950 1357 3022 paginam
1389 2950 1514 3005 inde
1542 2967 1672 3006 con—

134 3043 346 3112 scriptam
396 3058 552 3097 manu
609 3042 829 3113 propria
896 3045 1213 3097 roboraules
1271 3042 1433 3114 sigilli
1492 3042 1664 3097 nostri

133 3132 438 3201 impressione
471 3132 722 3203 insigniri
740 3132 1020 3201 jussimus.

186 3225 378 3296 Signum
421 3226 596 3280 domui
648 3225 953 3280 Chuonradi
1007 3225 1104 3298 (L.
1150 3225 1248 3296 Μ.)
1303 3224 1672 3295 gloriosissimi

135 3318 261 3387 regis.

188 3409 437 3466 Odalricus
463 3409 822 3467 cancellarius
846 3410 964 3466 vice
996 3409 1252 3466 Aribouis
1281 3405 1672 3478 archicapella-

133 3499 176 3554 ni
200 3502 481 3573 recognovi.

188 3592 299 3647 Data
328 3610 364 3649 ιι
393 3595 467 3650 ld.
499 3594 748 3661 Januar.,
775 3595 1073 3651 indictione
1094 3610 1214 3659 vm,
1238 3607 1382 3648 anno
1417 3590 1662 3648 Domini-

132 3699 193 3738 (ιω
224 3684 597 3741 lncarnationis
627 3686 789 3753 1052,
835 3702 976 3741 anno
1018 3694 1198 3741 autem
1239 3684 1421 3739 domui
1451 3683 1669 3739 Chuou-

131 3778 225 3830 radi
245 3780 451 3834 secundi
494 3779 772 3850 regnantis
802 3794 865 3833 ιο.
897 3779 1093 3834 Actum
1140 3776 1398 3833 Corbeiae.

129 3976 393 4035 Cliuonmdi
423 3981 481 4035 11
511 3980 847 4052 privilegium,
865 3996 958 4049 pro
988 3978 1302 4052 monasterio
1341 3977 1667 4045 Corbeiemi,

456 4039 658 4121 petente
691 4039 1032 4105 Truc/timore
1062 4050 1263 4104 abbate.

668 4144 844 4204 (Anno
872 4143 1054 4215 1025.)

560 4235 830 4309 [EBIIARD,
859 4236 945 4289 ubi
973 4233 1180 4308 ευριπ]

183 4320 235 4377 C.
282 4323 334 4379 ln
382 4328 600 4384 nomine
653 4337 856 4383 sanctae
905 4336 960 4381 et
1022 4326 1312 4380 individua:
1353 4326 1662 4391 Trinitatis,

128 4407 460 4483 Cbuouratlns,
490 4419 669 4472 divina
693 4417 907 4472 favente
928 4417 1237 4481 clementia,
1265 4431 1378 4469 rex.

184 4500 359 4558 Notum
406 4507 475 4561 sit
528 4508 779 4563 omnibus
819 4508 1023 4563 Christi
1073 4507 1352 4577 nostrique
1420 4506 1664 4562 ﬁdelibus

126 4594 443 4656 prtesentibus
492 4595 698 4650 scilicet
748 4606 910 4665 atque
961 4594 1180 4660 futuris,
1236 4595 1472 4665 qualiter
1506 4610 1666 4651 vene-

127 4680 284 4737 rabilis
309 4685 468 4741 abbas
518 4685 735 4739 nomine
783 4685 1176 4740 Truchtmarus
1243 4696 1484 4740 nostram
1537 4685 1671 4739 adiit

127 4770 481 4837 excellentiam,
516 4773 828 4844 suppliciter
855 4788 1019 4828 orans
1061 4785 1119 4827 ut
1154 4785 1338 4829 nostra
1378 4776 1664 4845 magniﬁca

128 4860 455 4915 munificentia
480 4865 913 4933 prospiceremus
949 4864 1277 4917 monasterio
1308 4864 1393 4918 cui
1437 4880 1667 4934 praeesse

127 4947 386 5017 videretur,
440 4954 582 5023 quod
656 4964 738 5008 est
804 4962 1173 5009 constructum
1222 4970 1384 5023 super
1444 4954 1666 5010 fluvium

126 5037 308 5099 Wiscra
337 5045 388 5100 in
416 5046 532 5102 loco
554 5048 643 5118 qui
671 5048 867 5103 dicitur
890 5047 1035 5103 Nova
1064 5046 1293 5103 Corbeia
1328 5048 1378 5100 in
1406 5048 1665 5103 honorem

127 5126 203 5184 Dei
242 5143 291 5187 et
336 5139 506 5192 sancti
543 5138 804 5207 Stephani
839 5138 1279 5209 protomartyris,
1312 5137 1398 5192 ubi
1430 5146 1484 5191 et
1521 5139 1663 5193 beati

128 5216 215 5272 \‘iti
245 5227 487 5295 martyris
535 5230 771 5297 pretiosa
825 5229 1047 5299 pignora
1096 5228 1304 5284 servari
1348 5239 1663 5284 noscuntur.

126 5305 263 5376 Cujus
292 5318 526 5383 petitioni
579 5321 879 5376 rationabili
910 5332 1130 5392 propter
1158 5320 1398 5375 divinum
1422 5338 1661 5378 amorem

125 5407 171 5450 et
227 5408 614 5465 venerationem
666 5411 949 5467 beatorum
1012 5424 1312 5485 martyrum
1382 5433 1663 5474 assensum

126 5491 414 5588 pnebentcs,
471 5500 570 5556 hos
635 5505 817 5575 apices
878 5505 1187 5561 serenitatis
1259 5518 1461 5565 nostrze
1517 5512 1663 5567 circa

128 5593 274 5679 ipsum
311 5595 688 5650 monasterium
720 5596 833 5650 ﬁeri
867 5595 1148 5665 jussimus,
1179 5615 1275 5670 per
1301 5617 1436 5671 quos
1478 5602 1665 5659 decer-

129 5682 282 5731 nimus
300 5681 735 5754 atquejubemus,
775 5688 1044 5757 praecipue
1090 5698 1145 5744 ιιι
1194 5701 1513 5760 potestatem
1546 5710 1657 5749 meo

1295 277 1765 335 CIIUONRADUS
1802 279 1841 334 11
1882 280 2014 336 IMP;
2072 280 2085 287 ”

146 395 512 481 pertinentibus,
540 389 591 445 in
637 397 879 444 nostrum
914 388 1350 444 mundiburdium
1402 389 1674 461 aedefeu—
1709 374 1756 431 Α
1787 392 1966 454 llat'itl,
1993 391 2035 446 si
2069 393 2363 448 necessitas
2403 393 2632 461 venerit,
2685 392 2940 457 habeant,
2983 393 3230 449 abbatem
3261 398 3363 451 οη»

1693 3091 1741 3154 C

3218 271 3355 341 tota

1780 484 1940 553 gendi
1974 483 2041 538 dc
2079 484 2337 541 fratribus
2379 488 2513 555 suis,
2549 497 2605 543 et
2649 496 2708 543 ut
2745 489 2923 544 nullus
2954 490 3236 559 episcopus
3266 500 3358 545 aut

1774 576 1939 647 judex
1969 576 2215 647 publicus
2244 578 2327 632 vel
2373 581 2602 649 quilibet
2649 596 2714 637 ex
2738 580 3025 650 jndiciaria
3066 593 3354 652 potestate,

1778 666 1882 722 nisi
1913 668 2062 723 solus
2093 667 2237 723 illius
2268 669 2368 725 loci
2417 673 2667 741 provisor
2703 682 2759 729 et
2795 675 3087 729 advocatus
3115 676 3355 746 praedicti

1778 760 2117 825 monasterii,
2146 760 2199 815 in
2222 761 2483 817 ecclesias
2523 773 2616 819 aut
2653 764 2770 820 loca
2806 766 2889 821 vel
2920 762 3080 839 agros
3109 784 3201 823 seu
3233 769 3356 823 reli-

1777 865 1912 920 quas
1951 853 2325 921 possessiones
2354 854 2559 923 praefati
2595 858 2903 913 monasterii
2933 875 3066 929 quas
3098 860 3355 915 moderno

1778 950 2021 1013 tempore
2041 944 2186 1014 juste
2212 952 2263 1000 et
2293 938 2695 1001 rationabiliter
2733 950 3011 1017 possidere
3036 950 3268 1015 videtur,
3287 952 3355 1006 ad

1777 1048 1972 1088 causas
2011 1033 2310 1089 audiendas
2346 1035 2427 1090 vel
2457 1035 2607 1090 freda
2639 1036 2900 1105 exigenda
2924 1048 3015 1092 aut
3049 1040 3357 1095 mansiones

1775 1125 1862 1179 vel
1887 1134 2107 1196 paratas
2137 1125 2413 1182 faciendas
2447 1135 2542 1180 aut
2581 1126 2921 1196 ﬁdejussores
2950 1128 3231 1195 tollendos,
3262 1138 3361 1185 aut

1777 1216 1913 1272 ullas
1968 1214 2360 1272 redhibitiones
2407 1216 2493 1271 vel
2541 1216 2759 1273 illicitas
2817 1218 3130 1273 occasiones
3178 1222 3356 1289 requi-

1776 1316 1991 1381 rendas,
2028 1322 2121 1369 aut
2145 1314 2394 1370 homines
2420 1310 2586 1382 ipsius
2615 1310 2927 1365 monasterii
2964 1319 3069 1364 tam
3099 1311 3357 1379 ingenuos

1736 1437 1738 1440 ν
1774 1420 1933 1476 quam
1977 1414 2033 1461 et
2076 1420 2261 1460 servos
2292 1404 2373 1459 vel
2420 1403 2545 1458 litos
2585 1401 2782 1471 injuste
2821 1402 3219 1471 distringendos
3248 1402 3354 1454 ullo

1774 1512 2011 1568 unquam
2045 1506 2289 1566 tempore
2328 1496 2525 1551 audeat
2572 1494 2801 1565 ingredi,
2834 1493 2915 1547 vel
2951 1507 3014 1547 ea
3044 1508 3164 1561 quae
3191 1508 3352 1561 supra

1774 1598 2070 1643 memorata
2102 1594 2229 1643 sunt
2256 1587 2473 1656 penitus
2499 1585 2717 1656 exigere
2763 1593 2853 1638 aut
2888 1584 3117 1639 actitare
3153 1598 3357 1652 praesu-

1774 1664 1904 1734 mant.
1932 1678 2037 1735 Sed
2068 1678 2211 1733 etde
2248 1677 2591 1733 dominicatis
2621 1677 2823 1730 mansis
2853 1674 2936 1729 vel
2982 1691 3125 1728 nunc
3154 1673 3356 1727 habitis

1776 1767 1861 1822 vel
1902 1774 2024 1837 post
2076 1765 2443 1836 acquirendis,
2501 1782 2529 1820 a
2577 1765 2862 1821 reddendis
2890 1763 3114 1819 decimis
3140 1763 3351 1833 plenam

1775 1859 1917 1913 idem
1971 1858 2358 1914 monasterium
2403 1858 2599 1912 habeat
2646 1856 3062 1919 immunitatem,
3097 1866 3170 1918 et,
3214 1855 3354 1908 sicut

1775 1948 2037 2004 hactenus
2064 1947 2184 2016 fuit,
2217 1940 2286 2003 ut
2314 1949 2508 2004 dentur
2532 1948 2600 2004 ad
2628 1958 2836 2018 portam
2870 1947 2921 2000 in
2948 1946 3347 2018 susceptionem

1774 2040 2046 2110 hospitum
2071 2048 2125 2095 et
2160 2040 2587 2111 peregrinorum,
2618 2041 2669 2095 in
2695 2040 3018 2109 quibuslibet
3040 2040 3349 2109 episijis,

1772 2134 1926 2206 pagis
1973 2134 2058 2189 vel
2093 2134 2401 2201 territoriis,
2432 2135 2516 2189 vel
2565 2134 2814 2189 omnibus
2846 2150 2964 2204 qme
2987 2134 3181 2187 ibidem
3226 2150 3348 2202 pro-

1775 2237 1898 2298 pter
1918 2226 2161 2281 divinttm
2186 2242 2427 2285 amorem
2457 2235 2511 2281 et
2542 2226 2680 2281 illius
2705 2226 2877 2281 sancti
2910 2225 3007 2277 loci
3042 2224 3350 2279 veneratio-

1775 2334 1898 2373 nem
1925 2317 2120 2374 collata
2148 2317 2369 2383 fuerint,
2404 2326 2464 2371 ut
2513 2316 2673 2372 liceat
2698 2317 2892 2371 ibidem
2942 2316 3050 2369 Deo
3083 2315 3351 2368 laiuulan-

1776 2410 1922 2465 tibus
1939 2411 2041 2465 sub
2066 2419 2264 2465 nostra:
2294 2409 2653 2464 immunitatis
2685 2408 2908 2463 tuitione
2943 2410 3126 2475 quieto
3156 2408 3348 2460 ordine

1775 2503 1958 2573 vivere
2008 2518 2075 2559 ac
2119 2502 2382 2569 residere,
2433 2510 2489 2557 et
2526 2500 2718 2557 melius
2772 2500 2890 2556 illos
2940 2499 3155 2554 dilectet
3204 2500 3350 2553 omni

1778 2600 2017 2662 tempore
2042 2607 2139 2662 pro
2185 2592 2343 2647 nobis
2370 2601 2421 2647 et
2455 2591 2685 2661 conjuge
2726 2601 2906 2645 nostra
2945 2600 3107 2660 atque
3137 2590 3345 2644 stabili.

1778 2694 1886 2741 tate
1915 2685 2066 2756 regni
2088 2701 2118 2739 a
2142 2685 2251 2741 Deo
2273 2685 2429 2741 nobis
2450 2684 2655 2749 collati,
2680 2682 2890 2738 Domini
2920 2682 3346 2737 misericordiam

1776 2776 2037 2832 attentius
2071 2792 2320 2832 exorare.
2357 2776 2578 2846 Insuper
2601 2775 2765 2831 etiam
2802 2773 3041 2828 decimas
3082 2772 3163 2827 vel
3196 2773 3339 2827 deci-

1777 2869 1945 2925 males
1983 2868 2242 2925 ecclesias
2283 2868 2335 2923 in
2372 2869 2677 2938 quibusque
2712 2866 3003 2937 episeopiis
3030 2865 3100 2918 ita
3131 2873 3351 2918 teneant

1775 2970 1937 3030 atque
1971 2959 2283 3030 disponant,
2325 2960 2466 3015 sicut
2496 2959 2596 3014 sub
2649 2957 3088 3012 antecessoribus
3146 2956 3347 3010 nostris

1776 3052 1991 3122 regibus
2034 3051 2286 3108 videlicet
2323 3061 2377 3107 et
2408 3050 2820 3121 imperatoribus
2864 3060 3045 3104 tenere
3085 3064 3180 3116 per
3206 3064 3345 3118 pra:—

1774 3154 1930 3216 cepta
1976 3144 2077 3201 visi
2124 3154 2248 3200 sunt
2302 3152 2462 3215 atque
2513 3143 2816 3211 disponere.
2881 3142 3158 3211 Episcopis
3220 3156 3351 3195 vero

1775 3239 1975 3309 quibus
2019 3238 2299 3294 servitium
2337 3246 2387 3292 et
2423 3237 2815 3292 mansionatica
2865 3237 3060 3290 debent
3108 3245 3350 3303 tempore

1772 3330 2033 3386 circuitus
2077 3329 2188 3396 sui,
2218 3328 2512 3384 secundum
2551 3328 2752 3396 scripta
2808 3341 2901 3380 sua
2935 3325 3158 3395 singulis
3192 3323 3352 3376 annis

1772 3421 2100 3492 persolvant.
2125 3421 2191 3476 Et
2217 3428 2275 3475 ut
2316 3421 2428 3475 hac
2452 3420 2750 3475 auctoritas
2780 3418 3145 3473 concessionis
3186 3426 3349 3484 atque

1771 3510 2204 3567 conﬁrmationis
2228 3519 2428 3565 nostra:
2450 3509 2657 3564 ﬁrmior
2684 3508 2953 3564 habeatur
2976 3516 3028 3561 et
3049 3522 3144 3577 per
3166 3506 3346 3560 futura

1775 3612 2018 3673 tempora
2071 3619 2102 3657 a
2141 3605 2355 3659 cunctis
2405 3602 2651 3658 ﬁdelibus
2692 3611 2895 3657 sancta:
2955 3601 3045 3654 Dei
3093 3599 3350 3655 lict-lesiie

1773 3695 2082 3765 nostrisque
2130 3695 2485 3767 praesentibus
2534 3704 2588 3752 et
2633 3695 2827 3751 futuris
2860 3694 3052 3749 melius
3098 3692 3351 3747 credatur

1773 3785 2195 3858 diligentiusque
2251 3788 2593 3852 observetur,
2649 3804 2812 3842 manu
2893 3786 3111 3856 propria
3166 3786 3351 3839 subter

1770 3895 1890 3936 eam
1921 3882 2260 3938 ﬁrmavimus
2306 3891 2361 3938 et
2410 3883 2569 3954 sigilli
2612 3883 2782 3939 nostri
2828 3882 3184 3952 impressione
3208 3881 3349 3935 assi-

1771 3972 1911 4045 guiri
1932 3973 2211 4044 jussinms.

1847 4063 2071 4135 Signum
2110 4064 2287 4119 domui
2338 4063 2641 4119 Clmonraai
2692 4062 2777 4134 (L.
2810 4062 2905 4137 Μ.)
2956 4062 3089 4133 regis
3128 4062 3354 4115 invictis-

1769 4156 1909 4210 simi.

1842 4246 2123 4304 Odalrieus
2152 4247 2511 4305 cancellarius
2557 4249 2674 4305 vice
2715 4247 2972 4303 Arihonis
3018 4245 3350 4314 arclticapel-

1774 4337 1880 4392 lani
1910 4340 2217 4408 recognovi.
3088 4380 3092 4384 -

1695 4432 1744 4492 ι)
1844 4428 1978 4484 Data
2002 4446 2054 4483 ιιι
2080 4429 2729 4497 Kal.,Febr.,indictione
2749 4445 2865 4492 vin,
2894 4442 3036 4483 anno
3058 4425 3349 4485 Dominicaa

1772 4520 2165 4576 lncarnationis
2233 4522 2392 4590 l025,
2450 4538 2593 4578 anno
2635 4538 2763 4577 vero
2800 4520 2984 4577 domui
3039 4514 3365 4573 Chuonradi.

1770 4614 1990 4670 secumli
2030 4616 2303 4685 regnantis
2323 4631 2360 4669 ι.

1838 4705 2031 4761 Actum
2062 4704 2304 4762 Goslare.

1771 4887 2079 4943 Cltuonradi
2139 4888 2198 4942 11
2234 4888 2409 4942 Italia:
2453 4889 2586 4957 regis
2627 4885 2878 4956 diploma,

1925 4959 2060 5029 jura
2104 4960 2418 5013 monasterio
2441 4957 2658 5011 Luceusi
2687 4957 2868 5009 Sancti

2361 5047 2540 5119 (Anno
2572 5046 2749 5110 1025.)

2096 5139 2430 5213 [Μυιιλτοιιῃ
2463 5137 2637 5206 Antiq.
2671 5135 2796 5189 Ital.
2830 5134 2881 5202 l,
2900 5131 3015 5205 95.]

1847 5251 1905 5289 .n
1929 5234 2147 5289 nomine
2173 5242 2373 5286 sancta:
2421 5237 2475 5285 et
2498 5228 2784 5282 individua:
2807 5225 3116 5293 Trinitatis,
3135 5224 3344 5281 Cuuon-

1772 5326 1958 5390 radtts,
1984 5323 2165 5377 divina
2198 5322 2411 5377 favente
2457 5320 2765 5383 clementia,
2792 5334 2919 5384 rex,
2954 5328 3085 5381 etc.,
3113 5316 3344 5387 qualiter

1768 5414 2002 5469 domnus
2036 5412 2357 5467 Ambrosius
2401 5411 2728 5467 venerabilis
2755 5411 2921 5465 abbas
2956 5417 3193 5463 nostram
3220 5408 3344 5476 sup-

1774 5505 1898 5576 plex
1928 5504 2060 5559 adiit
2087 5503 2491 5568 celsitudinem,
2510 5503 2814 5571 deprecans
2840 5509 2897 5555 ut
2924 5514 3023 5571 pro
3044 5499 3137 5554 Dei
3160 5512 3342 5553 amore

1775 5610 1986 5666 suaque
2029 5595 2415 5665 supplicatione
2450 5597 2834 5651 monasterium
2869 5594 3012 5664 quod
3072 5601 3341 5649 restaura-

1776 5690 1851 5744 vit
1880 5688 2127 5760 quaedam
2163 5698 2406 5743 matrona
2435 5688 2588 5744 \Villa
2633 5698 2842 5756 vocata,
2886 5698 3058 5743 mater
3081 5701 3207 5743 vero
3234 5684 3341 5740 llu-

2955 4954 3175 5008 otttiaui.

2952 4900 3016 4938 uo
3070 4881 3353 4951 conﬁrmat

3399 5136 3435 5189 φ
