3896 6314
492 231 629 287 1047

485 359 642 417 gouts
664 342 852 414 inclyti
883 338 1234 406 marchionis,
1283 351 1384 408 pro
1414 351 1509 391 sua
1540 334 1719 389 anima
1748 343 1799 388 et
1822 346 1920 403 pro
1949 347 2067 384 ani-

484 439 679 492 mabus
705 436 946 492 omnium
965 432 1399 489 Christianorqu
1422 428 1679 491 lidelium,
1696 426 1808 481 Deo
1829 425 2063 489 favente,

484 528 619 584 foris
645 542 858 582 murum
886 526 1146 580 Lucensis
1198 524 1367 583 urbis.
1422 522 1475 603 in
1507 521 1713 576 honore
1757 527 2063 575 sanctorum

485 624 853 696 apostolorum
882 621 1113 692 Philippi
1145 630 1200 674 et
1240 618 1449 681 Jacohi.
1504 627 1561 672 et
1592 617 1764 672 sancti
1813 612 2063 668 Pontiani

484 715 742 786 martyris
783 713 1009 779 Christi,
1067 710 1224 780 cujus
1270 711 1566 781 gloriosum
1622 722 1817 777 corpus
1865 705 2034 760 ibidet

483 805 927 874 requiescit,‘etc.

556 894 776 965 Signum
805 895 985 948 domui
1013 892 1321 948 Clmonradi
1345 891 1480 960 regis
1506 888 1856 943 invictissimi.

555 986 709 1054 llugo
764 986 1123 1042 caucellarius
1157 984 1275 1039 vice
1309 982 1563 1038 Arihonis
1606 978 2069 1036 arehicaucellarii

486 1078 796 1147 recognovi.
1181 1138 1185 1145 ν

559 1167 749 1222 lliatus
772 1167 951 1236 Sigilli
981 1167 1126 1222 cerei
1154 1165 1442 1236 deperditi.

560 1259 697 1315 Data
737 1276 794 1313 rx
842 1259 1111 1314 Kalendas
1163 1257 1287 1312 Maii
1319 1297 1333 1319 ,
1382 1254 1682 1311 indictione
1738 1271 1875 1319 vui,
1927 1268 2072 1309 anno

487 1350 785 1406 Dominicm
815 1350 1209 1405 lncarnationis
1254 1348 1414 1411 1025,
1469 1363 1619 1403 anno
1655 1356 1839 1402 autem
1880 1345 2073 1400 Domni

488 1442 801 1497 Chuouradi
828 1441 1046 1496 secundi
1084 1440 1358 1511 regnantis
1382 1440 1571 1510 primo.

562 1536 757 1591 Actum
789 1545 875 1591 est
911 1535 964 1589 in
996 1536 1238 1606 Augusta
1272 1534 1514 1589 civitate.

1241 1625 1326 1680 I\.

492 1715 799 1770 Clmom'arli
840 1714 870 1768 1
918 1714 1275 1769 Romanorum
1312 1715 1646 1782 imperatoris
1674 1714 1935 1783 diploma,
1970 1728 2072 1781 quo

564 1785 794 1840 Cnidoni
843 1784 903 1838 II
954 1784 1200 1854 Farfensi
1233 1785 1425 1839 abbati.
1484 1783 1697 1854 ejusque
1752 1783 2070 1839 monasterio

562 1859 695 1910 bona
726 1855 926 1924 acjura
945 1872 1265 1925 quicumque
1292 1855 1591 1923 conﬁrmat.

1077 1948 1256 2015 (Anno
1286 1930 1442 2001 l0‘27.

660 2036 996 2111 [Memnona
1032 2037 1151 2092 Iter.
1184 2037 1316 2092 Ital.
1344 2037 1538 2106 Script.
1572 2035 1635 2100 ll,
1671 2053 1729 2101 ll,
1758 2036 1911 2107 501.]
2044 2112 2045 2115 η

562 2128 618 2183 ιιι
644 2129 859 2184 nomine
889 2139 1095 2184 sanctae
1115 2138 1170 2184 et
1206 2129 1492 2184 individuze
1522 2129 1826 2195 Trinitatis,
1860 2127 2070 2184 Cuuox-

493 2234 665 2275 unus
692 2220 847 2274 divus
877 2222 1239 2274 ltomanorum
1268 2220 1570 2290 imperator
1594 2220 1886 2290 Augustus.

565 2310 877 2380 Comperiat
900 2306 1140 2366 Omnium
1177 2312 1399 2367 solertia
1439 2311 1678 2381 qualiter
1713 2310 1889 2366 Guido
1915 2327 2081 2364 vene-

495 2399 684 2454 rabilis
712 2399 880 2454 abbas
913 2402 1226 2455 monasterii
1261 2401 1475 2456 Sanctae
1507 2401 1689 2455 Maria:
1732 2401 1783 2454 in
1822 2401 2081 2455 comitatu

498 2490 785 2546 Sabineusi
812 2492 1129 2557 constructi,
1172 2492 1225 2546 in
1256 2491 1372 2547 loco
1398 2493 1487 2562 qui
1535 2493 1732 2547 dicitur
1764 2492 2082 2560 Aculianus,

496 2589 737 2635 nostram
761 2580 947 2637 adiens
964 2582 1324 2652 praesentiam,
1348 2583 1580 2638 ostendit
1597 2583 1750 2639 nobis
1775 2592 2082 2639 nostrorum

500 2682 907 2728 antecesserunt
979 2689 1161 2745 regum
1240 2674 1321 2729 vel
1378 2676 1764 2746 imperatorum
1812 2687 2083 2749 prmcepta

498 2764 675 2820 eidem
708 2765 1040 2820 monasterio
1097 2764 1266 2830 facta,
1327 2778 1490 2837 atque
1539 2768 1853 2839 suppliciter
1901 2779 2086 2840 postu-

499 2857 638 2912 lans.
675 2895 692 2911 .
721 2895 738 2912 .
771 2896 788 2911 .
819 2896 836 2910 .
876 2896 892 2912 .
930 2896 945 2911 .
973 2858 1159 2914 eadem
1199 2870 1469 2931 prmcepta
1512 2870 1694 2916 nostra
1726 2863 1989 2933 imperiali
2022 2880 2085 2919 ac

502 2948 808 3017 prmeeptali
860 2950 1184 3004 auctoritate
1246 2951 1713 3007 conﬁrmaremus.
1774 2951 1886 3007 Nos
1956 2968 2084 3008 vero

501 3040 619 3110 ejus
655 3039 817 3109 justis
846 3042 1300 3113 postulationibus
1355 3044 1737 3109 assentientes,
1789 3043 2082 3100 continua-

503 3146 625 3187 mus
650 3129 761 3200 iam
795 3134 947 3188 dicto
978 3135 1310 3189 monasterio
1341 3135 1599 3206 quidquid
1634 3135 1685 3189 in
1711 3136 2085 3205 superioribus

504 3223 809 3278 continetur
827 3224 1130 3294 praeceptis.
1174 3236 1333 3294 prout
1356 3225 1499 3294 juste
1531 3234 1585 3281 et
1614 3224 1862 3296 legaliter
1888 3242 2081 3297 possu-

504 3328 647 3379 mus,
696 3314 945 3371 videlicet
979 3315 1237 3386 quidquid
1291 3317 1493 3372 habere
1552 3317 1765 3371 videtur
1791 3318 1843 3371 in
1895 3319 2088 3375 eodem

507 3405 781 3460 territorio
801 3405 1109 3472 Sabiuensi,
1140 3407 1193 3462 id
1216 3417 1316 3463 est.
1349 3446 1362 3461 .
1396 3450 1407 3461 .
1442 3449 1454 3462 .
1490 3447 1544 3463 ..
1581 3408 1633 3461 in
1659 3408 1919 3463 comitatu
1947 3408 2088 3462 llor-

507 3506 656 3553 tano.
699 3536 713 3550 .
744 3535 759 3550 .
796 3535 810 3550 .
846 3536 862 3550 .
901 3535 919 3552 .
968 3497 1020 3551 in
1047 3497 1309 3553 comitatu
1345 3497 1691 3563 Vitnrbicusi,
1728 3499 1917 3554 cellam
1944 3499 2086 3552 Sau-

508 3598 607 3645 ctte
630 3588 812 3644 Maria:
835 3589 989 3655 juxta
1007 3591 1224 3645 ﬂuvium
1254 3590 1564 3646 Minionem.
1600 3632 1613 3645 .
1646 3632 1659 3645 .
1690 3632 1705 3647 .
1746 3632 1759 3646 .
1793 3631 1807 3645 .
1839 3592 1892 3646 in
1921 3593 2086 3647 comi-

510 3691 625 3735 tatu
652 3680 963 3751 Spoletauo.
998 3720 1013 3735 .
1049 3720 1063 3734 .
1090 3721 1104 3735 .
1140 3721 1160 3736 .
1191 3721 1204 3735 .
1238 3682 1291 3736 in
1319 3685 1586 3738 comitatu
1617 3682 1847 3739 Assisio.
1875 3721 1889 3733 .
1926 3721 1940 3736 .
1968 3721 1984 3736 .
2016 3721 2031 3736 .
2072 3722 2086 3734 .

509 3774 565 3827 in
595 3772 852 3826 comitatu
876 3771 1188 3831 Ausiiuano.
1224 3816 1236 3828 .
1266 3814 1280 3829 .
1309 3815 1323 3829 .
1361 3814 1375 3829 .
1413 3814 1426 3828 .
1455 3776 1506 3829 in
1536 3775 1794 3830 comitatu
1827 3774 2089 3845 Senogalo

508 3862 688 3919 liensi.
717 3902 739 3917 .
773 3900 789 3915 .
831 3902 843 3916 .
880 3902 893 3915 .
923 3903 936 3917 .
991 3866 1044 3919 in
1095 3866 1363 3923 comitatu
1404 3866 1712 3921 Camerino.
1751 3904 1763 3919 .
1807 3906 1821 3921 .
1868 3905 1879 3919 .
1918 3904 1937 3922 .
1978 3906 1991 3919 .
2032 3867 2085 3921 in

510 3954 769 4029 comitatu
817 3952 1091 4012 Firmano.
1130 3997 1143 4010 .
1184 3996 1196 4008 .
1233 3997 1246 4011 .
1295 3996 1308 4010 .
1344 3998 1355 4010 .
1392 3958 1445 4011 in
1497 3952 1756 4013 comitatu
1819 3954 2089 4011 Aseulauo

514 4085 532 4101 .
563 4086 577 4101 .
612 4086 627 4101 .
662 4087 677 4103 .
709 4086 722 4101 .
755 4088 771 4104 .
804 4050 858 4104 iu
908 4049 1169 4105 comitatu
1205 4048 1540 4118 Aprulionsi.
1586 4088 1600 4102 .
1643 4086 1657 4102 .
1696 4088 1709 4101 .
1739 4086 1762 4101 .
1787 4087 1801 4100 .
1837 4048 1888 4101 in
1918 4048 2087 4102 comi-

512 4139 935 4195 tatu-Pinnensi.
975 4179 990 4195 .
1028 4180 1042 4196 .
1087 4181 1102 4195 .
1148 4180 1161 4193 .
1201 4178 1217 4194 .
1247 4140 1299 4194 in
1325 4140 1584 4194 comitatu
1628 4137 1900 4192 Balbeusi.
1930 4177 1943 4190 .
1977 4180 1989 4191 .
2025 4177 2039 4193 .
2072 4178 2085 4192 .

510 4230 566 4284 in
607 4231 864 4286 comitatu
911 4230 1234 4287 Marsieano.
1270 4270 1286 4285 .
1324 4271 1336 4283 .
1378 4268 1391 4282 .
1425 4267 1440 4282 .
1474 4269 1489 4285 .
1526 4270 1537 4283 .
1574 4268 1588 4283 .
1630 4268 1643 4283 .
1685 4229 1829 4283 Infra
1898 4230 2086 4284 urbem

511 4320 740 4377 Romam
787 4322 1074 4377 ecclesram
1105 4322 1320 4377 Sanctae
1355 4320 1557 4383 Mariae,
1606 4330 1659 4375 et
1702 4319 1883 4374 Sancti
1919 4318 2092 4373 Bene-

511 4414 640 4467 dicti
666 4429 789 4468 cum
821 4416 1026 4487 cryptis
1047 4423 1101 4468 et
1126 4413 1315 4477 muris,
1350 4421 1403 4466 et
1454 4426 1579 4465 cum
1608 4410 1827 4465 introitu
1860 4417 1915 4464 et
1942 4410 2091 4464 exitu

510 4506 746 4565 illarum.
776 4515 830 4561 et
875 4521 1067 4576 campo
1098 4507 1164 4561 de
1193 4505 1414 4575 Agonis.
1447 4505 1501 4558 In
1526 4505 1746 4559 civitate
1792 4503 2097 4574 Tyburtina.

778 4590 791 4653 .
829 4638 845 4653 .
873 4638 887 4653 .
924 4599 979 4653 iu
1023 4599 1285 4654 comitatu
1330 4597 1578 4651 Reatino.
1612 4637 1626 4650 .
1656 4634 1672 4651 .
1704 4638 1717 4651 .
1751 4637 1765 4649 .
1805 4634 1821 4650 .
1855 4597 1907 4650 iu
1941 4597 2089 4651 Ami-

514 4698 701 4756 terno,
733 4689 787 4744 in
820 4690 1081 4745 comitatu
1120 4689 1453 4745 Fureouiue.
1480 4728 1493 4740 .
1529 4728 1544 4743 .
1580 4726 1593 4741 .
1630 4728 1642 4740 .
1673 4726 1690 4742 .
1748 4688 1926 4742 omnia
1972 4702 2095 4756 quae

513 4781 570 4833 in
611 4781 876 4852 integrum
915 4781 980 4835 ad
1012 4772 1330 4850 praedictum
1362 4766 1767 4835 monasterium
1817 4780 2089 4849 pertinere

517 4872 771 4927 videntur
794 4874 940 4942 juste
981 4883 1035 4929 et
1072 4873 1335 4944 legaliter,
1382 4882 1473 4926 aut
1501 4874 1569 4925 ah
1610 4871 1729 4927 aliis
1784 4872 2091 4929 hominibus

516 4962 685 5017 Deum
712 4962 1031 5019 timentibus
1052 4962 1387 5033 acquisierit,
1426 4971 1517 5017 aut
1573 4962 1640 5017 ab
1684 4962 1768 5017 his
1811 4964 1902 5031 qui
1936 4964 2094 5018 modo

516 5054 584 5108 de
612 5054 772 5109 rebus
800 5054 1055 5110 Ecclesia:
1080 5053 1274 5123 injuste
1323 5063 1529 5121 tenent,
1571 5064 1623 5108 et
1657 5069 1777 5124 qua:
1800 5055 1850 5107 in
1872 5055 2095 5111 civitate

518 5146 787 5211 Romana,
826 5146 992 5200 autin
1020 5146 1200 5215 aliqua
1230 5157 1384 5216 parte
1409 5146 1580 5201 nostri
1620 5147 1768 5215 regni
1792 5145 1959 5199 ltaliei
1994 5147 2091 5200 ha—

519 5239 650 5295 bere
701 5240 931 5307 videtur,
991 5249 1085 5293 aut
1141 5240 1478 5310 acquisierit,
1543 5255 1639 5307 per
1692 5239 1793 5293 hoc
1849 5247 2090 5293 nostrum

521 5342 846 5403 praeceptum
904 5332 1078 5387 eidem
1134 5341 1322 5386 sancto
1378 5332 1496 5385 loco
1549 5329 1934 5385 conﬁrmamus
1988 5346 2095 5384 una

520 5440 643 5480 cum
678 5426 860 5491 terris,
901 5424 1097 5479 vineis.
1138 5462 1153 5476 .
1198 5463 1211 5475 .
1257 5460 1273 5476 .
1317 5461 1331 5477 .
1368 5462 1381 5474 .
1409 5431 1569 5491 atque
1608 5436 1707 5490 pro
1752 5419 1844 5475 Dei
1888 5436 2091 5483 amore,

522 5524 814 5584 nostraque
863 5515 1057 5569 anima:
1097 5512 1271 5568 salute
1326 5513 1497 5566 eidem
1559 5513 1891 5566 tuonasteriu
1942 5513 2069 5567 mini

521 5605 815 5661 strantibus
865 5620 959 5674 per
1012 5603 1113 5657 hoc
1166 5611 1406 5657 nostrum
1462 5612 1783 5673 prmceptum
1830 5604 2093 5671 pcrdona-

1767 215 2036 275 MONUM.
2065 211 2334 271 DIPLOM.

3585 219 3695 276 1088

2094 309 2143 367 Α
2173 336 2313 387 mus,
2348 332 2407 374 ut
2442 320 2621 375 nullus
2645 334 2856 385 eorum,
2890 335 2980 374 aut
3023 336 3245 377 suorum
3295 322 3549 380 hominum
3575 331 3695 386 dein-

2167 426 2295 481 ceps
2314 409 2487 476 freda,
2515 420 2607 465 aut
2637 410 2897 465 tributum
2924 411 3113 475 donet,
3138 411 3220 465 vel
3257 414 3548 473 mansiones
3567 418 3697 476 faciat

2168 502 2358 567 invite,
2389 510 2485 556 aut
2520 501 2806 570 ﬁdejussor
2842 502 2960 556 sine
3000 519 3101 557 suo
3128 502 3264 556 velle
3297 505 3505 571 existat,
3544 520 3625 562 aut
3659 514 3699 567 in

2168 593 2351 663 aliquo
2380 595 2543 649 donet
2585 593 2988 662 portonatieum
3044 603 3138 647 aut
3169 595 3474 664 ripatieum,
3505 599 3578 653 vel
3602 601 3700 656 her.

2170 684 2431 747 batieum,
2460 691 2552 737 aut
2581 681 2970 753 glandaticum,
3017 683 3101 739 vel
3159 687 3569 754 pontonaticum,
3616 700 3702 745 tam

2170 773 2237 828 de
2275 774 2561 829 monachis
2591 788 2752 842 quam
2784 773 3023 839 clericis,
3047 789 3321 843 quamque
3353 775 3418 833 de
3445 776 3705 835 hominibus

2170 881 2334 935 super
2364 876 2541 921 terras
2567 880 2754 920 eorum
2786 865 3169 926 residentibus.
3196 874 3303 918 tam
3330 866 3556 936 ingenuis
3573 885 3707 939 quam

2172 956 2469 1021 libellariis,
2499 971 2661 1026 quam
2712 963 2770 1009 et
2820 955 3015 1011 servis.
3065 956 3143 1010 Ac
3192 969 3288 1010 cos
3317 955 3416 1009 sub
3438 966 3602 1010 nostra
3628 961 3707 1012 tui-

2176 1048 2319 1103 tione
2362 1049 2676 1118 recipimus.
2718 1046 3100 1116 Prmeipientes
3129 1048 3266 1117 ergo
3284 1044 3709 1114 jubemnsutnul—

2177 1138 2260 1192 lus
2282 1139 2412 1204 dux,
2445 1138 2713 1203 marchio,
2744 1139 3053 1208 episcopus,
3084 1153 3294 1203 eomes,
3320 1137 3618 1201 vicecomes,
3644 1142 3717 1197 vel

2176 1230 2371 1298 aliquis
2391 1239 2576 1283 noster
2605 1230 2803 1283 missus
2827 1228 3163 1296 discurrens,
3200 1227 3518 1304 sculdasius,
3547 1232 3691 1298 gastal

2175 1322 2314 1388 dius,
2344 1321 2599 1392 nullaque
2648 1320 2819 1376 nostri
2858 1320 3068 1390 imperii
3106 1334 3304 1389 magna
3332 1335 3586 1389 parvaque
3617 1338 3711 1391 per-

2175 1428 2333 1479 sona,
2357 1412 2597 1483 prmdicti
2632 1412 2944 1467 monasterii
2968 1411 3049 1466 vel
3075 1410 3377 1467 monachos
3408 1421 3496 1465 aut
3520 1412 3713 1481 aliquem

2183 1504 2396 1559 ﬁdelem
2424 1503 2756 1574 inquietare,
2786 1504 3098 1567 molestare,
3122 1514 3217 1557 aut
3238 1504 3306 1557 de
3326 1502 3434 1567 his,
3458 1518 3564 1571 quae
3583 1520 3714 1572 supra

2180 1595 2381 1664 scripta
2403 1604 2545 1657 sunt,
2598 1594 2715 1649 sine
2743 1594 2901 1663 legali
2934 1594 3143 1664 judicio
3170 1593 3431 1647 divestire
3467 1606 3716 1661 prtesumat

2181 1722 2195 1736 .
2234 1724 2248 1737 .
2285 1724 2299 1738 .
2333 1723 2347 1738 .
2374 1724 2387 1739 .
2420 1722 2436 1739 .
2461 1693 2515 1740 et
2542 1684 2804 1755 quidquid
2838 1684 2906 1739 de
2934 1684 3174 1753 praedicti
3205 1684 3519 1737 monasterii
3543 1698 3721 1753 possesv

2175 1762 2418 1830 sionibus
2461 1775 2623 1830 liscus
2658 1784 2847 1829 noster
2869 1790 3089 1844 sperare
3129 1760 3389 1843 potuerit,
3440 1784 3600 1829 totum
3639 1792 3719 1830 nos

2181 1880 2282 1935 pro
2324 1873 2545 1920 teternze
2591 1864 3043 1921 remunerationis
3076 1866 3306 1935 pmmio
3352 1866 3592 1934 praedicto
3629 1883 3717 1920 mo-

2184 1957 2426 2012 nasterio
2458 1957 2827 2013 concedimus.
2882 1995 2899 2013 .
2953 1995 2969 2011 .
3025 1995 3038 2011 .
3079 1991 3104 2012 .
3148 1995 3163 2011 .
3214 1997 3231 2012 .
3290 1993 3307 2010 .

2250 2044 2469 2115 Signum
2518 2046 2698 2100 domui
2731 2045 3035 2100 Clisonradi
3077 2046 3402 2101 serenissimi
3444 2047 3723 2113 imperatoris

2180 2135 2420 2205 Augusti.

2220 2288 2221 2291 η
2254 2225 2408 2298 llugo
2450 2226 2806 2283 cancellarius
2867 2227 2987 2283 vice
3014 2228 3200 2283 domui
3254 2227 3536 2284 llarihouis
3570 2230 3717 2283 archi-

2183 2318 2488 2374 cancellarii
2522 2320 2852 2388 recognovit.
3416 2312 3417 2315 “

2204 2482 2205 2485 η
2260 2410 2389 2462 Data
2421 2425 2450 2459 v
2476 2408 2701 2463 Kalend.
2744 2406 2943 2475 Martii,
2998 2424 3142 2464 anno
3172 2397 3465 2463 Dominicis
3515 2409 3720 2462 Iucarna-

2190 2498 2350 2554 tionis
2380 2498 2540 2563 1027,
2574 2515 2716 2553 anno
2743 2515 2869 2555 vero
2904 2500 3085 2555 domui
3130 2500 3445 2556 Chuonradi
3493 2501 3722 2567 regnautis

2189 2590 2372 2654 tertio,
2398 2589 2609 2659 imperii
2634 2605 2848 2660 quoque
2870 2590 3071 2659 primo.

2257 2684 2451 2737 Actum
2479 2682 2663 2737 Belua:
2699 2682 2956 2737 feliciter.

2951 2793 3013 2847 ν.

2190 2906 2495 2961 Cimoni-adi
2534 2906 2598 2961 II
2646 2907 2824 2961 Italia:
2865 2908 3002 2978 regis
3046 2923 3110 2960 ac
3145 2909 3303 2977 primi
3348 2908 3479 2961 inter
3509 2910 3723 2977 Angustos

2261 2989 2574 3048 pra'ceplum
2620 2995 2712 3047 per
2748 2978 2902 3048 quod;
2933 2979 3248 3033 monasterio
3294 2980 3723 3033 sanctimonialium

2264 3046 2574 3119 Lucensium
2625 3046 2835 3119 Domini
2872 3046 3165 3102 Saluatoris
3207 3050 3385 3102 omnia
3417 3050 3607 3103 illarum
3624 3052 3724 3119 jura

2261 3135 2322 3170 ac
2348 3118 2620 3189 privilegia
2645 3118 2942 3186 confirmat.

2780 3229 2959 3298 (Anno
2999 3229 3182 3298 H127.)

2331 3321 2668 3394 [Μυιυιτοιιι.
2712 3320 2801 3374 ubi
2826 3338 3014 3392 supra,
3046 3322 3222 3390 Antiq.
3252 3321 3381 3374 Ital.
3419 3321 3477 3384 ll,
3506 3322 3615 3395 95.}

2258 3414 2314 3469 lu
2346 3415 2560 3469 nomine
2595 3414 2976 3484 omnipotentis
3008 3413 3133 3480 Dei,
3162 3415 3535 3479 Chuonradus,
3563 3415 3719 3469 :eterni

2190 3520 2413 3560 munere
2442 3505 2759 3574 Larg'toris,
2790 3522 2903 3559 rex.

2260 3593 2316 3649 Si
2345 3593 2545 3663 aliquid
2578 3594 2707 3649 locis
2739 3594 2924 3648 divino
2958 3593 3125 3649 cultui
3160 3596 3478 3665 mancipatis
3504 3595 3725 3666 largitatis

2191 3696 2389 3741 nostra:
2416 3701 2637 3740 uulnere
2664 3684 3017 3750 conferimus,
3045 3685 3126 3739 vel
3150 3686 3344 3740 collata
3369 3690 3725 3750 conﬁrmatum,

2191 3779 2259 3833 ad
2284 3788 2503 3834 mterua:
2538 3779 2906 3833 retributionis
2943 3778 3161 3847 praemia
3202 3780 3360 3833 nobis
3390 3781 3619 3850 prodesse
3648 3796 3725 3833 ne-

2191 3885 2459 3938 quaquam
2520 3870 2827 3923 dillidimus.
2887 3870 3138 3924 Omniun
3199 3870 3363 3939 ibitur
3422 3882 3605 3925 sanetze
3649 3872 3723 3924 Dei

2190 3961 2443 4017 Ecclesie
2493 3973 2799 4016 nostrorum
2851 3963 3192 4032 prmsentinm
3255 3974 3415 4033 atque
3466 3964 3723 4018 futurorum

2193 4051 2394 4104 notitiae
2429 4059 2610 4118 pateat
2653 4051 2885 4119 qualiter
2922 4051 3229 4107 interventu
3276 4055 3483 4108 diltelte
3522 4056 3724 4122 coua’ugis

2191 4150 2389 4195 nostra:
2417 4139 2609 4203 ΟἰδΙιε,
2641 4157 2735 4211 per
2782 4142 2920 4196 hanc
2967 4144 3134 4196 nostri
3191 4144 3443 4212 przecepti
3487 4144 3727 4213 paginam,

2192 4240 2353 4300 prout
2394 4229 2537 4298 juste
2575 4241 2628 4285 et
2676 4230 2919 4301 legaliter
2955 4246 3258 4301 possumus,
3302 4232 3660 4286 confirmamus
3683 4243 3724 4285 et

2123 4322 2609 4397 Dcorrohoramus
2658 4325 2990 4377 monasterio
3031 4322 3242 4376 Domini
3280 4321 3586 4389 Salvator-is,
3613 4322 3723 4392 quod

2191 4424 2274 4469 est
2304 4413 2442 4469 infra
2471 4430 2656 4469 muros
2681 4416 2829 4468 urbis
2852 4414 3011 4468 Lucas
3033 4423 3437 4479 constructum,
3455 4425 3505 4468 et
3528 4414 3724 4481 ejusdem

2191 4501 2293 4556 loci
2342 4504 2657 4566 abbatissm,
2700 4519 2819 4573 quae
2869 4514 3091 4557 vocatur
3136 4504 3367 4574 Alperga
3396 4545 3413 4568 ,
3460 4506 3725 4570 cunctisque

2192 4596 2557 4650 mcuachahus
2586 4594 2813 4648 Domino
2846 4594 2914 4647 ibi
2944 4593 3333 4648 fainulautihus
3528 4594 3634 4660 ejus
3665 4606 3727 4645 res

2191 4694 2247 4739 et
2272 4684 2761 4754 proprietatestam
2798 4699 2933 4752 quas
2960 4698 3099 4735 nunc
3131 4682 3290 4737 habet
3323 4698 3483 4751 quam
3534 4683 3726 4750 inposta-

2194 4792 2309 4830 rum
2349 4776 2628 4837 habuerit,
2661 4790 2782 4828 cum
2817 4775 2975 4828 terris
3010 4774 3173 4828 cultis
3212 4785 3268 4828 et
3298 4774 3542 4839 incultis,
3573 4772 3724 4831 vineis.

2193 4870 2386 4939 pratis,
2410 4869 2640 4938 pascuis,
2673 4867 2844 4932 silvis,
2873 4867 3287 4936 piseationibus,
3316 4866 3493 4920 servis
3519 4876 3567 4919 et
3594 4863 3723 4917 ancil-

2194 4961 2293 5024 iis,
2345 4961 2499 5030 aquis
2569 4976 2941 5029 aquarumque
3020 4959 3375 5023 decursibus,
3430 4956 3726 5019 tttoleutlinis,

2193 5064 2518 5119 omnemque
2546 5049 2935 5111 substantiam,
2967 5065 3126 5116 (piant
3177 5047 3331 5101 locus
3374 5048 3516 5101 idem
3560 5048 3725 5100 videtur

2197 5152 2416 5197 habere.
2466 5141 2765 5193 ataluiains
2807 5139 2971 5193 etiam
3031 5148 3087 5191 ut
3152 5138 3351 5192 abhinc
3409 5140 3462 5191 in
3495 5146 3723 5207 posterum

2196 5233 2458 5301 quidquid
2490 5231 2713 5300 prmlato
2747 5230 3078 5283 monasterio
3106 5246 3202 5299 per
3245 5229 3513 5283 (lationem
3545 5226 3722 5296 religie-

2196 5340 2379 5379 sorum
2410 5323 2668 5384 virorum,
2696 5338 2799 5375 seu.
2824 5323 3135 5375 devotarum
3165 5321 3485 5374 lentiuarum
3511 5319 3725 5374 collatum

2197 5416 2487 5481 exstiterit,
2518 5413 2617 5469 sub
2649 5414 2818 5469 nostri
2861 5413 3277 5479 conﬁrmatione
3304 5411 3565 5481 prteerpti.
3599 5407 3721 5459 Volu-

2201 5524 2318 5562 mus
2362 5508 2520 5560 etiam
2572 5515 2627 5559 ut
2673 5505 2983 5574 prtedictum
3034 5496 3419 5558 monasterium
3466 5499 3639 5555 nostris
3678 5503 3718 5547 et

2203 5600 2394 5654 futuris
2443 5598 2777 5667 tcmpsrihus
2812 5613 2915 5651 una
2956 5611 3074 5650 cum
3122 5596 3374 5649 omnibus
3423 5592 3567 5647 rebus
3592 5596 3715 5655 atque

2108 1645 2152 1704 B

2112 3005 2155 3061 C
