3896 6314
132 305 244 369 {M9

1362 278 1839 349 CltUONRADUS
1877 292 1917 346 ll
1948 282 2075 347 me

3179 284 3323 355 lost)

131 412 305 477 tauriliis
335 408 549 463 immune
570 396 823 454 consistat
847 396 915 452 ab
942 396 1086 451 omni
1114 398 1323 468 publica
1359 400 1634 461 iunctione
1663 386 1707 440 Α
1737 402 1847 456 Deo
1885 403 2236 457 Servieutium
2267 422 2318 458 .n
2354 407 2593 460 futurum
2620 405 2952 463 sumcicuter
2981 384 3182 467 habere
3212 428 3323 468 me-

130 522 174 568 et
202 497 536 562 redhibitione.
572 489 637 543 Et
678 488 723 541 si
754 487 969 557 quando
997 487 1270 544 abbatissa
1316 491 1531 553 abierit,
1570 492 1637 547 de

129 596 291 658 eisdem
323 588 439 658 ipsis
464 583 699 652 feligant,
730 593 892 649 quam
942 580 1095 635 bona:
1136 583 1264 636 vitae
1310 582 1635 639 invenerint.

129 684 420 753 Pracipimtts
449 683 618 729 autem
651 679 708 724 ut
744 671 922 726 nullus
943 670 1107 739 judex
1144 673 1428 742 publicus,
1459 674 1543 728 vel
1570 691 1635 729 ex

124 771 353 850 judiciaria
391 769 638 835 potestate
666 758 844 829 aliqua
896 760 1035 815 infra
1068 760 1198 816 illud
1248 765 1637 818 monasterium

127 883 199 924 seu
221 856 471 917 ecclesias,
504 850 654 905 villas
683 858 775 903 aut
822 850 1058 919 reliquas
1098 853 1475 919 possessiones
1503 868 1637 922 quas

125 970 235 1013 nunc
259 947 419 1010 habet,
450 942 526 996 vel
558 942 610 995 in
638 949 795 995 antea
823 940 1159 1010 acquisierit,
1190 943 1636 997 mansiona-ticum

124 1047 313 1115 erigere,
338 1046 425 1093 aut
450 1032 785 1103 ﬁdeiussores
810 1031 999 1086 tollere
1020 1073 1034 1096 ,
1067 1043 1159 1086 aut
1190 1034 1437 1088 homines
1467 1032 1636 1102 ipsius

124 1130 419 1193 monasterii,
476 1136 581 1180 tam
634 1124 895 1192 ingenuos
940 1140 1107 1194 quant
1167 1139 1386 1190 servos,
1439 1124 1638 1193 injuste

120 1225 416 1292 distringere,
451 1223 540 1270 aut
579 1214 923 1270 incnnsuctas
955 1216 1271 1270 occasiones
1310 1210 1637 1286 requirendo

119 1334 211 1373 eum
239 1312 421 1383 ingredi
450 1317 757 1380 praesumat.
786 1307 894 1363 Sed
927 1308 1088 1363 liceat
1123 1318 1438 1363 memorata:
1472 1310 1637 1364 abba~

120 1412 245 1472 tisse,
277 1418 359 1458 seu
392 1411 442 1457 et
470 1401 552 1455 his
576 1414 697 1470 qua:
737 1408 858 1469 post
888 1414 1008 1455 eam
1039 1398 1280 1468 ejusdem
1320 1400 1635 1456 monasterii

117 1499 310 1568 regimen
350 1492 651 1555 habuerint,
681 1507 803 1546 cum
834 1492 1049 1546 ancillis
1088 1492 1176 1545 Dei
1219 1492 1290 1545 ibi
1320 1491 1635 1562 degentibus

116 1584 352 1657 tranquille
379 1584 572 1648 vivere,
613 1591 669 1636 et
699 1583 1013 1638 monasticre
1038 1582 1469 1636 conversationis
1505 1598 1633 1651 pro-

114 1677 321 1749 positum,
350 1673 522 1743 quiete
564 1687 824 1735 scrvare,
864 1688 928 1728 ac
958 1688 1056 1741 pro
1100 1674 1276 1728 salute
1306 1682 1487 1728 nostra
1537 1687 1630 1728 seu

114 1768 231 1838 regni
277 1764 555 1821 stabilitate
600 1763 694 1819 Dei
737 1764 1162 1820 miscricordiam
1214 1765 1525 1834 implorare.
1574 1765 1632 1821 Si

112 1861 206 1929 quis
243 1858 389 1927 igitur
433 1855 589 1924 hujus
635 1858 922 1927 praecepti,
983 1858 1125 1927 quod
1176 1873 1281 1912 non
1337 1859 1631 1925 credimus,

111 1950 295 2005 violator
324 1948 607 2013 exstiterit,
642 1948 759 2001 auri
792 1949 980 2018 optimi
1014 1949 1179 2004 libras
1223 1950 1369 2004 mille
1400 1964 1457 2004 se
1487 1963 1637 2003 com-

112 2042 357 2112 positurum
386 2052 661 2111 agnoscat,
690 2040 1027 2095 medietatem
1064 2056 1296 2095 eamera:
1322 2049 1543 2103 nostr-re,
1581 2049 1636 2095 et

110 2129 400 2183 medietatem
447 2129 721 2197 praedicta:
779 2128 1023 2198 Alpcrga:
1075 2129 1366 2183 abbatissae
1423 2128 1639 2197 sibique

109 2219 478 2276 succedentibus.
501 2218 677 2285 Quod,
712 2228 767 2271 ut
783 2218 962 2273 verius
978 2218 1229 2272 credatur
1248 2228 1303 2271 et
1325 2218 1636 2287 diligentius

109 2313 393 2375 observetur,
425 2326 585 2364 manu
626 2311 841 2380 propria
887 2310 1200 2365 roliorantes
1238 2310 1416 2383 sigillo
1449 2318 1637 2367 nostro

104 2402 314 2472 iussimus
342 2401 609 2473 insigniri.

82 2516 85 2517 '
159 2495 350 2567 Signum
381 2496 558 2549 damni
593 2493 901 2550 Chuourodi
925 2496 1243 2549 serenissimi
1274 2497 1429 2566 regis.
1464 2538 1467 2539 ν

393 2585 556 2642 Locus
586 2587 746 2657 sr'gilii
775 2587 816 2657 -ι-
840 2588 973 2641 cerei
1003 2587 1279 2655 deperditi.

159 2677 285 2747 llugo
314 2678 666 2734 caucellarius
707 2679 823 2735 vice
867 2678 1051 2734 doruni
1097 2679 1320 2734 Ariboni
1367 2679 1639 2751 archiepi-

105 2770 221 2837 scopi
246 2779 294 2824 et
319 2771 787 2831 archicancellarii
816 2773 1149 2843 recognovit.

156 2859 319 2913 Datum
362 2875 500 2914 anno
540 2862 834 2916 Dominica:
864 2862 1257 2917 [incarnationis
1295 2862 1457 2927 lll‘27,
1497 2863 1639 2917 iridi-

105 2952 247 3008 rtioue
288 2968 367 3020 ix,
395 2956 541 3026 regni
574 2972 706 3012 vero
734 2958 915 3012 domui
951 2957 1257 3014 Chuonradi
1297 2959 1520 3013 secundi
1553 2974 1639 3013 re-

100 3045 273 3115 gnantis
300 3060 357 3100 tt.

150 3136 319 3192 Actum
345 3138 593 3195 Veronae.

804 3254 888 3309 Vl.

99 3335 355 3414 Clitiouradi
393 3343 627 3414 Augusti
666 3343 695 3397 Ι
742 3343 998 3413 diploma.
1040 3361 1144 3413 quo
1188 3348 1365 3397 omnia
1405 3346 1533 3414 jura
1579 3364 1639 3398 uc

149 3409 263 3482 bona
290 3409 557 3482 coaﬁmiut
586 3409 872 3468 Guinizom’
917 3409 1091 3468 abbati
1121 3409 1422 3470 monasterii
1458 3416 1639 3470 Samii

153 3478 415 3538 Salvatoris
442 3486 497 3537 in
521 3485 731 3539 Amiaie
759 3484 989 3539 Clusina:
1022 3486 1318 3540 dicarem».

644 3595 827 3665 (Anno
864 3594 1045 3665 1027.)

336 3681 675 3753 [hiusaroah
712 3685 893 3753 Antiq.
926 3683 1077 3746 Μαίη
1109 3682 1172 3747 V,
1204 3680 1358 3754 Μελ]

146 3768 193 3825 ln
215 3780 422 3831 nomine
446 3788 650 3831 sancta:
680 3786 737 3831 et
771 3776 1056 3831 individua:
1092 3774 1398 3841 Trinitatis,
1426 3777 1644 3832 Cuuoa-

94 3864 435 3930 unus,divina
465 3867 683 3924 favente
711 3868 1020 3933 clementia,
1043 3868 1639 3940 imperatorAugustus.

148 3953 353 4027 Dignum
381 3968 465 4015 est
496 3970 579 4027 ut,
610 3960 702 4031 qui
745 3962 1039 4032 prudenter
1070 3960 1161 4014 Dei
1208 3961 1464 4029 obsequia
1496 3962 1640 4016 ordi-

95 4063 200 4104 nare
236 4065 556 4121 procurant,
585 4064 676 4117 et,
714 4055 819 4110 hoc
859 4053 927 4108 ad
975 4052 1324 4108 stabilitatem
1379 4062 1639 4118 nostram,

62 4142 498 4201 .corroboratione
548 4145 1001 4201 contirmarcmus
1039 4153 1368 4212 exioscunt,
1400 4154 1459 4199 ιιι
1493 4155 1643 4199 tanto

92 4231 311 4291 libentius
339 4238 641 4292 obaudiunt
670 4248 871 4308 quanto
904 4238 1011 4292 Deo
1054 4239 1251 4307 placita
1296 4238 1645 4309 intelligimus

91 4330 134 4373 ct
165 4325 454 4391 prudentia,
488 4328 602 4383 Deo
642 4337 977 4398 protegente,
1023 4328 1163 4381 bono
1210 4326 1391 4382 studio
1418 4330 1484 4381 ad
1516 4326 1642 4382 ell'e-

1665 1735 1708 1794 Β

1664 3088 1707 3145 C

1740 504 1987 575 reantur.
2037 492 2119 550 Ob
2168 510 2406 551 amorem
2472 498 2611 565 Dei,
2664 501 3070 572 remediumque
3130 505 3324 558 anima:

1741 595 1962 650 nostrze,
1996 600 2061 639 ac
2095 601 2475 644 successorum
2521 601 2830 647 nostrorum
2877 611 3061 665 regum
3095 608 3185 651 aut
3220 595 3323 650 im-

1741 677 2071 746 peratorum,
2113 677 2446 735 conferimus
2475 682 2554 737 eis
2594 683 2658 737 ad
2696 683 3070 741 sufficientiam
3102 704 3321 742 suorum

1739 763 1930 819 cellam
1961 765 2146 820 Sancti
2183 766 2452 823 Benedicti
2482 771 2533 824 in
2562 771 2785 835 Bucino,
2813 785 3017 829 curtem
3042 788 3089 830 ct
3115 777 3321 846 plebem

1741 852 1953 910 Sanctae
1975 854 2157 911 Mlll'llB
2186 857 2237 911 in
2264 856 2506 925 Lauinle,
2535 870 2737 915 curtem
2764 863 2947 919 Sancti
2979 865 3237 936 Stephani
3272 869 3324 922 in

1740 944 2027 1001 Monlicolo
2075 963 2197 1002 cum
2260 958 2440 1003 castro
2491 950 2941 1022 Montclatronis,
2996 969 3199 1013 curtem
3260 962 3325 1015 de

1740 1034 1943 1092 Mustra
1980 1053 2102 1092 cum
2152 1048 2332 1117 castro
2385 1039 2764 1111 Montenegro,
2800 1056 3003 1101 curtem
3038 1050 3103 1103 de
3150 1050 3324 1104 Lami-

1739 1125 1923 1191 niana,
1954 1144 2075 1184 cum
2113 1130 2310 1185 Castro
2356 1131 2858 1202 Montepenzutulo,
2906 1139 3045 1193 sicut
3095 1140 3327 1197 Uberius

1740 1219 1807 1274 ad
1844 1236 2059 1275 manum
2109 1239 2261 1278 suam
2315 1225 2564 1290 detinuit,
2614 1238 2823 1281 curtem
2865 1227 3049 1285 Sancti
3096 1232 3327 1300 Miniati,

1739 1319 1950 1367 curtem
1999 1312 2188 1369 Sancti
2239 1315 2444 1381 Quirici
2495 1318 2546 1370 in
2579 1317 2888 1383 Piscinule,
2925 1330 2979 1374 et
3024 1321 3207 1377 Sancti
3243 1326 3327 1379 Si-

1740 1403 1987 1467 meonis,
2033 1411 2087 1459 et
2131 1405 2318 1459 Sancti
2370 1405 2687 1475 Peregrini,
2743 1418 2798 1464 et
2849 1423 3056 1465 curtem
3115 1412 3328 1469 Sanciae

1739 1493 2013 1552 Mariazde
2040 1496 2229 1552 Oli'eua
2276 1514 2398 1552 cum
2443 1514 2627 1565 rocca,
2680 1517 2801 1572 qua:
2849 1513 3072 1558 vocatur
3103 1506 3325 1572 Sanine,

1738 1599 1946 1645 curtem
1973 1590 2041 1645 de
2062 1590 2241 1656 Palea,
2266 1600 2323 1645 et
2346 1592 2531 1646 Sancti
2555 1593 2882 1662 Sebastiani,
2908 1605 3115 1652 curtem
3142 1597 3329 1653 Sancti

1740 1681 1999 1752 Stephani
2049 1683 2101 1737 in
2155 1683 2389 1748 Tutona,
2434 1694 2640 1740 curtem
2693 1689 2878 1741 Sancti
2930 1688 3224 1743 Clementis
3272 1690 3327 1744 in

1740 1772 2012 1828 Titiniano
2037 1788 2161 1830 cum
2193 1776 2378 1839 terris,
2408 1786 2457 1830 et
2487 1778 2817 1848 angariales,
2850 1790 3058 1834 curtem
3090 1783 3156 1835 de
3186 1781 3331 1836 Mus-

1738 1879 1867 1939 sena
1899 1881 2021 1920 cum
2074 1875 2220 1920 terra
2266 1868 2332 1921 de
2370 1867 2575 1923 lledula
2626 1870 2828 1938 majore
2878 1881 2932 1926 et
2983 1872 3232 1938 minore,
3274 1883 3331 1927 et

1739 1956 1924 2012 Biteua
1948 1998 1964 2024 ,
1995 1966 2049 2013 et
2077 1957 2316 2013 Cannela
2340 2002 2354 2025 ,
2400 1970 2453 2015 et
2498 1961 2835 2026 llerminula,
2871 1966 3217 2021 mcd'etatcrn
3262 1968 3329 2020 de

1737 2058 1892 2104 curte
1944 2048 2130 2123 sancti
2177 2050 2369 2107 Lazari
2419 2069 2539 2107 cum
2592 2072 2685 2108 sua
2732 2057 2994 2123 ecclesia,
3026 2072 3230 2112 curtem
3261 2060 3330 2112 de

1738 2139 2064 2207 Feroniano,
2100 2154 2312 2199 curtem
2350 2144 2416 2199 de
2459 2145 2745 2213 Citiliauo,
2782 2158 2836 2201 et
2879 2160 3086 2203 curtem
3138 2150 3329 2219 Sancti

1738 2226 2037 2293 Salvatoris
2091 2237 2144 2292 in
2202 2236 2553 2309 Vigugnano,
2614 2250 2821 2294 curtem
2887 2240 3068 2295 Sancti
3135 2242 3323 2298 Severi

1736 2340 1901 2396 super
1951 2327 2168 2393 Latum,
2218 2338 2273 2382 et
2322 2328 2655 2383 curticellam
2705 2331 2771 2385 de
2821 2330 3074 2395 ltiseuzo,
3114 2342 3328 2387 curtem

1737 2416 1924 2473 Sancti
1953 2417 2180 2474 Joannis
2228 2420 2280 2473 in
2332 2418 2627 2482 Vati-iano,
2676 2429 2732 2475 et
2782 2420 2974 2479 Sancti
3013 2422 3326 2486 Satenrani,

1736 2520 1947 2565 curtem
1979 2509 2165 2565 Sancti
2196 2509 2540 2577 Columbani,
2573 2521 2628 2565 et
2671 2523 2878 2568 curtem
2924 2513 3108 2567 Sancti
3141 2514 3331 2567 Salva-

1739 2600 1873 2657 toris
1904 2602 1957 2656 in
1989 2601 2115 2656 villa
2145 2602 2386 2668 Racana,
2416 2602 2605 2656 cellam
2638 2602 2853 2659 Sanctae
2884 2604 3067 2659 Maria:
3098 2604 3151 2659 in
3177 2605 3333 2659 Valc-

1740 2692 1916 2759 riano,
1970 2692 2248 2753 curlicella
2308 2693 2359 2747 in
2404 2692 2688 2749 Cartutule
2730 2711 2853 2750 cum
2900 2708 3038 2751 terra
3077 2706 3132 2752 et
3174 2698 3332 2752 vinea

1738 2798 1859 2853 quae
1889 2792 1974 2838 est
2002 2798 2169 2854 prope
2214 2782 2378 2837 ﬂuvio
2401 2784 2651 2849 Varano,
2679 2795 2885 2841 curtem
2919 2786 3101 2841 Sancti
3139 2786 3330 2849 Salva-

1740 2874 1873 2929 toris
1903 2874 1955 2928 in
1979 2873 2423 2943 Campagnatico,
2453 2884 2665 2930 curtem
2698 2875 2885 2945 Sancti
2925 2875 3071 2930 Petri
3105 2876 3155 2929 in
3194 2876 3332 2934 Cer-

1739 2966 1912 3030 varia,
1934 2978 1985 3020 et
2014 2976 2222 3020 curtem
2247 2968 2433 3021 Sancti
2462 2968 2724 3037 Stephani
2758 2968 2808 3021 iu
2842 2966 3089 3032 Viniano,
3119 2979 3335 3039 curtem,

1741 3058 1925 3114 Sancti
1974 3056 2161 3113 Severi
2215 3059 2266 3112 in
2314 3058 2544 3113 Paterna
2595 3074 2715 3114 cum
2764 3074 2956 3128 campo
3004 3060 3327 3123 Albiniono,

1737 3147 2021 3202 curticella
2076 3163 2196 3217 quae
2223 3148 2537 3202 nominatur
2564 3148 2843 3210 Croscule,
2871 3157 2924 3203 et
2956 3147 3244 3202 Curticella
3275 3149 3328 3201 in

1738 3237 2060 3296 Cursiniano
2089 3252 2211 3291 cum
2252 3237 2503 3292 on‘mibus
2545 3237 2887 3305 pertinentiis
2922 3247 2977 3290 et
3008 3235 3329 3304 adjaecntiis

1739 3330 1872 3394 suis,
1905 3330 2096 3384 cellam
2125 3328 2307 3382 Sancti
2333 3327 2478 3382 Petri
2509 3327 2562 3380 in
2600 3325 2811 3389 Latera,
2837 3337 2887 3381 et
2920 3327 3110 3381 cellam
3143 3326 3268 3381 Sam
3288 3318 3337 3380 ti

1740 3421 1884 3476 Petri
1941 3422 1993 3475 in
2037 3420 2345 3475 Garmarita
2389 3434 2509 3473 cum
2556 3419 2757 3472 Sancto
2787 3418 3105 3483 Anastasio,
3136 3418 3328 3472 cellam

1743 3512 1929 3567 Sancti
1960 3512 2168 3575 Savini,
2196 3521 2249 3566 et
2274 3511 2487 3566 Sanctae
2519 3510 2825 3575 llestitutze,
2857 3518 2911 3564 et
2942 3510 3124 3564 Sancti
3156 3509 3330 3573 Petri,

1740 3612 1795 3656 et
1824 3602 2009 3655 Sancti
2040 3601 2302 3670 Stephani
2336 3602 2388 3654 in
2419 3599 2693 3671 Terquino
2715 3642 2729 3667 ,
2756 3600 2948 3655 cellam
2984 3598 3198 3653 Sancta:
3224 3598 3333 3651 Ma-

1744 3694 1836 3748 rize
1865 3694 1919 3746 in
1972 3691 2228 3761 Corgnitu
2267 3705 2364 3760 per
2395 3690 2513 3745 loca
2560 3691 2865 3761 designata.
2920 3689 2995 3744 De
3038 3704 3141 3742 una
3179 3698 3332 3758 parte

1745 3786 1859 3855 ripa
1888 3800 2010 3839 cum
2036 3783 2219 3846 Petra,
2249 3800 2368 3853 quae
2399 3782 2569 3837 divisa
2606 3792 2690 3837 est
2711 3800 2740 3836 a
2773 3783 2908 3852 ripa.
2937 3780 3011 3835 De
3041 3780 3141 3833 alia
3175 3788 3333 3849 parte

1742 3876 1828 3927 via
1865 3873 2100 3944 publica,
2132 3888 2251 3942 qua:
2281 3874 2428 3925 venit
2457 3887 2554 3942 per
2590 3882 2834 3943 portam,
2862 3881 2915 3925 et
2960 3881 3100 3926 terra
3130 3869 3335 3924 Azonis

1746 3966 1837 4020 lilii
1886 3965 2050 4020 Benzi
2097 3981 2220 4019 cum
2273 3965 2388 4018 suis
2437 3966 2801 4019 consortibus.
2848 3965 2923 4019 De
2975 3972 3165 4033 quarta
3202 3977 3335 4017 vero

1743 4066 1898 4129 parte
1929 4065 2015 4110 est
2042 4064 2209 4121 terra,
2242 4054 2332 4108 lilii
2362 4054 2570 4108 Alonis.
2602 4054 2678 4107 Ea
2727 4053 2977 4107 videlicet
3024 4052 3231 4105 ratione
3273 4061 3331 4104 ut

1743 4147 1812 4201 ab
1840 4148 1941 4201 hac
1971 4146 2023 4200 in
2058 4144 2297 4198 futurum
2345 4145 2600 4212 praedicta
2634 4154 2819 4197 sancta
2852 4142 3199 4211 congregatio
3245 4141 3343 4195 his

1743 4239 1994 4293 omnibus
2037 4237 2398 4291 denominatis
2434 4236 2645 4291 cellulis
2688 4245 2743 4289 et
2772 4234 3015 4288 curtibus
3057 4248 3180 4287 cum
3218 4234 3331 4285 suis

1745 4328 1995 4383 omnibus
2051 4329 2392 4397 pertinentiis
2452 4336 2508 4383 et
2561 4326 2897 4394 adjacculiis,
2954 4324 3337 4379 tantummodo

90 4421 210 4467 ctum
242 4418 534 4485 perducere
569 4420 1001 4491 procuravimus.
1031 4418 1197 4490 Igitur
1236 4420 1475 4474 oumium
1515 4419 1644 4474 iide-
1675 4434 1722 4494 υ
1748 4422 1861 4476 suis
1890 4420 2218 4476 utilitatibus
2266 4420 2559 4483 habentes,
2598 4420 2798 4473 victmn
2849 4421 3208 4487 vestitumque
3249 4432 3335 4471 re-

87 4498 196 4558 bum
217 4518 407 4563 sancta:
440 4511 532 4566 Dei
569 4510 824 4566 Ecclesia!
850 4527 912 4566 ac
935 4519 1266 4573 nostrorum,
1300 4511 1645 4582 pra-sentiam

89 4596 265 4653 scilicet
286 4611 341 4654 et
373 4599 713 4665 futurorum,
739 4604 1037 4671 compcriat
1079 4604 1296 4659 solertia
1326 4603 1479 4671 quia,
1517 4602 1644 4656 dum

91 4700 173 4741 uos
200 4689 388 4747 dilecto
428 4691 577 4746 ﬁdeli
625 4702 811 4747 nostro
851 4694 1137 4750 Guiuizoni
1185 4695 1365 4751 abbati
1397 4692 1645 4749 C(enobii

88 4777 268 4836 Domini
297 4794 351 4839 et
386 4785 696 4840 Salvatoris
726 4787 778 4841 in
824 4797 1009 4843 monte
1033 4790 1246 4843 Autiate
1277 4795 1644 4842 constructum

90 4872 144 4923 ad
165 4877 446 4943 regendum
477 4878 943 4943 commiserimus,
972 4891 1027 4935 et
1051 4881 1244 4934 ibidem
1277 4880 1516 4950 neglecta
1549 4877 1643 4934 Dei

86 4959 315 5033 obsequia
336 4977 391 5020 et
416 4968 865 5037 procurationem
893 4968 1001 5023 Deo
1023 4969 1215 5022 ibidem
1248 4969 1642 5036 fauudanlium,

88 5057 526 5121 praedecessorum
579 5076 798 5116 suorum
846 5061 1054 5116 incuria
1080 5101 1094 5125 ,
1136 5062 1318 5115 multis
1350 5061 1521 5115 modis
1554 5074 1643 5115 re-

85 5147 317 5217 petisset,
359 5152 666 5207 studiosius
697 5153 997 5208 decertavit
1032 5154 1503 5222 congregationem
1532 5167 1645 5206 mo-

86 5239 358 5297 nachorum
389 5244 505 5299 Deo
551 5245 750 5300 ibidem
787 5245 1138 5300 servientium
1169 5245 1493 5317 regulariter
1521 5259 1646 5301 cor-

84 5329 263 5402 rigere,
290 5346 346 5392 et
374 5339 722 5397 solummodo
747 5339 947 5396 divinis
973 5340 1249 5412 obsequiis
1274 5343 1643 5398 deditos.......

85 5422 142 5475 ad
177 5425 555 5485 suﬁicientiam
599 5447 817 5487 suorum
842 5432 1181 5503 largiremus,
1212 5443 1477 5503 quatenus
1505 5450 1643 5505 prse-

84 5510 164 5569 lati
188 5516 294 5587 iam
324 5522 427 5577 fati
469 5524 791 5579 monasterii
825 5526 1036 5581 Domini
1072 5526 1393 5590 Salvatoris,
1425 5527 1514 5597 qui
1550 5543 1647 5597 per

83 5611 303 5676 mltipora
338 5612 576 5679 fuerint,
620 5630 686 5671 ac
727 5631 1089 5676 successores.
1120 5618 1262 5673 illius
1302 5619 1526 5674 abbatcs
1565 5620 1643 5674 vel

78 5702 328 5771 [impositi
377 5722 505 5761 cum
561 5707 816 5765 subiectis
850 5711 1161 5777 monachis,
1197 5712 1396 5768 victum
1448 5713 1640 5769 ibidem

1752 4513 2011 4582 gularitcr
2052 4518 2328 4567 sumentes
2373 4513 2440 4565 ah
2497 4512 2599 4565 ulla
2653 4512 2944 4576 dilatione,
2996 4510 3343 4564 solmnmoio

1750 4603 1947 4657 divinis
2002 4603 2088 4658 die
2132 4612 2404 4670 noctuque
2458 4601 2749 4670 persistant
2795 4600 3089 4670 obsequiis,
3138 4615 3203 4652 ac
3233 4613 3336 4667 pro

1747 4694 2044 4750 stabilitate
2094 4695 2261 4749 totius
2318 4693 2529 4763 imperii
2598 4694 2752 4747 nobis
2801 4708 2829 4745 a
2882 4693 2987 4745 Deo
3054 4689 3339 4746 commissi

1747 4787 2000 4842 studeant
2029 4803 2280 4843 exorare.
2330 4788 2436 4843 Sed
2471 4785 2614 4857 quod
2662 4787 2806 4840 bono
2849 4785 3055 4843 studio,
3084 4783 3345 4851 bonaque

1750 4878 2029 4935 voluntate
2068 4878 2326 4943 fecimus,
2380 4893 2670 4950 perennem
2724 4875 2917 4928 habeat
2958 4874 3331 4940 stabilitatem,

1750 4971 1904 5041 petiit
1941 4971 2197 5039 pietatem
2246 4979 2486 5021 nostram
2530 4978 2587 5021 ιιι
2638 4966 2883 5021 eamdem
2933 4964 3337 5018 ordinationem

1749 5070 1933 5118 nostra
1973 5062 2423 5116 coniirmaremus
2460 5058 2887 5127 conscriptione,
2931 5057 3069 5110 sicut
3102 5066 3157 5110 et
3200 5056 3336 5109 feci-

1751 5170 1894 5211 mus.
1925 5153 2169 5222 Denique
2196 5152 2360 5206 etiam
2400 5150 2747 5206 concedimus
2776 5148 3035 5217 praedicto
3060 5157 3333 5202 monaste-

1752 5247 1833 5303 rio
1859 5262 2048 5302 omnes
2091 5244 2351 5308 decimas,
2384 5242 2497 5297 {rea
2557 5250 2610 5297 et
2644 5240 2955 5311 judiciaria,
2992 5239 3075 5294 vel
3115 5254 3330 5293 omnem

1748 5336 2192 5406 compositionem
2214 5342 2269 5388 ct
2291 5332 2675 5388 exhibitioncm
2700 5332 2968 5401 publicam
2990 5345 3052 5385 ex
3080 5330 3336 5386 onmilius

1750 5430 2093 5486 manentibus
2130 5429 2365 5497 desuper
2406 5425 2719 5503 memoratis
2758 5422 2966 5479 cellulis
2998 5431 3053 5477 et
3089 5416 3334 5476 c‘urtibus

1748 5522 1818 5576 ob
1858 5519 2155 5574 remedium
2204 5518 2399 5571 animae
2446 5527 2665 5581 nostrae,
2707 5530 3189 5586 successorumquc
3232 5528 3331 5569 no-

1749 5628 1984 5672 strorum
2034 5630 2217 5684 rogum
2264 5614 2344 5668 vel
2378 5614 2785 5684 imperatorum,
2817 5614 2906 5685 qui
2957 5630 3053 5683 per
3084 5624 3331 5683 tempora

1752 5711 1970 5776 hic-rint,
2020 5710 2084 5763 ad
2123 5718 2330 5778 portam
2378 5707 2544 5778 ipsius
2591 5707 2901 5764 uionastcrii
2950 5706 3335 5762 conici-endam
