3896 6314
532 277 635 323 11³5
644 275 665 320 ι

1884 254 2130 314 MONUM
2174 253 2446 312 DIPMN.

3630 256 3736 318 "152

528 390 743 447 semper
771 372 838 427 ad
872 387 1001 428 usus
1042 369 1450 441 peregrinorum
1496 365 1890 425 sustendandos
1928 365 1980 420 in
2012 364 2109 419 ali-
2138 349 2184 408 Α
2213 364 2356 435 quod
2388 364 2542 435 .apud
2591 364 2836 419 eamdem
2878 373 3088 420 curtem
3139 363 3279 420 solet
3328 363 3534 428 haberi.
3561 375 3610 423 et
3640 340 3735 428 eum

530 466 765 519 moniam
798 472 853 518 et
881 470 1228 532 augmentum
1253 460 1449 514 anima:
1475 466 1673 515 nostra?
1698 472 1918 527 propter
1940 453 2110 509 offen-

528 557 708 611 siones
735 553 999 607 malormn
1023 566 1085 607 ac
1109 567 1398 621 pravorum
1426 550 1726 617 hominum,
1745 564 1864 617 qua:
1886 546 2111 603 sufferre

474 628 496 717 ζμ
530 644 751 699 minime
817 650 1118 697 sustentare
1172 649 1483 709 potuerant.
1538 640 1883 710 Quapropter
1934 637 2109 692 eidem

478 746 481 749 ‘
527 744 716 789 sancto
746 732 861 787 loco
910 733 1011 787 hoc
1049 741 1295 785 nostrum
1328 740 1661 801 pra-ceptum
1692 729 1805 783 fieri
1827 728 2110 797 jussimns,

528 838 623 893 per
652 822 792 892 quod
825 822 1193 892 praecipimus,
1227 830 1279 875 ut
1318 822 1386 875 ab
1423 820 1527 874 hac
1555 820 1609 874 in
1640 820 1879 873 futurum
1922 816 2111 871 eadem

527 926 713 969 saneta
763 914 1114 982 congregatio
1163 928 1286 967 cum
1337 912 1485 967 omni
1540 910 1856 980 quietudine
1906 909 2112 977 absque

527 1008 635 1062 ullo
673 1007 887 1078 publico
916 994 1164 1075 repetita,
1199 1021 1263 1060 ac
1294 1004 1520 1059 rectoris
1555 1003 1656 1060 loci
1698 1003 1869 1073 ipsius
1902 1001 2116 1055 subtra-

525 1109 610 1153 cta
659 1100 879 1153 easdem
930 1098 1155 1152 cellulas
1201 1108 1254 1152 et
1302 1105 1486 1152 curtes
1529 1096 1583 1150 in
1629 1094 1745 1153 suis
1795 1092 2116 1148 utilitatibus

526 1203 588 1243 ac
618 1188 1031 1243 necessitatibus
1078 1189 1333 1253 habeant,
1368 1196 1423 1242 et
1469 1187 1763 1251 ordinent,
1795 1185 2029 1250 faciant,
2059 1192 2116 1239 et

526 1282 833 1349 disponant.
880 1290 1148 1350 quatenus
1178 1279 1377 1334 exinde
1428 1276 1813 1333 sufﬁcientiam
1855 1276 2115 1339 habentes

526 1373 580 1427 in
609 1372 806 1427 divinis
837 1372 1133 1442 obsequiis,
1162 1380 1216 1425 et
1243 1371 1397 1426 nobis
1432 1386 1619 1426 eorum
1646 1369 1930 1425 famulatio
1952 1370 2116 1439 perli-

526 1464 635 1518 ciat
666 1463 1048 1534 setnpiternale
1078 1463 1395 1516 remedium.
1426 1462 1481 1516 Si
1521 1477 1626 1531 qua
1660 1477 1790 1516 vero
1810 1501 1825 1527 ,
1855 1461 1997 1531 quod
2028 1459 2114 1515 fu-

529 1564 709 1609 turum
756 1556 979 1609 minime
1014 1555 1317 1620 credimus,
1348 1570 1540 1625 magna
1580 1569 1854 1625 parvaque
1884 1567 2112 1624 persona

527 1658 713 1702 contra
744 1648 846 1703 hoc
871 1655 1136 1709 nostrum,
1161 1656 1267 1701 etc.

599 1738 819 1808 Signum
850 1737 1028 1791 domui
1059 1735 1366 1791 Cltuouradi
1405 1736 1736 1790 invictissimi
1786 1733 2115 1805 imperatoris

526 1830 774 1898 Augusti.

596 1918 749 1989 llugo
781 1918 1138 1974 caucellarius
1169 1918 1286 1973 vice
1320 1917 1522 1972 domini
1552 1916 1809 1972 Aribonis
1850 1912 2117 1984 archiepi-

524 2010 672 2078 scopi
703 2018 755 2064 et
782 2009 1242 2064 archicancellarii
1278 2008 1613 2079 recognovit.
1843 2065 1853 2071 ,

600 2100 731 2154 Data
781 2117 921 2154 anno
969 2100 1258 2155 Dominicze
1302 2099 1695 2155 lncarnationis
1750 2097 1917 2163 ιρι-ι,
1968 2094 2117 2166 regni

527 2208 656 2246 vero
684 2192 864 2246 domui
896 2192 1203 2246 Chuonradi
1248 2192 1468 2247 secundi
1514 2190 1791 2262 regnantis
1827 2206 1885 2243 nt
1907 2229 1921 2254 ,
1952 2188 2121 2259 impe-

530 2284 595 2337 rii
631 2284 747 2354 ejus
777 2284 973 2354 primo,
1003 2284 1295 2338 indictione
1326 2300 1379 2336 ιι.

602 2376 735 2430 Data
768 2376 818 2430 in
849 2375 1073 2430 civitate
1101 2375 1397 2438 Leoniaua,
1426 2373 1594 2428 Nonis
1620 2373 1845 2443 Aprilis.

1264 2486 1376 2541 Vll.

530 2577 835 2633 Cltttouradi
890 2580 1016 2648 imp.
1062 2578 1392 2647 pririlegium
1461 2595 1554 2647 pro
1612 2578 1851 2633 Ecclesia
1908 2578 2107 2633 Padcrv

1192 2649 1455 2702 borneusi.

1110 2739 1539 2812 (Atttt01027.)

726 2832 994 2906 [Enitanm
1024 2834 1155 2888 Cod.
1188 2832 1403 2901 diplom.
1437 2832 1697 2901 l'l’estpli.,
1727 2848 1781 2903 p.
1809 2832 1924 2905 89.]

607 2921 661 2976 In
692 2924 906 2977 nomine
938 2932 1136 2977 sancta}
1165 2932 1219 2977 et
1250 2922 1535 2977 individua!
1566 2920 1873 2988 Trinitatis,
1909 2922 2121 2978 CHUON-

535 3029 725 3071 nauus.
759 3012 935 3067 divina
962 3013 1168 3084 gratia,
1200 3012 1565 3066 Romanorum
1610 3012 1905 3082 imperator
1934 3015 2117 3085 Augu-

534 3114 670 3158 stus.

609 3194 998 3265 Perpemlimus
1049 3205 1210 3266 atque
1251 3196 1714 3251 consideravimus
1760 3196 1970 3252 animas
2021 3212 2120 3251 no-

534 3297 676 3341 stras
723 3297 1065 3357 peccatorum
1112 3288 1335 3343 maculis
1403 3287 1695 3343 oifuscatas
1746 3288 1848 3343 hoc
1893 3288 2122 3343 multum

535 3396 690 3448 posse
716 3381 929 3449 juvare,
960 3396 1059 3434 nos
1106 3380 1170 3434 ad
1202 3380 1367 3434 divini
1404 3381 1622 3435 honoris
1655 3389 1707 3435 et
1736 3379 1922 3450 gloria}
1959 3379 2126 3449 maje-

534 3481 728 3524 statem
768 3471 1033 3526 ltlcclesias
1057 3470 1257 3527 Christi
1290 3472 1614 3536 sublimare,
1648 3472 1949 3539 :edificare,
1979 3482 2033 3527 et
2060 3475 2125 3529 de

535 3565 736 3620 nostris
770 3567 930 3620 rebus
962 3566 1153 3630 ditare,
1184 3568 1496 3638 pariterque
1544 3569 1794 3625 nmimtts
1829 3571 1895 3625 ad
1930 3580 2126 3626 nosiim

512 3658 831 3725 imperialis
881 3660 1133 3727 potentia:
1175 3660 1493 3728 dignitatem
1553 3661 1847 3730 pertinere,
1897 3662 1977 3717 eis
2030 3662 2121 3732 qui

537 3750 692 3803 nobis
734 3750 877 3803 domi
926 3750 1006 3803 vel
1050 3750 1257 3805 militia:
1299 3752 1437 3807 bene
1472 3751 1764 3806 servierint
1798 3752 2122 3824 condignam

539 3841 815 3896 servitutis
848 3843 1343 3897 remunerationem
1377 3844 1657 3899 exhibere.
1688 3843 1923 3900 Proinde
1961 3860 2126 3900 nove-

541 3935 647 3988 iiut
675 3933 873 3988 Christi
904 3937 1180 4007 nostrique
1224 3936 1409 3991 fideles
1439 3937 1697 4004 universi,
1738 3938 1972 4008 qualiter
2001 3953 2123 4007 nos,

540 4046 636 4100 per
667 4030 1024 4083 interventum
1053 4030 1414 4084 dilectissmiaz
1440 4030 1685 4101 conjugis
1710 4040 1909 4086 nostra:
1940 4029 2123 4096 Gislae,

541 4135 640 4175 nec
678 4137 781 4175 non
810 4121 899 4174 lilii
932 4121 1101 4175 nostri
1131 4120 1368 4176 lleinrici
1401 4121 1541 4192 regis
1566 4134 1618 4176 et
1642 4121 1911 4176 Brunonis
1939 4123 2123 4191 Augu-

538 4214 734 4266 stcnsis
773 4213 1010 4283 episcopi
1050 4224 1102 4268 et
1153 4212 1474 4267 llcrimanni
1530 4213 1862 4268 marchionis
1888 4223 1943 4268 et
1984 4213 2127 4283 Egil-

540 4306 691 4361 Iiardi
724 4305 909 4360 fratris
954 4306 1061 4368 sui,
1104 4306 1170 4359 ad
1216 4305 1454 4360 divinam
1494 4305 1724 4376 gratiam
1777 4313 1832 4358 et
1873 4304 2123 4374 gloriam,

2211 457 2360 512 omni
2394 455 2625 512 utilitate
2651 471 2773 525 qua:
2804 456 2929 512 inde
2954 456 3156 526 poterit
3184 456 3482 526 pervenire.
3509 456 3567 511 Et
3588 460 3737 518 uthac

2212 555 2411 603 nostra:
2444 548 2752 603 traditionis
2776 548 3075 603 auctoritas
3114 548 3269 602 firma
3301 548 3443 601 omni
3480 564 3735 618 permaneat

2211 654 2348 704 aevo,
2381 639 2520 694 hanc
2552 639 2805 711 paginam
2836 638 2961 694 inde
3000 640 3367 708 conscriptam
3398 654 3547 693 manu
3572 646 3737 713 prppria

2212 730 2534 786 roborantes
2554 731 2818 802 jussitnus
2845 731 3088 802 insigniri
3115 731 3313 802 sigillo.

2284 817 2505 889 Signum
2542 821 2722 874 domui
2759 819 3069 875 Cltuouradi
3097 820 3422 877 invictissimi
3446 820 3739 879 Romanorum

2214 912 2544 983 imperatoris
2579 912 2825 982 Augusti.
2854 913 2940 982 (L.
2967 914 3064 983 M.)

2285 1001 2567 1058 Odalricns
2596 1002 2953 1058 caucellarius
2976 1005 3310 1075 recognovit.

2285 1092 2420 1146 Data
2445 1107 2515 1146 VII
2541 1091 2667 1147 ldus
2697 1092 2918 1162 Aprilis,
2949 1093 3242 1149 indictione
3266 1110 3322 1157 χ,
3351 1108 3489 1146 anno
3509 1092 3739 1150 Dominus

2216 1184 2609 1240 lncarnationis
2640 1185 2811 1252 1027,
2851 1202 2997 1242 anno
3042 1196 3226 1243 autem
3272 1188 3452 1242 domui
3494 1187 3741 1244 Cbuonradi

2214 1275 2256 1330 ll
2296 1277 2571 1347 regnantis
2593 1293 2680 1342 tu,
2710 1277 2922 1349 imperii
2954 1294 3082 1335 vero
3110 1295 3150 1333 I.

2284 1368 2482 1423 Actum
2513 1366 2719 1424 ﬂetum.

2949 1482 3083 1538 Vlll.

2251 1572 2559 1629 Cliuourudi
2616 1574 2981 1646 priuilegium“
3013 1592 3106 1640 pro
3161 1572 3480 1628 monasterio
3536 1573 3723 1629 Corbeia

2917 1642 3103 1700 Nocte.

2811 1735 2990 1803 (Anno
3035 1735 3223 1799 1028.)

2363 1828 2630 1902 [Ειιιιδιιω⁹
2670 1828 2800 1883 Cod.
2839 1827 3057 1897 diplom.
3103 1825 3369 1894 Westth
3399 1840 3517 1895 pag.
3543 1825 3640 1896 90.]

2288 1921 2349 1975 C.
2402 1921 2458 1975 In
2509 1921 2729 1976 nomine
2785 1928 2989 1974 sanctae
3048 1928 3100 1974 et
3160 1918 3452 1972 individua:
3504 1917 3745 1972 Trinitatis.

2218 2011 2596 2075 Chuonradus,
2637 2010 2817 2066 divina
2852 2011 3069 2065 favente
3104 2010 3415 2073 clementia,
3444 2008 3744 2064 Romanorum

2220 2107 2518 2175 imperator
2546 2106 2843 2173 Augustus.

2220 2199 2259 2220 ‘
2293 2196 2349 2251 Si
2382 2198 2485 2266 piis
2520 2196 2871 2267 petitionibus
2911 2195 3149 2250 fidelium
3191 2202 3498 2249 nostrorum
3520 2233 3534 2257 ,
3566 2195 3749 2248 maxime

2220 2304 2357 2360 quas
2388 2304 2487 2359 pro
2536 2288 2796 2343 Ecclesiis
2843 2287 2945 2341 sibi
2992 2287 3303 2341 commissis
3351 2285 3560 2339 auribus
3595 2287 3751 2338 nostris

2221 2380 2549 2446 infuderint,
2610 2378 2903 2448 benignum
2951 2376 3351 2447 priclmerimus
3401 2376 3642 2443 auditum,
3675 2376 3755 2430 hoc

2220 2470 2409 2543 procul
2440 2471 2603 2525 dubio
2634 2479 2690 2523 et
2719 2470 2786 2524 ad
2818 2470 3108 2538 prmsentis
3136 2470 3351 2539 imperii
3390 2469 3547 2523 nostri
3575 2478 3752 2528 statum.

2222 2572 2276 2617 et
2333 2562 2400 2616 ad
2452 2571 2668 2616 tolerate
2731 2562 3083 2617 beatitudinis
3131 2564 3415 2629 prmmiutn
3471 2558 3755 2628 profuturum

2220 2654 2513 2726 credimus.
2573 2651 2726 2707 Unde
2766 2650 3008 2706 omnium
3060 2651 3297 2706 fidelium
3351 2660 3631 2705 nostrorum
3669 2660 3755 2703 tam

2221 2742 2569 2813 praesentium
2603 2756 2764 2809 quam
2797 2750 2852 2794 et
2894 2740 3198 2794 futurorutn
3251 2740 3464 2794 noverit
3510 2739 3655 2793 soleis
3692 2740 3756 2790 in-

2224 2834 2461 2898 dustria,
2495 2832 2619 2900 quia
2661 2830 2847 2885 adiens
2889 2831 3265 2885 excellentiam
3317 2831 3487 2884 nostri
3530 2828 3754 2887 culminis.

2222 2923 2582 2977 Drutltmarns
2612 2923 2935 2977 venerabilis
2981 2936 3133 2976 novze
3184 2921 3429 2976 Corbeite
3466 2920 3633 2986 abbas,
3662 2936 3758 2974 cur-

2227 3022 2333 3069 tem
2365 3014 2658 3083 quamdam
2683 3012 3126 3068 Godeleveslteim
3149 3023 3512 3083 nuncupatam
3549 3014 3758 3066 anteriori

2225 3118 2466 3176 tempore
2495 3108 2669 3162 eidem
2721 3107 3049 3161 monasterio
3080 3116 3313 3175 questus
3343 3115 3423 3159 est
3467 3104 3643 3171 injuste
3671 3106 3758 3158 iure

2231 3200 2520 3254 sublatam.
2558 3198 2756 3254 Detulit
2793 3207 3053 3267 prmlerea
3083 3213 3265 3253 secum
3304 3196 3503 3250 Arnolli
3542 3198 3636 3249 divi
3662 3212 3742 3266 pro

2225 3291 2487 3363 genitoris
2531 3291 2702 3345 nostri
2753 3290 3030 3360 imperiale
3084 3290 3401 3351 decretum,
3453 3288 3536 3343 cui
3567 3287 3759 3358 ejusdem

2225 3384 2396 3440 curtis
2425 3384 2599 3438 inerat
2625 3382 2965 3447 concambia,
2994 3382 3134 3436 inter
3155 3383 3409 3435 eumdem
3435 3380 3757 3450 imperatores

2225 3487 2385 3547 atque
2414 3477 2683 3531 Bovonetn
2716 3475 2955 3545 prtedicti
2984 3473 3300 3529 monasterii
3322 3471 3533 3526 Patrem
3564 3481 3745 3541 peracta

2224 3569 2391 3638 Cujus
2416 3568 2745 3641 suggestioni
2781 3568 2938 3623 fidem
2965 3566 3479 3629 accommodantes,
3510 3573 3758 3617 inatronatr

2225 3661 2515 3731 quamdam
2571 3659 2804 3714 Alvered
2858 3667 3145 3723 vocatam,
3203 3673 3323 3727 qua:
3378 3657 3543 3727 ipsam
3598 3664 3759 3710 curtetr

2227 3754 2373 3809 velut
2417 3753 2764 3808 litereditario
2804 3750 2930 3820 jure
2977 3760 3104 3805 tunc
3147 3750 3410 3820 temporis
3454 3748 3762 3817 possedit,ar

2226 3846 2483 3917 palatium
2523 3853 2766 3900 nostrum
2816 3843 3035 3898 evocari
3081 3843 3461 3912 praecepimus.-
3506 3838 3765 3907 Quamdmu

2226 3938 2435 4010 prolata
2475 3937 2717 3992 refellere
2750 3935 3111 4005 nequivisset,
3143 3934 3425 4005 praefatam
3455 3940 3648 3987 curtem
3672 3945 3765 3982 Chltl

2226 4030 2480 4085 omnibus
2511 4027 2867 4098 appendiciis,
2907 4026 3277 4080 adnitentibus
3316 4027 3421 4079 sibi
3464 4024 3570 4078 tilio
3595 4022 3768 4091 Osdago

2226 4131 2563 4194 patronoque
2590 4135 2687 4173 suo
2716 4119 2918 4174 comite
2964 4117 3337 4183 Frithericlio,
3371 4116 3622 4184 pnedicto
3644 4129 3767 4168 vene

2229 4212 2386 4268 rabili
2443 4210 2623 4265 abbati
2682 4209 2888 4278 absque
2953 4208 3059 4262 ulla
3121 4208 3499 4262 controversia
3556 4204 3769 4264 reddidit,

2231 4316 2394 4375 atque
2422 4304 2564 4359 lianc
2604 4301 2760 4356 lliddi
2789 4300 3102 4355 monasterii
3136 4302 3432 4354 advocatus
3456 4297 3601 4367 jussu
3620 4307 3769 4350 nostro

539 4412 635 4465 pro
661 4397 896 4452 remedio
934 4407 1131 4451 nostrae
1160 4396 1381 4460 animae,
1428 4396 1903 4451 Paderbruunensi
1942 4396 2122 4452 Eccle-
2156 4418 2203 4477 ο
2234 4396 2455 4464 recepit.
2502 4392 2632 4447 Post
2675 4407 2805 4446 vero
2848 4392 3017 4446 abbas
3064 4391 3350 4445 clementia
3395 4400 3575 4444 nostra
3616 4401 3767 4455 provo-

538 4489 632 4541 size
658 4488 707 4541 in
732 4488 990 4543 honorem
1017 4496 1218 4541 sanctae
1244 4486 1427 4540 Maria:
1450 4486 1541 4542 Dei
1566 4487 1855 4543 Genitricis
1879 4497 1933 4546 et
1954 4491 2126 4545 sancti

537 4578 786 4650 Chyliani
818 4579 1074 4649 martyris
1111 4587 1165 4632 et
1198 4579 1371 4633 sancti
1404 4577 1604 4633 Liborii
1638 4579 1966 4638 confessoris
2001 4597 2126 4635 con-

538 4678 801 4736 secratae,
852 4668 1072 4739 ejusque
1119 4669 1383 4739 provisori
1433 4668 1784 4739 llleinwerco,
1835 4672 1925 4743 qui
1974 4673 2130 4729 nobis

540 4774 681 4827 saepe
730 4768 784 4813 et
839 4758 1062 4811 multmn
1115 4760 1424 4827 frequenter
1480 4768 1535 4813 et
1586 4759 1819 4815 fideliter
1867 4763 2127 4828 servivit,

540 4850 830 4921 quamdam
866 4860 1073 4904 curtem
1108 4850 1324 4905 nomine
1349 4850 1652 4915 Ervittead
1690 4863 1933 4909 nostrum
1967 4854 2129 4925 impc-

543 4944 674 4999 riale
698 4945 786 5015 jus
816 4944 1214 5014 pertinentem,
1244 4944 1294 4997 in
1329 4960 1464 5014 pago
1502 4944 1742 5015 Eugere,
1778 4946 1828 5000 in
1872 4947 2128 5002 comitatu

542 5044 720 5091 autem
770 5035 1089 5091 Marcwardi
1141 5034 1334 5102 sitam,
1384 5036 1766 5104 perpetualiter
1824 5038 2141 5093 habendam.

545 5127 883 5190 tradidimus,
914 5142 1039 5181 cum
1073 5125 1357 5196 mancipiis
1381 5130 1665 5196 utriusque
1692 5142 1854 5183 serus
1877 5130 2130 5184 omniims

542 5216 610 5270 ad
660 5218 800 5271 hanc
845 5217 967 5287 jure
1010 5215 1455 5284 pertinentibus,
1487 5232 1610 5272 cum
1661 5220 1875 5274 creteris
1918 5235 2132 5290 quoque

547 5307 818 5362 universis
855 5308 1208 5377 appendiciis,
1243 5309 1451 5364 scilicet
1479 5311 1644 5374 arcis,
1673 5313 1937 5376 aediliciis,
1970 5314 2130 5368 terris

544 5397 706 5452 cultis
734 5408 791 5453 et
827 5398 1077 5465 incultis,
1113 5400 1317 5469 pratis,
1349 5401 1592 5469 pascuis,
1624 5402 1805 5467 silvis,
1832 5404 2130 5459 venationi-

545 5486 667 5552 bus,
703 5488 803 5542 viis
830 5497 884 5542 et
912 5488 1087 5554 inviis,
1121 5489 1355 5543 exitibus
1377 5498 1428 5543 et
1460 5491 1751 5557 reditibus,
1785 5494 1941 5561 aquis
1967 5509 2131 5562 aqua-

549 5594 737 5635 rumve
772 5580 1124 5642 decursibus,
1154 5581 1572 5650 piscationibns,
1603 5583 1956 5650 ntolendinis,
1985 5600 2131 5653 quae-

549 5671 669 5727 sitis
714 5680 767 5726 et
814 5671 1170 5741 inquirendis,
1230 5687 1340 5726 :um
1393 5673 1569 5727 banuo
1618 5684 1667 5728 ct
1703 5685 1939 5731 mercato
1965 5676 2128 5731 etiam

2227 4498 2384 4544 catus
2406 4485 2576 4541 eidem
2605 4495 2863 4539 matrona:
2885 4483 3229 4554 swpedictam
3252 4493 3462 4537 curtem
3486 4482 3769 4545 alteramqur

2228 4577 2557 4635 Gitnnndian
2601 4584 2845 4630 vocatam
2894 4592 2958 4631 ac
3012 4575 3244 4629 familias
3295 4575 3556 4644 quasdam
3597 4572 3645 4625 in
3682 4571 3771 4621 villi

2228 4669 2751 4738 Brumerinchtborp
2798 4683 2862 4722 ea
2916 4667 3229 4722 conditione
3280 4661 3771 4727 beneiiciavit,utsi

2228 4765 2356 4835 quid
2388 4774 2509 4833 post
2541 4764 2746 4817 cbitmn
2774 4760 2891 4829 ejus
2933 4761 2985 4815 in
3028 4760 3219 4813 iisdem
3266 4758 3687 4829 possessionibus
3712 4768 3758 4807 re

2230 4854 2490 4927 periatur,
2524 4853 2736 4908 abbatis
2764 4852 2990 4907 arbitrio
3012 4852 3353 4921 disponatur.
3385 4850 3522 4904 Filio
3545 4862 3666 4902 vero
3688 4844 3773 4912 ejtu

2230 4956 2440 5002 curtem
2491 4945 2708 4999 nomine
2751 4943 3159 5013 lmminghusun
3209 4957 3275 4996 eo
3321 4950 3481 5009 pacto
3524 4937 3762 4995 concessit

2230 5049 2501 5107 quatenus
2533 5036 2660 5090 dum
2691 5035 2833 5088 vivat
2863 5035 3005 5089 hanc
3047 5041 3249 5096 teneat,
3279 5032 3383 5086 nisi
3414 5033 3558 5087 hunc
3594 5028 3770 5085 muniti

2230 5128 2407 5184 centia
2458 5137 2644 5182 nostra
2695 5126 2892 5181 alicubi
2961 5124 3113 5195 prius
3160 5123 3467 5193 promoveri
3521 5120 3763 5188 contingat

2230 5222 2359 5277 Post
2401 5235 2532 5274 vero
2582 5219 2634 5273 in
2676 5217 2768 5287 jus
2813 5217 3125 5272 monasterii
3179 5217 3387 5271 redeat.
3436 5215 3503 5269 Et
3554 5225 3609 5267 ut
3654 5209 3773 5276 hujus

2235 5309 2593 5366 restitutionis
2631 5309 2930 5363 auctoritas
2974 5308 3180 5361 firmior
3229 5307 3498 5375 perpetim
3547 5303 3765 5358 credatur

2232 5417 2395 5456 inanu
2431 5400 2646 5469 propria
2697 5399 2888 5453 subtus
2936 5397 3249 5452 roboratam
3286 5394 3449 5466 sigilli
3497 5392 3661 5448 nostri
3705 5390 3761 5443 ini

2229 5494 2509 5564 pressione
2534 5492 2793 5561 jussimus
2823 5490 3089 5561 insigniri.

2307 5585 2529 5648 Testes,
2581 5582 2876 5637 llunl'ridus
2933 5582 3411 5663 archiepiscopus;
3465 5578 3780 5633 Meinwercus

2234 5676 2551 5746 cpiscopus;
2605 5674 2957 5730 Godehardtts
3004 5674 3321 5744 episcopus;
3373 5670 3659 5742 Sigifridus
3696 5664 3781 5733 cpio
