3896 6314
106 327 215 392 i053

105 450 259 510 scﬂptls
273 446 288 497 ς

106 494 194 595 ius;
218 494 529 578 lie-rnltardus
551 507 686 567 dux;
715 501 1151 595 Adalberodnx;
1177 494 1605 595 Ernastu-s.

103 583 332 677 Linnull'ns
365 612 533 659 eomes
566 603 622 650 et
665 593 942 663 privignus
991 586 1336 660 imperatoris
1359 583 1605 677 tiiiiddi;

102 675 379 769 iiiiilllllttgtls
403 702 595 750 comes,
623 695 680 740 et
697 683 868 738 frater
891 681 1009 752 ejus
1029 681 1323 743 Eebertns;
1351 675 1606 769 Wigger;

101 766 255 856 tier-lo;
296 766 431 847 lilio;
459 778 753 841 "i‘iarnmo;
799 774 1011 845 Puppe;
1059 771 1228 837 Bern;
1277 766 1608 832 Thiathard;

101 889 236 947 ilrun;
260 875 412 933 Gabo-

152 976 335 1045 St‘gnum
359 962 528 1020 damni
557 957 861 1013 Clruonradi
891 953 1218 1011 invictissimi
1253 951 1610 1007 ilontanorum

101 1073 163 1143 (L.
189 1064 268 1134 il.)
289 1054 594 1130 imperatoris
623 1051 868 1122 Augusti.

151 1133 391 1214 Odnlricus
424 1143 774 1201 eanecllarius
807 1143 927 1196 vice
956 1139 1213 1196 Aribonis
1246 1133 1614 1194 archicancel-

102 1249 192 1304 iarii
218 1237 518 1309 recognovit.

151 1342 259 1395 Data
305 1333 415 1389 Kal.
460 1327 601 1396 Jul.,
649 1327 946 1384 indictione
988 1341 1079 1392 xi,
1129 1339 1272 1379 anno
1323 1319 1616 1377 Dominitre

98 1423 426 1486 incarnationis
455 1418 621 1484 l0‘28,
656 1433 801 1472 anno
847 1426 1028 1471 autem
1076 1413 1259 1470 domui
1303 1410 1613 1468 Chuouradi

99 1523 130 1576 ll
155 1516 386 1588 regnantis
413 1528 482 1578 tv,
507 1509 718 1580 imperii
751 1523 877 1563 vero
901 1524 938 1562 ι.

148 1614 306 1666 Actum
331 1601 681 1674 Magdeburch
709 1598 960 1654 feliciter.
986 1597 1181 1652 Amen.

782 1687 873 1743 IX.

149 1787 408 1848 Cimonradi
433 1783 758 1854 priuilegium
793 1797 886 1850 pro
901 1778 1138 1833 Ecclesia
1168 1775 1228 1833 S.
1263 1771 1532 1845 Gargonii.

628 1875 805 1946 (Anno
845 1871 1026 1942 1028.)

241 1971 490 2042 ιΕιιιιΑιιιι.
517 1965 650 2021 Cod.
683 1965 899 2036 diplom.
937 1961 1196 2030 Westph.,
1222 1975 1276 2030 p.
1311 1957 1426 2030 90.]

145 2063 278 2120 Cuin
321 2060 532 2116 nomine
584 2067 786 2113 sanette
837 2065 915 2112 et'
949 2053 1240 2109 individua:
1303 2049 1612 2116 Trinitatis,

95 2160 408 2215 (Ineosntoes,
438 2151 726 2207 clementia
752 2149 934 2205 divina
963 2146 1179 2202 favente
1197 2185 1214 2213 ,
1245 2143 1614 2199 Romanorum

97 2253 338 2318 imperator
360 2245 651 2314 Augustus.

145 2338 332 2394 Noverit
357 2335 599 2391 omnium
628 2343 830 2388 sanctae
857 2333 949 2389 Dei
981 2331 1238 2388 Ecclesiae
1260 2328 1495 2386 ﬁdelium
1523 2341 1619 2382 no-

96 2441 386 2496 suorumque
422 2425 768 2495 praisentium
796 2424 1002 2480 scilicet
1027 2438 1092 2478 ac
1116 2421 1419 2477 futurorum
1459 2416 1617 2473 indu-

94 2522 217 2583 stria,
244 2519 460 2588 qualiter
505 2531 608 2572 nos
651 2518 723 2571 ob
768 2515 1135 2571 interventum
1186 2529 1251 2569 ae
1301 2512 1617 2582 petitionem

95 2611 256 2664 dilecttc
275 2608 508 2680 conjugis
535 2617 735 2662 nostra:
774 2607 934 2662 Gisia:
959 2605 1322 2676 imperatricis
1341 2605 1615 2676 Augustae,

91 2700 499 2756 etantantissinue
543 2708 753 2754 nostra:
803 2698 971 2770 prolis
1016 2697 1254 2752 ileiuriei
1306 2697 1484 2767 regis,
1515 2711 1619 2750 nec

93 2809 172 2845 non
191 2791 429 2846 Brunouis
455 2791 820 2860 Augustensis
845 2788 1168 2844 venerabilis
1189 2787 1451 2858 episcopi,
1477 2785 1617 2841 tideli

91 2895 232 2938 nostro
259 2882 513 2953 Sigiherto
550 2881 816 2936 Mindensi
852 2881 1108 2952 episcopo
1146 2890 1203 2936 et
1244 2879 1489 2935 ecclesiae
1531 2879 1618 2934 cui

90 2977 192 3043 ipse.
225 2976 320 3029 Deo
344 2976 603 3038 donante,
627 2974 911 3044 praesidet,
958 2975 1010 3028 in
1038 2975 1242 3028 honore
1268 2971 1442 3026 sancti
1471 2970 1618 3026 Petri

89 3067 296 3137 principis
335 3066 708 3138 apostolorum
749 3073 806 3120 et
849 3066 1020 3121 sancti
1060 3064 1315 3135 Gargonii
1366 3062 1620 3134 martyris

87 3159 246 3214 Christi
269 3169 615 3223 constructas,
649 3160 938 3229 quamdam
975 3158 1163 3214 silvam
1193 3157 1354 3213 sitam
1384 3154 1618 3227 singula-

87 3256 188 3311 riter
225 3256 271 3310 in
301 3257 636 3327 proprietate
680 3255 1006 3325 praediorum
1052 3252 1294 3324 ejusdem
1327 3250 1620 3306 Mindensis

85 3347 310 3413 Ecclesize,
335 3360 386 3405 et
431 3349 486 3404 in
535 3364 679 3420 pago
711 3347 1019 3419 Entergovvi
1045 3388 1060 3413 ,
1104 3347 1158 3402 in
1205 3347 1464 3402 comitatu
1492 3359 1620 3398 vero

82 3438 329 3494 Bernltardi
373 3441 570 3506 ducis,
623 3456 745 3496 eum
792 3455 1060 3496 consensu
1119 3450 1176 3495 et
1226 3436 1623 3494 eollaudatiote

83 3529 247 3597 praefati
275 3531 418 3587 ducis
456 3532 516 3586 Β.
553 3542 617 3587 ct
642 3531 726 3588 sui
758 3531 948 3586 fratris
979 3531 1236 3598 lietmari,
1277 3537 1624 3586 creterorum-

81 3633 159 3687 que
183 3621 359 3675 civium
391 3622 444 3676 in
489 3623 688 3678 eadem
718 3621 855 3676 silva
883 3637 1056 3692 usque
1091 3622 1252 3677 modo
1285 3617 1623 3676 communio-

83 3726 176 3764 nem
199 3714 407 3768 venandi
453 3715 778 3770 habentium
799 3755 814 3781 ,
856 3716 908 3770 in
939 3715 1112 3781 silvis,
1146 3714 1354 3784 eampis
1391 3723 1441 3768 et
1474 3712 1621 3783 palu-

80 3803 221 3870 dibus,
249 3805 383 3862 inter
409 3806 641 3862 iiutnina
671 3807 1002 3864 tissembeite
1042 3818 1098 3864 et
1140 3806 1426 3872 Alcrbeke,
1451 3820 1622 3876 usque

80 3893 121 3946 in
148 3898 352 3951 medium
402 3900 608 3956 fiumen
655 3899 1025 3964 Wermonon,
1071 3909 1125 3956 et
1170 3899 1293 3954 inde
1339 3913 1507 3968 usque
1553 3897 1620 3952 ad

76 3982 656 4062 Northsulereeampon,
699 3993 764 4047 ad
813 4003 1017 4048 cortem
1061 3992 1337 4062 pertinens
1383 3990 1618 4061 Sulcgon

80 4079 364 4135 nominatam
411 4081 675 4138 forestari
720 4086 1086 4139 concessimus
1133 4092 1189 4136 et
1238 4084 1400 4138 batuti
1451 4083 1619 4138 nostri

77 4169 280 4227 distrietu
305 4176 876 4238 circumvallavimns.
917 4194 979 4233 ea
1026 4179 1271 4234 videlicet
1324 4179 1533 4233 ratione
1563 4186 1622 4232 ut

77 4273 203 4315 nemo
245 4266 469 4322 ulterius
515 4269 572 4322 in
617 4270 804 4323 eodem
848 4268 1051 4324 foresto
1101 4271 1308 4340 absque
1355 4269 1618 4340 praelibati

75 4352 268 4425 episcopi
296 4372 634 4428 suorumque
658 4375 1030 4416 successorum
1055 4360 1268 4415 licentia
1297 4371 1619 4430 potestatem

1340 291 1811 352 CIIUONIMDUS
1849 292 1888 348 Il
1928 289 2065 348 lili’.

326 419 586 483 Odnlricus
615 410 1010 476 eanecllarius;
1053 407 1331 473 Asculfus;
1365 403 1602 476 Sigiber-
1635 398 1682 456 Α
1712 405 2107 460 incarnationis
2139 405 2310 474 1028,
2360 422 2502 463 anno
2549 415 2729 460 autem
2759 406 2940 461 damni
2977 365 3292 464 bbuonradi

1709 495 1932 551 secundi
1963 495 2239 566 regnantis
2269 513 2321 561 v,
2349 498 2561 568 iutperii
2589 511 2716 552 vero
2743 514 2758 553 t

3142 265 3293 352 ηοω

1777 586 1972 642 Actum
1996 586 2311 658 Ratispone.

2467 681 2512 736 Χ

1743 771 2056 828 Cltuonradi
2090 785 2405 845 prreccptum
2438 793 2533 845 pro
2564 776 2884 829 monasterio
2915 773 2974 828 S.
3003 773 3260 829 Chilimri.

2307 867 2485 935 (Anno
2517 866 2650 920 1030
2663 869 2701 937 .j

1891 953 2158 1027 [Ennanm
2197 951 2330 1009 Cod.
2368 956 2587 1026 diplom.
2621 955 2879 1026 Westph.,
2911 971 2967 1025 p.
3005 953 3122 1028 91.]

1783 1043 1845 1100 C.
1901 1045 1958 1100 in
2014 1045 2234 1100 nomine
2285 1056 2488 1101 sanctte
2541 1056 2596 1102 et
2645 1047 2934 1101 individua:
2987 1045 3296 1116 Trinitatis,

1715 1136 2094 1205 Cnuosnsnus,
2126 1138 2310 1194 divina
2345 1138 2561 1194 favente
2583 1137 2892 1206 clementia,
2927 1138 3296 1194 Romanorum

1715 1227 2014 1298 imperator
2030 1232 2326 1302 Angustus.
3186 1281 3196 1290 .

1785 1320 1983 1376 Notum
2029 1322 2100 1378 sit
2141 1323 2394 1377 omnibus
2426 1321 2629 1378 Christi
2665 1321 2913 1378 fidelibus
2948 1319 3302 1391 praisentibtts

1717 1413 1926 1469 scilicet
1961 1423 2126 1484 atque
2169 1412 2385 1478 futuris,
2417 1402 2651 1485 qualiter
2690 1429 2790 1470 nos
2829 1415 2899 1470 ob
2939 1415 3301 1468 interventum

1717 1520 1781 1560 ac
1844 1505 2159 1575 petitionem
2191 1516 2391 1561 nostra:
2423 1505 2628 1561 dilecta:
2657 1506 2903 1578 conjugis
2931 1505 3094 1562 Gisia:
3123 1506 3300 1574 impc-

1719 1597 1936 1652 ratricis
1978 1597 2231 1653 videlicet
2269 1597 2543 1667 Augustin,
2588 1607 2642 1654 et
2676 1599 3068 1654 amantissith
3103 1604 3304 1652 nostra:

1719 1689 1886 1760 prolis
1925 1688 2164 1744 Ileinrici
2214 1690 2378 1760 regis,
2405 1704 2530 1762 .nee
2577 1704 2684 1745 non
2717 1689 3064 1745 Meiuwerehi
3116 1687 3302 1741 Pater-

1638 1772 1683 1832 Β
1715 1781 2007 1837 brunensis
2043 1781 2298 1838 Ecclesiae
2348 1782 2918 1852 episcopi,'qttodtlattt
2971 1778 3301 1836 ilereuhardi

1718 1873 1934 1930 comitis
1975 1874 2259 1942 prmdium,
2309 1873 2587 1944 Badperch
2636 1875 2862 1939 dictum,
2923 1889 3044 1928 cum
3102 1870 3302 1925 ntansis

1719 1965 1904 2021 decem
1925 1966 2070 2021 circa
2096 1966 2345 2022 eumdem
2383 1975 2621 2020 montem
2652 1965 3048 2036 adjacentihus,
3080 1963 3133 2016 itt
3167 1976 3304 2032 pago

1719 2058 2011 2130 Niehterga
2053 2069 2110 2115 et
2155 2060 2207 2114 in
2250 2058 2510 2114 comitatu
2561 2057 2790 2114 linhoidi
2843 2057 3061 2112 comitis
3111 2056 3302 2119 situm,

1720 2153 1863 2222 quod
1900 2151 2021 2208 ideo
2050 2151 2398 2206 hatreditario
2419 2149 2546 2220 jure
2591 2152 2642 2205 in
2696 2160 2937 2205 nostram
2981 2157 3302 2219 potestatem

1720 2246 2004 2309 successit,
2054 2245 2182 2314 quia
2241 2244 2384 2298 idem
2418 2244 2532 2314 ipse
2573 2242 2634 2296 Β.
2676 2258 2860 2298 comes
2906 2242 3122 2312 spurius
3166 2249 3302 2305 erat,

1720 2335 1864 2405 quod
1912 2335 2073 2406 vulgo
2125 2335 2487 2390 Wanbnrtich
2548 2334 2766 2400 dicunt,
2817 2334 2884 2389 ad
2936 2333 3302 2389 Paleritrunns

1722 2428 2022 2499 praescripti
2067 2428 2305 2498 episc0pi
2337 2427 2728 2482 monasterium
2775 2428 2827 2481 itt
2863 2427 3067 2482 honore
3105 2434 3302 2480 saneta

1726 2519 1907 2575 Maria:
1937 2530 1992 2575 et
2022 2521 2194 2575 sancti
2225 2519 2461 2575 Chiiiani
2499 2521 2756 2593 martyris
2785 2521 3070 2592 sanctique
3101 2519 3304 2575 Libet-ii

1724 2610 2056 2665 confessoris
2083 2619 2458 2666 consecratum
2487 2612 2826 2680 tradidimus,
2857 2627 2924 2668 ett
2941 2627 2990 2664 ιιι
3023 2611 3305 2680 mancipiis

1723 2703 2008 2773 utriusque
2035 2719 2221 2772 sexus,
2252 2703 2416 2771 villis,
2448 2704 2614 2770 areis,
2655 2704 2922 2769 :edilieiis,
2948 2704 3115 2773 agris,
3145 2703 3304 2757 terris

1721 2794 1884 2851 cultis
1931 2803 1988 2852 et
2041 2795 2278 2861 incultis,
2338 2795 2440 2852 viis
2488 2805 2542 2852 et
2591 2796 2772 2862 inviis,
2832 2796 3024 2866 pratis,
3074 2796 3304 2866 pascois.

1721 2885 1894 2951 silvis,
1940 2885 2341 2952 venationibus,
2392 2886 2549 2957 aquis
2589 2901 2924 2956 aquarutnve
2964 2877 3287 2941 decursibus

1723 2978 2115 3048 piscationibus
2144 3018 2160 3042 ,
2215 2978 2539 3056 molendinis
2565 3017 2581 3044 ,
2631 2978 2867 3033 exitibus
2908 2986 2962 3034 et
3000 2978 3265 3032 reditibus

1723 3070 1966 3141 qumsitis
2016 3079 2070 3125 et
2129 3071 2494 3140 inquirendis,
2560 3085 2662 3126 nec
2716 3087 2822 3125 nott
2877 3087 2999 3126 eum
3056 3070 3303 3125 omnibus

1722 3162 2056 3233 appendiciis
2086 3162 2154 3218 ad
2180 3162 2322 3217 idem
2353 3162 2613 3232 praedium
2634 3161 2757 3231 jure
2785 3161 3209 3233 pertinentibus,
3243 3176 3304 3214 ea

1724 3253 1976 3310 videlicet
2022 3253 2233 3308 ratione
2281 3262 2340 3306 ιιι
2369 3253 2422 3307 in
2472 3254 2772 3324 praescripti
2809 3251 3122 3308 monasterii
3155 3260 3291 3321 pote-

1722 3354 1863 3400 state
1885 3346 2279 3416 perpetuaiiter
2311 3345 2532 3400 existat.
2567 3345 2634 3400 Et
2662 3356 2720 3400 ut
2755 3347 2867 3408 luce
2911 3356 3095 3399 nostra
3134 3343 3274 3396 tradi

1725 3435 1800 3490 tio
1821 3435 2034 3490 stabilis
2055 3444 2110 3491 et
2142 3434 2456 3490 inconvulsa
2485 3436 2632 3491 omni
2660 3445 2975 3505 permaneat
3003 3449 3138 3501 arvo,
3168 3435 3298 3488 hanc

1724 3525 1973 3596 paginam
2001 3525 2125 3581 inde
2163 3526 2526 3596 conscriptam
2555 3525 2882 3596 propriaque
2911 3540 3071 3578 manu
3117 3523 3299 3578 subtus

1725 3617 2034 3672 roboratam
2061 3615 2223 3688 sigilli
2262 3618 2432 3673 nostri
2487 3617 2845 3688 impressione
2879 3616 3142 3687 jussnnus
3171 3617 3290 3671 insi-

1723 3707 1882 3778 gniri.

1721 3845 1732 3850 -
1799 3799 2018 3869 Signum
2055 3799 2236 3852 domui
2262 3799 2571 3854 Cltuonratli
2599 3799 2955 3854 Romanorum
2979 3802 3299 3869 impera-tori-

1725 3893 1809 3966 (L.
1837 3893 1936 3966 Μ.)
1959 3895 2308 3952 invictissimi.

1795 3986 2080 4043 Odnlricus
2121 3987 2480 4044 eanecllarius
2527 3991 2644 4046 vicc
2682 3989 2942 4046 Aribonis
2979 3991 3288 4062 avehit-apri

1724 4078 1833 4134 iani
1862 4079 2169 4149 recognovi.

1802 4172 1930 4226 Data
1989 4169 2108 4225 Kal.
2147 4171 2316 4234 Junii,
2365 4186 2508 4227 anno
2559 4172 2853 4228 Dominicm
2911 4174 3298 4230 lttcarnatimtii

1727 4259 1894 4326 1030,
1939 4260 2234 4315 indictione
2280 4277 2411 4328 xm,
2453 4277 2596 4317 anno
2640 4264 2820 4318 domui
2862 4263 3170 4320 Clutonradi
3221 4281 3293 4320 re-
3323 4303 3340 4320 η.

1725 4352 1943 4421 gnantis
1971 4368 2046 4415 vr,
2079 4352 2287 4421 imperii
2322 4369 2448 4408 vero
2476 4369 2548 4407 tv.

75 4443 234 4501 habeat
278 4451 534 4516 venandi,
586 4452 907 4521 sagittandi,
951 4454 1085 4508 retia
1135 4462 1228 4507 aut
1275 4451 1493 4521 laqueos
1525 4468 1622 4522 po-
1658 4487 1699 4542 D
1797 4441 1992 4497 Αειιιω
2028 4440 2362 4498 Mcl'SibUI'Cll
2404 4443 2655 4499 Γυιίείιϐτι
2687 4446 2880 4502 Amen.

75 4539 222 4605 nendi,
252 4551 340 4596 aut
364 4543 474 4597 ullo
499 4544 719 4616 ingenio
752 4544 894 4600 feras
917 4545 1243 4615 decipiendi,
1271 4558 1392 4614 qnze
1428 4545 1620 4603 merito

72 4628 277 4696 subjure
321 4633 486 4689 battni
541 4635 910 4690 continentur.
961 4636 1018 4692 Si
1065 4637 1187 4707 quis
1235 4646 1415 4691 autem
1463 4636 1622 4706 hujus

72 4719 210 4772 nostri
242 4721 536 4792 imperiaiis
563 4726 815 4795 prareepti
847 4727 1169 4781 temerarius
1199 4725 1430 4781 violator
1457 4727 1622 4782 exsti-

71 4812 187 4876 terit,
214 4816 346 4872 seiat
374 4832 436 4874 se
461 4814 723 4888 episcopo
743 4827 798 4874 et
828 4835 926 4873 suo
957 4819 1222 4874 advocato
1250 4819 1414 4874 hanni
1449 4819 1620 4875 nostri

69 4913 300 4960 summam
328 4909 785 4979 compositurum.
814 4910 880 4964 Et
923 4919 982 4965 ttt
1015 4911 1119 4966 hoc
1157 4911 1337 4966 verius
1369 4912 1622 4967 credatur

67 4991 450 5072 diligentiusque
487 5018 591 5073 per
630 5003 807 5058 futura
841 5020 1103 5058 annorum
1133 5003 1400 5060 curricula
1425 5005 1620 5060 obser-

66 5091 212 5148 vetur,
263 5089 403 5144 haue
447 5092 698 5147 chartam
752 5093 876 5148 inde
914 5094 1278 5164 conscriptam
1322 5095 1621 5164 subtusmte

63 5187 197 5272 manu
240 5184 457 5250 propria
510 5185 824 5241 roboratam
854 5186 1015 5256 sigilli
1065 5187 1234 5243 nostri
1267 5187 1622 5259 impressione

58 5268 286 5332 iussimus
311 5275 590 5344 insigniri.

63 5443 73 5453 .
115 5359 316 5430 Signum
345 5368 531 5421 damni
563 5367 866 5425 Chnonmdi
907 5373 1230 5429 invictissimi
1260 5371 1618 5428 Romanorum

59 5454 355 5515 Imperatoris
383 5454 469 5525 (L.
503 5455 605 5527 Μ.)
634 5459 876 5530 Augusti.

111 5540 378 5600 Odnlricus
417 5548 783 5606 eanecllarius
831 5551 947 5608 vice
985 5551 1242 5611 Aribonis
1284 5555 1619 5628 arehicapel-

57 5628 146 5686 lani
175 5641 509 5710 recognovit.

113 5723 232 5782 Data
259 5745 315 5785 ιιι
343 5731 465 5789 Kal.
503 5733 661 5804 Apr.,
695 5735 986 5797 indictione
1015 5757 1116 5811 xu,
1155 5759 1296 5801 anno
1318 5743 1614 5804 Dominicis

2474 4535 2563 4591 ΧΙ.

2085 4623 2190 4682 Pro
2236 4625 2473 4684 Ecclesia
2515 4628 2952 4686 Parterbornensi.

2315 4722 2495 4791 (Anno
2527 4722 2713 4792 1051.)

1907 4811 2175 4884 [iisunum
2209 4812 2340 4868 Cod.
2367 4819 2585 4886 diplom.
2625 4814 2886 4886 i'Vcstht.,
2921 4833 2972 4887 p.
3015 4818 3132 4887 9L]

1725 4943 1730 4948 -
1797 4902 1860 4959 C.
1923 4904 1978 4959 itt
2030 4907 2249 4963 nomine
2293 4917 2496 4963 sancta:
2550 4917 2604 4963 et
2658 4909 2948 4964 individua:
2997 4912 3286 4967 Trinitatis

1724 4995 2106 5062 Cuuosnanus,
2135 4999 2312 5054 divina
2342 5002 2659 5072 disponente
2694 5003 2890 5076 gratia,
2937 5005 3298 5060 Routanorutr

1727 5089 2026 5161 imperator
2051 5092 2344 5162 Augustus.

1796 5183 2050 5240 Omnium
2085 5183 2179 5239 Dei
2226 5187 2503 5258 nostrique
2553 5188 2788 5244 fidelium
2831 5191 3171 5248 universitati
3216 5207 3286 5247 no

1726 5282 1838 5329 ttttn
1889 5291 2010 5331 esse
2059 5276 2330 5343 volumus,
2379 5281 2613 5349 qualiter
2644 5300 2762 5347 nos,
2805 5296 3026 5354 propter
3066 5303 3299 5343 amoretr

1724 5366 1963 5422 caelestis
2002 5369 2188 5438 patria:
2210 5379 2372 5438 atque
2397 5375 2466 5425 ob
2498 5374 2860 5428 interventum
2892 5392 2956 5430 ac
2983 5379 3300 5448 petitionem

1723 5463 1934 5520 dilecta:
1953 5465 2198 5538 conjugis
2223 5477 2420 5524 nostra:
2441 5468 2605 5528 Gislre
2650 5476 3014 5544 intperatricis
3030 5475 3299 5548 Augustae.

1724 5573 1825 5614 nec
1862 5576 1968 5616 non
2002 5561 2154 5618 citari
2195 5565 2294 5620 filii
2325 5569 2494 5622 nostri
2542 5567 2777 5622 lleiuriei
2813 5570 2973 5640 regis.
3006 5579 3059 5624 et
3089 5578 3297 5639 propter

1716 5649 1844 5723 jttge
1867 5656 2228 5728 devotumque
2267 5661 2422 5715 nobis
2451 5662 2731 5716 servitium
2767 5662 3145 5734 Megiuwerchi
3175 5679 3289 5717 san-

1727 5756 1829 5802 cta:
1890 5746 2401 5808 Padcrbrunncnsis
2460 5753 2601 5812 sedis
2661 5755 2986 5812 venerabilis
3023 5755 3294 5827 "episcopi.
