3896 6314
528 338 529 341 η
572 277 717 341 ’1055
774 344 775 347 η

1920 273 2190 331 ΜΟΝΗΜ.
2223 269 2493 327 DIPLOM.

3669 281 3770 339 10ἷῦ

572 390 821 445 ecclesia:
863 390 946 442 cui
976 389 1117 457 ipse,
1153 387 1260 442 Deo
1287 389 1545 451 donante,
1570 390 1841 457 praesi’el,
1874 389 1925 441 in
1952 389 2156 442 honore
2189 379 2226 431 Α
2258 386 2458 451 dimtts,
2489 402 2551 441 ea
2596 386 2845 442 videlicet
2888 387 3119 453 ratione,
3171 396 3231 441 ιιι
3269 389 3663 456 przenoatinatas
3691 400 3769 465 cpi.

574 490 775 546 sancta:
804 479 895 533 Dei
932 478 1210 549 genitricis
1244 478 1427 533 Maria:
1460 479 1713 548 beatique
1741 478 1991 548 Chyliani
2019 495 2156 533 mar-

520 614 521 617 η
578 573 727 643 tyris,
758 585 861 625 nec
900 588 1005 627 non
1034 570 1365 624 confessoris
1410 571 1614 625 Christi
1670 570 1869 627 Liborii
1907 576 2156 627 constru-

518 692 521 697 ~
570 672 692 727 ciae,
747 660 833 715 illa
864 661 1062 730 prmdia
1102 677 1221 729 qum
1252 662 1558 715 habuerunt
1611 664 1878 717 Bernhart
1907 673 1960 718 et
2000 678 2156 717 soror

573 754 685 822 ejus
709 753 955 809 llazecha
984 755 1034 807 in
1065 752 1420 808 locisAlﬂaan
1452 765 1504 809 et
1532 755 1751 809 Etlinun
1786 756 1910 821 sita,
1940 757 1991 809 iu
2017 771 2154 825 pago

572 845 835 914 Paderga,
868 845 919 898 in
948 847 1205 901 comitatu
1237 846 1551 917 Atnulungi.
1591 863 1714 901 cum
1748 848 1868 903 aliis
1901 848 2153 902 omnibus

570 935 695 991 illuc
738 937 1165 1007 pertinentilms,
1193 947 1247 993 et
1278 955 1399 993 cum
1452 940 1595 993 omni
1622 940 1883 996 'utilitate
1924 956 2044 1008 qua:
2072 941 2154 995 vel

564 1031 739 1086 scribi
770 1040 864 1085 aut
896 1032 1162 1085 nominari
1191 1032 1297 1085 ullo
1330 1033 1489 1086 modo
1518 1012 1680 1099 valet,
1717 1047 1838 1087 cum
1872 1032 2155 1101 mancipiis

568 1121 852 1189 utriusque
881 1136 1066 1186 sexus,
1104 1135 1226 1176 cum
1274 1123 1437 1185 areis,
1478 1121 1740 1186 :edilieiis,
1791 1124 1959 1193 agris,
2006 1138 2154 1178 cant-

566 1212 672 1283 pis,
709 1213 872 1267 terris
904 1213 1063 1268 cultis
1092 1223 1146 1267 et
1190 1213 1427 1277 incultis,
1479 1214 1671 1283 pratis,
1700 1216 1938 1284 pascuis,
1978 1215 2150 1283 silvis,

566 1305 972 1371 venationibus,
1012 1308 1167 1375 aquis
1215 1310 1547 1376 aquarmuvc
1588 1306 1928 1373 decursibus,
1972 1309 2153 1377 pisca-

568 1398 825 1464 tiouibus,
867 1400 1046 1464 molis,
1099 1398 1441 1459 inoleudinis,
1475 1399 1668 1454 viisct
1704 1400 1884 1465 inviis,
1918 1402 2154 1457 exitibus

566 1500 623 1541 et
658 1490 936 1554 reditibus,
972 1491 1217 1561 qumsitis
1259 1501 1315 1545 ct
1364 1492 1724 1561 inquirendis,
1764 1494 2154 1563 perpetualiter

566 1580 813 1636 habenda
844 1584 1184 1646 donavimus,
1218 1600 1280 1639 ea
1322 1584 1533 1638 ratione
1563 1595 1622 1638 ut
1652 1586 1909 1653 pnefatus
1938 1587 2152 1655 cpisco-

566 1688 667 1741 pus
718 1674 908 1742 suique
954 1689 1303 1729 suecessorcs
1359 1675 1425 1729 de
1483 1675 1689 1729 eisdem
1745 1677 1959 1745 praediis
1997 1680 2153 1734 nobis

568 1764 831 1832 imperiali
865 1766 989 1835 jure
1038 1767 1375 1822 hancditatis
1426 1767 1649 1821 liberant
1683 1768 1876 1824 dehinc
1916 1770 2151 1827 habeant

565 1865 889 1923 potestatem
944 1857 1206 1926 quidquid
1265 1858 1366 1911 sibi
1449 1859 1717 1928 placuerit
1767 1860 2024 1927 faciendi,
2081 1865 2147 1916 ad

566 1947 855 2002 tlliiilalctn
919 1961 1099 2004 tamen
1138 1950 1381 2005 ecclesia:
1429 1967 1541 2005 sua:
1586 1953 1826 2005 omnium
1875 1955 2151 2009 contradi-

564 2038 747 2094 cﬁoue
780 2050 1003 2095 remota.
1043 2041 1107 2095 Et
1146 2050 1204 2095 ut
1251 2043 1366 2096 hare
1398 2053 1597 2098 nostra:
1629 2044 1933 2099 traditionis
1964 2057 2145 2101 aucto-

564 2130 701 2185 ritas
748 2132 961 2201 stabilis
996 2145 1051 2187 et
1096 2134 1405 2188 iuconvnlsa
1455 2136 1603 2189 otnni
1650 2147 1966 2205 permaneat
2012 2156 2151 2209 aevo,

567 2223 707 2277 banc
735 2224 983 2295 paginam
1039 2226 1161 2279 inde
1189 2227 1553 2295 conscriptam
1598 2243 1757 2280 manu
1810 2232 2027 2298 propria
2068 2248 2154 2286 ro-

567 2312 848 2382 borantcs,
885 2316 1058 2385 sigillo
1096 2325 1282 2370 nostro
1314 2316 1558 2387 insigniri
1583 2316 1865 2385 jus-simus.
1936 2336 1943 2343 τ

639 2404 854 2474 Signum
885 2408 1064 2460 domui
1113 2405 1420 2460 Cltttonradi
1443 2409 1766 2463 invictissimi
1798 2408 2152 2461 Ilontanorum

568 2495 653 2566 (L.
688 2494 784 2564 Μ.)
815 2495 1146 2556 imperatoris
1174 2494 1418 2564 Augusti.

638 2586 926 2641 Odalrieus
969 2586 1335 2643 cancellarius
1358 2588 1478 2643 vice
1515 2586 1772 2643 Aribonis
1817 2587 2152 2657 archicapcl-

567 2675 673 2732 Iatti
708 2680 1036 2750 receignovit.

641 2769 775 2824 Data
836 2786 933 2823 xm
985 2770 1102 2824 Iial.
1188 2770 1349 2827 Febr.
1384 2814 1397 2837 ,
1459 2770 1752 2826 indictione
1797 2788 1889 2826 xiv
1922 2814 1937 2837 ,
2012 2786 2154 2825 anno

570 2860 863 2917 Dominiea:
914 2864 1307 2919 lncarnationis
1364 2864 1534 2929 1051,
1597 2883 1739 2921 anno
1797 2882 1924 2921 vero
1973 2865 2152 2921 dotnni

566 2954 872 3010 Chuonradi
898 2955 937 3009 II
975 2972 1011 3007 ι’.
1032 2957 1248 3026 guantis
1275 2973 1376 3023 vti;
1404 2959 1613 3028 imperii
1644 2970 1825 3013 autem
1876 2974 1958 3013 ιν.

635 3045 833 3102 Actum
857 3047 1109 3103 Altstete.

1303 3141 1414 3196 XII.

937 3228 1046 3284 Pro
1074 3230 1307 3286 Ecclesia
1344 3233 1785 3289 l’aderborueusi.

778 3375 781 3379 .
845 3372 848 3379 ,
1159 3326 1336 3397 (Auno
1386 3329 1570 3398 1051.)

732 3413 979 3488 [Ennaea
1010 3457 1024 3482 ,
1057 3416 1189 3471 Cod.
1222 3418 1441 3487 diplom.
1478 3418 1714 3489 Westph.
1737 3460 1751 3483 ,
1786 3436 1836 3490 p.
1867 3421 1983 3494 92.]

637 3506 700 3562 C.
752 3507 808 3561 Iit
864 3508 1085 3563 nomine
1134 3518 1342 3562 sancta:
1395 3519 1449 3563 et
1507 3509 1798 3565 individua:
1850 3510 2152 3569 Trinitatis.

563 3597 942 3664 CIIUDNBAIIUS,
981 3600 1075 3655 Dei
1117 3601 1405 3657 ordinante
1431 3602 1745 3671 clementia,
1786 3602 2154 3660 Romanorum

567 3689 866 3758 imperator
896 3690 1189 3759 Augustus.

640 3781 895 3837 Omnium
931 3782 1024 3837 Dei
1060 3785 1340 3854 nostrique
1392 3784 1627 3839 ﬁdelium
1668 3787 2013 3844 universitati
2061 3804 2156 3844 no-

568 3882 682 3927 tum
710 3889 832 3929 esse
862 3874 1128 3939 volumus,
1150 3877 1388 3945 qualiter
1419 3878 1750 3940 nos,divin:e
1790 3880 2057 3936 mercedis
2085 3880 2155 3936 ob

570 3965 851 4028 intuitum,
904 3980 1004 4021 nec
1057 3983 1161 4020 non
1220 3982 1315 4037 per
1374 3966 1736 4023 intorvcntunt
1789 3968 2157 4026 dilectissimte

563 4057 889 4112 contectalis
954 4068 1151 4112 nostra:
1236 4057 1397 4112 Gislae
1462 4060 1825 4127 imperatrieis
1897 4062 2155 4131 Augusta:

566 4150 729 4204 simui
756 4152 920 4206 etiam
955 4151 1135 4205 dilecti
1166 4150 1259 4203 ﬁlii
1286 4150 1455 4204 nostri
1487 4151 1626 4220 regis
1655 4152 1918 4219 lleinrici,
1949 4164 2005 4209 et
2027 4154 2156 4225 jnge

536 4242 849 4307 ,servitium
913 4241 1295 4311 Meginwerchi
1357 4241 1847 4298 Pathcrburncnsis
1902 4244 2156 4302 Ecclesia:

564 4331 803 4401 episcopi
836 4334 1131 4402 sepissime
1159 4332 1314 4387 nobis
1347 4333 1578 4388 lideliter
1620 4334 1945 4402 impensum,
1976 4338 2152 4392 eidem

2256 491 2454 546 scopas
2484 476 2706 547 ejusque
2748 493 3094 534 successores
3132 480 3199 535 dc
3243 480 3433 533 eodem
3475 483 3770 548 przcdiolihe.

2258 585 2371 622 ram
2414 571 2643 638 posthac
2681 580 3005 640 potestatem
3057 570 3298 629 habeant
3331 573 3560 637 tenendi,
3589 591 3773 633 comnm-

2255 661 2403 714 tanili
2454 662 2536 716 vel
2571 664 2831 732 quidquid
2861 662 2961 719 sibi
3004 663 3256 717 utilitatis
3287 663 3538 718 Ecclesia
3574 666 3773 735 placuerit

2257 751 2518 816 faciendi,
2552 755 2794 809 omnium
2835 754 3114 809 hominum
3152 754 3574 810 contradictione
3601 770 3771 816 remota.

2258 842 2342 907 Et,
2360 856 2415 896 ut
2440 853 2641 898 nostra!
2662 846 2976 900 traditionis
2996 846 3300 900 auctoritas
3327 846 3532 900 stabilis
3557 858 3606 901 et
3634 851 3773 906 incon-

2257 935 2407 988 vulsa
2446 950 2543 1004 per
2571 938 2792 1007 antiqua
2834 938 3155 992 saeculorum
3199 935 3474 992 curricula
3504 953 3773 1010 permaneat,

2258 1024 2397 1079 hanc
2459 1026 2714 1095 paginam
2781 1028 2905 1083 inde
2973 1029 3340 1097 conscriptam
3406 1044 3557 1082 manu
3614 1038 3773 1102 propria

2258 1117 2599 1184 roborantcs,
2635 1118 2797 1189 sigilli
2845 1121 3019 1175 nostri
3068 1120 3431 1189 impressione
3473 1121 3776 1190 jussitnussi-

2256 1206 2453 1277 giIIari.

2328 1300 2543 1369 Signum
2584 1302 2763 1355 damni
2782 1302 3101 1356 .(Ihuonradi
3126 1304 3458 1357 invictissimi
3491 1302 3775 1361 lianianorum

2252 1393 2584 1461 imperatoris
2612 1396 2696 1463 (L.
2733 1396 2827 1466 Μ.)
2864 1398 3107 1466 Augusti.

2326 1484 2612 1540 Otlalricus
2654 1488 3013 1544 cancellarius
3052 1488 3170 1543 vice
3208 1487 3470 1541 Aribonis
3508 1489 3777 1559 archicapei-

2258 1573 2364 1628 lani
2396 1578 2707 1647 recognovi.
2850 1574 2855 1583 ’

2332 1666 2462 1719 Data
2511 1683 2561 1720 XI
2604 1667 2722 1721 Kal.
2772 1668 2970 1733 Martii,
3000 1668 3184 1722 intliet.
3233 1684 3347 1731 xw,
3376 1683 3514 1723 anno
3549 1669 3778 1727 Deniinirzc

2257 1756 2652 1813 Incarnationis
2704 1760 2861 1823 1051,
2920 1776 3063 1816 anno
3114 1779 3244 1818 vero
3297 1763 3479 1817 domni
3534 1765 3778 1820 Chuonranli

2256 1849 2294 1902 ll
2328 1851 2601 1919 regnantis
2630 1867 2697 1905 vn
2717 1894 2731 1917 ,
2765 1854 2973 1925 imperii
3000 1850 3192 1910 autem
3221 1872 3295 1911 tv.

2325 1941 2522 1996 Actum
2552 1941 2778 1998 Goslarc

2940 2038 3076 2095 XIII.

2619 2124 2728 2182 Pro
2762 2128 2997 2185 Ecclesia
3029 2132 3475 2186 Puderborneusi.

2861 2226 3041 2294 (Anno
3077 2224 3264 2297 l05l.]

2435 2318 2702 2391 [Eananm
2737 2314 2868 2369 Cod.
2909 2315 3126 2385 diplom.
3162 2316 3429 2383 Westp!t.,
3464 2331 3512 2386 p.
3544 2318 3647 2388 95.]

2330 2411 2383 2463 lu
2428 2412 2649 2467 nomine
2677 2417 2878 2462 sancta:
2902 2416 2961 2462 et
2986 2407 3278 2462 individua!
3302 2408 3594 2472 Trinitatis,
3618 2410 3781 2463 tineos-

2258 2516 2449 2562 mocs,
2475 2501 2656 2553 divina
2694 2499 2909 2553 favente
2936 2497 3247 2564 clementia,
3282 2497 3626 2554 Romanorqu
3656 2502 3776 2568 inipe

2260 2601 2409 2646 rator
2432 2592 2726 2658 Augustus.

2329 2684 2388 2738 Si
2431 2683 2523 2736 ulli
2564 2698 2628 2737 ex
2673 2681 2875 2736 nostris
2907 2679 3259 2750 pontiﬁcibus
3301 2680 3385 2735 sui
3431 2679 3591 2735 ﬁdelis
3620 2682 3784 2735 servitii

2261 2793 2367 2831 non
2428 2776 2774 2830 immemores
2816 2774 3019 2844 aliquid
3079 2788 3147 2827 ex
3214 2774 3285 2828 iis
3326 2788 3447 2843 qua:
3491 2775 3640 2829 nostri
3681 2772 3786 2841 juris

2258 2869 2588 2939 deputantur
2614 2850 2846 2937 benigno
2870 2866 3051 2921 animo
3090 2866 3475 2934 impendimus,
3504 2882 3611 2921 cum
3638 2878 3785 2935 postca

2262 2963 2313 3015 in
2370 2970 2554 3014 nostro
2610 2958 2856 3012 orantine
2901 2966 2958 3010 et
3003 2956 3304 3012 servitninc
3349 2958 3711 3026 promptiorem
3752 2969 3785 3008 et

2181 3073 2226 3135 (ς
2263 3057 2432 3111 multo
2460 3056 2842 3111 studiosiorem
2871 3055 3112 3109 existere
3146 3052 3332 3122 procul
3366 3052 3523 3105 dubio
3546 3051 3789 3105 credimus.

2260 3150 2602 3218 Quaprop‘er
2636 3148 2888 3202 omnibus
2934 3144 3136 3199 Christi
3191 3143 3475 3212 nostrique
3511 3141 3788 3194 amatoribus

2259 3240 2615 3311 prtcsentibus
2671 3239 2878 3293 scilicet
2944 3253 3008 3291 ac
3072 3235 3276 3290 futuris
3328 3235 3655 3305 perspicuum
3700 3248 3789 3285 esse

2259 3332 2527 3395 volumus,
2556 3328 2790 3400 qualiter
2815 3327 3011 3383 Wicilo
3038 3335 3279 3380 nostram
3309 3325 3443 3379 adiit
3470 3325 3787 3384 serenitatem,

2259 3421 2539 3476 humiliter
2573 3434 2767 3489 rogans
2811 3428 2871 3472 ut
2915 3416 3176 3488 prtedium
3212 3414 3582 3470 Saunanabiki
3608 3414 3789 3476 dictum,

2260 3511 2312 3566 in
2383 3510 2502 3564 istis
2570 3510 2713 3565 villis
2781 3508 3026 3562 Iloruan.
3091 3507 3472 3575 Frodinctorp.
3548 3504 3774 3558 \‘ineshiki

2261 3603 2485 3659 Iial'seti.
2519 3602 2961 3657 Kncchtahnsen.
2991 3597 3393 3653 Iinckinhuseu.
3427 3596 3775 3651 Bcnnanhuscn

2259 3698 2448 3751 Setini.
2506 3696 2790 3750 Bercbem.
2843 3693 3073 3749 lIoman.
3118 3692 3443 3746 Iloltlmsen.
3498 3691 3679 3755 situm,
3721 3702 3789 3741 sua

2259 3791 2554 3858 uxorisque
2602 3804 2715 3842 sua:
2748 3787 2877 3842 ()dae
2926 3786 3154 3854 ﬁliasque
3184 3800 3297 3838 sua:
3326 3782 3542 3839 (lt-cilia:
3588 3799 3676 3837 nec
3714 3797 3790 3832 nor

2257 3883 2537 3938 Gerbureh
2590 3880 2794 3950 ﬁliique
2832 3878 2949 3948 ejus
2992 3877 3196 3933 Olonis
3227 3877 3493 3947 petitione
3547 3891 3605 3929 ae
3632 3874 3790 3927 col!;m-

2257 3977 2495 4039 datione,
2542 3974 2607 4027 ad
2660 3983 2901 4027 nostram
2951 3972 3290 4041 imperialem
3337 3983 3553 4023 manum
3596 3968 3791 4035 recipcrr

2259 4080 2597 4128 curaremus,
2640 4064 2899 4135 przedium
2941 4062 3121 4117 Zurici
3170 4062 3315 4130 Quod
3353 4069 3550 4115 nostras
3589 4059 3677 4111 fuit
3703 4072 3781 4125 pro

2259 4157 2504 4230 prietatis
2556 4157 2769 4211 illorum
2837 4165 3061 4209 econtra
3108 4154 3465 4223 subjttgantcs
3493 4150 3684 4204 ditiotti.
3718 4146 3780 4200 Ilo

2259 4266 2378 4306 rutn
2417 4250 2579 4318 igitur
2624 4246 2897 4301 desiderio
2927 4246 3222 4315 primatum
3279 4253 3585 4297 nostrorum
3622 4240 3797 4295 satisla-

2257 4344 2464 4397 cientes
2514 4338 2766 4403 consilio,
2813 4337 2865 4391 id
2909 4335 3050 4405 quod
3107 4336 3325 4389 illorum
3358 4335 3450 4404 jus
3486 4334 3617 4401 quod
3663 4331 3797 4385 nostri

530 4428 809 4511 ‘ecclesia:
884 4428 936 4481 in
984 4429 1187 4485 honore
1231 4440 1433 4484 sancta:
1487 4429 1579 4484 Dei
1641 4430 1926 4498 genitricis
1974 4430 2154 4483 Mariae
2190 4429 2231 4481 D
2258 4443 2372 4488 erat
2398 4432 2537 4501 juris
2574 4429 2937 4483 amicabiliter
2962 4428 3292 4481 remisimus.
3325 4426 3799 4479 Transactisautem

566 4538 631 4575 ac
675 4522 848 4575 sancti
897 4520 1142 4591 Chyliani
1202 4522 1459 4591 martyris
1502 4532 1555 4576 et
1600 4520 1773 4575 sancti
1806 4520 2008 4574 Liborii
2042 4521 2155 4589 epi-

568 4614 721 4683 scapi
787 4623 844 4668 et
908 4611 1238 4667 confessoris
1281 4623 1652 4676 constructae,
1700 4611 1958 4681 pra-dium
2016 4612 2156 4665 Ben-

567 4709 880 4771 nanlutsun,
930 4706 1256 4766 Ualabroclt.
1302 4705 1684 4770 Dadanbroch,
1718 4704 1882 4758 situm
1917 4705 1968 4757 in
2006 4704 2158 4774 pagis

568 4799 783 4869 Wetiga
844 4808 899 4854 et
946 4798 1133 4854 Tilitbi
1182 4799 1233 4852 in
1302 4797 1559 4852 comitatu
1610 4796 1967 4864 Widukindi,
2032 4814 2155 4861 cum

565 4892 825 4948 omnibus
856 4892 922 4949 ad
960 4895 1136 4963 ipsum
1179 4891 1441 4961 przedium
1464 4889 1587 4958 jure
1618 4905 1680 4943 ac
1718 4890 1963 4959 legaliter
1988 4882 2157 4960 perti-

569 4984 981 5045 nentibus,cum
1010 4982 1294 5052 mancipiis
1317 4982 1599 5049 utriusque
1622 4998 1806 5046 sexus,
1838 4996 1959 5036 cum
1988 4982 2153 5049 areis,

565 5076 830 5142 aediﬁciis,
879 5078 1045 5147 agris,
1093 5075 1325 5146 campis,
1386 5074 1546 5128 terris
1599 5075 1760 5129 cultis
1813 5083 1868 5129 et
1915 5074 2153 5143 incultis,

569 5171 760 5238 pratis,
803 5171 1041 5241 pascuis,
1094 5169 1264 5233 silvis,
1320 5167 1722 5231 venationibus,
1780 5166 1935 5236 aquis
1987 5182 2155 5236 aqua—

572 5281 757 5321 rutnve
786 5267 1126 5329 decursibus,
1149 5263 1571 5335 piscationibus.
1602 5262 1777 5328 molis,
1809 5260 2152 5328 molendinis,

568 5358 671 5412 viis
714 5367 771 5412 et
826 5358 1007 5425 inviis,
1059 5356 1293 5412 exitibus
1351 5366 1406 5409 et
1460 5355 1746 5418 reditibus,
1806 5352 2049 5422 qucesitis
2097 5364 2154 5407 et

569 5449 928 5519 inquirendis,
960 5466 1052 5505 seu
1087 5465 1210 5505 cum
1243 5448 1388 5502 omni
1419 5447 1674 5509 utilitate,
1703 5460 1824 5516 qua:
1862 5444 1943 5499 vel
1983 5444 2147 5499 scribi

568 5552 663 5595 aut
713 5543 982 5597 nominari
1043 5543 1150 5596 ullo
1199 5542 1358 5596 modo
1399 5549 1597 5609 potest,
1657 5539 1709 5593 in
1762 5538 2151 5608 proprietatem

566 5637 1012 5699 condonavimus,
1066 5645 1123 5690 et
1165 5636 1232 5690 de
1291 5644 1480 5689 nostro
1527 5632 1652 5699 jure
1705 5648 1769 5686 ac
1800 5632 2037 5687 dominio
2096 5630 2148 5684 in

567 5731 809 5797 ejusdem
833 5728 1186 5797 Ecclesitejus
1216 5745 1276 5783 ac
1299 5725 1596 5780 dominiqu
1626 5727 1843 5780 omnino
1873 5724 2149 5777 transfun-

2257 4524 2328 4576 ita
2354 4524 2453 4576 viis
2475 4521 2747 4585 omnibus,
2794 4519 3107 4589 praedictum
3142 4519 3407 4587 pranlium
3450 4512 3798 4572 Sannanabiki,

2257 4613 2398 4683 quod
2435 4623 2561 4666 tunc
2604 4620 2803 4665 nostrae
2823 4609 3173 4679 judicabatur
3213 4624 3335 4663 esse
3382 4605 3735 4678 proprietatis,
3762 4604 3799 4655 in

2257 4705 2516 4761 comitatu
2571 4703 2850 4758 Widukini
2897 4703 2949 4757 in
3004 4717 3142 4772 pago
3208 4700 3426 4769 Wetiga
3477 4702 3659 4763 situm,
3702 4710 3799 4749 etim

2256 4797 2509 4851 omnibus
2545 4794 2871 4849 utilitatibus
2911 4792 2979 4847 ad
3030 4794 3171 4847 idem
3216 4788 3634 4861 pertinentibus,
3666 4787 3797 4849 arcis,

2256 4888 2519 4951 :editiciis,
2572 4886 2749 4956 agris,
2810 4885 2969 4939 terris
3018 4884 3178 4938 cultis
3227 4892 3281 4937 et
3334 4882 3578 4944 incultis,
3626 4879 3797 4951 pratis.

2257 4980 2493 5049 pascuis,
2527 4978 2753 5047 campis,
2780 4976 2951 5042 silvis,
2979 4978 3290 5038 venatibus,
3327 4975 3487 5045 aquis
3508 4984 3802 5042 aquarumve

2255 5070 2596 5134 decursibus,
2651 5060 3062 5141 piscatiouibus,
3122 5071 3300 5132 molis,
3354 5068 3691 5127 molendinis,
3725 5064 3799 5114 viis

2255 5175 2308 5220 et
2342 5165 2521 5228 inviis,
2554 5162 2788 5217 exitibus
2817 5170 2871 5216 et
2903 5162 3181 5221 reditibus,
3213 5160 3458 5227 qutcsitis
3481 5167 3533 5210 et
3563 5157 3804 5225 inquiren-

2257 5258 2365 5320 dis;
2412 5255 2481 5319 ob
2506 5254 2794 5308 amabilem
2825 5251 3070 5322 conjugis
3105 5259 3302 5304 nostra:
3334 5247 3497 5302 Gisia:
3535 5243 3802 5315 imperaui-

2254 5351 2333 5405 c'fs
2381 5348 2637 5416 Augusta:
2676 5345 3061 5407 interventum,
3090 5353 3143 5397 et
3186 5344 3255 5397 ob
3303 5340 3526 5394 titiniiuc
3568 5342 3801 5408 denegati.
3876 5372 3877 5393 λ

2256 5441 2378 5492 dam
2402 5436 2774 5490 dilectissima:
2799 5432 2965 5503 prolis
2999 5444 3200 5487 nostra:
3244 5433 3486 5488 Heiuriei
3528 5434 3665 5501 regis
3692 5428 3801 5499 peli-

2258 5532 2480 5594 tionem,
2514 5544 2613 5583 nec
2640 5542 2746 5582 non
2772 5525 3086 5582 llerimanni
3118 5526 3473 5587 tnarcliiouis,
3514 5524 3801 5577 Meinwerro

2258 5622 2580 5676 venerabilis
2614 5620 2736 5674 vita:
2765 5619 3018 5688 episcopo
3060 5631 3281 5684 sineque
3330 5615 3577 5670 ecclesia:
3627 5615 3677 5667 in
3705 5626 3801 5664 san-

2255 5717 2510 5772 ctissinnc
2589 5715 2682 5769 Dti
2762 5712 3040 5783 genitricis
3105 5710 3287 5766 Malia:
3342 5719 3396 5765 et
3461 5703 3797 5779 ptrtiosissitl”
3876 5700 3877 5703 “
