3896 6314
115 325 230 379 1037

1346 321 1821 383 (ZHUONRAi‘tUb
1845 355 1884 382 ιι
1923 336 2058 382 ..ιιιζ

3201 337 3340 391 1033

113 434 336 505 martyris
361 432 619 504 Chylioni‘
641 448 738 487 nec
768 449 874 489 non
907 433 1283 504 gloriosissimi
1324 438 1652 495 confessoris
1685 430 1726 479 Α
1786 474 1791 475 κ
1827 438 2048 509 Signum
2079 440 2279 495 domini
2306 440 2627 497 Chaonradi
2648 442 2982 499 set'enessimi
3009 445 3339 514 imperatoris

113 525 288 580 Lihorii
317 524 573 576 honorem
597 533 942 584 constructas,
976 540 1041 577 eo
1072 535 1260 580 tenore
1287 526 1338 580 in
1362 529 1648 598 proprium

112 616 416 679 tradidimus,
469 622 527 668 ut
577 614 922 684 ipsevsuique
968 618 1314 673 Successoves
1360 620 1426 673 de
1460 621 1648 676 eodem

115 710 309 762 liberam
333 694 585 771 deinceps
622 703 859 758 habeant
900 716 1221 774 potestatem
1266 710 1505 773 tenendi,
1538 720 1649 766 tra-

110 795 260 855 dendi,
289 791 573 855 vendendi,
601 795 991 858 commutandi,
1024 795 1104 851 vel
1139 796 1400 865 quidquid
1432 798 1649 867 placue-

110 883 280 941 rit'sibi
309 882 559 945 faciendi,
605 883 673 936 ad
720 883 1007 939 utilitatem
1046 895 1225 941 tamen
1266 890 1644 957 praedictorum

108 983 381 1049 sanctorum
415 972 686 1026 Ecclesite.
721 972 1005 1030 Recordati
1049 992 1245 1032 sumus.
1268 990 1501 1049 namque
1540 997 1643 1034 non

109 1046 149 1121 iit
178 1068 265 1120 hoc
292 1072 517 1125 tantum.
548 1064 642 1117 sed
676 1064 727 1119 in
766 1066 886 1118 aliis
915 1067 1015 1120 sibi
1046 1068 1240 1132 adhuc,
1271 1069 1379 1131 Deo
1405 1071 1641 1135 volente,

107 1157 285 1210 anubis
347 1154 621 1208 tradendis
674 1156 912 1225 praediis,
960 1159 1102 1226 quod
1153 1174 1308 1212 sumn
1367 1162 1657 1216 assiduum

107 1248 343 1304 servitium
388 1246 636 1301 devotius
684 1257 738 1302 et
788 1250 1000 1305 czete’ris
1051 1252 1254 1305 nostris
1299 1254 1642 1322 pontilicibus

108 1338 418 1407 frequentius,
461 1352 569 1390 non
598 1339 753 1406 quasi
785 1344 911 1403 uno,
945 1341 1038 1395 sed
1089 1341 1201 1396 fere
1242 1343 1296 1396 in
1324 1345 1468 1397 omni
1504 1353 1641 1399 tem-

108 1445 212 1500 pore
235 1438 429 1484 certum
455 1429 766 1485 habuimus.
792 1432 860 1485 Et
886 1441 943 1485 ut
969 1433 1083 1493 htec
1105 1443 1301 1488 nostra:
1330 1436 1639 1491 traditionis

105 1521 354 1575 auctoritas
384 1520 595 1573 stabilis
621 1531 677 1574 et
702 1523 1012 1577 inconvulsa
1037 1539 1132 1592 per
1161 1524 1394 1581 labentia
1425 1538 1653 1597 tempo-‘

104 1629 197 1666 rum
237 1610 491 1665 curricula
544 1614 896 1679 observetur,
962 1616 1065 1669 hoc
1123 1627 1450 1687 praeceptum
1512 1620 1635 1674 inde

104 1702 422 1769 mnseriptum
451 1701 644 1756 subtus
674 1718 834 1757 manu
868 1706 1082 1773 prOpria
1113 1708 1552 1764 confirmavimus
1578 1721 1630 1766 et

103 1795 523 1848 corroboravimus
575 1810 643 1848 ac
690 1796 848 1865 sigilli
889 1798 1060 1851 nostri
1100 1798 1456 1868 impressione
1505 1804 1629 1858 dili-

103 1886 277 1953 gentius
300 1883 535 1954 insigniri
569 1879 947 1957 praecepimus.

153 1976 338 2045 Signum
362 1977 538 2031 domui
568 1978 877 2033 Cliuonrudi
913 1981 1239 2037 invictissimi
1279 1983 1634 2042 Romanorum

103 2069 374 2135 imperatoris
405 2068 650 2138 Augusti.
679 2070 763 2141 (L.
797 2063 897 2140 Μ’.)

156 2159 403 2214 Odalricus
430 2162 791 2217 cancellarius
823 2175 1153 2234 recognovit.

155 2252 262 2303 Data
302 2267 355 2304 ιιι
407 2250 567 2305 Non.
623 2254 886 2325 Augusti,
945 2255 1236 2313 indictione
1289 2275 1416 2325 xw,
1483 2275 1647 2315 anno-

102 2343 338 2396 liomiuicre
385 2342 779 2400 lncarnationis
831 2347 988 2412 105l,
1027 2365 1168 2405 anno
1215 2361 1396 2407 autem
1448 2352 1629 2407 domui

102 2436 350 2503 Clutnuradi
389 2437 426 2489 ll
464 2438 745 2507 regnantis
784 2454 887 2507 vn,
932 2424 1141 2498 imperii
1212 2459 1342 2498 vero
1387 2460 1441 2497 v.

152 2528 310 2580 Actum
338 2528 790 2584 lmmeteshusun.

773 2663 908 2717 XIV.

100 2749 388 2825 (Ihuonradus
417 2750 445 2804 Ι
490 2736 1080 2825 ἱηιρεναιονλΗηὺπΜο
1132 2754 1468 2810 Cremonensi
1514 2758 1595 2825 epi

147 2837 273 2958 mp;
315 2821 437 2888 jura
490 2822 671 2889 varia,
724 2833 772 2877 et
824 2828 1126 2879 comitatum
1180 2826 1341 2895 ipsius
1397 2821 1623 2882 civitatis

163 2907 240 2942 wn
280 2901 421 2945 nuat'.

163 2901 421 2945 continuat.

652 2984 1040 3056 (Ann0105i.)

338 3062 889 3149 [Μυηιτοηη’ληηη.
964 3079 1186 3143 Iud.lL
1220 3081 1336 3155 734

144 3164 188 3219 ln
215 3167 407 3222 nomine
436 3178 639 3223 sancta}
667 3179 721 3224 et
750 3170 1036 3227 individua:
1064 3173 1368 3238 Trinitatis,
1404 3174 1619 3232 Chuon-

98 3257 235 3321 radns,
260 3259 421 3312 divina
458 3258 673 3316 favente
700 3250 1010 3329 clementia,
1049 3263 1417 3321 Romanorum
1444 3266 1616 3335 impe-

98 3361 207 3403 ratcr
237 3352 512 3423 Augustus.

145 3446 188 3499 Si
222 3456 386 3502 sancta
416 3465 477 3504 ac
507 3449 840 3503 venerabilia
881 3448 993 3504 loca
1023 3448 1313 3504 sublimare
1341 3464 1404 3503 ac
1431 3448 1616 3504 defen-

94 3552 183 3591 sare
208 3540 554 3593 studuerimus
588 3540 655 3594 ad
706 3541 853 3609 regni
892 3539 1058 3594 nostri
1092 3549 1293 3595 statum
1334 3541 1434 3594 hoc
1485 3556 1611 3610 per-

93 3635 226 3688 tinere
254 3634 425 3704 procul
453 3634 621 3689 dubio
650 3649 753 3688 ron
780 3634 1121 3704 ambigimns.
1151 3633 1490 3705 Quapropter
1514 3650 1613 3688 no-

92 3733 278 3777 suorum
322 3723 547 3779 ﬁdelium
583 3725 926 3793 praesentium
972 3723 1185 3778 scilicet
1204 3738 1267 3778 ac
1310 3723 1609 3778 futurorum

91 3831 123 3863 tr
141 3824 235 3867 scat
259 3817 593 3879 universitas,
640 3815 961 3881 liubaldnm,
990 3827 1189 3881 sancta:
1233 3810 1613 3873 Crcttmnensis

92 3904 293 3960 Ecclesia!
341 3908 701 3985 venerabilem
756 3909 1073 3973 antistitem,
1132 3910 1434 3964 interventu
1476 3909 1609 3965 dile-

92 3998 295 4054 rtissimae
325 4000 571 4076 ‘conjugis
611 4010 807 4056 nostr.e
850 4001 1010 4057 Gisla:
1076 4001 1457 4071 imperatricis.
1510 4019 1607 4057 no-

88 4095 216 4140 suam
261 4088 525 4143 humiliter
583 4090 781 4145 adiisse
812 4089 1173 4155 clementiam,
1230 4090 1505 4162 postulans
1552 4101 1609 4146 ιιι

88 4192 158 4243 pro
184 4179 272 4233 lleo
306 4191 355 4235 et
390 4182 584 4235 animae
633 4194 827 4236 nostra:
878 4183 1113 4237 remedio
1144 4191 1405 4254 prtecepta
1454 4199 1481 4236 a
1517 4184 1607 4237 de-

86 4268 335 4323 cessuribus
368 4271 567 4343 nostris
597 4287 705 4325 smn
740 4273 992 4327 Ecclesiae
1017 4290 1270 4328 concessa
1304 4275 1598 4329 confirma-

89 4367 226 4409 I'rmns
272 4372 331 4411 ac
376 4360 773 4413 roboraremus.
822 4360 985 4427 Cujus
1038 4361 1212 4429 dignis
1258 4362 1606 4430 petitionibus

1755 532 1995 601 Augusti.

1824 620 2008 675 Bruno
2044 622 2404 677 cancellarius
2434 625 2500 678 ad
2530 625 2699 679 vicem
2750 626 3003 681 Aribonis
3043 626 3336 699 Magontini

1750 712 2141 783 areb'epismpi
2172 724 2228 768 et
2255 716 2716 773 archicancellarii
2751 719 3061 789 recognovi.
3242 782 3271 791 Α,

1819 803 2011 859 Datum
2058 821 2114 858 ιιι
2149 805 2416 861 Kalendas
2466 807 2665 875 Martii,
2725 825 2867 867 anno
2910 810 3202 865 Dominicae
3255 810 3334 864 ln-

1748 897 2262 963 carnationis1051,
2298 881 2590 955 indictione
2620 916 2729 967 XIV,
2765 917 2907 957 anno
2937 912 3114 959 autem
3154 902 3334 958 domui

1747 987 2055 1053 Chuonrazli
2089 1004 2136 1044 νι
2171 991 2467 1061 regnantis,
2520 991 2837 1063 imperantis
2861 1009 2988 1048 vero
3016 1010 3090 1047 tv.

1814 1072 2004 1134 Actum
2034 1080 2258 1136 Goslare
2293 1078 2540 1137 feliciter.
2580 1084 2773 1137 Amen.

2526 1194 2640 1250 XV.

1744 1284 2091 1340 Cltuonrndus
2123 1286 2182 1340 11
2229 1304 2339 1343 rex.
2393 1289 2677 1356 imperator
2706 1287 2754 1352 Ι⁹
2810 1282 3055 1341 "nbulle
3109 1286 3322 1341 Cremo-

1812 1358 1960 1428 nensi
1996 1360 2255 1424 episcopo,
2287 1358 2499 1428 ejusque
2552 1358 2821 1415 Ecclesiae.
2859 1362 3033 1412 omnia
3057 1357 3329 1426 pririirgta

1811 1436 1859 1479 et
1888 1426 2022 1480 bona
2068 1430 2369 1495 con/irruat.

2302 1520 2514 1590 -(Anno
2560 1506 2742 1585 105:4

2023 1610 2354 1682 [Munaronn
2402 1613 2581 1683 Antig.
2646 1613 2772 1669 Ital.
2827 1614 2867 1677 Ι,
2898 1615 3048 1688 ML]

1774 1702 1861 1765 _ln
1904 1704 2119 1757 nomine
2141 1712 2344 1757 sanctze
2369 1714 2425 1758 et
2448 1705 2739 1775 individua:
2775 1704 3078 1771 Trinitatis,
3115 1708 3329 1763 Curos-

1743 1810 1942 1858 nanus,
1982 1796 2168 1849 divina
2219 1786 2431 1851 favente
2473 1796 2779 1864 clementia,
2833 1798 3197 1856 Romanorum
3231 1804 3327 1857 im-

1741 1896 1958 1956 perator
1986 1886 2281 1957 Augustus.
2790 1956 2793 1959 ἰ

1810 1978 1864 2035 Si
1888 1988 2073 2041 saneta
2091 1987 2144 2033 et
2166 1980 2490 2035 venerabilia
2516 1982 2655 2048 loca,
2672 1983 3052 2053 etc.Quocirca
3079 1989 3323 2053 omnium

1735 2083 1941 2128 sancite
1978 2072 2072 2129 Dei
2130 2072 2385 2128 Ecclesiae
2437 2073 2693 2140 fidelium,
2739 2084 3158 2147 nostrorumque
3186 2095 3323 2149 prae-

1736 2162 1967 2215 sentium
2005 2162 2212 2217 scilicet
2270 2179 2332 2217 ac
2391 2162 2942 2231 futurorumnoverit
2997 2169 3322 2227 universitas

1737 2252 2061 2317 llnbaldum,
2108 2254 2471 2308 venerabilem
2518 2253 2730 2309 Strata:
2783 2255 3165 2312 Cremonensis
3219 2260 3321 2315 Ec-

1734 2342 1915 2398 clesia:
1938 2344 2257 2409 antistitem,
2284 2346 2504 2400 obtentu
2530 2347 2737 2400 dilccne
2762 2348 2971 2415 imperii
3005 2350 3174 2404 nostri
3197 2366 3319 2403 con-

1733 2432 1894 2487 sortis
1940 2432 2102 2488 Gisia:
2159 2434 2518 2502 imperazricis
2570 2435 2925 2505 gratissima,
2984 2437 3318 2494 celsitudinis

1732 2530 1929 2576 nostra:
1960 2521 2299 2577 clementiam
2347 2524 2543 2591 obnixe
2580 2524 2960 2594 humiliterque
3013 2527 3314 2595 postulasse

1730 2625 2001 2687 quatenus
2028 2632 2126 2686 pro
2150 2617 2239 2672 Dei
2286 2632 2490 2682 amore,
2548 2619 2826 2688 nostrique
2875 2619 3081 2688 imperii
3122 2620 3317 2685 salute,

1731 2717 1913 2762 nostra
1957 2707 2220 2776 imperiali
2263 2709 2587 2764 auctoritate
2637 2718 2956 2779 prteceptaa
3008 2709 3319 2779 decessori-5

1728 2796 1829 2852 bus
1857 2800 2055 2854 nostris
2109 2799 2348 2870 regibus,
2400 2810 2561 2869 atque
2610 2801 3047 2870 inmeratorihus,
3081 2802 3313 2858 maxime

1725 2890 2070 2963 Berengario,
2113 2892 2412 2963 Rodulpho,
2443 2908 2540 2946 nec
2567 2909 2671 2947 non
2709 2892 2844 2947 diva:
2861 2893 3135 2947 memoria:
3163 2892 3311 2949 Otto-

1725 2985 1903 3050 nibus,
1936 3000 2003 3038 ac
2029 2984 2282 3047 Henrico,
2336 2985 2635 3055 magniﬁcis
2664 2984 3080 3054 impcratorilms
3125 2985 3311 3056 Angu-

1645 3098 1690 3155 ρ
1724 3077 1841 3139 stis,
1869 3092 1980 3132 sna:
2010 3076 2264 3131 Ecclesia:
2292 3092 2439 3130 coner
2460 3091 2546 3130 ssa
2580 3074 3024 3128 roniirmarcmus
3059 3082 3114 3127 et
3157 3076 3301 3129 robo-

1708 3170 1991 3223 ‘raremus.
2026 3166 2192 3237 Cujus
2223 3167 2398 3238 dignis
2430 3165 2778 3235 petitionibus
2803 3175 3121 3228 annucnles,
3150 3154 3311 3234 prout

1713 3258 1858 3327 juste
1885 3267 1937 3312 et
1965 3257 2228 3328 legaliter,
2254 3267 2388 3321 etc.,
2415 3256 2620 3317 coulirn
2644 3270 2798 3309 amns
2817 3264 2872 3309 ct
2896 3255 3308 3312 corroboramus

1718 3350 1892 3405 eidem
1934 3359 2135 3403 sancta:
2173 3347 2520 3403 Cremonensi
2570 3345 2822 3400 Ecclesia:
2852 3345 3112 3415 quidquid
3143 3360 3303 3400 cura-

1722 3451 1878 3505 lttrzn,
1925 3439 2139 3503 telonei,
2170 3448 2333 3510 atque
2386 3437 2656 3507 portatici,
2698 3451 2791 3500 seu
2846 3436 3079 3504 ripatici,
3112 3437 3299 3505 aliquo

1626 3538 1629 3541 '
1718 3531 2021 3601 iugeniodc
2058 3530 2172 3597 jam
2204 3532 2312 3584 fata
2362 3527 2712 3585 Cremonensi
2758 3526 2979 3596 civitate
3028 3528 3095 3581 ad
3126 3526 3288 3597 publi.

1717 3640 1837 3681 cam
1877 3622 2207 3678 iunctionem
2237 3622 2495 3692 pertinuit
2528 3630 2634 3674 tam
2664 3620 2730 3675 de
2766 3629 2919 3689 parte
2950 3619 3119 3689 ipsius
3148 3621 3301 3674 scivi-
3390 3657 3411 3663 .-

1717 3714 1845 3767 talis
1875 3713 2180 3775 comitatus,
2210 3726 2371 3779 quam
2400 3711 2467 3765 de
2505 3718 2655 3779 parte
2683 3709 2853 3771 cortis
2888 3708 3158 3775 Scxpilas,
3195 3726 3303 3781 neq

1715 3823 1819 3859 non
1860 3805 2006 3875 ripas
2029 3813 2084 3859 et
2114 3804 2389 3873 "piscariis
2424 3818 2454 3857 a
2488 3801 2796 3873 anpariolo
2833 3817 3001 3871 usque
3033 3804 3101 3855 ad
3139 3813 3299 3871 caput

1714 3898 1906 3953 Abduc
1934 3913 2058 3952 cum
2115 3896 2435 3951 molendiuis
2462 3904 2515 3949 et
2548 3894 2810 3950 molatura
2845 3911 3057 3962 eorum,
3090 3896 3299 3952 scilicet

1712 4002 1807 4057 per
1841 4000 2281 4057 unumquemque
2328 3984 2694 4040 molendimun
2745 3983 2895 4052 grani
2930 3986 3137 4040 modius
3168 3985 3298 4041 Cre-

1714 4094 1999 4133 munenses
2029 4079 2289 4148 quinque,
2340 4085 2503 4146 atque
2539 4091 2659 4131 eum
2692 4076 3107 4145 uniuscujusque
3148 4078 3297 4130 navis

1710 4169 1870 4223 solito
1897 4183 2078 4231 censu,
2108 4182 2201 4238 per
2228 4177 2662 4235 unamquamque
2688 4164 2864 4218 navim
2891 4165 3137 4219 videlicet
3160 4165 3292 4220 salis

1709 4262 1887 4317 oraies
1907 4272 2157 4332 quatuor,
2187 4262 2327 4316 sicut
2356 4260 2662 4314 continetur
2690 4259 2743 4312 in
2772 4258 2978 4313 notitiis
2996 4266 3123 4313 ante
3151 4274 3297 4327 prie.

1710 4355 1939 4409 sentiam
1973 4354 2223 4410 Cessonis
2258 4352 2491 4416 diaconi,
2522 4361 2576 4406 et
2603 4352 2781 4406 donmi
2818 4349 3028 4405 Ottonis
3058 4350 3181 4418 intpt
3202 4364 3279 4405 ra-

88 4456 348 4518 annucnleg’
386 4461 543 4519 ρισουι
592 4451 739 4519 jusle
795 4459 849 4505 οι
900 4451 1146 4521 legaliler
1194 4467 1496 4521 possumus,
1542 4469 1602 4507 (ιιι
1641 4442 1842 4501 Dtoris
1900 4446 2069 4510 missi,
2109 4455 2181 4501 et-
2221 4445 2487 4499 “Cliiwl‘li
2542 4443 2872 4507 cancellarii,
2922 4443 3186 4497 Cretnone
3237 4445 3297 4497 in.

88 4535 312 4595 lii-ruamus
354 4550 404 4596 et
451 4544 886 4598 corroboramus.
927 4543 1005 4599 ita
1040 4552 1098 4597 nt
1147 4544 1402 4615 quidquid
1440 4559 1602 4599 cura-

87 4634 201 4690 lnne,
232 4631 428 4699 telunei,
456 4618 728 4703 portatici,
776 4651 868 4704 seu
909 4635 1143 4704 ripatici,
1189 4645 1241 4691 et
1286 4638 1596 4691 cowitatum

87 4707 188 4763 inira
220 4702 643 4782 praenominatam
679 4702 973 4787 civitatem,
1009 4736 1102 4776 seu
1132 4731 1283 4775 extra
1326 4738 1421 4793 per
1449 4725 1599 4793 quiu-

84 4813 162 4862 que
184 4804 527 4861 milliariormn
556 4804 763 4879 spatia,
791 4810 930 4865 sicut
961 4811 1012 4865 in
1058 4810 1294 4879 ejusdem
1347 4813 1599 4869 Ecclesia:

84 4899 316 4964 inceptis
362 4902 696 4967 continetur,
746 4912 952 4969 teneat,
1004 4903 1222 4970 haheat,
1265 4905 1599 4975 ﬁrmiterque

84 4987 303 5047 possideat
330 5000 432 5046 tam
480 4994 593 5064 ipse
622 5011 782 5064 quam
813 5004 866 5048 et
905 4995 986 5049 sui
1038 5011 1400 5052 successores.
1454 4997 1597 5052 Prte-

85 5082 195 5130 tcrea
226 5080 343 5137 alias
370 5087 801 5152 consuetudines,
841 5100 975 5155 quas
1012 5087 1092 5141 sui
1120 5101 1495 5145 antecessores
1527 5088 1594 5143 ad

83 5164 191 5221 illam
227 5184 524 5240 potestatem
566 5179 917 5246 pertinentes,
954 5186 1009 5232 et
1048 5179 1298 5250 angarias
1324 5179 1593 5249 quondam

84 5254 350 5331 habuerunt,
385 5275 437 5320 et
474 5267 669 5322 fotrum
700 5268 765 5323 de
797 5269 909 5337 ipsa
939 5269 1179 5336 civitate,
1233 5276 1374 5341 quod
1401 5270 1467 5324 ad
1494 5284 1592 5325 no-

81 5356 215 5402 strum
256 5357 518 5423 servitium
564 5359 738 5430 colligi
797 5362 927 5414 tt‘sus
963 5359 1081 5425 fuit,
1129 5370 1183 5415 ct
1228 5376 1420 5431 porcos
1470 5361 1611 5415 Avi--

81 5450 368 5510 marmorum,
431 5459 484 5502 et
543 5451 901 5520 alhergarias;
960 5452 1209 5506 similiter
1258 5452 1593 5522 praecipimus

81 5534 125 5576 ιιι
155 5528 499 5613 ipse,snique
545 5555 885 5597 successores
949 5542 1222 5612 perpetuis
1261 5543 1592 5612 temporibus

81 5617 271 5686 rxigaut.
306 5625 637 5698 Pratcipimus
678 5634 858 5701 itaque
905 5644 1064 5703 atque
1108 5633 1359 5702 jubemus
1387 5645 1442 5689 ut
1471 5634 1590 5688 nul-

84 5713 144 5763 lus
169 5710 278 5776 dux,
312 5731 504 5784 comes,
529 5730 628 5776 etc.

403 5924 431 5937 ν

1709 4538 1907 4608 placito
1934 4538 2279 4593 residentimn
2308 4536 2481 4600 factis,
2521 4546 2574 4591 et
2605 4536 2926 4590 auctoritate
2953 4550 3018 4589 ac
3041 4534 3291 4603 jussione

1706 4629 1967 4698 pra-libati
1997 4628 2182 4683 domui
2226 4626 2441 4684 Ottonis
2485 4629 2827 4697 imperatoris
2855 4625 3098 4696 lcgaliter
3125 4627 3284 4680 robo-

1705 4720 1867 4784 ratis;
1898 4729 1953 4775 et
1982 4719 2305 4790 palilictune
2331 4720 2566 4773 denariis
2613 4728 2864 4788 quatuor,
2896 4733 2987 4771 seu
3013 4733 3135 4771 cum
3163 4733 3286 4787 per-

1701 4812 1967 4867 solutione
1998 4812 2236 4867 omnium
2268 4811 2504 4875 navium,
2536 4820 2589 4865 et
2616 4825 2736 4863 cum
2766 4819 3018 4864 curatura
3042 4812 3283 4866 omnium

1702 4904 2061 4970 negotiorum,
2092 4904 2182 4973 qui
2232 4903 2365 4957 liunt
2415 4903 2468 4957 in
2503 4901 2752 4971 praedicta
2798 4902 2913 4971 ripa
2961 4911 3069 4955 tam
3100 4903 3167 4954 ab
3196 4902 3284 4955 in-

1699 4992 1831 5047 colis
1884 4992 2120 5047 civilatis
2160 5006 2320 5060 quam
2354 4991 2421 5044 ab
2463 4990 2583 5044 aliis
2635 4989 2846 5045 aliunde
2904 4992 2970 5043 ad
3005 4990 3279 5060 negotium

1697 5084 2059 5149 venientibus,
2091 5097 2182 5137 seu
2222 5097 2343 5135 cum
2383 5082 2633 5135 omnibus
2671 5080 2922 5134 Ecclesia:
2946 5081 3281 5134 rectitudini-

1696 5177 1797 5231 bus
1830 5190 1894 5231 ac
1930 5174 2430 5230 consuetudinibus.
2484 5172 2886 5227 Diszrietiouem
2911 5187 3042 5226 vero
3082 5172 3277 5226 civita-

1697 5268 1764 5321 tis
1780 5268 1919 5321 iutus
1941 5274 1996 5320 et
2015 5273 2166 5319 extra
2188 5279 2282 5333 per
2309 5264 2543 5333 quinque
2569 5262 2936 5319 rnillrariorum
2958 5263 3276 5332 spatia,’cte.

1696 5360 1752 5414 Si
1795 5358 2243 5428 quisigitur,-ctc.
3280 5409 3285 5415 .

1767 5451 1994 5521 Signum
2035 5449 2234 5503 domini
2267 5449 2575 5504 Chuonrudi
2606 5449 2919 5504 εει·εηὶεεὶΜὶ
2943 5448 3281 5504 imperatoris.

1693 5544 1936 5613 Augusti.

1764 5633 1942 5688 Bruno
1976 5630 2336 5688 cancellarius
2362 5630 2428 5685 ad
2474 5631 2644 5685 vicem
2690 5630 2945 5686 Aribouis
2975 5628 3275 5701 Biagontini

1694 5724 2082 5797 archiepisc0pi
2106 5734 2159 5780 et
2180 5723 2637 5781 at‘cbicanccllarii
2668 5724 2978 5795 recognovi.
2998 5766 3001 5767 ν
