3896 6314
572 359 714 417 I059

1915 349 2182 408 MONUM.
2226 347 2502 405 DII‘LOM.

3655 356 3755 414 ιοω

641 477 836 531 Datum
890 492 949 530 ιιι
980 474 1246 529 Kalendas
1290 470 1487 538 Martii,
1517 484 1659 526 anno
1708 467 2000 524 Dominica:
2056 466 2142 520 In-
2178 492 2221 549 Α
2254 473 2438 521 nostro
2453 461 2578 533 jure
2603 476 2668 518 ac
2695 462 2934 523 dominio
2964 462 3018 519 in
3047 478 3205 519 suum
3228 462 3318 533 jus
3346 471 3501 534 atque
3518 467 3753 529 dominium

571 568 901 622 caruationis
936 567 1091 630 1051,
1122 565 1415 619 indictione
1447 578 1562 627 xrv,
1591 577 1731 617 anno
1761 568 1938 614 autem
1965 558 2148 614 domui

571 656 877 711 Chuonradi
913 657 951 710 ll
996 656 1268 726 regnantis
1301 664 1475 719 sexto,
1507 652 1713 723 imperii
1742 665 1868 706 vero
1914 662 1987 705 tv.

639 748 835 801 Actum
861 745 1087 801 Goslare
1116 745 1364 800 feliciter.
1397 745 1591 823 Amen.

1346 854 1481 911 XVI.

570 970 778 1024 Litterre
809 968 1110 1023 Chuourndi
1137 965 1163 1020 Ι
1195 966 1516 1035 imperatoris
1548 966 1615 1019 ad
1657 964 1810 1035 cives
1834 963 2147 1035 Cremonen-

640 1058 740 1103 ses,
774 1050 824 1091 ut
853 1042 1087 1107 episcopo
1129 1032 1466 1090 Cremonensi
1500 1036 1563 1089 de
1589 1033 1896 1105 quibusdam
1926 1032 2147 1102 querelis

640 1110 967 1177 satisfaciant
979 1147 990 1158 .

997 1198 1245 1268 (Ctreiter
1293 1212 1493 1250 annum
1537 1196 1717 1262 1051.)

890 1289 1216 1361 [Μυιιλτοῐιῃ
1263 1286 1577 1357 Antqutal.
1605 1286 1688 1351 Vl,
1717 1283 1829 1356 53.]

640 1381 1016 1445 CtlUONnADUS,
1068 1382 1237 1451 gratia
1291 1380 1378 1433 Dei
1438 1380 1802 1434 Romanorum
1856 1377 2148 1445 imperator

572 1475 861 1544 Angustus,
895 1472 1142 1527 omnibus
1175 1471 1383 1527 civibus
1411 1468 1863 1525 Cremonensibus
1889 1466 2142 1521 salutem.

650 1563 903 1617 Volumus
934 1574 987 1617 et
1019 1563 1243 1615 firmiter
1267 1562 1517 1631 juhemus
1560 1570 1618 1613 ut
1650 1559 1953 1629 pecuniam,
1981 1572 2143 1627 quam

572 1654 895 1722 promisistis
920 1661 1099 1706 vestro
1151 1652 1346 1705 seniori
1402 1652 1651 1720 episcopo
1704 1664 1800 1717 pro
1836 1647 2065 1702 scaccho
2092 1654 2146 1701 et

574 1746 821 1801 inccndio
845 1755 898 1799 et
947 1746 1123 1814 prmtla
1149 1761 1308 1814 quam
1334 1745 1534 1799 fecistis
1555 1760 1715 1814 super
1738 1742 1880 1797 illius
1904 1740 2139 1805 castella,

2255 556 2475 610 omnino
2517 554 2963 620 transfundimus,
3000 571 3067 612 eo
3104 570 3323 625 quoque
3365 566 3561 623 tenore,
3584 570 3629 614 ut
3661 579 3761 633 pra.

2255 645 2431 701 dictus
2462 644 2633 702 fidelis
2682 655 2866 701 uoster
2910 645 2982 702 II.
3014 646 3325 717 episcopus,
3366 648 3478 701 sive
3516 648 3652 720 longe
3678 656 3762 713 sive

2252 749 2420 805 prope
2448 735 2541 801 sit,
2586 752 2684 791 nos
2710 752 2821 791 suae
2862 736 3143 792 servitutis
3184 752 3292 791 non
3337 738 3764 801 immemoresesse

2254 832 2624 894 recognoscat,
2659 834 2715 879 et
2742 834 2803 879 ut
2822 824 2938 894 ipse
2962 825 3157 894 suique
3184 839 3523 880 successores
3538 826 3598 882 de
3621 844 3763 900 supra-

2252 911 2545 967 nomiuatis
2576 912 2794 981 praediis
2836 913 3061 967 liberam
3096 914 3353 983 deinceps
3377 924 3669 983 potestatem
3698 922 3763 974 lia-

2251 1005 2416 1060 beant
2440 1004 2679 1071 tenendi,
2711 1006 2978 1070 tradendi,
3012 1005 3303 1069 vendendi,
3335 1008 3687 1069 commutandi,
3707 1013 3761 1066 vel

2250 1097 2509 1167 quidquid
2544 1098 2808 1168 placuerit
2849 1096 3081 1152 faciendi
3109 1098 3177 1151 ad
3212 1112 3372 1152 usum
3413 1106 3580 1153 tamen
3605 1116 3761 1168 prauo-

2251 1190 2468 1244 miuata:
2497 1205 2608 1244 suae
2645 1189 2899 1245 Ecclesia:
2943 1190 2994 1243 in
3028 1190 3235 1245 honore
3267 1191 3444 1245 sancti
3469 1190 3647 1246 Lihorii
3668 1210 3762 1248 eet:-

2250 1290 2468 1335 SIructae
2497 1290 2552 1335 et
2586 1290 2935 1337 consecrata.
2959 1282 3047 1347 Et,
3078 1279 3138 1336 ut
3160 1283 3274 1337 haec
3300 1292 3495 1336 nostra:
3521 1285 3761 1340 traditionis

2249 1372 2546 1426 auctoritas
2613 1372 2823 1426 stabilis
2888 1382 2944 1426 et
3008 1372 3323 1427 inconvulsa
3388 1374 3760 1444 omnitempore

2248 1469 2582 1529 perseveret,
2613 1461 2713 1516 hoc
2742 1470 3068 1531 praeceptum
3114 1462 3239 1516 inde
3283 1463 3627 1531 conscriptum
3662 1468 3755 1518 sub-

2250 1560 2445 1623 tusqne
2491 1569 2653 1608 manu
2685 1554 2900 1623 propria
2947 1554 3258 1608 rohoratum
3308 1553 3467 1623 sigilli
3506 1557 3651 1609 nostri
3687 1556 3759 1610 iut-

2246 1642 2526 1711 prcssione
2554 1642 2798 1710 insigniri
2821 1641 3102 1707 iussimus.

2320 1733 2541 1802 Signum
2571 1734 2749 1787 domui
2773 1732 3079 1787 Chuonradi
3109 1732 3435 1787 invictissimi
3466 1732 3761 1789 Romanarum

573 1836 931 1903 adimpleatis,
989 1836 1030 1890 si
1078 1835 1146 1889 de
1183 1845 1362 1889 nostra
1422 1836 1591 1905 gratia
1649 1833 1874 1887 curatis.
1919 1832 2142 1886 Terram
2178 1824 2219 1882 Β
2248 1823 2572 1891 imperatoris
2600 1823 2837 1892 Augusti.
2863 1822 2951 1893 (L.
2987 1821 3080 1892 bl‘.)

571 1939 701 1978 vero
751 1925 1023 1991 Ecclesiae,
1074 1925 1212 1979 sicut
1264 1925 1555 1979 Landult‘us
1584 1923 1870 1993 episcOpus
1902 1929 2145 1991 tempore
2196 1950 2197 1955 π

573 2015 752 2069 domui
787 2016 1124 2084 imperatoris
1170 2014 1383 2069 Ilcnrici
1425 2015 1612 2075 tenuit,
1650 2013 1918 2079 volumus,
1950 2021 2009 2067 ut
2044 2012 2145 2068 iste

573 2114 749 2160 vester
776 2108 954 2163 senior
976 2108 1220 2161 similiter
1249 2107 1432 2177 quiete
1456 2116 1650 2160 teneat.
1681 2105 1756 2159 De
1783 2105 1931 2160 silvis
1958 2114 2141 2159 autem

572 2195 956 2266 Erclesimqnm
984 2198 1035 2251 iu
1060 2198 1283 2253 circuitu
1316 2208 1463 2263 sunt,
1485 2197 1624 2252 unde
1656 2196 1726 2250 illi
1752 2195 1988 2264 quotidie
2016 2210 2147 2250 con-

575 2288 800 2340 trarium
849 2286 1041 2350 fat-itis,
1073 2298 1127 2341 et
1158 2288 1367 2341 utimini
1420 2298 1607 2342 contra
1643 2286 1760 2355 ejus
1794 2285 2141 2349 voluntatem,

568 2377 843 2445 jubemus,
882 2387 1064 2431 utnon
1090 2394 1185 2432 vos
1214 2378 1443 2447 amplius
1483 2376 1885 2442 intromittatis,
1914 2378 1957 2431 si
1982 2376 2143 2430 talem

573 2483 791 2521 censum
821 2469 866 2521 ei
909 2485 1010 2521 non
1051 2468 1276 2529 dederit,
1312 2470 1452 2522 sicut
1499 2466 1854 2520 Mediolanum
1884 2475 1939 2521 et
1981 2466 2143 2536 Papia

573 2568 735 2626 atque
759 2558 1046 2612 Placentia.
1068 2558 1207 2613 0ch
1242 2567 1373 2622 tum,
1401 2574 1569 2629 neque
1595 2559 1735 2614 illius
1754 2574 1928 2628 pares,
1956 2565 2144 2613 contra

573 2647 901 2701 voluntatem
958 2649 1118 2701 vestri
1160 2648 1421 2714 senioris,
1483 2648 1626 2703 nullo
1682 2651 1838 2703 modo
1892 2648 2141 2710 teneatis,

576 2741 621 2795 si
652 2756 883 2809 unquam
913 2740 1139 2809 gratiam
1170 2751 1407 2793 nostram
1434 2742 1632 2796 habere
1660 2742 1874 2811 cupitis.
1905 2740 2142 2795 Homici-

574 2832 671 2883 das
697 2841 749 2885 et
777 2832 1036 2895 latrones,
1084 2833 1173 2900 qui
1223 2832 1356 2885 infra
1386 2831 1656 2885 civitatem
1691 2840 1834 2897 sunt,
1859 2830 1925 2885 de
1953 2829 2147 2899 quibus

575 2925 854 2992 cpiscopus
882 2925 1049 2992 legem
1073 2933 1125 2976 et
1151 2924 1415 2993 justitiam
1448 2928 1621 2979 facere
1656 2922 1789 2986 vult,
1821 2936 1917 2992 per
1942 2930 2144 2977 rectam

577 3015 733 3068 fidem
783 3024 905 3069 ante
954 3016 1288 3082 prtesentiam
1336 3015 1450 3083 ejus
1486 3014 1820 3076 conducatis.
1849 3021 1905 3068 et
1946 3027 2039 3069 eos
2067 3011 2145 3067 le-

575 3104 768 3173 galiter
788 3104 1028 3175 judicare
1059 3104 1338 3171 adjuvetis.

1300 3195 1461 3251 XVII.

931 3286 1037 3341 Pro
1080 3287 1312 3341 Ecclesia
1344 3285 1783 3341 Parterbornensi.

1166 3378 1341 3447 (Auno
1368 3378 1550 3447 1032.)

749 3467 1021 3539 lEnnaun,
1060 3465 1191 3520 Cod.
1228 3466 1445 3535 diplom.
1491 3466 1742 3535 Weslplt.,
1771 3480 1824 3534 p.
1852 3461 1965 3534 92.]

641 3561 698 3615 In
730 3563 945 3615 nomine
972 3568 1171 3613 sanctae
1197 3568 1254 3612 et
1284 3559 1574 3611 individua:
1600 3559 1634 3610 Ἰ
1650 3556 1905 3621 rinitatis,
1936 3554 2144 3609 Cauca-

576 3666 768 3714 nnuus,
796 3650 972 3703 divina
1002 3649 1215 3703 favente
1239 3648 1548 3713 clementia,
1578 3647 1942 3701 Romanorum
1973 3646 2144 3714 impe—

576 3750 725 3795 rator
750 3743 1049 3809 Augustus,
1774 3742 1785 3753 ‘

649 3829 866 3883 Noverit
901 3830 1137 3883 onminm
1179 3830 1273 3884 Dei
1317 3828 1597 3898 nostrique
1636 3827 1872 3883 fidelium
1903 3841 2143 3896 praesen-

580 3922 711 3976 tium
742 3922 942 3975 scilicet
969 3936 1032 3975 ac
1085 3921 1389 3975 futurormn
1445 3916 1730 3984 industria,
1764 3920 1999 3989 qualiter
2044 3935 2144 3976 nos

583 4008 725 4064 ﬁdeli
755 4020 945 4063 nostro
975 4008 1329 4079 Meginwcrco
1353 4008 1781 4065 Paderburnensi
1814 4008 2066 4079 episcopo
2089 4018 2144 4064 et

575 4097 829 4153 Ecclesiae
887 4096 972 4150 cui
1030 4098 1177 4167 ipse,
1234 4097 1345 4153 Deo
1397 4099 1671 4163 donante,
1724 4099 2011 4168 praesidet,
2075 4099 2172 4153 ob-

578 4186 946 4242 interventnm
991 4199 1046 4243 et
1086 4189 1400 4258 petitionem
1433 4189 1640 4243 dilecta!
1677 4187 1919 4258 conjugis
1949 4196 2146 4244 nostra:

573 4276 735 4332 Gislze
764 4279 1123 4347 imperatricis
1159 4280 1415 4348 Augustae
1439 4288 1493 4332 et
1522 4279 1913 4336 amantissimae
1946 4289 2145 4335 nostra:

574 4366 742 4437 prolis
789 4367 1024 4426 Heiurici
1072 4368 1217 4438 regia
1264 4375 1318 4420 et
1362 4367 1618 4437 Egilberti
1649 4367 2007 4439 Frisingensis
2043 4367 2144 4422 Ec-

2320 1913 2603 1968 Odalricus
2638 1914 2999 1969 cancellarius
3038 1914 3104 1969 ad
3136 1913 3308 1969 vicem
3352 1914 3595 1969 Bardonis
3618 1916 3760 1970 archi-

2245 2002 2481 2072 epiScOpi
2511 2004 2837 2072 recognovit.

2324 2092 2460 2147 Data
2487 2108 2556 2147 xv
2585 2092 2708 2147 Kal.
2738 2092 2923 2157 Fchr.,
2958 2094 3254 2149 indictione
3282 2110 3371 2158 xv,
3411 2109 3545 2148 anno
3568 2093 3763 2147 Domini-

2247 2197 2324 2238 ca:
2349 2182 2743 2238 lncarnationis
2780 2183 2946 2250 1032;
2998 2200 3141 2240 anno
3168 2194 3349 2239 autem
3379 2185 3551 2239 domui
3585 2185 3760 2238 CIIIIOII-

2245 2274 2363 2329 radi
2399 2272 2441 2327 ll
2474 2273 2751 2343 regnantis
2781 2290 2897 2339 vttt,
2928 2276 3134 2345 imperii
3169 2268 3301 2331 ver'o
3327 2292 3382 2329 v.

2317 2365 2511 2420 Actum
2539 2364 3063 2420 Hiltiwardeshusun
3095 2365 3345 2422 feliciter.
3374 2367 3553 2422 Amen.

2942 2455 3124 2511 XVIII.

2603 2546 2709 2600 Pro
2748 2544 2983 2600 Ecclesia
3028 2546 3467 2601 Paderbomeusi.

2822 2635 3001 2705 (Anno
3041 2636 3223 2707 I052.)

2425 2726 2691 2798 [Eanum
2729 2726 2864 2784 Cod.
2899 2728 3115 2798 diplom.
3146 2728 3408 2797 Westplt.,
3443 2743 3492 2797 p.
3520 2726 3621 2798 95.]

2319 2816 2380 2872 C.
2422 2818 2478 2872 ιιι
2536 2818 2756 2873 nomine
2814 2828 3014 2873 sancta:
3068 2827 3123 2878 et
3174 2818 3464 2872 individua:
3515 2817 3761 2877 Trinitatis,

2248 2906 2619 2975 Cuuoansous,
2648 2910 2825 2964 divina
2856 2908 3070 2964 favente
3110 2908 3424 2975 clementia,
3454 2906 3764 2961 liontanoruui

2248 2996 2543 3068 imperator
2569 3000 2866 3070 Augustus.

2320 3087 2454 3153 Quia
2500 3103 2619 3153 nos,
2668 3088 2847 3142 divina
2894 3087 3211 3157 disponente
3265 3086 3569 3151 clementia,
3604 3085 3767 3139 ueteris

2171 3159 2213 3218 ο
2249 3177 2713 3245 superemiuemus
2734 3176 3074 3240 mortalibus,
3096 3185 3307 3245 oportet
3336 3186 3394 3229 ut
3414 3175 3564 3243 cujus
3591 3189 3768 3226 munere

2247 3268 2633 3339 prmcellimus,
2673 3268 2790 3337 ejus
2830 3282 3043 3337 quoque
3067 3266 3333 3321 voluntati
3362 3266 3605 3320 omnibus
3634 3264 3769 3316 modis

2247 3377 2440 3432 parere
2467 3363 2799 3419 studeamus.
2838 3363 3178 3432 Quapropter
3207 3361 3461 3416 omnibus
3494 3360 3669 3415 Christi
3699 3373 3769 3410 no-

2248 3455 2484 3523 strisque
2540 3453 2786 3509 fidelibus
2834 3452 3190 3523 praesentibus
3240 3452 3447 3508 scilicet
3504 3466 3564 3505 ac
3618 3449 3769 3503 futuris

2252 3553 2441 3600 notum
2489 3561 2611 3601 esse
2659 3545 2924 3611 volumus,
2958 3544 3193 3616 qualiter
3230 3560 3329 3599 nos
3362 3545 3431 3599 ob
3463 3546 3769 3598 interventum

2249 3651 2314 3692 ac
2349 3638 2664 3707 petitionem
2711 3638 2918 3692 dilectae
2946 3635 3188 3705 conjugis
3216 3645 3415 3690 nostra:
3441 3635 3595 3690 Gisla:
3633 3634 3769 3702 impc-

2248 3728 2465 3783 ratricis
2507 3729 2759 3797 Augustae
2803 3736 2855 3782 et
2898 3726 2995 3782 lilii
3048 3726 3215 3779 nostri
3240 3724 3498 3796 .Ileinrici
3541 3724 3681 3791 regis,
3729 3731 3768 3774 et

2253 3817 2510 3888 Egilberti
2559 3816 2921 3887 Frisingensis
2969 3816 3222 3870 Ecclesia:
3247 3815 3513 3884 epise0pi,
3542 3813 3664 3868 fideli
3702 3828 3771 3864 no-

2248 3916 2362 3963 stro
2420 3907 2799 3977 Meginvcrcho
2848 3905 3319 3961 Bodrebrunnensi
3360 3904 3655 3981 venerabili.
3684 3901 3773 3971 epi-

2247 4013 2434 4069 scopo,
2487 4006 2543 4051 et
2568 3995 2812 4052 ecclesia:
2850 3997 2901 4050 in
2943 3996 3149 4051 honore
3186 4004 3388 4051 sanetur
3418 3996 3512 4050 Dei
3543 3993 3774 4066 genitricis

2247 4089 2429 4145 Mariae
2454 4098 2509 4144 et
2551 4088 2725 4143 sancti
2752 4087 2995 4157 Cltyliani
3026 4087 3283 4157 martyris
3325 4096 3380 4141 et
3413 4086 3579 4140 sancti
3605 4082 3772 4141 Liboni

2245 4178 2574 4235 confessoris
2604 4185 2927 4233 constrch
2948 4186 3003 4232 et
3037 4184 3390 4243 consecratae,
3422 4176 3507 4230 cui
3540 4175 3663 4244 ipse,
3693 4173 3776 4225 Dm

2246 4271 2504 4333 donante,
2554 4269 2828 4340 praesidet,
2872 4285 3087 4324 omnem
3134 4277 3459 4338 potestatem
3512 4268 3776 4325 comitatus,

2248 4377 2408 4431 quam
2434 4360 2797 4416 Ilcrimaunus
2824 4375 3007 4416 comes
3029 4360 3082 4415 in
3109 4360 3227 4415 istis
3252 4360 3424 4415 tribus
3446 4359 3614 4429 pagis,
3638 4357 3776 4423 Auge.

574 4456 752 4512 clesia:
807 4458 1133 4513 venerabilis
1192 4457 1425 4527 episcopi
1455 4498 1469 4521 ,
1523 4473 1622 4512 nec
1690 4474 1797 4514 non
1858 4461 1928 4514 ob
1986 4474 2142 4514 suum
2178 4490 2223 4549 ο
2249 4452 2476 4523 thega,
2511 4453 2732 4522 Ilessiga
2770 4453 2953 4517 habet,
2978 4467 3099 4507 cum
3141 4452 3289 4507 omni
3323 4450 3449 4520 jure
3480 4451 3543 4506 ad
3570 4450 3777 4505 eumdem

574 4545 834 4615 frequens
880 4557 935 4600 et
972 4547 1224 4600 devotum
1265 4547 1566 4611 servitium,
1607 4550 1895 4617 quamdam
1943 4558 2146 4605 nostra:

575 4635 921 4705 proprietatis
955 4645 1160 4691 eurtem
1192 4635 1552 4692 Gardcuebiki
1596 4638 1950 4704 nominatam,
1981 4640 2143 4695 situm

582 4726 635 4779 iu
661 4742 796 4796 pago
834 4726 993 4780 Laeni
1023 4727 1074 4780 in
1116 4726 1376 4782 comitatu
1418 4725 1729 4783 llerimanni
1759 4730 1993 4796 comitis,
2021 4746 2142 4786 cum

574 4821 720 4873 omni
756 4835 850 4874 sua
887 4820 1220 4889 integritate,
1245 4820 1326 4873 vel
1359 4820 1617 4889 quidquid
1648 4821 1833 4890 praedii
1858 4822 2145 4878 habuimus

577 4911 629 4965 iu
681 4911 819 4965 villis
859 4909 1165 4975 meadal,
1218 4910 1598 4981 Molduggane,
1642 4910 2142 4978 Liudulveshusun,

576 5000 736 5053 situm
786 5000 840 5052 in
871 4999 1057 5053 eodem
1091 5015 1227 5069 pago
1274 5008 1327 5052 ct
1377 5001 1429 5053 in
1476 5003 1733 5056 comitatu
1774 5002 2145 5071 praenominati

579 5089 645 5143 ιι.
692 5090 928 5151 comitis,
976 5104 1099 5144 cum
1148 5089 1403 5143 omuilms
1440 5089 1505 5143 ad
1547 5090 1687 5144 idem
1730 5091 2143 5160 pertinentibus,

578 5196 699 5234 cum
737 5181 902 5246 areis,
924 5180 1186 5245 mdiﬁciis,
1216 5181 1498 5250 mancipiis
1528 5182 1807 5251 utriusque
1830 5197 1992 5237 sexus
2016 5182 2146 5237 inibi

580 5273 968 5336 habitantibus,
1007 5273 1169 5342 agris,
1215 5273 1372 5326 terris
1401 5272 1564 5327 cultis
1586 5281 1638 5326 et
1684 5272 1917 5336 incultis,
1954 5275 2144 5341 pratis,

578 5365 812 5435 pascuis,
861 5365 1081 5433 campis,
1135 5363 1303 5428 silvis,
1352 5364 1747 5429 venationibus,
1786 5365 1940 5434 aquis
1982 5381 2147 5434 aqua-

579 5472 765 5512 rumve
787 5457 1126 5520 decursibus,
1152 5456 1561 5524 piscatiouihus,
1593 5456 1767 5523 molis,
1802 5457 2144 5522 molendinis,

578 5550 679 5609 viis
730 5558 784 5603 et
838 5549 1027 5612 inviis,
1076 5549 1307 5603 exitibus
1356 5557 1411 5604 et
1462 5550 1748 5613 reditibus,
1802 5551 2041 5620 quaesitis
2090 5560 2146 5605 et.

581 5640 937 5712 inquirendis,
971 5654 1065 5693 seu
1095 5652 1215 5693 cum
1244 5640 1388 5694 omni
1421 5638 1652 5695 utilitate
1682 5656 1801 5711 qua:
1849 5650 1942 5695 aut
1981 5642 2144 5697 scribi

580 5742 672 5787 aut
709 5732 972 5788 nominari
1008 5738 1202 5799 potest,
1232 5733 1283 5787 in
1316 5732 1588 5803 proprium
1626 5735 1943 5792 tradidimus
1987 5744 2041 5791 et
2077 5735 2145 5791 de

2250 4543 2560 4599 comitatum
2586 4543 2730 4613 juste
2766 4559 2830 4598 ac
2882 4543 3123 4613 legaliter
3164 4543 3498 4612 pertinente,
3543 4551 3595 4597 et
3632 4539 3776 4595 omnia

2249 4636 2446 4705 prmdia
2479 4635 2528 4688 in
2556 4634 2757 4689 eisdem
2784 4634 2937 4705 pagis
2962 4636 3031 4689 ad
3075 4644 3288 4690 nostras
3336 4651 3530 4689 manus
3554 4635 3715 4689 habita
3740 4642 3779 4682 cl

2248 4726 2591 4797 postmodum
2644 4725 2994 4796 acquirenda,
3044 4732 3164 4781 cum
3211 4727 3466 4781 omnibus
3512 4726 3577 4780 ad
3630 4725 3780 4779 eadem

2250 4817 2445 4872 merito
2498 4816 2906 4886 aspicientibus,
2943 4833 3063 4871 cum
3107 4818 3269 4885 arcis,
3313 4818 3576 4878 adificiis,
3618 4815 3780 4870 manci-

2248 4909 2368 4979 piis,
2408 4910 2575 4979 agris,
2613 4909 2772 4964 terris
2795 4907 2954 4963 cultis
2998 4918 3050 4963 et
3095 4910 3333 4976 incultis,
3366 4911 3559 4981 pratis,
3584 4908 3779 4979 pascuis,

2250 5000 2476 5067 campis,
2508 4999 2681 5062 silvis,
2728 4985 3124 5065 venationibus,
3166 5001 3323 5069 aquis
3360 5014 3685 5070 aquarumve
3714 4999 3782 5048 de-

2251 5096 2526 5159 cursibus,
2560 5096 2973 5165 piscationihns,
3007 5096 3181 5158 molis,
3230 5095 3579 5163 molendinis,
3618 5095 3709 5147 viis
3742 5100 3782 5144 et

2252 5188 2433 5254 inviis,
2478 5188 2713 5243 exitibus
2742 5196 2797 5240 et
2841 5187 3124 5252 reditibus,
3157 5189 3401 5258 qumsitis
3443 5198 3501 5241 et
3548 5186 3783 5256 inquiren-

2251 5279 2352 5342 dis,
2398 5294 2493 5333 seu
2550 5293 2673 5334 cum
2727 5279 2873 5332 omni
2917 5279 3151 5334 utilitate
3193 5295 3312 5349 quae
3352 5279 3461 5333 ullo
3507 5280 3657 5333 modo
3690 5274 3783 5329 inde

2251 5372 2535 5440 provenire
2563 5370 2782 5439 poterit,
2810 5386 2904 5439 per
2941 5372 3040 5425 hoc
3088 5380 3330 5426 nostrum
3366 5371 3643 5439 imperiale
3678 5383 3783 5439 pne-

2251 5472 2463 5529 ccptum
2497 5460 2549 5514 in
2577 5460 2850 5529 propriqu
2883 5462 3199 5517 donavimus
3221 5470 3386 5531 atque
3414 5461 3781 5532 largitisumus,

2251 5554 2492 5607 omnium
2538 5554 2817 5608 hominum
2851 5555 3275 5609 contradictione
3318 5564 3650 5611 remota..eo
3679 5566 3782 5619 quo.

2252 5660 2355 5714 que
2386 5654 2570 5701 tenore
2602 5655 2657 5701 ut
2686 5647 2972 5716 pranlictus
3001 5646 3171 5701 fidelis
3202 5656 3386 5701 noster
3408 5646 3482 5699 Μ.
3519 5646 3779 5719 cpiscopus

2253 5737 2366 5792 sive
2411 5737 2568 5805 longe
2612 5726 2919 5806 sivcprope
2962 5718 3090 5803 sit,.
3117 5752 3215 5792 nos
3242 5752 3353 5793 sua)
3394 5718 3668 5792 servitutis
3701 5746 3779 5786 non

3442 5968 3471 5981 Ὦ
