3896 6314
122 391 225 451 ιοθι

123 509 410 566 immemores
462 502 574 545 esse
625 492 999 557 recognoscat,
1057 495 1112 540 et
1166 493 1226 542 nt
1263 486 1379 558 ipse
1432 487 1626 558 suique
1658 471 1702 525 Α

119 582 521 655 successores-de
571 577 772 632 eisdem
824 577 1039 646 praediis
1090 577 1318 633 liberam
1373 578 1626 649 deinceps

120 687 389 756 potestatem
417 670 641 726 habeant
684 666 931 731 tenendi,
992 667 1267 731 tradendi,
1329 668 1622 731 vendendi,

120 762 453 831 commutandi,
499 757 579 812 vel
634 757 892 826 quidquid
943 756 1207 827 placuerit
1252 757 1507 823 faciendi,
1558 759 1628 814 ad

121 877 243 920 usum
278 868 440 912 tamen
472 849 870 922 pramom'iuataa
892 849 1167 905 Ecclesiae.
1199 849 1325 905 Haec
1367 866 1498 908 vere
1533 852 1628 906 do-

120 947 314 1009 nationis
350 940 630 997 auctoritas
661 947 718 993 ut
766 938 818 992 in
865 940 957 994 Dei
992 940 1209 994 nomine
1226 940 1504 1011 pleniores
1530 943 1627 996 oh-

121 1043 254 1095 tineat
281 1032 561 1092 ﬁrmitates,
592 1042 750 1081 manu
787 1028 1002 1097 propria
1037 1028 1228 1083 subtus
1252 1045 1368 1084 eam
1393 1029 1629 1087 tlrinavi-
1688 1076 1695 1079 .

119 1144 227 1191 inus,
261 1122 517 1192 sigilloque
550 1125 734 1172 nostro
766 1117 1011 1187 insigniri
1036 1118 1323 1184 jussimus.

172 1213 356 1283 Signum
383 1209 551 1260 domm
578 1203 880 1258 CImouradi
915 1206 1238 1261 invictissimi
1270 1207 1626 1266 Romanorum

119 1299 392 1371 imperatoris
414 1295 492 1367 (L.
522 1294 617 1361 Μ.)
651 1296 893 1363 Augusti.

171 1392 416 1449 Odalricus
454 1386 810 1442 cancellarius
847 1388 913 1441 ad
947 1389 1115 1444 vicem
1142 1389 1406 1449 Bardonis
1446 1394 1627 1449 archi-

117 1482 304 1556 episcopi
339 1478 657 1549 recognovit.

169 1576 276 1628 Data
300 1588 361 1626 xv
385 1569 496 1624 Kal.
520 1568 685 1632 Feb.,
711 1568 999 1626 indictione
1036 1588 1124 1638 xv,
1152 1588 1293 1630 anno
1332 1576 1625 1631 Dominicie

116 1662 451 1721 lucarnationis
505 1660 645 1715 1032
666 1700 681 1725 ,
709 1676 852 1715 anno
882 1673 1068 1718 autem
1106 1666 1287 1721 domui
1319 1667 1625 1725 Cbuonradi

112 1757 144 1812 ll
169 1753 404 1825 regnantis
429 1767 540 1816 viii,
579 1752 787 1823 imperii
820 1768 945 1808 vero
972 1770 1023 1808 v.

166 1850 326 1903 Actum
353 1844 624 1901 Fritislare
653 1845 906 1901 feliciter.
938 1848 1133 1902 Amen.

766 1956 910 2014 XIX.

411 2068 517 2123 Pro
550 2068 787 2123 Ecclesia
823 2069 1257 2130 Paderbornemi.

620 2162 797 2231 (Anno
825 2162 981 2216 1032.

235 2252 473 2325 [ECHARD,
504 2250 637 2306 Cod.
669 2253 882 2322 diplom.
920 2254 1176 2325 Westpn.,
1210 2276 1263 2329 p.
1314 2260 1428 2334 9%.]

158 2342 205 2398 ϐ.
252 2342 300 2396 In
348 2343 562 2398 nomine
618 2353 818 2399 sanctae
863 2354 917 2399 et
974 2346 1259 2404 individua:
1315 2352 1618 2419 Trinitatis,

104 2437 423 2497 Canosnitnus,
454 2432 633 2487 divina
670 2432 882 2491 favente
913 2437 1215 2510 clementia,
1248 2442 1617 2502 Romanorum

104 2531 341 2598 imperator
372 2526 670 2595 Augustus.

153 2619 274 2673 Sicut
303 2635 393 2674 nos
408 2632 474 2674 ex
499 2616 766 2687 promptis
792 2629 845 2673 et
870 2620 1099 2678 assiduis
1124 2625 1357 2683 servitiis
1380 2628 1613 2686 fidelium

99 2701 347 2765 nostrorum
374 2718 691 2782 gaudemus,
725 2710 795 2764 ita
824 2728 1039 2784 quoque
1062 2716 1281 2786 dignum
1324 2731 1379 2776 et
1399 2722 1608 2790 justum

97 2816 188 2855 esse
212 2802 345 2857 nobis
375 2804 586 2858 videtur
615 2811 671 2856 ut
709 2817 802 2857 eos
838 2806 903 2859 de
928 2808 1208 2884 cotuligz-iis
1240 2814 1352 2873 suis
1377 2820 1613 2890 pt’iéll‘iiis

96 2893 280 2959 gaudere
316 2893 595 2949 faciamus.
651 2891 992 2970 Qmpwpter
1035 2909 1331 2975 comperiat
1372 2914 1610 2970 omnium

96 2981 165 3034 Dei
190 2984 438 3054 nostrique
463 2985 702 3053 fidelium
746 2995 1087 3063 praesentium
1116 2996 1321 3053 scilicet
1355 3015 1419 3056 ac
1471 3002 1612 3057 futu-

94 3088 234 3127 rorum
257 3075 525 3145 industria,
553 3082 791 3149 qualiter
820 3101 916 3139 nos
940 3086 1009 3140 ob
1040 3086 1397 3149 interventum
1430 3110 1495 3150 ac
1524 3112 1610 3164 pc-

94 3161 288 3215 titionem
314 3165 515 3221 dilecta:
537 3170 787 3241 conjugis
818 3181 1013 3229 nostra:
1039 3175 1203 3233 Gisia:
1252 3150 1612 3250 imperatricis

90 3252 314 3323 Augustic,
343 3267 393 3312 et
443 3261 758 3319 charissimi
791 3265 882 3319 filii
934 3269 1101 3324 nostri
1155 3272 1389 3327 lleinrici
1452 3277 1610 3343 regis,

90 3342 198 3434 ﬁdeli
218 3357 383 3401 nostro
415 3350 819 3423 llegiirwcrcbo
848 3361 1137 3415 venerabili
1168 3364 1419 3434 episcopo
1438 3377 1492 3422 et
1519 3342 1610 3423 ee;

87 3430 224 3486 desiit!
247 3436 321 3495 cui
372 3438 501 3510 ipse,
535 3445 646 3501 Deo
697 3447 951 3513 donante,
1006 3453 1276 3521 priesidet,
1312 3455 1362 3510 in
1410 3457 1612 3515 honore

86 3534 244 3618 Sitti-CK:
272 3531 350 3584 Dei
382 3536 664 3603 genitricis
712 3538 892 3594 Mariae
918 3550 971 3613 et
1000 3545 1168 3598 sancti
1198 3546 1438 3618 Chyliani
1469 3566 1610 3605 mar-

86 3615 188 3682 tyris
204 3622 463 3691 sanctique
488 3626 904 3701 Liboriiegrcgii
919 3633 1241 3690 confessoris
1260 3615 1605 3708 constructa},

84 3720 155 3758 sex
180 3713 441 3782 mancipia,
477 3733 709 3787 quorum
742 3721 854 3777 hinc
877 3734 1003 3777 sunt
1037 3728 1249 3783 nomina
1284 3748 1297 3785 :
1324 3730 1610 3789 Thiethar—

82 3797 307 3897 pbr.,
355 3804 546 3872 Liuza,
609 3810 907 3883 llcregrim,
956 3817 1202 3883 Etliilier,
1247 3821 1604 3897 Athaluuard,

81 3884 344 3955 Wicburch,
371 3914 492 3951 cum
519 3902 773 3958 omnibus
815 3908 926 3961 suis
979 3907 1297 3965 substantiis
1355 3930 1453 3984 per
1506 3884 1607 3973 hoc

79 3988 276 4079 nostrum
308 3984 589 4056 imperiale
624 4005 948 4064 praeceptum
979 4001 1361 4069 perpetualiter
1386 4006 1436 4059 in
1483 4022 1609 4077 pro-

78 4077 217 4157 prium
234 4077 541 4135 tradidimus
554 4092 611 4135 et
626 4084 689 4137 de
712 4087 1022 4157 nostrojure
1037 4105 1101 4145 ac
1122 4091 1360 4149 dominio
1373 4095 1424 4150 in
1448 4112 1603 4154 suum

73 4155 287 4231 jnsatque
302 4167 596 4225 dominium
612 4176 828 4228 omnino
844 4178 1230 4239 transfudimus
1252 4193 1412 4255 atque
1427 4188 1601 4261 largiti

76 4263 315 4338 sumus,eo
335 4273 549 4330 quoque
584 4270 786 4330 tenore,
816 4276 873 4320 ut
902 4270 1189 4338 praedictus
1216 4274 1392 4332 fidelis
1417 4290 1604 4335 noster

76 4336 453 4431 ileginwercbus
486 4355 774 4425 episcopus
796 4360 987 4431 suique
1020 4380 1362 4426 successores
1406 4373 1471 4428 de
1499 4376 1601 4429 eis-

72 4428 164 4486 dem
192 4443 457 4512 mancipiis
485 4445 711 4501 liberam
740 4428 989 4523 deinceps

74 4523 309 4623 vendendi,
343 4532 612 4597 tradendi,
643 4523 1031 4610 commutandi,
1064 4549 1146 4603 vel
1190 4553 1449 4623 quidquid
1501 4523 1601 4617 sibi

74 4607 288 4705 placuerit
310 4616 564 4689 faciendi,
597 4627 661 4680 ad
692 4645 844 4684 usum
878 4607 1053 4690 tamen
1084 4607 1476 4703 suceDEccl'cs—iie

70 4698 413 4797 tlrahrunnensi
450 4717 763 4774 nominatae.
793 4721 854 4776 Et
880 4734 941 4778 ut
980 4726 1093 4782 haec
1115 4741 1314 4789 nostm:
1358 4698 1605 4797 tradit—io-

66 4793 129 4843 οἱς
150 4804 423 4885 auctoritas
448 4808 637 4876 plenas
666 4810 717 4863 in
752 4812 841 4866 Dei
869 4818 1085 4873 nomine
1126 4821 1324 4879 habeat
1377 4793 1603 4885 firmita-

66 4886 143 4940 tes.
165 4884 285 4942 hanc
313 4892 559 4949 chartam
590 4898 709 4952 inde
729 4906 1093 4975 conscriptam
1120 4911 1415 4984 subtusque
1439 4884 1601 4975 manu

63 4979 239 5078 Prgpria
268 4984 600 5055 roboratam,
626 4992 801 5062 sigillo
833 5007 1017 5054 nostro
1042 5002 1288 5075 insigniri
1316 4979 1598 5078 jussimus.

64 5153 72 5163 ι
113 5064 306 5135 Signum
334 5074 517 5131 damni
549 5080 854 5140 Cliuonradi
884 5093 1208 5151 invictissimi
1238 5098 1598 5162 Romanorum

112 5246 370 5312 Oilalricus
401 5265 757 5325 cancellarius
782 5273 898 5330 vice
920 5275 1180 5337 Bardonis
1202 5284 1597 5360 archiepiscopi

62 5348 352 5407 recognovit.

118 5430 232 5487 Data
256 5454 325 5492 iur
357 5441 477 5496 Kal.
506 5444 682 5517 Sept.,
714 5452 1003 5512 indictione
1029 5475 1118 5521 xv,
1146 5476 1286 5517 anno
1311 5463 1598 5530 Don‘iiuicae

53 5515 409 5620 incarnationis
440 5537 608 5607 1031;
643 5558 782 5599 anno
832 5558 1010 5603 autem
1062 5553 1240 5609 domui
1290 5515 1595 5620 Clittonradi

56 5617 241 5671 secundi
267 5628 541 5693 regnantis
567 5646 677 5693 vui.
710 5635 918 5707 imperii
955 5656 1081 5697 vero
1114 5660 1186 5699 γι.

107 5702 282 5765 Actum
311 5714 688 5790 Magadcburc.

1322 371 1798 431 CllUONBADllS
1837 374 1876 429 ll
1897 372 2033 430 IMP.

3185 386 3318 443 ιοθς

2466 512 2585 567 XX.

1730 640 2037 697 Chuouradi
2064 642 2190 713 imp.
2222 642 2572 767 privilegiizin.
2598 663 2690 715 pro
2719 656 3032 705 uionaszerio
3078 648 3140 707 S.
3172 650 3319 706 Mar—

2495 731 2591 767 im.

2495 731 2591 771 tm.

2330 823 2513 894 (Anno
2553 825 2737 900 1055.)

1933 954 2199 1030 [Eanum
2232 951 2366 1009 Cod.
2399 955 2613 1024 diplom.
2638 958 2895 1032 Westpli.,
2919 978 2973 1032 p.
3004 963 3120 1035 96.]

1799 1067 1862 1124 C.
1910 1065 1969 1121 In
2034 1067 2253 1122 nomine
2304 1076 2507 1123 sanctze
2558 1078 2613 1123 et
2670 1071 2957 1129 individua:
3004 1076 3312 1141 Trinitatis,

1728 1164 2105 1234 Cnuoxnanus,
2138 1168 2317 1222 divina
2353 1167 2573 1223 favente
2599 1166 2909 1234 clementia,
2944 1166 3313 1224 Romanorum

1730 1260 2024 1331 imperator
2045 1264 2341 1332 Augustus.

1805 1368 1864 1424 Si
1900 1370 1952 1423 in
1990 1370 2335 1426 monasteriis
2372 1370 2748 1425 construendis
2774 1369 3008 1424 studium
3054 1370 3313 1426 habueri-

1729 1478 1850 1518 mus
1881 1473 1975 1517 aut
2000 1463 2120 1518 aliis
2148 1464 2199 1518 in
2234 1464 2374 1518 idem
2397 1462 2834 1533 conspirantibus
2862 1470 3042 1516 votum
3071 1461 3317 1532 prrcbuc-

1729 1553 1900 1609 rimus
1933 1570 2232 1620 assensum,
2263 1571 2369 1609 non
2402 1555 2577 1609 solum
2629 1555 2695 1608 ad
2752 1553 3079 1622 temporalis,
3123 1568 3315 1609 verum

1729 1644 1892 1699 etiam
1923 1645 1990 1699 ad
2016 1646 2203 1700 aeterni
2235 1645 2385 1714 regni
2415 1645 2752 1700 commodum
2786 1643 2889 1699 hoc
2939 1645 3092 1699 nobis
3122 1645 3313 1714 profu-

1733 1742 1908 1788 turum
1936 1750 2187 1790 essenon
2234 1736 2575 1807 ambigimus.
2626 1734 2962 1805 Quapropter
3009 1744 3191 1790 notum
3241 1736 3314 1791 sit

1658 1807 1701 1867 Β
1732 1806 1980 1879 omnibus
1999 1822 2320 1880 Christiana:
2351 1806 2649 1894 religionis,
2698 1823 3057 1893 praesentibus
3101 1824 3313 1879 scilicet

1730 1920 1891 1981 atque
1914 1911 2130 1980 futuris,
2159 1914 2394 1984 qualiter
2418 1928 2515 1968 nos
2537 1912 2606 1968 ob
2636 1913 2997 1967 interventum
3048 1926 3114 1967 ac
3167 1914 3309 1982 peti-

1731 2000 1930 2055 tionem
1982 2002 2190 2057 dilecta:
2241 2001 2484 2075 conjugis
2521 2011 2719 2057 nostra:
2751 1999 2910 2056 Gislie
2952 2000 3311 2069 imperatricis

1726 2092 2253 2166 videlicetAuguske,
2277 2094 2727 2150 etamantissima:
2751 2103 2949 2148 nostrm
2961 2092 3128 2164 prolis
3148 2092 3311 2148 licin-

1728 2181 1825 2237 rici
1868 2184 2033 2254 regis,
2058 2199 2286 2239 necnon
2313 2186 2564 2241 Aribonis
2599 2184 3022 2256 Mogontinensis
3051 2185 3311 2241 Ecclesia:

1724 2272 2115 2344 archiepiscopi
2154 2284 2208 2329 et
2240 2272 2498 2344 Piligrinii
2537 2273 2875 2331 Coloniensis
2924 2274 3180 2330 Ecclesia:
3220 2291 3310 2330 ar-

1722 2365 2069 2435 chiepiscopi,
2093 2367 2251 2422 simul
2272 2370 2436 2424 etiam
2466 2382 2587 2422 cum
2627 2382 2897 2422 consensu
2927 2368 3169 2421 omnium
3213 2384 3311 2422 no-

1720 2467 1955 2513 strorum
1997 2459 2232 2515 fidelium
2258 2460 2349 2529 qui
2399 2468 2527 2514 tunc
2576 2459 2833 2528 temporis
2864 2457 2937 2512 ibi
2970 2458 3260 2513 adfuerunt
3290 2497 3307 2525 ,

1726 2550 2013 2621 Sigeberto
2038 2550 2408 2607 Minduuensis
2439 2550 2694 2605 Ecclesim
2723 2550 2999 2620 episcopo,
3020 2550 3150 2604 inibi
3180 2565 3309 2605 con-

1718 2646 1957 2701 struendi
1982 2647 2296 2701 monasterii
2318 2646 2371 2701 in
2394 2646 2600 2701 honore
2612 2644 3011 2700 sanctiMartini
3034 2645 3308 2705 licentiam

1716 2736 2100 2791 concessimus.
2148 2736 2372 2807 Insuper
2420 2737 2661 2796 omnium
2708 2737 2923 2797 noverit
2980 2742 3248 2796 indus.ria
3285 2802 3304 2830 ’

1713 2828 1948 2905 qualiter
1972 2828 2214 2904 ejusdem
2242 2830 2384 2890 sedis
2405 2834 2689 2905 episcopus
2720 2833 3036 2890 curtiferum
3063 2851 3080 2890 ι
3111 2835 3163 2889 in
3190 2828 3301 2904 quo

1715 2924 1856 2980 idem
1915 2927 2303 2981 monasterium
2356 2936 2411 2982 et
2468 2927 2763 2982 claustrum
2824 2928 3307 2997 cmiueteriumque

1714 3026 1840 3070 sunt
1872 3026 2219 3083 constructa,
2271 3027 2325 3071 et
2362 3017 2618 3073 curtifera
2664 3033 2736 3073 vi.
2768 3032 2836 3074 ex
2878 3027 3107 3088 utraque
3146 3029 3302 3088 parte

1714 3110 2048 3175 monasterii,
2072 3119 2127 3164 ct
2148 3111 2312 3165 salice
2339 3110 2542 3166 telluris
2575 3127 2634 3166 ιιι
2666 3126 2882 3166 mansos
2906 3126 3028 3165 cum
3054 3112 3134 3165 sui
3157 3111 3297 3180 juris

1715 3200 1941 3269 praedio,
1977 3201 2136 3255 idest
2164 3202 2365 3255 mansis
2399 3218 2473 3257 xu
2500 3203 2564 3257 de
2587 3201 2899 3257 monasterii
2933 3200 3117 3258 Sancti
3153 3200 3299 3257 Petti

1714 3294 2043 3362 proprietate
2071 3295 2124 3350 in
2145 3294 2301 3350 istius
2336 3295 2519 3351 Sancti
2546 3296 2760 3352 Martini
2785 3298 3097 3352 monasterii
3118 3298 3208 3368 jus
3234 3313 3301 3354 ac

1714 3391 2031 3451 potestatem
2066 3394 2516 3441 commutaverat.
2556 3387 2613 3441 ln
2646 3386 2766 3444 loco
2820 3388 2963 3443 enim
3013 3386 3301 3443 llildiwar'

1712 3473 2049 3543 dingaimsun
2080 3477 2228 3531 dicto
2255 3478 2385 3532 etin
2417 3476 2539 3534 aliis
2562 3478 2704 3534 villis
2738 3480 2803 3534 ad
2835 3481 3083 3535 eumdem
3119 3480 3295 3536 locum

1705 3561 1828 3631 jure
1862 3567 2252 3635 pertinentibus
2276 3584 2347 3623 vit
2371 3584 2470 3639 pro
2491 3571 2915 3625 commutatione
2947 3570 3092 3625 dedit
3141 3588 3262 3625 man
3282 3603 3297 3611 -

1711 3670 1819 3719 sos,
1852 3666 1906 3709 et
1937 3657 1988 3710 in
2023 3658 2376 3713 Chizzindorf
2414 3676 2450 3714 ll
2501 3676 2748 3726 mansos;
2789 3662 2845 3719 in
2874 3661 3020 3718 Lohc
3050 3679 3065 3717 ι
3100 3679 3206 3723 nu;
3238 3664 3293 3717 in

1710 3746 2154 3802 Westirbrachat
2195 3765 2264 3802 m.
2299 3749 2367 3805 Et
2394 3750 2445 3805 in
2487 3750 2570 3806 bis
2607 3766 2658 3805 tv
2692 3751 2825 3806 locis
2861 3768 2963 3807 xxv
3005 3754 3292 3822 mancipia.

1708 3834 1989 3891 Fratribus
2020 3848 2199 3892 autem
2237 3838 2306 3893 ad
2347 3840 2485 3894 idem
2519 3840 2868 3910 saepedictum
2907 3844 3293 3897 monasterium

1709 3923 1817 3978 Deo
1846 3926 2206 3982 servientibus
2228 3929 2280 3983 iu
2308 3929 2593 3985 utilitatem
2624 3931 2841 3986 tradidit
2861 3933 3130 4001 quoddam
3158 3948 3296 4005 prae—

1708 4015 1852 4071 dium
1886 4017 2166 4074 Chemmin
2204 4020 2429 4087 dictum,
2478 4021 2621 4091 quod
2668 4024 2737 4079 ob
2778 4024 3139 4079 interventum
3184 4041 3285 4079 no-
3356 4038 3357 4041 ‘

1706 4116 1835 4161 sua:
1861 4107 2067 4162 dilectae
2090 4109 2329 4182 conjugis
2356 4110 2422 4167 (ἶ.
2453 4122 2759 4184 nostraeque
2779 4115 2943 4185 prolis
2972 4113 3037 4169 ll.
3064 4115 3205 4183 regis
3224 4115 3295 4170 de

1706 4207 1893 4253 nostro
1915 4199 2037 4270 jure
2067 4201 2119 4256 in
2147 4217 2305 4256 suum
2326 4201 2417 4271 jus
2463 4212 2626 4275 atque
2664 4215 2981 4276 potestatem
3032 4207 3287 4276 suscepit.

1705 4290 1925 4362 Insuper
1949 4293 2112 4347 etiam
2148 4295 2215 4348 ad
2243 4292 2662 4353 Rotherisdorfa
2705 4298 2814 4353 vini
2847 4298 3287 4364 decimatienem,

1705 4396 1863 4450 quam
1887 4382 1952 4436 de
1974 4383 2127 4437 nobis
2141 4385 2449 4455 acquisivit,
2469 4388 2519 4440 iii
2545 4389 2857 4442 eorundem
2883 4388 3108 4443 fratrum
3130 4404 3285 4442 υ;ιιιιι

1013 4467 1336 4524 potestatein
1368 4465 1602 4524 habeant
1632 4484 1679 4542 ι)
1705 4473 1991 4527 concessit.
2020 4473 2180 4529 Aliud
2212 4485 2392 4530 autem
2422 4477 2475 4531 in
2509 4479 2697 4534 eodem
2727 4478 2844 4535 loco
2888 4480 3124 4534 vinetum
3172 4479 3285 4534 suis

1705 4565 1758 4618 in
1818 4564 2108 4620 utilitatem
2160 4568 2869 4635 decrevitsuccessoribus,
2925 4586 2985 4626 ea
3035 4569 3287 4625 videlicet

1705 4654 1934 4720 ratione,
1989 4664 2049 4709 ut
2090 4655 2142 4709 in
2179 4656 2286 4710 vini
2330 4658 2686 4713 decimatione
2726 4660 2925 4713 nullam
2967 4658 3282 4730 injustitiam

1702 4755 1795 4800 aut
1820 4747 2122 4803 molestiam
2154 4749 2390 4804 inferant
2434 4749 2724 4817 fratribus,
2761 4762 2814 4805 et
2840 4754 3057 4820 quando
3087 4753 3151 4806 de
3191 4750 3282 4805 illo

1701 4838 1887 4894 bibant
1918 4842 2043 4898 vino
2072 4842 2175 4898 hoc
2207 4843 2527 4912 intendant,
2574 4846 2701 4916 quia
2753 4846 2904 4916 prius
2949 4847 3015 4902 ad
3063 4861 3277 4902 omncm

1700 4932 2073 5002 episcopatum
2097 4951 2251 4989 suum
2285 4943 2488 4990 tantum
2519 4953 2622 4991 non
2654 4938 2954 4992 habuerunt
2975 4937 3081 4990 vini
3107 4951 3279 5006 quan-

1703 5030 1820 5077 tum
1858 5026 2093 5096 scyphus
2121 5042 2313 5095 capere
2357 5036 2564 5098 potest,
2610 5028 2835 5098 ideoque
2881 5027 3278 5097 frequentiores

1700 5113 1809 5169 sint
1837 5115 1905 5170 ad
1935 5116 2100 5171 Deum
2137 5118 2526 5176 intercessores
2569 5121 2739 5174 nostri
2786 5121 3099 5190 dilect-atque
3146 5137 3276 5175 con-

1693 5205 1838 5276 jugis
1870 5216 2067 5263 nostra:
2096 5208 2162 5264 G.
2195 5219 2251 5264 et
2282 5211 2447 5280 prolis
2472 5219 2670 5267 nostrae
2717 5211 2782 5265 ﬂ.
2829 5212 2970 5282 regis
2990 5251 3004 5276 ,
3044 5226 3273 5281 quorum

1699 5297 1954 5367 petitione
1996 5300 2108 5355 haec
2167 5302 2279 5370 ipsa
2320 5302 2495 5357 vineta
2537 5303 2594 5358 S.
2647 5304 2933 5375 pra-libata:
2971 5305 3114 5360 sedis
3164 5306 3274 5374 epi-

1699 5400 1861 5455 scopo
1890 5388 1942 5441 in
1976 5392 2354 5459 proprietatem
2392 5394 2726 5450 tradidimus.
2757 5396 2894 5464 Quin
2932 5396 3093 5450 etiam
3128 5396 3272 5451 idem

1698 5476 1982 5547 episc0pus
2022 5480 2088 5534 ad
2127 5484 2499 5552 priescriptum
2534 5482 2716 5541 Sancti
2751 5485 2965 5541 Martini
3000 5499 3269 5542 monaste-

1697 5568 1834 5622 rium
1866 5569 1969 5623 alia
1997 5585 2117 5640 quae
2154 5574 2234 5628 sui
2272 5574 2411 5645 juris
2440 5587 2595 5634 erant
2639 5579 2754 5635 loca
2805 5582 3059 5647 tradidit,
3103 5580 3155 5634 id
3188 5592 3269 5635 est

1697 5658 2014 5728 Egisberun,
2038 5662 2573 5739 Wolgatingahusun,
2604 5672 2654 5727 in
2675 5674 3043 5730 Diotanliusun
3068 5690 3084 5729 ι
3114 5690 3269 5728 inan-

1695 5764 1814 5805 sum
1861 5762 1914 5808 et
1961 5756 2243 5814 utilitatem
2297 5763 2481 5832 silvae,
2547 5778 2599 5821 et
2651 5768 2755 5822 tale
2802 5770 3056 5838 praedium
3108 5767 3266 5838 quale
