3896 6314
157 366 265 425 1065

1326 343 1797 400 CIIUONRADUS
1839 343 1877 398 Il
1930 342 2069 397 IMP.

3220 344 3356 400 l006

150 486 312 539 simus,
335 478 381 527 ct
409 468 500 521 hoc
530 469 706 517 nostra
732 469 882 529 parte
914 457 987 511 ita
1014 464 1094 512 est
1119 465 1458 525 compactum
1491 455 1676 524 sicque
1706 457 1751 511 Α
1777 469 1896 523 quae
1923 468 2244 525 quocunque
2270 455 2429 510 modo
2458 442 2587 512 inibi
2615 440 2870 512 laborata:
2898 456 3059 520 ﬁunt;
3094 461 3167 537 et,
3188 454 3357 509 cccle-

150 571 404 628 deﬁnitum,
433 567 485 613 ιιι
518 561 703 610 neutra
730 551 1091 606 Ecclesiarum
1124 548 1337 602 illarum
1363 547 1579 617 aliquod
1606 547 1669 601 de

146 654 376 733 praedictis
403 649 552 704 rebus
594 643 694 698 sibi
748 639 1021 710 inquisitis
1046 638 1389 707 aliquomodo
1432 637 1671 707 patiatur

145 728 492 806 detrimentum.
525 736 577 789 Si
628 734 750 803 quis
775 741 978 795 autem,
1001 730 1266 785 diabolica
1308 728 1559 784 suasione
1587 743 1671 783 se-

143 845 313 896 ductus,
340 831 467 883 hanc
493 832 729 879 nostram
765 819 1110 875 traditionem
1159 818 1214 873 in
1260 817 1442 886 aliquo
1473 816 1668 871 infrin-

138 927 264 1000 gerit,
287 920 412 976 sciat
439 930 493 971 se
524 912 701 968 odium
733 910 828 965 Dei
859 918 1284 1000 sanctorumque
1312 907 1426 977 ejus
1455 907 1669 1000 habitu-

140 996 248 1077 rum,
276 1018 324 1065 et
370 1007 436 1066 Ἡ.
476 1004 565 1057 lib.
593 1001 710 1056 auri
753 1000 870 1070 puri
902 999 1323 1069 compositurum
1351 1037 1367 1061 ,
1414 996 1669 1053 medieta-

137 1119 219 1161 tem
244 1112 451 1158 camene
477 1102 692 1160 nostrae,
722 1100 777 1146 et
800 1092 1141 1147 medietatem
1167 1089 1435 1160 praedictze
1465 1087 1668 1142 Padero

136 1189 412 1249 brunnensis
437 1183 685 1241 Ecclesia:
706 1170 927 1237 rectori;
951 1180 1104 1248 Quod
1128 1189 1187 1234 ut
1208 1179 1391 1233 verius
1413 1178 1671 1233 credatur

129 1294 172 1337 et
195 1276 567 1349 diligentissime
596 1273 664 1327 ab
687 1272 938 1326 omnibus
967 1271 1022 1324 in
1048 1278 1367 1340 perpetuum
1394 1277 1666 1334 servetur,

129 1378 406 1443 prreceptum
463 1366 561 1419 hoc
620 1364 745 1418 inde
819 1361 1189 1431 conscriptum
1241 1376 1402 1414 manu
1453 1360 1667 1429 prepria

126 1465 280 1517 subtus
320 1457 642 1513 ﬁrmavimus
683 1465 737 1511 et
790 1454 965 1525 sigillo
1015 1461 1205 1508 nostro
1267 1450 1512 1523 insigniri
1551 1450 1670 1519 jus-

126 1555 280 1608 simus.

178 1642 370 1710 Signum
398 1636 571 1691 damni
594 1635 901 1690 Cltuonradi
942 1632 1300 1687 Romanorum
1334 1632 1665 1702 imperatoris

121 1732 186 1801 (L.
214 1729 297 1799 Μ.)
322 1725 671 1781 invictissimi.

173 1796 485 1871 Burcbardus
530 1814 891 1869 cancellarius
943 1812 1060 1867 vice
1108 1810 1373 1867 Bardonis
1418 1810 1667 1866 archica-
1700 1796 1742 1856 Β

116 1908 273 1977 pellam
304 1903 637 1973 recognovit.

173 1998 336 2051 Datum
364 2011 412 2051 iv
440 1994 578 2049 Non.
611 1997 771 2065 Ang.,
804 1993 1096 2049 indictione
1132 2009 1182 2059 ι,
1212 2008 1354 2048 anno
1382 1992 1671 2048 Dominicae

112 2086 463 2144 lncarnationis
498 2085 669 2149 £053;
712 2098 856 2137 anno
894 2091 1075 2136 autem
1122 2082 1307 2136 domui
1359 2072 1669 2136 Chuonradi

113 2177 296 2233 secundi
321 2176 594 2247 regnantis
626 2192 705 2239 rx,
731 2174 1053 2245 imperantis
1081 2188 1180 2227 vn.

162 2268 333 2320 Actum
365 2266 635 2336 Liuthurg
663 2265 916 2321 feliciter.
947 2264 1144 2318 Amen.

798 2372 965 2428 XXII.

106 2464 378 2519 (Πανοπηιόὶ
404 2464 432 2517 l
466 2464 803 2533 imperatoris
842 2461 1168 2533 priuilegium
1211 2462 1670 2533 conﬁrmaturium

163 2535 372 2587 omnium
393 2531 609 2603 furium
637 2531 942 2587 monasterii
972 2532 1261 2586 'l‘icineusis
1290 2532 1474 2585 Sancti
1502 2531 1667 2594 Petri,

159 2605 286 2674 quod
303 2604 608 2673 appellatur
640 2604 696 2657 in
727 2603 867 2657 Caelo
899 2603 1092 2654 Aurea.

685 2716 864 2787 (Anno
888 2715 1071 2786 1055.)

378 2806 722 2879 [Motu-mm,
757 2809 931 2878 Antiq.
960 2807 1113 2871 Ital.,
1140 2807 1182 2871 Ι,
1209 2805 1359 2878 595.]

155 2898 202 2950 lu
232 2900 443 2953 nomine
477 2910 693 2954 sancta:
718 2910 774 2955 et
816 2898 1107 2953 individua:
1135 2895 1443 2958 Trinitatis,
1465 2894 1672 2950 Cauen-

97 3005 260 3057 αλονε.
280 2992 459 3046 divina
492 2991 715 3048 favente
736 2990 1050 3056 clementia,
1065 2990 1357 3060 imperator
1368 2987 1661 3058 Augustus.

161 3081 210 3135 Si
250 3083 389 3135 circa
441 3082 564 3137 loca
621 3083 730 3136 Deo
775 3083 948 3136 dicata
1001 3079 1424 3134 munificentiam
1471 3087 1669 3132 nostra:

92 3174 421 3244 benignitatis
474 3175 776 3246 largimur,
810 3175 1083 3229 credimus
1132 3174 1232 3227 hoc
1276 3174 1344 3227 ad
1383 3186 1671 3242 regnorum

90 3272 267 3323 statum
300 3275 664 3331 nostrorum,
699 3274 1003 3335 nostra-que
1048 3265 1242 3319 anima)
1284 3261 1510 3317 salutem
1550 3275 1676 3330 pro-

90 3361 250 3415 licere.
281 3359 495 3417 Idcirco
531 3358 746 3417 noverit
781 3358 1020 3413 omnium
1057 3355 1295 3410 ﬁdelium
1337 3361 1538 3409 sancta:
1577 3351 1672 3407 Dei

94 3449 349 3517 Ecclesiae,
384 3462 499 3507 tam
533 3453 885 3523 praesentiunt
921 3462 1080 3521 quam
1110 3438 1431 3508 futurorum,
1461 3443 1675 3498 univer—

86 3540 226 3608 sitas,
265 3542 477 3597 Gislam
532 3554 778 3597 nostram
822 3542 1201 3597 charissimam
1237 3535 1539 3609 coniugem,
1580 3548 1676 3592 no-

84 3641 232 3684 stram
260 3633 467 3688 adiisse
491 3633 835 3703 imperialem
873 3633 1241 3696 clementiam,
1291 3639 1556 3699 quatenus
1578 3644 1676 3698 pro

87 3720 164 3775 Dei
180 3736 386 3790 amore,
400 3735 721 3794 nostraeque
735 3724 931 3779 animae
948 3724 1207 3789 remedio,
1229 3721 1475 3777 cmnobio
1492 3720 1675 3776 Sancri

83 3812 232 3880 Petri,
278 3817 428 3884 quod
468 3818 679 3871 dicitur
721 3815 930 3871 leum
981 3816 1240 3878 Aureum,
1270 3811 1587 3877 subvenire,
1622 3819 1677 3865 et

83 3917 251 3961 nostra
297 3909 630 3979 praeceptati
673 3910 996 3963 auctoritate
1030 3906 1357 3961 conﬁrmare
1390 3915 1443 3961 et
1494 3921 1676 3960 corro-

79 3995 255 4051 borare
275 4013 483 4053 omnes
512 4008 701 4053 cortes
722 4006 775 4051 et
808 3997 1169 4065 proprietates
1192 4010 1327 4064 quas
1349 3995 1557 4063 pridem
1582 4009 1677 4063 per

79 4089 289 4153 quodvis
337 4091 634 4157 ingenium
683 4090 1018 4159 dignescitur
1053 4088 1379 4157 possedisse,
1412 4094 1583 4140 terras
1624 4094 1678 4140 et

73 4193 236 4236 cortes
274 4198 405 4252 quae
484 4196 669 4251 usque
718 4181 878 4235 modo
926 4178 1277 4234 vassallorum
1324 4179 1673 4243 dicebantur,

76 4267 400 4343 llunesengo
449 4283 516 4328 et
570 4271 697 4326 villa
745 4280 908 4341 atque
961 4269 1266 4333 castellum,
1309 4269 1451 4338 quod
1488 4266 1677 4324 Sancti

70 4359 201 4417 Petri
228 4364 464 4429 dicitur,
495 4372 560 4419 et
590 4364 840 4418 abbatem
870 4362 1086 4416 nomine
1107 4360 1373 4429 Alpisum,
1398 4358 1489 4427 qui
1520 4359 1678 4413 modo

1776 546 1909 599 siam
1956 560 2075 614 qure
2111 546 2163 599 in
2204 547 2407 601 honore
2441 548 2615 603 sancti
2659 548 2945 618 Augustini
2989 563 3094 603 non
3135 536 3291 617 longe
3330 560 3357 600 a

1775 624 2284 690 Januensicivitate
2310 647 2622 693 constructa
2650 647 2733 693 est
2758 639 2823 693 ab
2848 641 2964 704 ipso
2988 638 3356 711 Liudprando,

1774 726 2020 795 praedicti
2045 712 2278 781 ctettobii
2302 726 2584 783 lundatore
2600 746 2613 794 ;
2629 728 2762 784 alias
2784 745 2997 801 quoque
3015 739 3214 795 cortes,
3241 745 3359 801 quze

1773 814 2120 871 Lardiriacus
2164 824 2219 871 et
2246 815 2544 873 Villarasca
2595 819 2866 886 dicuntur,
2909 829 2965 875 et
3016 837 3199 876 mansa
3239 837 3359 890 quae

1774 905 1826 959 in
1862 906 2091 963 Βονωτί
2136 898 2342 977 Ῑοεθὶιι,
2379 918 2435 962 et
2472 917 2620 964 corte
2654 909 2921 966 Cressiani
2944 952 2957 978 ,
2988 911 3219 976 Turine,
3255 912 3360 967 Ge-

1775 998 2048 1064 rentiano,
2086 1009 2141 1053 et
2167 999 2220 1052 in
2248 998 2503 1054 Cartiano
2530 999 2813 1055 ecclesiam
2844 1018 3002 1055 unam
3030 1003 3242 1057 Sancta:
3263 1001 3360 1055 Ju-

1774 1088 1928 1142 lianaa
1966 1104 2089 1143 cum
2128 1090 2276 1143 omni
2328 1089 2554 1145 honore.
2601 1089 2984 1147 Possessiones
3017 1096 3182 1146 etiam
3224 1110 3361 1164 quas

1777 1176 1980 1230 habere
2005 1178 2217 1231 videtur
2246 1178 2297 1231 in
2324 1176 2589 1232 Laudensi
2621 1179 2878 1232 comitatu
2912 1188 2967 1234 et
2992 1168 3360 1249 Pergamensi,

1771 1268 2024 1323 videlicet
2046 1267 2381 1339 Amfenengo
2405 1284 2527 1323 cum
2557 1278 2712 1323 corte
2731 1280 2851 1337 qua:
2874 1268 3099 1323 Flumho
3138 1271 3358 1334 dicitur.

1772 1375 1894 1413 cum
1926 1360 2177 1415 omnibus
2206 1360 2272 1414 ad
2298 1375 2415 1415 eam
2447 1362 2865 1431 pertinentibus,
2894 1371 2948 1415 et
2968 1362 3145 1417 casale
3174 1362 3363 1418 Sancti

1773 1450 1941 1517 Petri,
1974 1460 2029 1507 et
2073 1454 2259 1507 casale
2302 1452 2567 1519 Aribaldi,
2615 1462 2670 1507 et
2706 1453 2986 1507 castellum
3018 1452 3275 1508 Aichardi
3310 1454 3362 1508 in

1772 1546 2035 1599 comitatu
2066 1544 2383 1607 Parmensi,
2414 1554 2468 1598 et
2509 1544 2650 1614 quod
2682 1544 2863 1599 casale
2894 1544 3109 1599 Sindcsi
3145 1545 3361 1605 dicitur,

1771 1650 1895 1690 cum
1917 1636 2171 1692 onmibus
2187 1637 2347 1691 rebus
2367 1635 2451 1690 vel
2472 1649 2658 1689 earum
2678 1634 3039 1704 pertinentiis.
3064 1633 3184 1688 lllas
3199 1636 3361 1688 etiam

1774 1734 1947 1782 terras
1976 1742 2096 1797 qua:
2135 1728 2187 1781 in
2228 1726 2467 1782 Luciano
2510 1734 2565 1780 et
2606 1725 2891 1795 Spariano,
2934 1734 2989 1780 et
3037 1727 3087 1779 in
3142 1724 3359 1779 Rosioni

1773 1817 2035 1887 possidet,
2081 1832 2203 1872 cum
2238 1816 2489 1871 omnibus
2515 1815 2940 1886 circumquaque
2971 1813 3359 1884 adjacentibns,

1772 1919 1828 1965 et
1853 1910 1919 1964 ad
1949 1909 2135 1964 eadem
2171 1908 2286 1963 loca
2316 1907 2750 1978 respicientibus.
2783 1905 3182 1962 Conlirmamns
3216 1908 3360 1961 insu-

1776 2010 1873 2067 per
1907 1997 2188 2068 praelibato
2228 1996 2476 2053 ctenobio
2518 2005 2682 2066 atque
2718 1997 2902 2051 abbati
2942 2010 3147 2052 cortem
3187 1996 3359 2051 Pavo-

1773 2103 1918 2153 nem,
1946 2104 2049 2144 nec
2075 2103 2183 2143 non
2204 2098 2259 2143 et
2281 2088 2426 2143 illam
2452 2102 2572 2158 quae
2598 2089 2650 2143 in
2676 2087 2951 2143 Roboreto
2979 2089 3179 2144 dicitur
3200 2090 3362 2145 Corte

1772 2181 1963 2252 Regia,
1992 2190 2047 2236 et
2083 2180 2369 2236 ecclesiam
2401 2180 2617 2236 Sanctm
2660 2180 2841 2236 Mariae
2877 2180 2944 2235 de
2987 2180 3207 2251 Tergui,
3237 2194 3364 2236 cum

1773 2271 2026 2326 omnibus
2053 2269 2398 2339 pertinentiis
2433 2279 2490 2323 et
2516 2269 2832 2339 adjacentiis
2859 2270 2994 2336 suis,
3020 2269 3361 2335 molendinis,

1772 2361 2170 2429 piscationibus
2215 2361 2360 2424 suis,
2406 2361 2563 2429 aquis
2606 2374 2978 2429 aquarumque
3020 2359 3361 2425 decursibus,

1776 2452 1940 2507 cultis
1951 2463 2007 2508 et
2027 2452 2245 2507 incultis
2265 2452 2444 2515 rebus,
2463 2451 2774 2519 ubicunque
2796 2450 3037 2506 locorum
3058 2448 3124 2503 ad
3146 2449 3363 2503 easdem

1772 2553 1954 2601 cortes
1992 2538 2427 2615 pertinentibus:
2460 2552 2516 2599 et
2542 2544 2722 2598 omnia
2752 2558 2876 2613 quae
2905 2544 2960 2597 in
3003 2550 3186 2596 monte
3227 2542 3364 2596 Far-

1773 2646 1916 2701 rato,
1938 2646 1996 2691 et
2023 2651 2143 2705 quae
2175 2637 2227 2689 in
2252 2635 2512 2690 comitatu
2540 2634 2865 2690 Vercellensi
2897 2644 2951 2689 et
2983 2635 3361 2704 Yporegiensi,

1775 2736 1832 2781 et
1856 2742 1976 2796 (lose
2005 2727 2058 2781 in
2083 2726 2401 2782 Novariensi
2425 2726 2491 2780 ad
2517 2726 2768 2781 eumdem
2792 2726 2968 2781 locum
2991 2726 3286 2793 pertinent,
3308 2735 3366 2780 et

1773 2832 1893 2887 qua;
1920 2819 1972 2872 in
2001 2818 2209 2872 Caselle
2234 2828 2290 2872 et
2332 2818 2384 2871 in
2422 2816 2595 2871 Ponte
2622 2816 2874 2887 Curioni,
2905 2826 2961 2871 et
3000 2818 3054 2871 in
3100 2815 3366 2871 Solariolo

1776 2909 1917 2965 idem
1954 2910 2261 2965 coenobium
2300 2908 2577 2977 possidere
2609 2908 2783 2963 visum
2811 2917 2915 2962 est.
2952 2908 3168 2964 Cortem
3195 2907 3361 2962 etiam

1775 3017 1894 3071 qua:
1926 3000 2109 3055 Dianae
2137 3001 2359 3066 dicitur,
2397 3002 2450 3054 in
2484 3000 2749 3055 comitatu
2788 3000 3191 3070 Albinganensi,
3215 3008 3271 3054 et
3301 3015 3364 3054 ea

1776 3091 1960 3147 omnia
1990 3107 2110 3160 qua:
2147 3089 2285 3144 infra
2321 3092 2493 3159 ipsam
2522 3091 2796 3146 civitatem
2827 3102 2880 3145 et
2907 3100 3058 3145 extra
3088 3092 3153 3145 ad
3190 3093 3364 3159 ipsum

1777 3184 2171 3240 monasterium
2216 3184 2488 3253 pertinere
2515 3184 2782 3237 videntur.
2816 3182 3038 3237 Portum
3068 3185 3229 3238 etiam
3260 3185 3366 3236 ιιι».

1777 3274 2037 3329 sariolum
2068 3274 2227 3342 longo
2257 3282 2496 3344 tempore
2521 3274 2590 3327 ab
2627 3274 2742 3341 ipso
2772 3272 3099 3329 Monasterio
3132 3283 3365 3340 lentum,

1775 3379 2101 3433 omnemque
2136 3373 2337 3417 terram
2373 3364 2427 3418 in
2462 3365 2745 3432 campania
2791 3362 3068 3432 Papiensis
3104 3364 3254 3418 urbis
3275 3363 3362 3432 ja-

1778 3472 2027 3525 centcm,
2072 3461 2326 3531 justeque
2378 3462 2507 3516 inibi
2557 3463 2949 3532 pertinentem,
3002 3473 3057 3518 et
3106 3464 3364 3519 decimas.

1779 3552 2050 3610 Iionamus
2087 3552 2254 3611 etiam
2298 3564 2353 3607 et
2403 3554 2823 3609 corroboramus
2852 3553 3028 3609 eidem
3070 3556 3363 3626 venerabili

1778 3647 1897 3703 loco
1928 3656 2102 3702 terras
2130 3662 2267 3716 quas
2306 3644 2358 3701 in
2396 3645 2637 3716 partibus
2666 3645 2876 3701 Tusciae
2915 3647 3129 3701 videtur
3166 3648 3366 3704 habere

1776 3753 1875 3806 per
1916 3738 2160 3793 diversos
2191 3739 2484 3793 comitatus
2524 3748 2580 3793 et
2620 3740 2754 3795 loca.
2802 3741 2942 3796 Duas
2986 3738 3157 3796 etiam
3198 3740 3367 3793 corti-

1776 3827 1957 3889 cellas,
1986 3826 2265 3883 Maliacem
2294 3827 2502 3883 scilicet
2522 3838 2576 3883 et
2597 3827 2922 3883 Calavadum
2944 3845 3068 3883 cum
3098 3829 3363 3892 Sussello,

1778 3928 1833 3972 et
1859 3918 2071 3985 Leuco,
2094 3927 2256 3987 atque
2282 3918 2521 3988 Capella,
2556 3935 2677 3990 quae
2714 3929 2799 3973 est
2829 3920 2882 3975 in
2913 3922 3117 3975 honore
3149 3921 3366 3976 Sancta:

1780 4008 1872 4063 Dei
1913 4008 2210 4064 Genitricis
2261 4009 2462 4075 Mariae,
2513 4027 2639 4081 qua:
2686 4011 2889 4066 dicitur
2912 4011 3210 4077 Primasca,
3245 4027 3365 4080 qua:

1780 4108 2093 4154 constructa
2126 4109 2210 4162 est
2242 4102 2293 4153 in
2323 4100 2460 4154 valle
2494 4100 2776 4165 Belizona;
2806 4104 2871 4155 et"
2894 4101 3010 4155 illas
3040 4111 3215 4155 terras
3244 4117 3365 4170 qum

1779 4188 1982 4243 habere
2011 4189 2184 4243 visum
2215 4199 2299 4244 est
2336 4191 2389 4244 in
2430 4189 2687 4261 Belingno
2715 4201 2769 4245 et
2815 4192 2865 4244 in
2900 4190 3204 4253 Liventina,
3238 4205 3362 4244 cum

1778 4276 2030 4331 omnibus
2060 4278 2171 4333 suis
2211 4278 2569 4347 pertinentiis.
2600 4279 2818 4334 Cortem
2849 4280 3070 4349 insuper
3094 4294 3213 4348 qua:
3236 4278 3365 4333 Ver-

1780 4375 1946 4433 gonto
1974 4367 2194 4431 dicitur,
2226 4375 2281 4420 et
2310 4366 2605 4421 Piscariam
2635 4384 2754 4437 qua:
2782 4378 2866 4424 est
2897 4370 2949 4422 in
2978 4368 3183 4422 Tauxa.

69 4455 112 4508 ei
140 4467 361 4524 przecst,
396 4473 472 4513 ex
514 4456 774 4512 omnibus
808 4455 1066 4510 investire
1102 4454 1469 4525 dignarentur.
1513 4451 1677 4521 Cujus
1707 4466 1759 4526 ι)
1855 4456 2156 4511 Statuimus
2195 4457 2433 4525 insuper.
2476 4467 2533 4512 et
2566 4460 2740 4513 modis
2775 4460 3024 4514 omnibus
3054 4473 3359 4521 censemus,

67 4548 427 4616 petitionibus
508 4564 681 4604 aures
743 4547 1105 4603 libentissime
1164 4544 1675 4607 accommodantes,

66 4648 369 4713 nostraeque
403 4640 624 4695 anima:
659 4639 1005 4694 consulentes
1027 4681 1039 4704 ,
1072 4652 1169 4708 pro
1196 4635 1290 4691 Dei
1321 4650 1506 4689 amore
1533 4649 1673 4704 prae-

61 4727 196 4784 dicto
237 4729 573 4785 venerabili
607 4728 728 4783 loco
764 4738 926 4798 atque
953 4728 1134 4783 abbati
1177 4725 1549 4787 concedimus,
1585 4725 1680 4779 do-

59 4833 271 4886 namus,
303 4820 623 4890 modisque
650 4818 903 4874 omnibus
936 4819 1351 4873 corroboramus
1375 4829 1565 4869 omnes
1596 4830 1681 4868 res

57 4920 102 4964 et
133 4913 564 4984 praprietates,
593 4910 997 4980 possessiones,
1030 4923 1326 4978 omnesque
1357 4906 1475 4961 illas
1503 4916 1681 4961 cortes

56 5016 183 5068 quas
205 5003 464 5071 quisque
497 5014 679 5071 usque
700 5000 858 5055 modo
882 4998 1188 5055 beneﬁciali
1217 4998 1410 5053 ordine
1432 4996 1678 5061 detinuit,

51 5102 99 5147 et
129 5109 254 5163 qua:
287 5093 680 5149 vassallorum
711 5092 1048 5155 dicebantur,
1076 5100 1129 5143 et
1161 5102 1512 5159 quascunque
1540 5085 1681 5141 idem

52 5186 370 5239 emnobium
416 5186 600 5253 longo
639 5192 878 5253 tempore
921 5182 1256 5253 dignoscitur
1298 5179 1622 5249 possedisse,
1652 5193 1683 5231 a

50 5270 429 5344 Liudprando
478 5274 663 5342 ipsius
700 5272 801 5327 loci
844 5272 1130 5325 fundatore
1164 5283 1470 5323 concessas.
1514 5266 1567 5319 Id
1603 5274 1685 5320 est

48 5365 188 5419 inter
214 5377 479 5421 caeteras
513 5378 610 5418 res
643 5371 849 5418 cortem
873 5362 1016 5416 illam
1042 5377 1162 5431 qua:
1197 5360 1330 5429 Alpe
1356 5358 1518 5412 Plana
1549 5358 1683 5413 dicio

45 5466 153 5524 tur,
191 5468 581 5526 cunctasque
607 5471 694 5510 res
728 5456 794 5509 ad
822 5454 1065 5509 eamdem
1095 5463 1298 5507 cortem
1332 5450 1682 5519 pertinentes,

40 5548 123 5600 vel
152 5550 537 5619 aspicientes
564 5546 615 5598 iu
639 5546 1048 5614 quibuscunquc
1073 5542 1227 5605 locis,
1250 5556 1374 5596 cum
1400 5538 1685 5594 territoriis

39 5647 90 5691 et
129 5638 352 5694 ﬁnibus
384 5652 505 5709 per
546 5646 872 5705 praeceptum
903 5635 1229 5705 Liudprandi
1260 5631 1422 5702 regis,
1452 5645 1549 5699 per
1577 5629 1687 5683 sin-

36 5733 160 5799 gnia
193 5733 333 5787 loca
366 5729 754 5799 denuntiatis,
781 5729 861 5783 vel
900 5728 1214 5784 earumdem
1241 5738 1422 5780 rerum
1446 5722 1685 5777 decimas

353 5845 664 5905 ΡΑτιιοι.
711 5841 862 5903 CLI.

1780 4546 2129 4616 praecipimus
2167 4562 2229 4602 ac
2260 4546 2535 4615 iubemus,
2574 4557 2630 4602 et
2667 4549 2818 4619 juxta
2856 4556 3164 4603 nostrorum
3202 4557 3359 4602 ante-

1781 4649 2059 4691 cessorum
2088 4651 2275 4706 regum
2304 4636 2386 4690 vel
2424 4637 2812 4706 imperatorum
2839 4632 3161 4691 auctoritate
3187 4636 3360 4692 firmi-

1784 4735 1867 4779 ter
1894 4725 2180 4791 edicimus,
2221 4734 2281 4779 ut
2320 4726 2498 4781 nullus
2540 4729 2995 4797 archiepiscopus,
3045 4728 3221 4783 nullus
3249 4733 3365 4799 epi-

1782 4830 2002 4884 scopus,
2035 4817 2215 4871 nullus
2257 4818 2534 4883 marchio,
2564 4818 2647 4871 vel
2675 4832 2875 4882 comes,
2919 4827 3013 4873 aut
3039 4821 3361 4883 vicecomes,

1785 4914 1880 4958 aut
1921 4905 2215 4975 gastaldio,
2258 4908 2371 4961 sive
2411 4907 2781 4976 cujuscunque
2820 4908 3211 4975 ministerialis,
3247 4911 3364 4963 nul-

1786 4996 1944 5065 laque
1982 4995 2270 5064 judiciaria
2316 5005 2577 5065 potestas,
2615 4997 2699 5052 vel
2750 4996 3053 5065 reipublicae
3089 4999 3360 5062 minister,

1787 5086 1840 5139 in
1869 5086 2142 5154 pradictis
2170 5086 2442 5152 cortibus,
2486 5087 2729 5156 praediis,
2766 5088 3196 5156 possessionibus
3221 5128 3235 5153 ,
3268 5103 3361 5144 seu

1789 5178 1841 5230 in
1873 5178 2146 5247 aliquibus
2184 5178 2314 5233 locis
2351 5180 2575 5248 praefato
2612 5181 2906 5236 venerabili
2942 5180 3061 5236 loco
3089 5181 3357 5250 pertinen-

1789 5268 1953 5334 tibus,
1999 5268 2257 5337 placitum
2304 5276 2505 5334 tenere,
2538 5269 2623 5323 vel
2664 5270 2966 5326 districtum
3015 5270 3219 5337 facere,
3247 5271 3370 5326 sive

1788 5357 2021 5423 l‘odrum,
2050 5367 2142 5412 aut
2176 5359 2411 5428 aliquam
2438 5360 2772 5415 iunctionem
2812 5361 3102 5431 publicam,
3133 5361 3218 5416 vel
3245 5362 3365 5418 red-

1786 5447 1982 5511 ditum,
2018 5464 2046 5500 a
2086 5450 2519 5518 supradictorurn
2560 5451 2800 5507 locorum
2838 5451 3250 5518 habitatoribus,
3280 5451 3366 5506 vel

1789 5538 2185 5608 pertinentibus
2212 5541 2426 5613 exigere
2456 5544 2537 5599 vel
2569 5544 2773 5611 tollere,
2804 5553 3012 5601 remota
3039 5546 3183 5600 omni
3211 5559 3368 5599 occa-

1789 5632 1961 5698 sione,
1989 5643 2298 5702 praesumat.
2330 5635 2478 5693 Inter
2503 5646 2697 5694 caetcra
2723 5647 2901 5695 tamen
2933 5638 3032 5693 hoc
3059 5636 3366 5707 specialiter

1790 5722 2135 5777 statuendum
2181 5726 2489 5782 censuimus
2532 5736 2590 5782 ut
2638 5739 2843 5784 cortem
2894 5728 3203 5795 praedictam
3246 5735 3368 5791 qua:

2933 5838 3009 5898 3h
