3838 6322
571 334 707 394 i067

1833 320 2101 389 MUNUM.
2146 320 2417 386 DIPLOM.
3665 330 3753 389 105!

573 448 801 505 Maliace
832 447 1049 513 dicitur,
1084 446 1169 518 vel
1195 445 1452 517 quidquid
1474 460 1615 516 saepe
1648 447 1848 502 dictum
1885 455 2160 502 monaste—
2188 452 2235 507 Α
2262 445 2364 501 bus
2400 444 2561 499 rebus
2602 442 2680 499 rei
2723 442 2925 499 veritas
2964 442 3328 513 approbetur;
3362 450 3417 497 et
3450 436 3588 512 juxta
3622 444 3754 501 dcﬁsi-

569 544 711 598 rium
747 541 802 596 in
829 541 966 596 valle
992 540 1239 608 Luvana,
1275 548 1330 595 et
1360 540 1414 593 in
1461 539 1598 594 valle
1635 539 1788 609 Agno
1841 540 2045 595 habere
2073 541 2153 594 vi-

569 633 745 697 detur,
774 631 1044 701 praecipue
1092 640 1374 697 tueamur,
1404 631 1657 699 quoniam
1705 631 1820 685 haec
1855 630 1976 685 loca
2012 630 2154 685 inter

567 732 762 777 caetera
788 722 997 792 majora
1036 731 1089 776 et
1111 720 1339 776 fortiora
1363 721 1659 775 infortunia
1682 720 2153 791 atque'molestias

565 810 962 865 sustinuerunt.
1002 809 1233 879 Ideoque
1272 810 1615 880 prtecipimus
1648 819 1704 865 et
1742 810 2153 880 quibuscunque

563 900 1104 956 iutcrminationibus
1142 900 1405 969 valemus,
1443 900 1637 970 jubere
1682 901 2046 967 decernimus,
2092 909 2152 956 ut

564 989 747 1045 nullus
775 1007 1014 1062 unquam
1062 1001 1324 1062 potestas,
1369 992 1645 1057 minister,
1676 992 1763 1047 vel
1805 992 2153 1059 missus,‘aut

538 1079 831 1148 Afamulus,
882 1083 1264 1152 prmdictorum
1313 1083 1553 1139 locorum
1612 1082 2011 1139 habitatoribus
2054 1100 2150 1139 seu

564 1173 965 1242 pertinentibus
1010 1174 1246 1245 aliquam
1294 1176 1549 1246 deinceps
1593 1174 1898 1231 molestiam
1946 1174 2150 1230 inferre

563 1276 878 1338 praesumat,
920 1267 1119 1322 nullam
1160 1268 1555 1323 districtiouem
1600 1268 1679 1322 eis
1714 1267 1913 1332 facere,
1952 1266 2034 1321 vel
2067 1265 2150 1321 fo-

563 1361 722 1414 drum
753 1359 822 1415 ab
865 1360 946 1416 eis
975 1360 1164 1415 tollere
1187 1400 1200 1425 ,
1230 1369 1325 1415 aut
1352 1376 1540 1415 eorum
1582 1361 1805 1415 arbores
1846 1360 2145 1427 succidere,

566 1450 652 1505 vel
675 1451 892 1522 aliquod
920 1466 1107 1507 eorum
1140 1451 1523 1522 suppellectilis
1548 1452 1628 1506 vel
1653 1451 1843 1521 peculii
1871 1451 2144 1517 invadere,

564 1549 657 1595 aut
694 1543 760 1597 de
793 1558 977 1598 eorum
1012 1543 1444 1613 possessionibus
1476 1543 1677 1614 aliquid
1708 1544 2028 1614 potestative
2055 1559 2144 1598 ra-

561 1646 692 1701 pere
720 1632 901 1702 aliqua
930 1635 1215 1688 temeraria
1247 1637 1667 1705 prmsumptione
1693 1636 1907 1690 audeat.
1940 1636 1997 1690 Si
2025 1636 2149 1705 quis

559 1737 692 1778 vero
718 1723 953 1794 aliquam
980 1725 1255 1794 querelam
1286 1740 1449 1795 super
1478 1727 1711 1797 aliquem
1739 1742 1926 1782 eorum
1961 1728 2141 1795 habet,

2257 539 2457 594 tionem
2496 538 2856 594 antecessoris
2903 537 3070 593 nostri
3117 534 3452 607 Liudprandi
3497 538 3635 609 regis,
3654 541 3757 595 licet

2255 630 2505 686 emnobio
2535 630 2602 686 de
2628 630 2847 701 propria
2892 629 3312 700 congregatione
3338 626 3577 683 abbatem
3606 631 3755 701 eligere,

2255 719 2330 774 ita
2366 730 2425 774 ut
2449 736 2611 791 super
2633 735 2727 776 eos
2749 719 2895 775 nulla
2922 736 3157 789 unquam
3190 720 3562 774 introducatnr
3580 736 3755 790 persona.

2256 812 2557 867 Statuimus
2620 812 2783 867 etiam
2842 820 2900 866 ut
2954 811 3133 865 nullus
3185 809 3501 880 reipublicae
3554 811 3758 865 minister.

2253 917 2462 972 necque
2526 903 2723 973 aliquis
2774 918 2839 958 ex
2881 902 3167 971 judiciaria
3216 909 3496 972 potestate
3533 902 3581 955 in
3622 904 3762 956 cunctis

2251 994 2499 1064 praedicti
2551 994 2866 1049 monasterii
2907 993 3170 1057 cortibus,
3207 992 3291 1047 vel
3333 992 3501 1055 vicis,
3546 991 3701 1046 liberos
3726 1010 3761 1045 κ

2251 1098 2439 1139 servos
2467 1084 2723 1155 deinceps
2754 1084 3074 1154 inquietare,
3100 1092 3193 1138 aut
3218 1083 3283 1138 ad
3311 1083 3574 1154 placitum
3601 1084 3762 1139 trahere.

2252 1184 2347 1229 aut
2389 1175 2443 1230 in
2490 1176 2760 1245 aliquibus
2808 1175 3007 1231 ﬁnibus
3049 1175 3167 1245 ejus
3208 1175 3481 1245 placitum
3522 1185 3683 1237 tenere,
3709 1188 3764 1226 aet

2251 1266 2484 1336 aliquem
2562 1267 2851 1337 pignorare
2909 1265 2992 1320 vel
3054 1266 3339 1320 detrahere
3406 1270 3682 1334 praesumat.
3728 1264 3765 1317 Et

2250 1353 2508 1424 quidquid
2538 1370 2666 1425 pars
2699 1356 2909 1425 publica
2945 1371 3165 1426 sperare
3205 1356 3434 1425 poterit,
3464 1354 3620 1409 cidem
3645 1371 3765 1408 mom-

2250 1446 2419 1500 sterio
2455 1454 2646 1501 sancto
2680 1447 2975 1502 secundum
3020 1446 3446 1503 concessionem
3478 1454 3529 1499 et
3556 1445 3765 1498 conﬁrma.

2252 1536 2454 1591 tionem
2513 1536 2847 1606 Liudprandi
2901 1538 3067 1609 regis,
3123 1539 3480 1604 aliorumque
3526 1554 3677 1607 regum
3718 1536 3769 1589 te!

2249 1624 2663 1695 imperatorum,
2695 1629 2921 1684 solemni
2962 1640 3016 1685 et
3040 1641 3299 1700 perpetua
3330 1630 3623 1684 stabilitate
3653 1628 3769 1680 ﬁrm:-

2251 1731 2389 1771 mus.
2430 1718 2497 1772 Et
2540 1720 2971 1790 quandocunque
3013 1721 3318 1776 neceSsitas
3362 1721 3636 1785 imminet,
3666 1736 3772 1773 nam

558 1831 668 1871 non
694 1832 791 1886 per
814 1831 871 1871 se
907 1816 1205 1881 vindicare,
1241 1827 1331 1872 aut
1368 1833 1463 1887 per
1485 1818 1717 1888 aliquem
1751 1819 1921 1889 legem
1962 1820 2140 1889 requi-

2250 1805 2419 1876 ipsius
2454 1810 2767 1864 monasterii
2796 1824 2892 1878 per
2918 1809 3090 1864 Ticini
3119 1820 3174 1864 et
3203 1810 3332 1865 Padi
3366 1820 3608 1880 portum,
3638 1825 3770 1878 quam-

559 1922 703 1971 rere,
748 1908 850 1962 nisi
903 1922 999 1977 per
1047 1924 1149 1963 nos
1188 1916 1280 1963 aut
1325 1909 1577 1965 abbatem
1628 1911 1795 1980 ipsius
1832 1910 2146 1966 monasterii

556 2009 876 2069 pra:sumat,
898 1999 982 2054 vel
1004 2014 1099 2070 per
1114 2010 1358 2056 nostrum
1382 2002 1654 2072 autipsius
1674 2002 1882 2057 abbatis
1903 2003 2144 2058 missum.

555 2090 672 2147 liae
702 2092 865 2162 igitur
892 2100 1076 2147 nostra
1106 2091 1413 2162 praeceptali
1447 2093 1768 2148 auctoritate
1800 2106 1987 2148 omnes
2011 2108 2147 2162 prae-

557 2180 739 2236 dictas
764 2189 943 2237 certes
972 2191 1028 2237 et
1054 2181 1191 2249 loca,
1218 2197 1339 2236 cum
1369 2183 1531 2237 rebus
1556 2191 1609 2239 et
1634 2182 1870 2246 familiis,
1904 2184 2147 2252 portibus

555 2280 611 2325 et
640 2281 901 2339 mercato,
935 2273 1383 2340 districtionibus,
1407 2274 1727 2330 molendinis
1754 2283 1808 2329 et
1830 2274 2143 2345 piscationi-

553 2362 678 2428 butt,
705 2364 857 2432 aquis
883 2379 1253 2435 aquarumque
1274 2366 1616 2433 decursibus,
1643 2368 1960 2437 cunctisque
1986 2367 2144 2421 rebus

557 2454 854 2510 mobilibus
884 2466 941 2511 et
980 2455 1346 2511 immobilibus
1376 2457 1443 2511 ad
1472 2456 1585 2526 jam
1622 2457 1853 2527 scriptas
1882 2466 2062 2512 certes
2092 2465 2147 2512 et

555 2544 675 2601 loca
702 2545 754 2599 in
794 2546 1062 2617 integrum
1090 2548 1495 2618 aspicientibus,
1533 2547 1837 2603 divinorum
1876 2563 2144 2604 memores

554 2645 972 2707 praeceptorum,
1012 2637 1126 2709 jam
1171 2639 1316 2695 dicto
1353 2638 1601 2695 coenobio
1645 2640 1994 2710 ejusdemque
2040 2641 2143 2697 loci

554 2730 761 2796 abbati,
798 2729 881 2785 vel
911 2730 1213 2801 cuicunque
1250 2747 1348 2802 pro
1374 2739 1614 2802 tempore
1643 2731 1771 2787 inibi
1813 2732 2138 2803 prmsidenti,

548 2822 939 2878 conﬁrmamus
964 2831 1020 2878 et
1051 2824 1489 2880 conroboramus.
1529 2824 1730 2881 Omnes
1759 2825 1978 2896 insuper
2022 2826 2143 2882 illos

552 2915 949 2985 carpentarios,
980 2931 1117 2986 quos
1152 2915 1264 2987 ipse
1312 2925 1532 2972 sanctus
1574 2916 1725 2973 locus
1758 2933 1854 2987 per
1887 2913 2141 2987 praecepti

2248 1913 2353 1967 que
2386 1915 2483 1969 per
2517 1900 2797 1969 quodlibet
2845 1901 2989 1955 aliud
3035 1902 3342 1959 discurrant
3381 1906 3591 1975 absque
3620 1904 3775 1969 alimjas

2248 1988 2654 2059 impedimento,
2692 1992 2778 2046 vel
2811 1991 3004 2046 telonei
3043 1995 3350 2049 exactione.
3390 1995 3679 2049 Secundum
3705 1996 3769 2045 ba:

2248 2080 2411 2134 etiam
2445 2083 2646 2153 regalia
2688 2083 2890 2151 scripta
2933 2086 3237 2152 sancimus,
3276 2096 3331 2141 et
3380 2090 3561 2141 modis
3602 2088 3776 2141 omnibus

2247 2172 2623 2230 interdicimus
2644 2179 2857 2230 cunctis
2879 2174 2978 2229 sub
3000 2187 3185 2231 nostra
3207 2188 3499 2246 potestate
3515 2182 3771 2249 degentitm.

2247 2272 2309 2316 ut
2334 2263 2535 2319 nullam
2554 2275 2875 2335 potestatem
2900 2270 3155 2340 deinceps
3176 2282 3488 2325 exerceant
3516 2272 3565 2325 in
3582 2272 3777 2340 pradic‘ts

2249 2350 2383 2407 locis
2413 2355 2479 2408 ad
2512 2364 2753 2411 nostram
2784 2359 3090 2413 mercedem
3130 2361 3430 2415 monachis
3468 2361 3709 2428 delegare,
3729 2360 3775 2409 tai

2249 2443 2498 2499 abbatem
2532 2446 2587 2500 in
2616 2448 2797 2520 aliquo
2823 2452 3166 2518 conturbent,
3193 2453 3291 2507 sed
3318 2452 3501 2507 liccat
3527 2453 3621 2523 ipsi
3660 2453 3777 2505 abbati

2246 2533 2468 2602 suisque
2506 2541 2910 2595 successoribus
2954 2544 3056 2596 sub
3101 2542 3290 2614 regula
3339 2544 3531 2598 sancti
3578 2544 3777 2597 With

2246 2624 2469 2693 degere,
2507 2638 2561 2683 et
2609 2632 2851 2699 quotidie
2896 2634 3007 2689 Deo
3047 2634 3236 2689 laudes
3277 2649 3386 2704 pro
3416 2638 3612 2689 animm
3648 2644 3781 2689 nostrt

2246 2718 2509 2782 remedio,
2533 2721 2797 2791 regnique
2817 2726 2984 2779 nostri
3002 2733 3143 2780 statu
3162 2725 3294 2780 inibi
3311 2726 3549 2793 oﬁ‘erre,
3570 2736 3779 2780 clerum

2246 2808 2720 2877 congregationem
2755 2812 2855 2868 sibi
2888 2818 3233 2870 commissam
3280 2818 3532 2872 assiduis
3582 2818 3781 2870 aliinemi

2244 2911 2469 2964 pascere
2512 2909 2567 2955 et
2608 2904 2849 2960 enutrirc
2895 2907 3299 2976 perpetualiter.
3357 2910 3623 2965 Volumus
3653 2914 3778 2967 etiam.

551 3004 792 3074 possidet
826 3005 1078 3074 paginam
1110 3014 1349 3076 tempore
1386 3007 1744 3063 antecessoris
1776 3009 1944 3062 nostri
1973 3008 2138 3064 Liud-

2249 2990 2530 3059 modisque
2564 2994 2815 3051 omnibus
2843 2998 3235 3065 interdicimus,
3270 3012 3334 3055 ut
3367 3004 3522 3057 nulla
3552 3016 3783 3073 praepetes

552 3096 745 3166 prandi
783 3097 925 3167 regis
950 3097 1003 3151 in
1048 3097 1186 3153 valle
1212 3113 1332 3167 qua:
1369 3099 1571 3155 dicitur
1597 3098 1906 3167 Anteiamo,
1933 3101 2016 3156 vel
2046 3117 2139 3158 cos

2249 3093 2516 3148 parvaque
2540 3096 2768 3151 persona
2798 3088 3112 3154 prazdictum
3132 3091 3461 3159 coenobium
3497 3094 3781 3161 proprimrva

551 3186 646 3251 qui
691 3196 818 3242 sunt
847 3189 901 3242 in
932 3187 1192 3243 Besnzolo
1215 3231 1229 3255 ,
1259 3205 1383 3244 cum
1427 3190 1554 3245 ﬁliis
1600 3189 1940 3261 ﬁliabusque,
1972 3207 2140 3263 agna-

2249 3166 2381 3236 iure,
2434 3180 2528 3226 au‘t
2572 3173 2873 3230 beneﬁciali
2919 3180 3127 3244 ordine,
3168 3192 3263 3235 aut
3304 3185 3624 3253 praeceptali
3658 3194 3783 3234 ιιιίιί-

552 3275 810 3347 tioneque
838 3287 1033 3333 cuncta
1065 3292 1273 3345 eorum,
1312 3289 1370 3335 ut
1400 3288 1640 3351 tempore
1674 3292 1975 3349 opportuno
2010 3282 2139 3338 inibi

552 3366 870 3423 deserviant
906 3367 1009 3437 ipsi
1038 3376 1091 3424 et
1119 3370 1323 3438 posteri
1360 3384 1547 3426 eorum
1577 3373 1781 3444 absque
1823 3375 1930 3430 ulla
1976 3385 2142 3429 retra-

548 3454 791 3509 elatione
833 3458 1247 3526 perpetualiter;
1293 3467 1349 3513 et
1390 3460 1527 3515 vada
1562 3462 1630 3516 ad
1672 3463 1984 3532 piscandum
2022 3478 2141 3532 quae

549 3556 680 3603 sunt
707 3547 761 3603 in
789 3547 999 3613 Ticino,
1031 3549 1085 3604 in
1121 3550 1255 3605 Rivo
1284 3550 1492 3619 Poloni,
1521 3551 1785 3621 Morasca,
1818 3569 1911 3610 seu
1944 3555 2139 3609 vadum

2246 3261 2404 3315 ritate
2432 3264 2638 3318 nitatur
2660 3266 2931 3323 invadere.
2967 3270 3363 3341 Praecipientes
3394 3277 3581 3344 itaque
3601 3277 3785 3342 prima:

2246 3361 2352 3405 tam
2391 3356 2747 3420 praesentibus
2775 3374 2937 3429 quam
2976 3371 3030 3417 et
3057 3363 3286 3427 futuris,
3324 3376 3384 3420 et
3418 3370 3566 3436 parti
3608 3369 3783 3437 praedm

2245 3442 2501 3507 coenobii,
2532 3460 2651 3514 quae
2672 3463 2834 3518 supra
2874 3466 2904 3505 a
2948 3454 3103 3509 nobis
3130 3470 3403 3511 concessa
3443 3470 3506 3513 et
3535 3460 3785 3515 οθιιΐιηιμξλ

2244 3539 2392 3597 sunt,
2417 3534 2661 3602 quolibet
2689 3547 2929 3608 tempore
2951 3543 3129 3597 nullus
3158 3558 3470 3614 praesumat
3502 3549 3686 3603 inferre
3714 3564 3783 3599 πιπέ-

550 3623 695 3708 q‘uod
743 3638 939 3694 dicunt
982 3638 1345 3707 Landemarii’
1393 3641 1633 3712 costam,
1682 3620 2038 3711 Teveredum’
2088 3653 2144 3698 ει
2240 3620 2455 3678 lestiam
2483 3630 3178 3697 autcontrarietatem,sed
3206 3637 3310 3692 sub
3332 3642 3492 3695 omni
3519 3644 3785 3711 integriua‘.

552 3729 700 3784 aliud
741 3730 886 3799 quod
932 3730 1132 3786 dicitur
1176 3731 1617 3800 Sextemascum,
1651 3750 1773 3789 cum
1825 3734 1917 3789 illo
1965 3734 2142 3790 medio

550 3817 695 3889 quod
718 3818 783 3873 ad
808 3817 1003 3889 Sepem
1026 3821 1241 3885 dicitur,
1266 3831 1321 3877 et
1348 3822 1477 3878 illud
1499 3824 1643 3893 quod
1672 3824 1894 3880 Aunella
1920 3824 2138 3891 dicitur,

552 3924 649 3965 seu
677 3909 841 3964 etiam
872 3910 962 3965 illa
990 3911 1125 3965 vada
1150 3927 1269 3981 qua:
1303 3922 1429 3968 sunt
1454 3913 1509 3967 in
1540 3914 1685 3969 Pado
1714 3915 1966 3970 habentia
1994 3917 2142 3986 prio-

551 4015 671 4056 rem
703 4001 993 4056 terminum
1015 4015 1045 4054 a
1074 4000 1192 4056 loco
1222 4002 1311 4071 qui
1335 4004 1647 4060 nominatur
1672 4005 1874 4075 Popula
1902 4006 2138 4078 Pagana,

553 4100 610 4145 et
648 4090 1010 4161 pertingentia
1049 4104 1219 4159 usque
1269 4093 1336 4146 ad
1376 4091 1554 4147 locum
1595 4094 1686 4163 qui
1731 4095 1932 4150 dicitur
1970 4095 2142 4165 Caput

546 4180 664 4246 Asi,
694 4195 761 4234 ex
793 4189 1024 4251 utraque
1053 4188 1207 4251 parte
1236 4179 1387 4249 Padi,
1411 4198 1534 4237 cum
1566 4183 1752 4239 insulis
1779 4186 1968 4254 positis
1983 4187 2139 4255 juxta

544 4271 860 4341 pradictam
914 4272 1305 4342 piscationem,
1353 4272 1440 4328 vel
1493 4274 1752 4345 quidquid
1802 4279 1869 4331 ab
1916 4278 2140 4347 antiquo

546 4369 792 4430 tempore
839 4376 935 4433 per
979 4362 1323 4431 antiquorum
1374 4378 1559 4434 regum
1611 4381 1704 4422 seu
1751 4368 2135 4437 imperatorum

2240 3714 2399 3770 sicuti
2450 3732 2481 3771 a
2533 3720 2690 3777 nobis
2730 3738 2988 3781 concessa
3035 3738 3163 3782 sunt
3211 3731 3280 3784 ad
3327 3734 3626 3789 utilitatem
3671 3736 3781 3803 ipsi:

2243 3813 2558 3867 monasterii
2601 3815 2717 3870 sine
2755 3817 2937 3888 aliqua
2988 3821 3421 3880 diminorationc
3471 3843 3755 3897 permaneat

2243 3901 2300 3956 Si
2343 3905 2463 3973 quis
2509 3907 2672 3976 igitur
2720 3910 3009 3979 aliquando
3047 3914 3317 3972 diabolica
3357 3919 3558 3976 fraude
3594 3923 3783 3988 detege:

2242 4003 2430 4048 contra
2458 3996 2657 4053 dictam
2687 4003 3065 4061 auctoritatem
3087 4016 3141 4061 et
3164 4008 3307 4064 hanc
3340 4023 3597 4067 nostram
3624 4030 3785 4068 comi-

2240 4089 2449 4141 sionem
2476 4100 2529 4144 et
2557 4094 3025 4152 conﬁrmationem
3071 4099 3277 4170 aliquid
3320 4120 3495 4175 agere
3534 4116 3781 4161 tentarem

2241 4188 2294 4231 et
2334 4178 2445 4248 jam
2489 4183 2692 4239 dictum
2739 4197 2987 4243 sanctum
3022 4191 3198 4246 locum
3242 4209 3312 4248 ex
3360 4200 3638 4266 ptmdictis
3676 4200 3783 4251 rebs

2241 4270 2469 4342 fatigare
2500 4286 2726 4333 conatus
2758 4278 2943 4344 fuerit,
2982 4284 3123 4338 sciat
3151 4300 3211 4340 se
3245 4295 3677 4359 compositurum
3706 4308 3769 4343 ar

2240 4362 2359 4428 puri
2406 4363 2570 4420 libras
2626 4366 2808 4432 mille,
2865 4372 3213 4428 medietatem
3254 4391 3494 4434 camera:
3540 4392 3719 4435 nostra
3754 4396 3779 4427 ις

544 4450 890 4507 donationem
917 4453 1174 4519 obtinuit,
1203 4453 1293 4520 vel
1332 4453 1509 4510 Padus
1544 4455 1763 4522 invasit,
1788 4466 1883 4511 aut
1910 4459 1963 4512 in
1990 4457 2135 4512 l'utu-
2164 4496 2213 4557 D
2241 4456 2584 4513 medietatem
2637 4461 2877 4529 prtedicti
2936 4468 3253 4521 monasterii
3314 4472 3396 4523 vel
3455 4473 3577 4539 ejus
3630 4475 3771 4525 οδω

544 4558 666 4597 rum
692 4544 971 4613 irruperit,
995 4547 1170 4601 eidem
1202 4556 1391 4602 sancto
1419 4547 1534 4602 loco
1566 4550 1954 4605 coutradimus.

624 4631 884 4714 volumus
906 4635 1064 4690 etiam
1092 4645 1142 4692 el
1175 4638 1554 4703 concedimus,
1584 4647 1642 4691 ut
1671 4639 1975 4695 molendiua
2016 4656 2134 4711 quae

542 4724 599 4779 in
637 4724 927 4794 Caterona,
962 4743 1054 4783 seu
1088 4730 1139 4784 in
1176 4730 1446 4799 aliquibus
1475 4729 1781 4788 ﬂuminibus
1820 4735 2132 4804 praedictum

546 4818 939 4873 monasterium
976 4820 1233 4888 possidet,
1267 4822 1462 4879 habeat
1505 4835 1613 4881 tam
1656 4825 1823 4880 abbas
1866 4841 2133 4897 quamque

545 4916 603 4962 et
659 4910 909 4964 monachi
966 4920 1293 4980 potestatem
1342 4914 1555 4970 levandi
1602 4925 1764 4986 atque
1810 4917 2128 4988 deponendi,

540 5013 830 5071 quousque
869 5001 954 5056 vel
991 5018 1208 5073 quoquo
1254 5005 1415 5061 modo
1450 5022 1637 5062 eorum
1688 5009 1988 5065 decreverit
2033 5027 2129 5065 vo-

540 5087 722 5144 luntas
743 5131 756 5155 ,
788 5098 843 5144 et
872 5093 1223 5160 aquaaductus
1256 5094 1345 5163 qui
1393 5095 1573 5166 Bauga
1614 5096 1943 5165 Liudprandi
1985 5099 2131 5153 dice-

540 5180 733 5244 batur,
764 5181 821 5236 in
865 5196 1051 5237 eorum
1093 5184 1165 5239 sit
1198 5194 1469 5254 poteState
1503 5188 1569 5243 ad
1607 5188 1911 5260 irrigandos
1944 5191 2130 5245 hortos

542 5271 716 5339 ipsius
743 5274 1074 5328 monasterii.
1108 5274 1337 5346 Siutque
1375 5293 1567 5333 omnes
1606 5294 1694 5335 res
1733 5280 1901 5349 ipsius
1942 5297 2129 5336 mona-

542 5362 719 5425 sterii,
745 5363 913 5419 abbas
941 5380 1153 5434 quoque
1193 5376 1249 5421 et
1274 5369 1553 5434 monachi,
1586 5369 1939 5442 hominesque
1974 5373 2127 5429 libel-

542 5448 663 5503 larii
682 5460 735 5505 et
763 5452 904 5506 servi
927 5454 1028 5507 sub
1058 5464 1242 5509 nostra
1275 5456 1538 5526 imperiali
1568 5458 1881 5516 defensioue
1908 5464 2127 5520 munitae

541 5550 708 5610 atque
731 5540 982 5599 defensat.
1005 5544 1072 5599 Et
1094 5545 1140 5600 si
1170 5549 1465 5604 necessitas
1494 5549 1655 5605 fuerit
1677 5553 1743 5607 de
1770 5554 1931 5609 rebus
1960 5556 2126 5625 ipsius

542 5632 858 5688 monasterii
891 5649 988 5704 per
1018 5635 1419 5706 inquisitionem
1451 5644 1870 5716 circumquaque.
1899 5664 2124 5702 manen-

544 5726 677 5782 tium
705 5725 973 5781 bonorum
1007 5728 1309 5798 hominum,
1340 5733 1481 5790 sicut
1510 5735 1577 5791 de
1607 5739 1807 5796 nostris
1834 5739 2124 5810 itnperiali~

2239 4546 2391 4612 Quod
2424 4557 2483 4601 ut
2513 4551 2695 4605 verius
2721 4553 2993 4619 credatur,
3034 4556 3463 4629 diligentiusque
3492 4566 3561 4616 ab
3588 4565 3777 4619 enm-ta

2238 4637 2592 4704 custodiatur,
2636 4656 2797 4695 mauu
2827 4646 3047 4713 propria
3087 4649 3435 4716 roborantes,
3470 4654 3630 4722 sigilli

2236 4725 2595 4796 impressione
2626 4731 2853 4787 inferius
2877 4732 3142 4801 iussimus
3173 4738 3445 4809 insigniri.

2315 4815 2534 4887 Signum
2562 4820 2761 4875 domini
2784 4823 3089 4880 Cliuonradi
3118 4826 3485 4883 Romanorum
3510 4834 3771 4886 ἕνη-ἠπίη

2235 4908 2564 4977 imperatoris
2591 4912 2836 4983 Augusti.

2929 5010 3116 5067 XXIII.

2233 5094 2537 5151 Cliitonradi
2560 5098 2587 5151 Ι
2619 5100 2743 5170 imp.
2781 5104 3106 5175 privilegium
3129 5125 3225 5175 pro
3260 5108 3499 5167 Ecclesia
3530 5114 3757 5168 Brants-5

2691 5192 2869 5260 (Auno
2898 5196 3051 5263 1055,
3091 5198 3212 5254 Oct.
3248 5203 3358 5273 16.)

2233 5281 2621 5353 [LAPPENBERG,
2666 5287 3081 5360 Hamburgisclte
3130 5294 3566 5361 Urkundenburlt,
3610 5314 3661 5367 p.
3692 5298 3749 5347 ea

2298 5373 2355 5427 lu
2395 5378 2611 5432 nomine
2632 5389 2832 5433 sanctae
2865 5392 2921 5436 et
2956 5383 3247 5440 individua:
3278 5387 3575 5449 Trinitatis,
3604 5389 3765 5441 (mur

2230 5479 2421 5531 nauus,
2454 5467 2634 5522 divina
2665 5469 2881 5525 favente
2909 5471 3220 5541 clementia,
3248 5475 3608 5531 Romanorum
3639 5480 3761 5537 ius?

2228 5568 2377 5611 ratur
2401 5560 2691 5628 Augustus.

2298 5649 2561 5707 Omnibus
2588 5653 2754 5708 divini
2779 5656 3059 5727 nostrique
3090 5659 3324 5715 nominis
3346 5659 3661 5713 amatoriba
3680 5668 3751 5703 Ut

2226 5741 2424 5798 futuris
2448 5758 2609 5813 quam
2640 5747 2995 5816 praesentibus
3036 5752 3375 5822 perspicuum
3411 5766 3520 5805 esse
3550 5764 3755 5817 βυρνκὲ
