3838 6322
63 333 215 394 1069

1278 332 1744 393 CHUONRADUS
1778 337 1819 393 11
1847 339 1981 395 IMP.

3184 356 3323 412 1οη

68 445 306 514 qualiter
361 457 459 499 nos
513 444 583 499 ob
634 443 856 500 minime
909 445 1276 517 denegandam
1331 451 1643 518 petitionem
1674 456 1720 511 Α
1747 456 2117 515 Concedentes
2165 459 2326 531 igitur
2359 465 2743 524 conﬁrmamus
2786 467 3078 525 Mantuano
3115 470 3323 542 episeo"

67 536 435 592 dilectissimae
481 533 725 607 conjugis
777 546 978 593 nostra:
1033 538 1233 604 Gislaz,
1288 542 1646 611 imperatricis

61 630 337 697 Augustae,
362 641 461 681 nec
489 642 597 681 non
626 627 696 681 ob
721 628 1007 683 amabilem
1044 629 1403 685 interventum
1435 634 1645 689 charis-

63 718 219 771 sima:
250 718 417 786 prolis
448 726 665 782 nostra}.
693 718 927 774 Heinrici
956 720 1118 789 regis,
1146 720 1419 787 Becelino,
1448 733 1646 779 sanctae

60 805 376 861 Brcmensis
437 807 692 862 Ecclesiae
751 810 1041 864 venerabili
1108 812 1372 882 nobisque
1428 815 1644 870 amabili

61 898 504 967 archiepiscopo,
537 910 836 954 mercatum
879 902 931 955 in
962 903 1152 959 eodem
1195 903 1315 959 loco
1349 920 1470 959 cum
1513 907 1646 962 telo-

58 1004 186 1055 neo,
221 990 654 1054 nomismatibus,
687 1006 787 1046 nec
814 1007 919 1046 non
948 995 1201 1049 omnibus
1226 996 1549 1053 utilitatibus
1578 1000 1644 1053 ad

56 1087 356 1132 mercatum
412 1079 826 1147 pertinentibus,
860 1083 1064 1137 habere
1126 1085 1515 1140 concessimus.
1567 1087 1643 1140 Ea

56 1166 316 1222 videlicet
347 1166 460 1237 lege
492 1178 550 1222 ut
588 1168 671 1224 bis
706 1170 760 1223 in
794 1187 937 1227 anno
978 1188 1168 1229 omnes
1202 1177 1293 1243 qui
1325 1176 1454 1231 illuc
1482 1193 1642 1233 causa

54 1259 336 1312 mercandi
358 1260 597 1327 veniant,
622 1277 728 1315 una
759 1264 875 1317 vice
905 1273 1107 1333 septem
1151 1266 1264 1321 dies
1293 1280 1417 1323 ante
1444 1269 1643 1324 Pente-

52 1358 270 1410 costen,
295 1348 530 1402 secunda
560 1351 677 1404 vice
704 1351 953 1405 similiter
987 1362 1192 1422 septem
1217 1356 1332 1409 dies
1352 1366 1476 1411 ante
1502 1357 1644 1412 festi-

51 1437 283 1490 vitatem
307 1439 781 1493 sanctiWillehadi
801 1441 998 1496 ibidem
1023 1445 1378 1512 corporaliter
1402 1449 1643 1515 requies-

52 1528 251 1592 centis,
278 1527 561 1582 annualem
598 1540 894 1585 mercatum
936 1532 1043 1587 illic
1090 1534 1344 1589 habeant.
1389 1537 1637 1591 Bannum

52 1627 237 1672 autem
272 1628 513 1674 nostrum
540 1636 703 1691 super
726 1637 916 1679 omnes
956 1625 1051 1680 bos
1084 1625 1209 1680 illuc
1253 1628 1551 1692 venientes,
1582 1637 1642 1682 ut

52 1708 161 1763 illic
202 1712 383 1765 eundo
422 1720 478 1765 et
524 1713 796 1767 redeundo
836 1713 1074 1769 habeant
1115 1730 1338 1784 pacem,
1394 1716 1638 1783 facimus,

1746 551 1893 618 patui
1923 565 2111 607 omnes
2138 568 2225 607 res
2252 572 2386 624 quas
2414 557 2530 612 sine
2566 559 2682 629 lege
2715 561 3039 626 potestative
3082 562 3167 616 vel
3196 578 3319 618 eum

1747 640 1951 695 virtute
1998 643 2236 711 perditas
2296 646 2497 704 habere
2550 650 2785 716 videtur,
2839 667 2934 707 seu
2981 667 3114 722 quas
3153 668 3323 722 usque

1746 730 1905 786 modo
1937 732 2001 786 de
2027 733 2182 787 donis
2213 749 2398 804 regum
2422 752 2515 793 seu
2547 739 2931 808 imperatorum
2963 744 3318 811 praedecesso-

1747 840 1864 878 rum
1892 834 2199 881 nostrorum
2232 828 2441 895 habuit,
2468 831 2721 887 videlicet
2758 836 3143 890 monasterium
3181 838 3319 904 quod

1745 915 1946 969 factum
1971 925 2057 971 est
2084 917 2134 971 in
2168 919 2374 973 honore
2402 930 2713 976 sanctorum
2742 922 3012 989 Memoris,
3048 924 3239 987 Probi.
3267 935 3319 981 et

1746 1005 1960 1067 Ruﬂini,
2008 1008 2099 1061 ubi
2142 1008 2377 1079 Reginzo
2410 1013 2735 1068 venerabilis
2772 1015 2940 1070 abbas
2981 1032 3209 1085 praeesse
3239 1018 3316 1071 di-

1745 1096 2040 1165 gnoscitur,
2069 1113 2191 1153 cum
2231 1101 2482 1156 omnibus
2507 1102 2848 1172 adjacentiis,
2882 1121 3000 1160 cum
3033 1123 3170 1177 aqua
3201 1124 3321 1178 qua:

1745 1187 1942 1241 dicitur
1969 1188 2311 1256 Mulenellos,
2344 1206 2466 1245 cum
2501 1193 2614 1248 suis
2640 1194 2953 1250 decursibus
2990 1196 3056 1252 de
3088 1199 3203 1253 loco
3229 1199 3318 1253 illo

1744 1275 1886 1327 unde
1927 1292 2063 1343 aqua
2105 1278 2366 1348 originem
2413 1283 2597 1347 sumit,
2629 1282 2800 1352 ipsum
2832 1283 3032 1339 fontem
3060 1303 3230 1357 usque
3266 1289 3317 1343 iu

1744 1363 1924 1418 Mincii
1977 1382 2191 1421 amnem
2236 1383 2302 1422 ex
2342 1379 2570 1441 utraque
2616 1374 2795 1428 lectuli
2841 1384 2994 1444 parte
3040 1378 3319 1433 duodecim

1742 1457 1923 1522 pedes,
1956 1457 2092 1509 sicut
2124 1462 2512 1515 monasterium
2542 1478 2756 1534 semper
2785 1468 2971 1530 tenuit,
2997 1482 3116 1522 cum
3142 1471 3319 1523 omni-

1742 1545 1842 1598 bus
1865 1547 2207 1614 pertinentiis
2245 1551 2483 1619 ejusdem
2525 1558 2837 1610 monasterii
2865 1571 2879 1610 :
2928 1573 3048 1612 cum
3078 1562 3320 1617 curtibus

1741 1636 1903 1690 etiam
1931 1638 1982 1692 in
2016 1641 2333 1708 Veronensi,
2365 1643 2667 1712 Vicentino,
2700 1647 3011 1716 Mantuano,
3042 1652 3320 1719 Brixiano,

1743 1721 2076 1795 Placentino,
2111 1730 2437 1800 Mutinensi,
2471 1744 2635 1805 atque
2668 1737 3015 1795 Cremonensi
3052 1745 3320 1797 comitati-

2064 1784 2075 1795 ,
2174 1784 2177 1785 ν
2473 1784 2634 1805 ---πη
2674 1784 3015 1795 ,-ν....,..ν..-.

51 1803 419 1870 eumdemque
468 1803 708 1856 banuum
761 1814 1007 1858 nostrum
1060 1807 1317 1875 praediolo
1371 1807 1638 1878 archiepi-
1669 1784 1714 1844 Β
1745 1818 1842 1873 bus
1869 1820 2007 1885 sitis,
2032 1838 2151 1892 qua:
2182 1824 2256 1878 ita
2281 1827 2654 1895 nominantur,
2685 1829 2963 1901 Bagniolo,
2995 1832 3237 1899 Colonia,
3266 1844 3321 1890 et

53 1907 221 1960 scopo
243 1932 258 1957 ,
288 1893 356 1946 ob
387 1908 542 1946 suum
575 1893 731 1949 ﬁdele
762 1896 1073 1962 servitium,
1111 1912 1171 1951 ea
1206 1898 1417 1954 ratione
1448 1914 1643 1955 conce-

50 1981 234 2036 dimus
268 1990 324 2035 ut
360 1984 402 2035 si
444 1982 498 2036 in
531 1982 632 2037 hoc
672 1993 874 2038 statuto
906 1992 1145 2055 tempore
1169 2001 1236 2040 ex
1270 1987 1398 2042 illuc
1423 1990 1643 2042 venien-

51 2073 196 2128 tibus
265 2073 441 2144 aliqua
504 2076 782 2130 temeritas
846 2077 1129 2142 evenerit,
1193 2078 1319 2133 inde
1374 2078 1640 2147 justitiam

51 2163 313 2229 faciendi,
361 2178 536 2233 neque
581 2165 723 2230 dux,
774 2180 949 2234 neque
984 2180 1186 2232 comes,
1230 2182 1410 2236 neque
1448 2168 1642 2238 aliquis

50 2256 355 2321 hominum,
386 2264 585 2327 praeter
612 2257 785 2327 ipsum
810 2269 865 2312 et
902 2272 1028 2312 suos
1056 2272 1434 2324 successores,
1469 2259 1639 2314 licen-

51 2346 180 2400 tiam
224 2348 478 2401 habeant.
523 2347 590 2401 Et
634 2356 694 2400 ut
729 2348 845 2401 haec
887 2356 1072 2402 nostra
1112 2348 1390 2401 concessio
1431 2347 1641 2402 stabilis

48 2447 102 2491 et
140 2437 463 2491 inconvulsa
493 2438 640 2493 omni
679 2447 997 2508 permaneat
1030 2453 1164 2504 awo,
1208 2439 1349 2493 hanc
1389 2438 1640 2506 paginam

48 2530 173 2584 inde
244 2530 511 2585 conscribi
567 2544 795 2598 eamque
840 2530 1000 2600 sigilli
1062 2530 1237 2586 nostri
1285 2532 1641 2601 impressione

48 2620 412 2689 przeeepimus
442 2620 709 2689 insigniri.

118 2710 157 2765 S
172 2714 350 2781 :gmtm
372 2712 550 2765 damni
583 2711 908 2779 Chuonradi,
939 2712 1294 2767 Romanorum
1314 2713 1639 2783 imperatoris

46 2803 398 2857 invictissimi.
429 2802 535 2874 (8.)

114 2894 468 2949 Burchardus
515 2894 874 2950 cancellarius
903 2894 1023 2950 vice
1067 2894 1359 2950 Barthonis
1396 2894 1640 2950 archica-

47 2986 256 3055 pellani
284 2986 616 3057 recognovit.

119 3078 263 3130 Data
304 3092 412 3130 xvu
459 3076 728 3133 Kalendas
773 3076 1115 3142 Novembris,
1161 3093 1302 3132 anno
1347 3077 1638 3133 Dominicm

1740 1912 1793 1967 in
1824 1914 2049 1970 circuitu
2074 1916 2329 1987 ﬂuminis,
2358 1923 2503 1991 quod
2531 1926 2844 1980 nominatur
2871 1926 3043 1996 Caput
3074 1929 3318 1997 Alponis,

1740 2001 1985 2071 Puliana,
2011 2007 2226 2075 Alonte,
2252 2009 2478 2081 Lonigo,
2501 2022 2663 2083 atque
2692 2014 2949 2077 Sablone,
2980 2031 3074 2072 seu
3098 2017 3150 2071 in
3184 2018 3317 2072 Gar-

1741 2094 1947 2153 diuensn
1971 2099 2280 2168 judiciaria,
2305 2119 2428 2158 cum
2459 2107 2632 2162 servis
2662 2117 2716 2162 et
2739 2109 2967 2174 ancillis,
3001 2120 3164 2179 atque
3196 2127 3316 2166 cum

1740 2188 1990 2243 omnibus
2036 2190 2232 2245 ibidem
2282 2195 2706 2263 pertinentibus;
2752 2207 2806 2253 et
2833 2215 3021 2255 omnes
3061 2202 3196 2257 alias
3234 2219 3320 2258 res

1740 2275 1979 2336 eiusdem
2010 2283 2398 2349 monasterioli,
2445 2300 2565 2353 qua:
2592 2294 2716 2340 sunt
2754 2287 2806 2340 in
2844 2289 3116 2355 prmdietis
3151 2292 3321 2345 comi—

1742 2366 1961 2431 tatibus,
1993 2369 2076 2423 vel
2109 2370 2243 2425 infra
2267 2385 2511 2428 nostrum
2532 2375 2775 2430 Italicum
2812 2392 3054 2447 regnum,
3096 2395 3189 2435 seu
3213 2396 3317 2435 cze-

1743 2466 1982 2512 terorum
2010 2459 2285 2515 hominum
2316 2466 2792 2528 concessionibus,
2822 2475 2927 2521 etc.
2962 2469 3039 2538 (ut
3071 2470 3125 2523 in
3151 2470 3314 2537 diplo-

1741 2548 1878 2601 mate
1920 2547 2139 2603 IIenrici
2181 2550 2275 2603 III
2307 2570 2402 2622 pro
2439 2556 2618 2609 eadem
2645 2556 2888 2621 ecclesia,
2932 2560 3000 2612 ad
3037 2577 3126 2614 an.
3158 2562 3317 2627 1045,

1740 2637 1925 2707 intra).
1974 2640 2334 2698 Colicedimus
2382 2654 2562 2700 autem
2615 2648 2789 2702 eidem
2830 2648 3033 2703 Hitulfo
3066 2651 3319 2721 episcopo

1741 2729 2029 2786 advocatos
2049 2748 2401 2803 quoscunque
2427 2736 2650 2805 elegerit
2680 2748 2784 2791 tam
2812 2740 2876 2794 de
2908 2741 3023 2795 suis
3057 2755 3217 2809 quam
3253 2742 3319 2797 de

1741 2818 1930 2873 alienis
1950 2821 2135 2882 liberis
2168 2825 2509 2892 hominibus,
2543 2828 2634 2895 qui
2666 2829 2902 2898 ejusdem
2943 2846 3124 2885 rerum
3168 2832 3315 2885 utili-

1743 2917 1881 2965 tates
1902 2912 2136 2983 episcopi
2165 2930 2492 2984 exerceant;
2527 2918 2601 2972 ita
2636 2929 2692 2975 ut
2733 2921 2801 2975 ab
2831 2922 2977 2976 omni
3012 2922 3319 2993 reipublicae

1741 2999 2014 3059 functione
2034 3006 2143 3059 sint
2170 3007 2397 3062 absoluti
2425 3024 2440 3062 :
2465 3009 2539 3063 nil
2570 3012 2636 3064 ab
2661 3011 2739 3065 eis
2762 3011 3044 3080 quisquam
3074 3012 3319 3082 publicus

1747 3090 1996 3147 minister
2024 3093 2241 3163 exigere
2283 3106 2607 3165 praesumat,
2633 3107 2693 3153 ut
2717 3100 2962 3155 securius
2987 3114 3053 3155 ac
3094 3100 3315 3168 diligen-

45 3168 615 3233 lncarnationile35,
637 3169 927 3223 indictione
951 3184 1032 3232 ιιι,
1061 3185 1204 3223 anno
1234 3178 1413 3223 autem
1438 3168 1635 3224 domini
1664 3156 1712 3218 C
1746 3178 1851 3233 rius
1898 3194 2091 3235 causas
2117 3156 2301 3251 ξρείυέ
2346 3184 2600 3239 Ecclesia,
2646 3188 2902 3255 perﬁcere
2931 3189 3170 3259 possim,
3190 3156 3317 3243 1m,

44 3263 365 3319 Chuonradi
402 3262 446 3317 ll
475 3263 624 3333 regni
650 3279 724 3328 ιι,
761 3263 973 3333 imperii
1008 3277 1135 3317 vero
1165 3277 1239 3315 ix.

114 3360 319 3413 Actum
347 3355 764 3426 Magedeburch.

745 3469 935 3526 XXIV.

45 3566 396 3638 Conﬁrmatio
424 3565 654 3638 omnium
680 3564 879 3631 iuriam
897 3579 966 3638 ρο
994 3560 1384 3638 pripileg-iorum
1415 3560 1557 3627 facta
1604 3578 1635 3614 a

196 3636 514 3691 Chuonrado
544 3630 854 3703 imperatore
888 3632 1135 3686 Ecclesiae
1163 3630 1491 3685 Mantuanw.

646 3725 824 3797 (Anno
852 3724 1036 3792 1037.)

348 3820 681 3893 LMURATORI,
708 3815 889 3885 Antiq.
921 3813 1073 3878 Ital.,
1096 3812 1138 3875 1,
1169 3811 1292 3866 611.

115 3914 177 3967 lu
215 3913 428 3966 nomine
448 3918 650 3965 sanctae
680 3917 736 3962 et
760 3906 1045 3961 individuze
1076 3902 1360 3958 Trinitatis
1374 3906 1395 3967 ,'
1425 3903 1637 3957 Canon-

48 4019 247 4069 mnus,
281 4003 456 4056 divina
480 4001 694 4055 favente
721 3996 1029 4061 clementia,
1061 3994 1429 4048 Romanorum
1462 3994 1633 4062 impe-

45 4108 206 4151 rator
230 4094 525 4163 Augustus.

118 4190 179 4243 Si
220 4190 273 4241 in
305 4185 532 4242 sacratis
556 4181 914 4251 omnip0tenti
943 4181 1055 4236 Deo
1085 4179 1219 4235 locis
1245 4194 1275 4233 a
1312 4174 1638 4247 quibuslibet

44 4285 313 4341 desolatis
344 4290 694 4354 augmentum
733 4278 1165 4350 recuperationis
1193 4277 1283 4346 pio
1314 4275 1499 4329 favore
1527 4273 1637 4326 lar-

44 4379 253 4449 gimur,
288 4376 338 4429 id
373 4376 528 4429 nobis
556 4383 611 4428 et
631 4374 697 4427 ad
732 4371 942 4441 imperii
975 4370 1146 4424 nostri
1178 4366 1629 4429 stabilimentum,

44 4477 216 4535 atque
240 4465 308 4518 ad
340 4473 552 4518 aeterna:
575 4460 1031 4517 remunerationis
1067 4459 1489 4514 emolumentum
1522 4470 1636 4510 cre-
1670 4490 1710 4544 η

44 4559 230 4611 dimus
262 4555 463 4625 absque
499 4555 661 4609 dubio
695 4552 1058 4624 profuturum.
1098 4550 1439 4619 Quapropter
1464 4562 1631 4617 agno-

42 4654 166 4702 scat
205 4644 385 4699 omnis
428 4643 810 4698 Christianitas
873 4642 1015 4710 quod
1070 4639 1251 4693 Brnno
1306 4635 1634 4691 venerabilis

42 4733 274 4804 praesul,
301 4743 463 4803 atque
488 4733 754 4788 Cadeious
785 4732 1012 4786 dilectus
1038 4737 1221 4783 noster
1241 4729 1548 4798 episcopus,
1579 4734 1634 4779 et

43 4828 229 4882 ﬁdelis
278 4824 664 4891 eaucellarius,
713 4831 915 4878 nostra:
959 4819 1317 4892 magnitudini
1363 4816 1636 4888 signiﬁca-

44 4929 177 4973 runt
223 4920 367 4987 quod
408 4932 506 4985 pro
544 4916 783 4985 peccatis
831 4914 1135 4967 Mantuanae
1187 4910 1331 4965 sedis
1373 4908 1635 4964 Ecclesia:

44 5026 173 5067 cum
206 5008 495 5080 prmeeptis
542 5014 597 5061 et
629 5007 943 5060 chartarum
991 5002 1338 5056 ﬁrmitatibus
1359 5040 1374 5065 ,
1406 5013 1632 5067 quarum

45 5102 440 5175 scriptionibus
490 5113 577 5154 res
623 5108 677 5153 et
721 5098 952 5152 familias
994 5095 1096 5150 sibi
1125 5093 1347 5148 collatas
1375 5094 1635 5146 hactenus

43 5196 257 5251 meruit
283 5195 558 5255 obtinere,
594 5191 879 5246 combusta
906 5188 1170 5250 videatur,
1198 5186 1447 5256 ﬂagitans
1480 5193 1539 5238 ut
1568 5183 1635 5237 ad

46 5286 504 5341 restaurationem
536 5283 639 5338 lioc
681 5290 880 5337 nostra:
920 5277 1294 5334 miserationis
1310 5284 1634 5346 prmceptnm

46 5375 261 5430 llitulfo
286 5376 535 5443 episeopo
564 5372 805 5443 ejusdem
832 5370 1135 5424 Mantuanze
1160 5368 1404 5423 ecclesiae
1435 5381 1633 5422 conce~

47 5467 186 5521 dere
233 5467 600 5535 diguaremur.
648 5464 811 5535 Cujus
858 5464 1110 5533 precibus
1148 5461 1379 5515 libenter
1420 5459 1637 5527 acquie-

47 5564 292 5619 scentes,
322 5567 377 5611 et
406 5557 659 5625 quoniam
688 5557 906 5625 dignum
936 5563 1043 5619 est,
1067 5568 1135 5608 ne
1161 5568 1248 5608 res
1275 5551 1635 5606 Ecelesiarum

51 5649 153 5702 Dei
193 5663 223 5701 a
262 5648 590 5717 quibuslibet
635 5648 1036 5717 deprmdentur,
1084 5655 1178 5700 aut
1214 5646 1282 5699 ab
1326 5660 1511 5699 earum
1556 5642 1635 5697 di—

54 5741 207 5795 tione
237 5750 423 5795 contra
471 5740 642 5810 legem
674 5739 987 5794 auferantur
1014 5738 1353 5793 decrevimus
1386 5737 1459 5791 ita
1496 5736 1632 5791 ﬁeri.

1739 3284 1835 3339 per
1868 3284 2121 3340 pugnam,
2179 3272 2293 3326 sive
2340 3288 2435 3341 per
2464 3274 2633 3344 legale
2671 3275 2951 3343 judicium.
3001 3276 3315 3333 Stabilimus

1736 3360 1899 3413 etiam
1926 3369 1984 3414 nt
2014 3362 2078 3416 de
2104 3363 2353 3417 omnibus
2384 3366 2543 3418 rebus
2582 3375 2637 3419 et
2677 3368 2891 3435 prmdiis
2935 3367 3103 3436 ipsius
3134 3368 3315 3423 Eccle-

1739 3452 1854 3518 size,
1881 3452 2022 3506 sicut
2050 3453 2114 3506 de
2140 3454 2343 3509 nostris
2373 3454 2721 3521 domnicatis,
2760 3472 2855 3526 per
2891 3458 3095 3512 vicinos
3138 3459 3318 3526 inqui-

1740 3541 1865 3596 sitio
1895 3540 2006 3603 ﬁat,
2034 3549 2165 3607 etc.,
2194 3552 2249 3595 ut
2280 3544 2335 3596 in
2367 3544 2667 3612 supradicto
2690 3546 2996 3614 diplomate.

1810 3631 2034 3704 Signum
2068 3634 2267 3689 domini
2312 3634 2619 3691 Chuonradi
2657 3637 3001 3695 invictissimi
3040 3640 3314 3695 Romano-

1741 3737 1857 3775 rum
1890 3723 2230 3792 imperatoris
2261 3724 2506 3794 Augusti.

1809 3814 2112 3871 Cbadclous
2141 3818 2496 3872 caneellarius
2526 3819 2643 3872 vice
2683 3818 2993 3875 llerimanni
3032 3821 3316 3876 archican-

1738 3906 1941 3960 cellarii
1973 3909 2286 3977 recognovi.
3232 3930 3235 3935 ν

1810 3997 1930 4050 Dat.
1964 3996 2136 4065 pridie
2164 3997 2429 4053 Kalendas
2462 3998 2691 4068 Aprilis,
2723 4014 2865 4053 anno
2902 4001 3191 4055 Dominicze
3232 4001 3316 4055 ln-

1737 4088 2070 4143 earnationis
2114 4089 2273 4154 1037,
2304 4090 2596 4145 indictione
2636 4106 2701 4154 v,
2736 4105 2877 4144 anno
2905 4104 3081 4145 autem
3112 4092 3314 4145 domini

1741 4180 2046 4235 Chuonradi
2083 4180 2124 4233 ll
2156 4181 2305 4250 regni
2337 4197 2457 4245 xm,
2489 4182 2697 4251 imperii
2730 4197 2780 4235 χ.

1729 4316 1734 4323 .
1805 4271 2001 4324 Actum
2050 4271 2103 4324 in
2138 4269 2411 4325 Canedulo
2444 4270 2597 4338 juxta
2642 4270 2840 4326 ﬂumen
2887 4270 3016 4325 Padi
3064 4270 3310 4325 feliciter.

1736 4361 1927 4416 Amen.

2442 4470 2605 4527 XXV.

1740 4584 2043 4663 Chuonradi
2075 4584 2103 4637 1
2138 4585 2467 4663 imperatoris
2509 4592 2772 4660 diploma,
2802 4609 2903 4663 quo
2944 4591 3313 4663 monasterium

1810 4655 2353 4737 Tarvisinuanancti
2381 4655 2652 4737 Theonesti
2684 4655 2930 4733 mart'yris
2952 4662 3044 4717 sub
3072 4679 3166 4715 sua
3195 4677 3314 4727 pro-

1807 4730 2025 4779 tectione
2056 4730 2256 4796 recipit,
2286 4730 2499 4798 ejusque
2517 4730 2646 4798 jura
2674 4730 2970 4800 confirmat.

2327 4820 2504 4890 (Anno
2535 4822 2720 4891 1057.)

2038 4916 2375 4989 [ΜΟΒΛΤΟΜ.
2396 4917 2573 4986 Antiq.
2610 4916 2737 4969 Ital.
2763 4915 2827 4982 ll,
2857 4916 2976 4971 877.

1809 5007 1866 5061 In
1894 5010 2112 5062 nomine
2134 5020 2336 5061 sancta:
2358 5018 2413 5062 et
2436 5008 2721 5061 individua:
2753 5006 3062 5069 Trinitatis,
3106 5004 3317 5057 Cnuox-

1740 5113 1929 5163 naous,
1961 5099 2141 5153 divina
2177 5099 2389 5152 favente
2418 5097 2725 5163 clementia,
2757 5097 3120 5152 Romanorum
3146 5096 3316 5163 impe-

1738 5195 1888 5240 rator
1910 5188 2197 5257 Augustus.

1810 5278 2078 5348 Quidquid
2103 5278 2243 5332 enim
2275 5277 2584 5346 temporalis
2613 5277 2878 5332 commodi
2906 5276 2974 5330 oh
3012 5274 3182 5329 divini
3219 5290 3314 5327 no-

1739 5370 1903 5426 minis
1933 5385 2173 5425 amorem
2205 5369 2336 5424 locis
2363 5368 2546 5423 divino
2585 5367 2751 5421 cultui
2784 5366 3109 5435 mancipatis
3133 5363 3316 5418 confc-

1738 5464 1936 5527 rimus,
1966 5465 2066 5518 hoc
2105 5463 2258 5517 nobis
2297 5461 2669 5530 proculdubio
2711 5460 2777 5514 ad
2819 5467 3093 5529 perpetuae
3130 5470 3312 5510 remu-

1738 5555 2035 5610 nerationis
2058 5554 2206 5607 lucra
2233 5552 2561 5620 capessenda
2597 5553 2857 5621 prodesse
2884 5548 3103 5605 omnino
3145 5546 3309 5600 conﬁ-

1738 5643 1933 5697 dimus.
1958 5642 2163 5697 Idcirco
2193 5641 2432 5695 omnium
2460 5650 2661 5696 sancta:
2691 5639 2785 5695 Dei
2812 5638 3313 5702 Ecclesitemostroo

1739 5748 1969 5803 rumque
1993 5734 2248 5801 ﬁdelium,
2277 5733 2624 5803 praesentium
2658 5733 2867 5790 scilicet
2889 5746 2952 5787 ac
2985 5730 3307 5790 futurorum,
