3838 6322
461 329 597 387 1071

1725 319 1994 381 MONUM.
2034 312 2309 379 DlPLOM.

3612 325 3720 381 Ιθτξ

463 447 677 504 noverit
706 444 969 502 industria
996 459 1009 497 :
1042 456 1166 512 quia
1193 448 1378 496 nostra
1407 437 1757 493 dilectissimo
1783 438 2046 507 conjnga-
2078 447 2122 499 Α
2153 446 2206 492 et
2248 435 2592 490 utilissimum
2627 435 2908 500 famulum,
2937 442 2990 490 et
3013 447 3172 504 quem
3217 448 3322 490 nos
3351 449 3478 490 cum
3505 437 3722 493 omnibus

462 541 530 596 lis
550 538 696 596 Gisla
723 547 960 592 nostram
1000 536 1290 603 deprecata
1328 539 1410 585 est
1443 531 1824 591 serenitatem,
1857 539 1916 582 ut
1949 543 2046 583 nos

461 634 534 688 ob
561 643 798 686 amorem
829 627 922 682 Dei
951 635 1007 680 et
1049 626 1218 680 beatae
1249 621 1486 694 Virginis
1512 620 1694 674 Maria:
1718 660 1732 683 ,
1765 619 2046 686 sanctique

459 720 662 779 Christi
707 716 1036 775 confessoris
1083 713 1358 779 Zenonis,
1410 711 1721 783 pariterque
1766 708 2045 763 Michaelis

456 810 706 872 abbatis,
748 817 909 877 alque
940 806 1326 862 monachorum
1367 803 1418 856 in
1455 801 1695 872 ejusdem
1735 799 1921 854 Sancti
1949 798 2046 853 Ze-

459 901 619 955 nonis
643 899 891 956 cmnobio
918 897 1028 953 Deo
1051 895 1421 958 servientium,
1453 890 1896 947 monasteriolum
1921 904 2045 944 san-

458 993 531 1048 cti
557 991 837 1048 Theonisti
866 989 1123 1061 martyris
1148 986 1346 1042 Christi
1378 985 1627 1040 Tarvisio
1653 983 1814 1051 situm
1834 1022 1848 1046 ,
1881 981 2046 1052 perti-

458 1095 682 1138 nentem
725 1083 791 1136 ad
837 1081 1080 1150 praedicti
1130 1077 1317 1134 Saneti
1357 1074 1594 1130 Zenonis
1632 1071 2043 1134 monasterium,

458 1189 568 1229 una
595 1189 716 1228 cum
740 1171 1022 1227 monachis
1046 1170 1177 1224 inibi
1205 1167 1522 1240 degentibus
1547 1174 1596 1220 et
1619 1163 1865 1219 ecclesiis
1885 1171 2046 1231 atque

462 1266 691 1331 familia,
723 1263 808 1319 vel
847 1260 1098 1318 omnibus
1137 1263 1318 1326 rebus,
1351 1259 1450 1314 sub
1480 1264 1677 1312 nostra:
1704 1254 2044 1309 auctoritatis

460 1365 734 1426 praecepto
766 1353 1007 1421 recipere
1036 1360 1090 1406 et
1117 1350 1438 1405 confirmare
1473 1348 1841 1417 dignarentur.
1881 1343 2045 1412 Cujus

463 1445 568 1512 pia:
593 1442 838 1513 petitioni
887 1455 1049 1495 aures
1101 1447 1298 1493 nostra:
1349 1435 1643 1503 maiestatis
1689 1432 2042 1497 inclinantes,

464 1535 611 1589 idem
634 1532 1020 1588 monasterium
1069 1543 1174 1582 una
1223 1541 1343 1582 cum
1394 1524 1674 1579 monachis
1715 1532 1769 1577 et
1818 1521 2040 1587 familia,

461 1641 559 1683 seu
588 1626 750 1680 rebus
778 1621 844 1676 ad
867 1637 989 1677 eum
1012 1620 1155 1689 jnste
1177 1617 1572 1688 pertinentibus
1603 1615 1702 1670 sub
1731 1623 1912 1669 nostra
1946 1613 2042 1667 de-

462 1713 708 1770 fensione
736 1712 1092 1781 suscepimus,
1125 1719 1288 1779 atque
1319 1707 1371 1762 in
1404 1706 1584 1760 futuro
1615 1705 1816 1759 habere
1857 1705 2044 1758 decre-

2149 528 2261 582 snis
2289 527 2448 581 rebus
2479 525 2765 579 mobilibus
2791 534 2846 580 et
2875 525 3246 580 immobilibus
3272 524 3384 578 sub
3424 534 3622 578 nostra:
3648 543 3720 594 po.

2149 618 2360 673 testatis
2386 617 2610 672 tuitione
2637 616 2972 686 recepimus,
3002 624 3206 670 nostrae
3242 614 3561 684 majestatis
3599 631 3719 670 reve-

2149 709 2378 766 rentiam
2430 709 2798 778 vilipendens,
2861 713 3206 767 innocentem
3269 712 3593 777 occiderat,
3634 713 3724 778 eius

2149 807 2320 854 morte
2339 798 2602 863 ecclesiaz,
2639 801 2791 869 cujus
2816 809 2936 854 erat
2964 800 3201 856 famulus
3231 801 3288 854 in
3321 799 3588 854 omnibus
3611 816 3726 854 cetu-

2147 891 2356 953 modus,
2381 897 2527 944 tanta
2553 889 2750 944 damna
2795 890 3080 946 conferens
3109 899 3325 960 quanta
3355 890 3628 944 extimare
3645 907 3726 943 nea

2147 980 2464 1036 suliicimus.
2509 979 2848 1051 Quapropter
2877 981 3164 1046 omnibus,
3218 990 3365 1048 etc.,
3414 990 3605 1034 notum
3636 995 3728 1033 esse

2147 1071 2394 1127 volumus
2435 1071 2579 1142 quod
2625 1072 2932 1127 interventu
2970 1073 3178 1127 dilecta!
3245 1070 3520 1140 conjugis
3565 1081 3727 1125 nostra

2145 1160 2311 1217 Gislm
2340 1162 2720 1232 impcratricis,
2751 1169 2808 1216 ut
2839 1161 3078 1216 Ecclesia
3106 1177 3173 1217 ex
3208 1171 3382 1230 parte
3417 1171 3729 1228 receperant

2148 1256 2343 1311 damna
2366 1264 2540 1308 morte
2568 1255 2647 1308 sui
2676 1253 2862 1308 famuli
2893 1254 2994 1308 sibi
3015 1253 3206 1317 illata,
3239 1263 3298 1308 et
3331 1253 3480 1306 tanti
3511 1250 3731 1304 ῐπίεκπίς

2149 1347 2396 1416 contagio
2429 1361 2767 1414 nequaquam
2805 1347 2856 1397 in
2895 1345 3360 1398 consuetudinem
3413 1356 3728 1413 prorumpat,

2146 1440 2326 1495 omnia
2367 1437 2568 1508 praedia
2600 1453 2721 1507 quae
2761 1436 3018 1507 prtefatus
3053 1437 3231 1490 Adam
3282 1436 3444 1488 intra
3487 1435 3726 1488 civitatein

2147 1528 2486 1591 Cremonam,
2541 1539 2595 1583 et
2637 1537 2791 1582 extra
2834 1542 2933 1597 per
2968 1528 3136 1582 totius
3183 1527 3561 1596 episcopatus
3595 1535 3729 1591 spata

2147 1620 2348 1675 habere
2379 1619 2609 1684 videtur,
2637 1628 2692 1673 et
2717 1633 2931 1672 omnem
2963 1631 3078 1672 rem
3115 1616 3395 1670 mobiiem
3437 1623 3498 1668 et
3525 1614 3732 1668 immobi-

2149 1711 2271 1774 lem,
2290 1726 2451 1780 quam
2479 1709 2814 1779 possederat,
2844 1708 3137 1778 praelibata
3159 1716 3387 1761 sancta:
3411 1704 3732 1760 Cremaste-si

459 1806 658 1860 vimus.
682 1802 1041 1858 Concedimus
1077 1798 1240 1854 etiam
1275 1797 1381 1851 illis
1420 1795 1725 1850 anuualiter
1763 1793 1830 1846 ad
1875 1791 2046 1846 eccle-

2159 1779 2422 1866 Ecclesice,
2451 1815 2545 1869 per
2575 1798 2735 1866 hujus
2776 1797 2942 1853 nostri
2989 1795 3254 1867 praecepti
3287 1795 3570 1865 paginam
3591 1833 3605 1857 ,
3633 1808 3732 1864 pra-

460 1899 596 1950 siam
637 1892 822 1948 Sancti
875 1889 1152 1946 Laurentii
1204 1887 1460 1959 martyris
1495 1885 1698 1941 Christi
1749 1885 1801 1938 in
1845 1883 2043 1938 Pendia

460 1995 760 2044 mercatum
790 1983 1059 2055 publicum
1093 1980 1327 2044 habere,
1360 1988 1414 2034 et
1441 1977 1790 2033 telonaticum
1827 1975 1951 2030 inde
1978 1975 2046 2030 ad

460 2078 704 2136 ecclesia:
735 2075 820 2131 vel
849 2089 976 2132 suos
1005 2089 1136 2128 usus
1165 2071 1461 2142 suscipere.
1495 2067 1881 2137 Przecipicntes
1917 2081 2046 2136 ergo

456 2172 729 2240 iubemus,
765 2177 926 2237 atque
956 2180 1053 2234 per
1093 2164 1233 2217 hanc
1280 2160 1450 2216 nostri
1490 2158 1744 2229 praecepti
1793 2157 2045 2226 paginam

462 2261 721 2318 omnibus
753 2257 1153 2321 interdicimus,
1178 2263 1238 2308 ut
1264 2252 1441 2307 nullus
1465 2250 1629 2319 judex
1663 2247 1929 2318 publicus,
1957 2253 2050 2299 aut

463 2353 719 2422 quislibet
744 2365 810 2406 ex
836 2347 1127 2419 judiciaria
1161 2351 1426 2414 potestate
1455 2342 1523 2395 ab
1556 2341 1683 2394 hinc
1719 2339 1773 2392 in
1805 2337 2046 2391 futurum

464 2446 518 2499 in
551 2445 695 2512 ipsas
731 2439 993 2496 ecclesias
1037 2435 1223 2490 Sancti
1257 2431 1560 2493 Theonisti,
1607 2439 1662 2484 et
1690 2428 1874 2484 Sancti
1906 2427 2047 2481 Lau-

463 2534 650 2599 rentii,
688 2533 806 2586 sive
835 2529 1076 2598 reliquas
1097 2525 1472 2597 possessiones
1499 2523 1565 2576 ad
1597 2535 1792 2576 causas
1827 2520 2049 2573 audien-

464 2624 566 2678 das
590 2621 673 2677 vel
697 2620 849 2678 freda
882 2617 1170 2687 exigenda,
1203 2615 1316 2670 sive
1348 2614 1678 2674 mansiones,
1713 2625 1807 2664 seu
1831 2616 2049 2677 paratas

461 2713 764 2774 faciendas,
791 2721 885 2764 aut
911 2709 1129 2763 illicitas
1169 2704 1490 2761 occasiones
1531 2701 1906 2770 requirendas,
1957 2707 2051 2752 aut

464 2802 714 2859 homines
732 2816 894 2870 supra
916 2807 1113 2854 terram
1145 2796 1387 2867 przedicti
1410 2791 1776 2848 monasterioli
1807 2805 2049 2845 comma-

464 2903 658 2950 nentcs
699 2890 1097 2961 distringendos
1141 2887 1342 2943 nostris
1385 2894 1440 2941 et
1475 2885 1670 2938 futuris
1719 2882 2050 2954 temporibus

463 2985 672 3055 ingredi
711 2984 943 3047 audeat,
973 2989 1061 3036 aut
1094 2995 1154 3036 ea
1195 2994 1314 3050 quae
1344 2994 1508 3048 supra
1550 2984 1845 3032 memorata
1889 2982 2047 3039 sunt,

462 3078 677 3146 penitus
705 3076 922 3145 exigere
945 3080 1258 3143 praesumat,
1302 3069 1394 3124 sed
1420 3068 1580 3123 liceat
1611 3067 1742 3136 ipsis
1771 3064 2049 3119 monachis

464 3173 647 3243 quiete
674 3171 860 3223 vivere
904 3178 960 3221 et
1006 3167 1116 3220 Deo
1145 3176 1361 3227 vacare,
1401 3169 1562 3230 atque
1609 3175 1706 3229 pro
1737 3168 1921 3212 nostra
1953 3171 2047 3211 seu

465 3239 710 3332 conjugis
734 3264 933 3312 nostra:
963 3254 1047 3308 vel
1074 3252 1222 3324 prole
1247 3291 1260 3316 ,
1290 3251 1404 3306 sive
1445 3250 1610 3304 totius
1639 3247 1848 3318 imperii
1881 3245 2052 3300 nostri

466 3349 786 3412 stabilitate,
837 3359 962 3400 cum
1008 3340 1404 3410 tranquillitate
1471 3339 1563 3393 Dei
1622 3333 2050 3392 misericordiam

465 3439 778 3520 implorare.
805 3435 863 3489 Si
883 3433 1006 3505 quis
1030 3447 1182 3496 vero,
1214 3439 1319 3486 etc.

537 3514 760 3598 Signum
787 3525 966 3578 domui
996 3521 1302 3577 Cltuonradi
1333 3516 1650 3573 serenissimi
1692 3514 2050 3568 Romanorum

464 3619 795 3688 imperatoris
828 3617 1072 3687 Augusti.
1103 3644 1172 3654 ——
1208 3613 1372 3666 Locus
1409 3611 1447 3681 ’ἱ-
1487 3609 1645 3679 sigilli
1691 3608 1824 3661 cerei
1870 3607 2054 3675 deper-

466 3712 585 3764 diti.

538 3799 848 3856 Kadelohus
884 3797 1241 3852 caneellarius
1272 3795 1388 3850 vice
1418 3792 1730 3849 Herimanni
1774 3789 2054 3846 archican-

469 3891 678 3948 cellarii
700 3889 1006 3959 recognovi.

543 3982 736 4035 Datum
765 3993 804 4032 ιι
842 3978 964 4034 ldus
985 3975 1137 4041 Julii,
1168 3989 1310 4030 anno
1344 3974 1633 4030 Dominica:
1664 3971 2054 4028 incarnationis

467 4071 630 4137 £037,
657 4069 950 4124 indictione
973 4083 1026 4131 v,
1055 4081 1198 4120 anno
1223 4073 1399 4120 autem
1423 4064 1603 4120 domui
1631 4061 1940 4117 Cbuonradi
1967 4075 2052 4115 se-

468 4163 629 4218 cundi
655 4161 802 4232 regni
827 4176 946 4223 Xlll,
979 4158 1188 4228 imperii
1220 4172 1294 4211 x1.

539 4255 738 4309 Actum
767 4251 1000 4307 Veronae
1045 4249 1112 4304 ad
1155 4249 1411 4303 Sanctum
1462 4245 1751 4309 Zenonem,
1801 4243 2049 4298 feliciter.

467 4348 662 4399 Amen.

466 4524 771 4578 (Ihuonradi
810 4521 872 4575 II
914 4521 1068 4590 regis,
1119 4516 1682 4590 imperatorisprimi,
1719 4523 2051 4590 _pr_(ecej_ttum

535 4612 638 4666 quo
667 4594 842 4647 omnia
859 4585 1367 4666 praedia-cujusdam
1403 4586 1729 4666 Atla.ilti_,‘qttt'
1761 4585 2054 4664 Henricnm

541 4655 818 4718 diaconum
845 4655 1166 4716 cardinalcm
1194 4657 1553 4711 Cremonensis
1587 4655 1835 4709 Ecclesirc
1862 4655 2054 4722 injuste

538 4736 820 4795 occiderat,
861 4733 1026 4786 eidem
1063 4728 1314 4783 Ecclesia:
1351 4727 1418 4779 ad
1455 4726 1833 4794 reparationem
1874 4728 2052 4776 aantni

541 4804 798 4858 concedit.

941 4892 1120 4962 (Circa
1161 4903 1362 4944 annum
1398 4885 1580 4952 1057.)

756 4984 1066 5056 [Muttnont
1092 5023 1106 5044 ,
1137 4981 1311 5050 Antiq.
1339 4977 1489 5046 ltal.,
1522 4979 1588 5039 ll,
1619 4977 1771 5050 597.]

537 5078 595 5134 in
621 5079 841 5134 nomine
873 5085 1074 5132 sancta:
1111 5083 1167 5129 et
1202 5073 1486 5127 individua:
1507 5073 1808 5134 Trinitatis,
1845 5069 2057 5128 Cnuos-

471 5187 660 5236 IIADUS,
692 5171 869 5226 divina
904 5168 1116 5223 favente
1143 5166 1424 5221 clementia
1444 5206 1458 5230 ,
1493 5163 1858 5219 Romanorum
1889 5167 2056 5235 impe-

473 5269 622 5314 rator
641 5261 936 5331 Augustus.

544 5349 600 5404 Si
633 5360 831 5406 sanctae
865 5350 954 5405 Dei
995 5348 1282 5412 Ecclesim,
1327 5355 1430 5402 etc.
1469 5346 1522 5399 ln
1569 5346 1793 5400 veritate
1825 5359 2055 5414 namque

473 5445 836 5513 comperimus
879 5443 1020 5512 quod
1069 5441 1285 5511 quidam
1317 5439 1696 5494 Cremonensis
1735 5438 1837 5504 vir,
1884 5437 2055 5491 Adam

473 5537 714 5603 nomine,
743 5536 1006 5607 superbia:
1045 5537 1236 5605 spiritu
1284 5533 1527 5597 inflatus,
1558 5543 1614 5590 et
1655 5534 1915 5590 diabolica
1963 5549 2056 5587 au.

473 5633 628 5687 dacia
681 5632 1001 5694 concitatus,
1058 5628 1343 5698 quemdam
1393 5627 1712 5690 diaconum,
1769 5626 2054 5680 llcnricum

476 5721 715 5783 nomine,
741 5729 942 5776 sancta:
981 5712 1362 5771 Cremonensis
1403 5715 1654 5770 Ecclesiae
1697 5717 2053 5781 cardinalcm,

2145 1892 2404 1963 prietario
2422 1890 2544 1958 jure
2571 1890 2817 1946 habenda
2845 1899 2900 1943 ct
2924 1889 3219 1944 detinenda
3265 1886 3668 1948 concedimus,
3695 1897 3734 1937 et

2148 1981 2306 2050 injus
2351 1997 2415 2037 ac
2459 1982 2756 2037 dominium
2805 1981 3214 2052 praenominata:
3259 1978 3545 2034 Ecclesiae
3589 1986 3732 2032 nostra

2149 2071 2415 2142 imperiali
2465 2072 2790 2127 auctoritate
2832 2069 3270 2125 translundimus
3317 2085 3337 2122 :
3399 2083 3470 2122 ea
3525 2067 3736 2121 videlicet

2149 2165 2382 2228 ratione,
2429 2173 2489 2219 ut
2535 2175 2643 2219 tam
2699 2162 2974 2218 Hubaldus
3025 2160 3262 2216 dilectus
3319 2159 3520 2214 ﬁdelis
3569 2169 3734 2212 noster.

2148 2257 2388 2328 ejusdem
2419 2256 2672 2312 Ecclesia:
2704 2254 3030 2312 venerabilis
3064 2255 3380 2324 episcOpus
3402 2295 3419 2318 ,
3457 2268 3624 2321 quam
3651 2267 3737 2305 sm-

2151 2364 2397 2406 cessorcs
2428 2348 2534 2413 sui,
2581 2350 2648 2403 de
2687 2347 2960 2419 pra'diclis
3003 2346 3260 2401 omnibus
3304 2347 3492 2399 rebus
3536 2344 3736 2414 ρηιίιίὶ

2152 2437 2439 2496 homicidae
2465 2439 2724 2510 quidquid
2753 2439 2833 2495 eis
2866 2447 3014 2493 recte
3042 2438 3223 2492 visum
3249 2437 3440 2490 fuerit
3471 2434 3547 2490 ad
3575 2434 3738 2489 utiﬁta-

2151 2541 2260 2586 tem
2313 2530 2566 2586 Ecclesia:
2616 2530 3006 2601 perpetualiter
3050 2528 3281 2583 faciant.
3329 2526 3577 2597 Insuper
3615 2528 3736 2580 etiam

2152 2621 2416 2691 imperiali
2447 2636 2676 2676 censura
2700 2621 2959 2694 juhemus
2986 2629 3047 2672 ιιι
3072 2618 3258 2672 nullus
3294 2617 3419 2672 dux
3446 2658 3466 2682 ,
3507 2616 3737 2676 marci»,

2151 2725 2358 2775 eomes,
2407 2711 2730 2776 vicecomes,
2781 2699 2964 2781 iudex,
3023 2707 3379 2774 sculdascio,
3434 2723 3537 2762 seu
3585 2721 3737 2776 magna

2152 2815 2424 2871 parvaque
2450 2803 2598 2872 regni
2631 2802 2799 2858 nostri
2823 2816 3073 2872 persona,
3102 2799 3168 2854 de
3190 2801 3494 2868 przedictis
3524 2801 3738 2855 omnibus

2152 2892 2433 2962 praetaxati
2469 2893 2754 2948 homicida:
2790 2900 3038 2948 sanctam
3082 2890 3543 2947 Cremonensem
3589 2891 3740 2946 Eccle-

2153 2981 2287 3035 siam
2344 2989 2508 3050 atque
2558 2979 2861 3035 llubaldum
2911 2979 3154 3049 ejusdem
3207 2981 3368 3036 sedis
3423 2982 3736 3040 antistitem.

2157 3070 2383 3140 ejusque
2407 3087 2753 3128 successores
2772 3072 3086 3140 disvestire,
3116 3083 3214 3127 aut
3245 3073 3576 3143 inquietare
3593 3072 3737 3142 aliqua

2155 3166 2371 3238 ingenio
2397 3173 2490 3220 aut
2511 3165 2797 3220 occasione
2827 3175 3143 3234 praesumat.
3176 3165 3238 3220 Si
3267 3167 3405 3234 quis
3432 3181 3588 3231 vero,
3611 3175 3699 3221 etc.

2225 3255 2448 3326 Signum
2489 3255 2669 3309 damni
2717 3253 3021 3310 Chuonradi
3061 3256 3401 3310 εει-επὶεεὶῖηὶ
3437 3255 3739 3324 ἔκκριτοισώ

2153 3347 2392 3417 Augusti.

2234 3437 2458 3508 Reliqua
2486 3437 2884 3492 desiderantur.

2843 3550 3051 3605 XXV".

2155 3663 2458 3717 Cltuonradi
2485 3663 2641 3732 primi
2657 3663 2878 3732 Augusti
2901 3661 3136 3732 diploma
3156 3679 3253 3730 per
3269 3663 3419 3731 quod
3443 3672 3732 3714 monasterii

2233 3731 2491 3801 Segusiuo'
2512 3733 2572 3788 S.
2596 3731 2754 3801 Justi
2785 3731 2920 3785 bona
2949 3731 3146 3801 collata
3173 3734 3242 3783 ab
3275 3733 3463 3784 Alrico
3497 3733 3732 3800 episcopo.

2225 3815 2270 3856 et
2297 3800 2637 3872 ’Maginfredo
2666 3802 2988 3865 marcltionc,
3013 3800 3434 3868 conﬁrmantur.

2745 3887 2923 3958 (Anno
2967 3887 3150 3956 1057.)

2461 3979 2793 4050 (Memnoni,
2822 3979 2999 4048 Antiq.
3034 3978 3188 4043 Μαίη
3214 3979 3255 4044 l,
3289 3979 3451 4051 547.]

2226 4073 2281 4126 ln
2313 4072 2532 4126 nomine
2566 4080 2768 4126 sancta:
2798 4079 2854 4125 et
2890 4071 3183 4125 individua:
3217 4071 3520 4126 Trinitatis
3550 4073 3730 4127 Cum-

2157 4178 2347 4227 uauus,
2379 4163 2743 4217 Romanorum
2790 4161 3087 4231 imperator
3108 4161 3414 4232 Augustus,
3461 4165 3642 4218 divina
3677 4165 3729 4212 [ι-

2159 4265 2316 4308 vente
2345 4253 2731 4309 misericordia.

2229 4344 2286 4399 Si
2312 4344 2492 4399 divino
2525 4343 2850 4398 intrinsecus
2878 4343 3006 4398 tacti
3033 4343 3340 4413 spiramine
3370 4344 3536 4398 alma:
3566 4351 3728 4398 sant-t2

2083 4462 2132 4520 ι)
2161 4437 2320 4492 matri
2361 4437 2636 4502 Ecclesiae,
2663 4435 2987 4506 Christoque
3017 4437 3180 4506 digne
3224 4437 3573 4498 servientes,
3605 4449 3728 4488 me

2163 4529 2319 4583 dialis
2367 4528 2528 4599 hujus
2588 4529 2846 4598 temporis
2908 4529 3109 4582 auxilia
3160 4528 3518 4597 pra-Dentes,
3568 4540 3726 4582 nostr.-

2162 4621 2418 4674 Rontana:
2451 4619 2756 4690 reipublicae
2804 4620 2869 4672 ad
2915 4618 3250 4689 profectum,
3297 4629 3473 4690 atque
3519 4621 3586 4673 ad
3626 4633 3726 4685 aa;-

2163 4723 2401 4765 incntnnt
2433 4713 2715 4781 utriusque
2749 4711 2896 4773 vita},
2943 4725 3049 4764 non
3077 4711 3338 4779 exiguum
3375 4710 3500 4764 fore
3539 4711 3724 4765 minim:

2164 4803 2487 4872 atnbigitnns
2514 4819 2527 4855 :
2558 4813 2610 4855 et
2640 4804 2682 4856 si
2712 4804 2813 4873 piis
2861 4812 3170 4858 nostrorum
3218 4804 3463 4857 fidelium
3511 4803 3722 4872 ραις-ξιτεδ

2163 4896 2434 4950 Caesareas
2468 4909 2628 4948 aures
2652 4895 2948 4950 clementer
2975 4895 3325 4958 inclinatnus,
3361 4897 3635 4949 fideliores
3664 4905 3720 4944 at-

2163 5003 2265 5056 que
2293 4987 2354 5040 ad
2385 4986 2655 5057 publicum
2679 5002 2777 5040 nec
2799 5002 2902 5041 non
2932 4987 3201 5056 privatum
3229 4987 3559 5055 obsequium
3575 4999 3720 5054 prm-

2162 5079 2364 5148 ptinres
2385 5093 2477 5132 eos
2497 5079 2695 5133 obnixe
2724 5080 3013 5133 credimus.
3055 5077 3402 5146 Quapropter
3433 5089 3716 5132 cunctor-at

2161 5180 2326 5226 castae
2354 5171 2540 5224 matris
2561 5168 2814 5224 Ecclesize
2844 5169 3078 5223 fideliqu
3118 5168 3340 5221 devotio
3363 5209 3378 5233 ,
3410 5168 3718 5222 animadver-

2164 5271 2242 5317 tat
2283 5262 2514 5332 qualiter
2559 5271 2742 5316 nostra
2798 5260 3092 5328 impcrialis
3139 5259 3403 5326 majestas
3448 5252 3715 5313 interveni!

2162 5352 2362 5408 domini
2401 5351 2672 5421 Popponis
2713 5349 3139 5419 archipriesulis,
3182 5365 3283 5403 nec
3320 5365 3426 5402 non
3461 5349 3624 5402 Bent
3649 5360 3715 5398 co-

2165 5445 2403 5506 mitissm,
2432 5444 2692 5497 virtutum
2722 5443 2960 5495 moribus
3003 5442 3288 5510 expolita.
3331 5443 3508 5508 dignis
3538 5440 3711 5509 petitio-

2162 5535 2318 5589 nibns
2349 5543 2488 5587 tacta
2518 5531 2886 5594 concedimus,
2918 5540 3080 5599 atque
3101 5546 3198 5599 per
3229 5533 3368 5586 hanc
3400 5530 3568 5585 nostri
3605 5540 3700 5596 pr:

2161 5627 2302 5694 cepti
2334 5627 2580 5694 paginam
2603 5624 3026 5679 corroborantes
3056 5625 3239 5678 omnia
3266 5625 3467 5692 praedia
3495 5633 3706 5677 cunctas-

2159 5732 2380 5786 queres
2425 5715 2542 5770 illas
2578 5730 2714 5784 quas
2754 5713 2881 5768 olim
2921 5713 3138 5768 Alricus
3176 5716 3501 5771 venerabilis
3531 5715 3702 5782 episca-
