3838 6322
90 372 260 428 1075
1323 366 1795 425 CHUONRADUS
1835 369 1877 423 ll
1932 368 2068 423 1MP.
3246 374 3380 426 107.5

85 504 240 556 p-us,
274 496 433 556 alque
479 485 809 540 Maiufredus
851 486 1093 539 marcbio
1149 484 1416 548 eximius,
1451 499 1549 537 nec
1594 500 1698 536 non
1730 496 1775 551 Α
1806 480 1976 534 nostri
2002 480 2210 548 imperii
2243 492 2453 551 magna,
2483 496 2754 550 parvaque
2785 496 3034 551 persona,
3067 484 3383 552 praedictum

84 576 277 631 Berta
334 575 555 630 illustris
602 573 880 629 comitissa
933 572 1127 626 obtulit
1190 579 1389 627 sanctae
1456 570 1700 626 ecclesiae
1803 572 2075 635 abbatem,
2118 572 2309 639 suique
2353 587 2716 639 successores,
2767 574 3046 645 ipsamque
3091 591 3385 647 congrega-

84 671 258 738 apud
300 668 599 738 Segusiam,
660 666 728 721 ad
790 668 1047 722 honorem
1091 678 1290 720 sanctae
1331 675 1387 720 et
1415 668 1700 721 individua;
1803 663 2001 717 tionem
2053 665 2117 715 de
2166 663 2420 716 thesauro
2455 663 2736 727 ecclesiae,
2766 674 2822 719 et
2857 664 2924 719 de
2971 666 3224 719 omnibus
3272 669 3384 722 suis

86 758 419 820 Trinitatis,
447 768 605 825 atque
629 759 727 812 sub
755 759 969 812 nomine
1000 756 1185 811 Matris
1216 767 1270 810 et
1296 757 1532 826 Virginis
1553 798 1567 822 ,
1595 756 1696 811 Pe-

84 850 293 919 trique
317 848 676 916 apostolorum
703 848 992 918 principis,
1027 858 1081 903 et
1118 848 1297 911 Pauli,
1341 849 1694 918 omniumque

82 946 426 993 sanctorum
462 936 752 999 dedicatae,
787 936 875 989 ubi
921 937 1192 991 conditum
1236 948 1319 990 est
1361 937 1695 993 sanctissimi

80 1027 117 1082 J
128 1030 252 1084 usti
280 1029 532 1098 martyris
561 1042 777 1098 corpus,
808 1036 970 1096 atque
1001 1029 1172 1083 sancti
1202 1027 1396 1090 Mauri,
1426 1029 1493 1082 ob
1525 1043 1695 1083 reme-

80 1121 261 1175 dium
289 1135 505 1175 suarum
534 1121 840 1174 animarum
867 1122 1214 1189 omniumque
1237 1120 1693 1188 Christianorum,

82 1212 169 1264 ad
207 1228 368 1267 usum
397 1221 451 1267 et
476 1222 752 1281 sumptum
792 1213 1230 1282 congregationis
1266 1211 1382 1278 ejus
1423 1222 1695 1268 monaste-

82 1303 196 1367 rii,
238 1318 398 1371 quam
441 1302 855 1373 pratsentialiter
895 1304 1033 1374 regit
1065 1312 1226 1373 atque
1255 1306 1518 1373 gubernat
1545 1305 1695 1359 dom-

82 1408 210 1446 nus
258 1391 589 1453 Bertramus,
633 1393 785 1445 mirae
823 1392 1124 1447 devotionis
1163 1393 1350 1447 abbas.
1399 1392 1694 1448 Censetnus

82 1497 264 1553 ergo,
303 1494 463 1552 atque
498 1497 592 1551 per
624 1483 762 1537 hanc
799 1484 972 1536 nostri
1004 1486 1254 1552 praecepti
1290 1484 1538 1553 paginam
1571 1500 1693 1539 cor-

84 1572 703 1640 roborantesjubemus
733 1582 791 1625 nt
822 1572 1108 1640 praedictus
1134 1574 1323 1637 abbas,
1350 1574 1542 1641 suique
1578 1589 1695 1627 suc-

79 1677 373 1728 cessores,
400 1672 703 1732 cunctaque
730 1663 1102 1733 congregatio,
1125 1665 1419 1718 secundum
1448 1664 1690 1727 regulam

82 1752 250 1808 beati
278 1753 548 1808 Benedicti
583 1753 633 1806 in
670 1754 857 1807 eodem
890 1754 1219 1808 monasterio
1247 1754 1469 1823 degens,
1509 1754 1691 1807 omnia

1803 752 1961 805 rebus
2006 750 2292 806 mobilibus
2340 761 2394 805 et
2443 752 2845 817 immobilibus,
2906 756 3151 819 famulis,
3209 766 3264 811 et
3316 758 3383 812 de

1801 840 1960 895 rebus
1997 856 2117 909 qua:
2159 841 2231 894 ibi
2264 850 2407 905 sunt,
2438 842 2521 895 vel
2569 843 2913 899 conferenda:
2944 856 3099 900 erunt
3123 888 3137 911 ,
3168 848 3382 915 inquie-

1800 938 1934 995 tare,
1961 931 2256 993 molestari,
2301 932 2605 997 disvestire’,
2655 943 2747 987 aut
2790 935 2987 990 fotrum
3029 939 3250 1001 tollere,
3287 954 3379 993 seu

1799 1019 1968 1091 legem
2001 1021 2179 1078 facere
2204 1062 2219 1087 ,
2248 1031 2340 1076 aut
2370 1022 2628 1092 placitum
2662 1034 2847 1079 tenere
2866 1069 2880 1092 ,
2913 1027 3013 1082 nisi
3039 1030 3208 1084 abbas
3236 1029 3381 1097 ejus-

1798 1114 1918 1167 dem
1951 1114 2076 1179 loci,
2102 1124 2199 1169 aut
2226 1130 2383 1169 suum
2416 1115 2614 1173 missus
2641 1127 2964 1186 prmsumat,
3000 1134 3091 1173 seu
3126 1121 3177 1174 in
3200 1121 3382 1175 domi-

1797 1203 1896 1256 bus
1938 1217 2124 1257 eorum
2167 1204 2402 1273 aliquam
2450 1205 2654 1259 inferre
2696 1205 3003 1261 violentiam
3056 1211 3272 1278 audeat.
3321 1209 3377 1261 Si

1796 1292 1916 1360 quis
1944 1292 2110 1362 igitur
2138 1304 2500 1365 praesumptor
2541 1296 2864 1350 temerarius
2885 1337 2897 1361 ,
2945 1297 3213 1352 diabolico
3255 1315 3381 1353 ava-

1797 1382 1933 1436 ritia:
1985 1384 2204 1437 stimulo
2250 1398 2571 1453 percussus,
2618 1384 2748 1439 liuic
2792 1395 2993 1439 nostrae
3040 1387 3380 1442 auctoritatis

1795 1483 2063 1544 praecepto
2087 1475 2375 1539 resistere,
2406 1485 2501 1530 aut
2526 1491 2651 1530 eum
2690 1477 3037 1546 aliquatenus
3081 1478 3381 1547 infringere

1797 1566 2091 1618 teutaverit
2116 1606 2130 1627 ,
2163 1566 2374 1620 noverit
2403 1582 2462 1621 se
2508 1569 2933 1636 compositurum
2959 1570 3074 1622 auri
3104 1569 3380 1638 purissimi

1796 1655 1961 1711 libras
2008 1666 2223 1711 centum
2258 1659 2456 1712 talenta
2501 1658 2735 1725 majora,
2774 1659 2985 1715 scilicet
3034 1661 3376 1714 medietatem

1794 1763 2023 1803 munera:
2054 1761 2269 1816 nostrm,
2313 1760 2369 1804 et
2406 1751 2751 1806 medietatem
2799 1752 3070 1820 praedictae
3113 1751 3373 1806 ecclesiae.

79 1843 309 1911 praedia
337 1859 367 1896 a
397 1844 720 1913 supradictis
762 1845 1049 1913 episcopo,
1080 1845 1396 1901 marcliione
1429 1854 1483 1898 et
1519 1846 1687 1899 comi-
1722 1849 1765 1908 Β
1795 1840 1947 1906 Quod
1971 1850 2030 1894 ttt
2059 1843 2241 1897 verius
2264 1844 2549 1906 credatur,
2582 1843 3003 1912 diligentiusque
3028 1842 3097 1895 ab
3125 1843 3379 1897 onmibus

81 1934 237 1989 tissa
270 1934 377 1988 Deo
405 1946 461 1988 et
486 1934 689 1989 sanctis
730 1935 840 1988 suis
882 1933 1098 2001 collata,
1130 1934 1352 1996 habeat,
1384 1943 1566 1989 teneat
1598 1935 1689 1988 ﬁr-

80 2026 375 2095 miterque
418 2025 726 2095 possideat,
758 2035 813 2079 et
842 2026 1138 2080 secundum
1174 2026 1315 2095 quod
1363 2028 1411 2081 ei
1460 2036 1604 2082 recte
1634 2036 1689 2081 et

79 2125 242 2181 iuste
271 2115 445 2170 visum
478 2115 666 2180 fuerit,
701 2116 954 2170 ordinent
982 2125 1146 2185 atque
1179 2116 1488 2185 disponant,
1513 2133 1578 2171 eo
1609 2120 1686 2171 vi-

81 2205 299 2260 delicet
320 2206 508 2261 ordine
533 2223 640 2276 quo
675 2206 879 2276 praefati
910 2206 1119 2261 Alricus
1149 2207 1453 2277 episcopus,
1488 2217 1539 2262 et
1572 2208 1689 2262 Ma-

80 2292 380 2362 ginlredus
406 2295 676 2360 marcbio,
704 2310 798 2349 seu
821 2295 978 2350 Berta
1006 2295 1306 2363 comitissa,
1334 2310 1431 2365 pro
1465 2312 1683 2351 suarum

82 2384 404 2439 animarum
433 2385 783 2455 omniumque
819 2386 1248 2441 Christianorum
1283 2389 1542 2454 remedio,
1578 2389 1691 2444 dis-

88 2490 311 2544 ponere
353 2477 738 2543 decreveruut,
786 2487 970 2531 nostra
1010 2481 1428 2549 nostrorumque
1470 2496 1690 2536 succes-

82 2583 286 2621 sorum
317 2570 747 2625 contradictione
773 2580 828 2624 et
851 2552 1098 2625 molestia
1133 2573 1321 2642 procul
1352 2573 1567 2642 penitus
1598 2588 1684 2628 re-

83 2666 286 2712 mota:
319 2657 526 2714 scilicet
554 2660 713 2714 tertia
745 2669 900 2730 parte
940 2660 1179 2729 ejusdem
1229 2663 1465 2718 civitatis
1519 2664 1687 2733 Segn-

82 2749 216 2816 sim,
243 2765 338 2804 seu
384 2751 498 2820 ejus
543 2753 824 2818 territorii,
865 2763 1094 2823 excepto
1145 2765 1330 2810 castro
1374 2758 1516 2824 quod
1548 2756 1684 2809 intra

83 2840 273 2909 ipsam
304 2843 576 2898 civitatem
602 2844 831 2914 positum
854 2855 965 2910 est;
991 2862 1084 2901 seu
1112 2849 1267 2902 tertia
1296 2857 1447 2917 parte
1481 2848 1546 2902 de
1576 2856 1686 2900 tota

82 2932 239 2988 valle
261 2932 519 3005 Segusiaa,
540 2943 646 2989 tam
676 2935 728 2989 in
760 2936 1037 2992 montibus
1066 2954 1225 3007 quam
1255 2940 1306 2992 in
1336 2939 1683 3009 planitiebus,

81 3023 242 3077 sicut
298 3024 540 3079 detinent
585 3035 794 3080 montes
830 3026 918 3096 qui
957 3028 1134 3082 vocati
1184 3037 1311 3081 sunt
1358 3022 1581 3082 Genevii
1633 3035 1686 3080 et

79 3114 310 3180 C-iuisii,
343 3131 515 3186 usque
542 3117 594 3171 in
624 3117 953 3172 territorium
985 3129 1039 3173 et
1078 3118 1238 3174 ﬁnem
1282 3119 1349 3172 de
1394 3118 1518 3171 villa
1565 3134 1684 3188 quae

80 3215 327 3260 vocatur
348 3206 515 3277 Vaga,
543 3209 593 3262 in
620 3208 753 3264 locis
778 3218 833 3263 et
859 3208 1038 3265 fundis
1069 3209 1270 3265 Sesana
1312 3211 1454 3275 Ulei,
1479 3218 1533 3264 et
1558 3209 1685 3263 Bar-

79 3299 334 3352 donesca
365 3297 725 3367 Salebertani,
758 3300 966 3366 Exitio,
997 3302 1170 3372 Caput
1197 3304 1396 3357 montis
1424 3302 1684 3357 Gallionis

80 3389 378 3453 Medianze,
424 3390 679 3461 Matingo,
714 3392 959 3457 Foresto,
986 3392 1259 3458 BOLoleto,
1291 3392 1490 3448 Sancto
1519 3392 1684 3448 Geor-

80 3481 218 3552 gio,
251 3479 514 3545 Canusso,
550 3480 818 3547 Brusiolo,
846 3483 1130 3548 Burbono,
1168 3483 1371 3539 Villare
1397 3484 1679 3547 Fulcardi,

82 3572 302 3627 Sancta
340 3571 589 3642 Agatho:
626 3589 748 3628 cum
791 3575 962 3639 casis,
1018 3575 1273 3643 capellis,
1313 3576 1685 3645 universisque

84 3662 285 3725 rebus,
330 3664 691 3731 omnibusque
738 3661 1057 3729 adjaceutiis
1106 3673 1163 3717 et
1209 3665 1555 3733 pertinentiis
1594 3679 1683 3718 eo-

86 3770 242 3806 rum.
278 3751 500 3817 Iusuper
529 3762 707 3808 cortes
751 3754 886 3807 duas
934 3753 1174 3823 integras
1213 3752 1433 3807 Almesii
1478 3761 1531 3807 et
1571 3752 1684 3805 Ru-

83 3844 263 3897 biana
306 3858 428 3897 cum
480 3844 815 3913 appendiciis
851 3854 905 3897 et
935 3844 1279 3913 pertinentiis
1313 3859 1543 3899 earum:
1583 3860 1683 3899 nec

85 3951 206 3989 non
245 3933 538 4002 Vigodone,
570 3944 625 3990 et
649 3946 854 3991 eurtem
888 3938 955 3991 de
989 3936 1232 3991 Volveria
1270 3952 1391 3992 cum
1431 3938 1684 3993 omnibus

85 4028 213 4082 suis
249 4028 611 4097 pertinentiis,
658 4026 819 4082 Petra
863 4027 1045 4083 Oriola
1075 4044 1197 4083 cum
1234 4028 1433 4098 capella
1456 4070 1471 4091 ,
1511 4029 1688 4083 omni-

89 4121 307 4189 busque
343 4119 676 4189 appendiciis
713 4129 766 4174 et
795 4121 1142 4189 pertinentiis
1173 4122 1285 4176 suis
1307 4162 1320 4185 ,
1357 4137 1478 4176 cum
1509 4123 1684 4191 pisca-

91 4211 360 4274 tionibus,
391 4211 639 4281 pascuis,
664 4211 906 4281 rupibus,
938 4212 1130 4279 ruinis,
1157 4230 1186 4266 a
1220 4215 1333 4282 ripa
1369 4213 1566 4269 Sturiae
1596 4230 1684 4270 us-

87 4318 203 4373 que
227 4303 291 4357 ad
316 4303 464 4358 littus
490 4304 684 4370 maris;
720 4319 966 4357 mansum
997 4320 1161 4359 unum
1200 4306 1251 4358 in
1291 4305 1599 4371 Carisione,
1630 4313 1685 4360 et

90 4397 263 4449 alium
297 4396 349 4449 in
378 4394 670 4462 Genecula,
696 4410 818 4450 cum
848 4410 1033 4450 eorum
1064 4396 1436 4466 pertinentiis;
1466 4410 1685 4450 mansos

88 4488 240 4542 duos
269 4488 320 4541 in
357 4488 695 4553 Ferruciaso,
721 4504 844 4543 cum
877 4488 1086 4543 duabus
1131 4489 1378 4557 capellis,
1408 4505 1511 4542 una
1557 4504 1679 4544 cum
1714 4526 1759 4582 υ

90 4581 248 4643 dote,
276 4589 330 4634 et
351 4581 505 4634 tertia
536 4590 687 4650 parte
714 4580 779 4635 de
807 4579 1050 4650 decima],
1083 4588 1140 4634 et
1175 4579 1382 4635 duobus
1414 4579 1681 4635 molendi.-

91 4674 186 4727 nis
214 4681 383 4726 curtae
407 4671 593 4726 Mauce
623 4686 745 4726 cum
772 4672 1024 4728 omnibus
1061 4672 1175 4727 suis
1203 4674 1564 4742 pertinentiis.
1596 4673 1680 4727 lu-

94 4779 267 4834 super
288 4764 433 4818 lacus
460 4764 525 4818 de
546 4763 834 4830 Aviliania,
861 4774 915 4818 et
940 4765 1204 4820 vivarium
1233 4778 1481 4820 vocatum
1512 4766 1684 4820 Vuan-

94 4869 252 4924 gery,
293 4868 414 4907 cum
446 4852 770 4920 adjacentiis
800 4855 912 4909 suis
932 4895 945 4918 ,
980 4864 1284 4924 cunctaque
1314 4856 1564 4925 superius
1591 4857 1684 4911 de-

95 4946 377 5001 nominata
401 4960 521 5000 cum
550 4945 922 5012 sediminibus,
946 4947 1137 5013 vincis,
1162 4949 1410 5017 arcisque
1438 4963 1678 5015 suarum,

99 5038 267 5093 terris
310 5031 624 5102 arabilibus,
673 5038 915 5108 capellis,
959 5040 1153 5109 pratis,
1196 5039 1394 5111 gerbis,
1446 5039 1714 5108 pascuis,

98 5129 256 5186 silvis
288 5130 582 5199 majoribus
611 5145 675 5187 ac
711 5131 1042 5195 minoribus,
1079 5146 1198 5184 cum
1245 5130 1388 5184 areis
1428 5144 1681 5193 suarum,

98 5220 448 5287 molendiuis,
482 5223 903 5292 piscationibus,
935 5222 1176 5291 alpibus,
1207 5222 1361 5294 ripis,
1392 5225 1585 5293 ruinis,
1621 5240 1686 5280 ac

101 5310 407 5379 paludibus,
441 5311 600 5367 cultis
628 5322 682 5367 et
706 5312 945 5378 incultis,
972 5313 1161 5368 divisis
1191 5329 1255 5368 ac
1283 5315 1549 5383 indivisis,
1574 5332 1682 5371 una

101 5418 228 5457 cum
289 5404 729 5469 accessionibus,
792 5419 884 5459 seu
944 5404 1173 5471 ﬁnibus,
1231 5406 1578 5472 terminibus,
1630 5416 1685 5463 et

104 5494 293 5550 usibus
315 5512 598 5565 aquarum,
633 5511 1007 5567 aquarumque
1034 5497 1372 5552 decursibus.
1404 5497 1683 5568 Imperan-

106 5597 186 5642 tes
215 5587 395 5658 itaque
428 5588 800 5663 prmcipimus,
850 5598 903 5643 et
938 5589 1160 5644 omnino
1196 5588 1595 5656 interdicimus,
1626 5598 1686 5644 ut

104 5679 287 5733 nullus
330 5681 458 5745 dux,
506 5681 981 5751 archiepiscopus,
1029 5682 1345 5752 episcopus,
1398 5684 1681 5747 marcbio,

104 5785 311 5834 comes,
344 5770 661 5834 vicccomes,
697 5762 1040 5838 sculdadius,
1070 5772 1352 5841 gastaldio,
1378 5780 1474 5825 aut
1507 5772 1684 5840 aliqua

1791 1931 2129 1999 observetur,
2159 1948 2320 1986 manu
2353 1934 2571 2003 propria
2616 1935 2970 1996 roborantes,
3011 1934 3168 2004 sigilli
3209 1935 3378 1989 nostri

1792 2022 2151 2091 impressione
2181 2025 2409 2087 inferius
2436 2026 2680 2095 insigniri
2698 2026 2977 2095 jussimus.

1869 2110 2086 2181 Signum
2118 2115 2317 2168 domini
2337 2100 2641 2169 Chuonradi
2668 2117 2993 2170 invictissimi
3022 2115 3375 2171 Romanorum

1791 2203 2119 2270 imperatoris
2138 2206 2382 2274 Augusti.

1860 2294 2041 2364 Poppo
2071 2296 2512 2366 archiepisc0pus
2534 2297 2889 2353 Trevereusis
2921 2298 3236 2352 intervenit.

1862 2385 2128 2441 Kailelous
2156 2388 2516 2443 caucellarius
2551 2389 2671 2443 vice
2704 2388 2999 2443 llermanni
3040 2388 3375 2459 arclticapel-

1790 2477 1895 2531 lani
1923 2480 2250 2548 recognovit.

1864 2569 2053 2623 Datum
2088 2584 2142 2623 tv
2181 2569 2453 2625 Kalendas
2481 2570 2759 2636 Januarii,
2801 2585 2943 2624 anno
2974 2569 3268 2624 Dominiea:
3297 2569 3377 2622 In-

1789 2660 2120 2714 carnationis
2171 2660 2458 2715 millesimo
2494 2661 2774 2732 trigesimo
2826 2671 3039 2723 octavo,
3082 2659 3377 2714 indictione

1790 2758 1973 2815 sexta,
1994 2766 2137 2806 anno
2165 2761 2352 2810 autem,
2371 2754 2573 2808 domini
2607 2753 2916 2808 Chuonradi
2959 2753 3111 2822 regni
3160 2753 3372 2808 decimo

1787 2849 2002 2908 quarto,
2027 2841 2236 2911 imperii
2261 2843 2572 2899 undecimo.

1857 2932 2052 2986 Actum
2082 2932 2289 2989 Parma:
2318 2935 2569 2991 feliciter.
2599 2936 2793 2992 Amen.

2451 3069 2683 3125 XXVIII.

1713 3187 1758 3248 ς
1790 3158 2129 3248 Chuonradi;
2153 3159 2177 3213 I
2201 3161 2575 3248 imperatoris.
2613 3160 2876 3248 diploma,
2924 3176 3025 3248 quo
3062 3160 3371 3241 partitenoni

1862 3230 2048 3283 Sancti
2079 3226 2235 3300 Χειδιί
2265 3226 2320 3285 in
2352 3232 2477 3284 urbe
2508 3226 2821 3290 Placentina
2858 3226 3025 3299 patrita
3059 3226 3232 3283 omnia
3259 3230 3372 3298 pri-

1858 3300 2045 3371 vilegia
2072 3299 2213 3353 illius
2253 3310 2300 3353 et
2341 3299 2471 3368 jura
2501 3301 2798 3368 conﬁrmat.

2379 3391 2555 3459 (Anno
2590 3390 2774 3460 1038.)

2094 3482 2431 3554 [Munuonn
2470 3481 2646 3551 Antiq.
2672 3479 2825 3545 Ital.,
2868 3479 2905 3545 Ι,
2930 3479 3053 3534 561.

1859 3572 1915 3627 In
1938 3572 2155 3629 nomine
2180 3582 2383 3626 sancta:
2418 3577 2473 3625 et
2515 3569 2803 3624 individua:
2835 3560 3137 3634 Trinitatis,
3161 3566 3373 3624 ϐιιυοιῐ-

1786 3680 1979 3729 ιιιιυιις,
2021 3663 2199 3719 divina
2217 3664 2431 3718 favente
2461 3660 2769 3725 clementia,
2805 3661 3170 3715 Romanorum
3198 3660 3370 3729 impe-

1789 3764 1939 3810 rator
1964 3754 2259 3825 Augustus.

1857 3846 2186 3902 Cunctorum
2222 3844 2426 3916 liquido
2471 3845 2708 3900 ﬁdelium
2740 3854 2941 3900 sanctae
2972 3845 3063 3900 Dei
3091 3845 3367 3907 Ecclesiae,

1788 3947 2207 4007 nostrorumque
2232 3937 2581 4008 praesentium
2614 3938 2821 3995 scilicet
2844 3953 2906 3994 ac
2939 3939 3239 3993 futurorum
3271 3952 3369 3991 no-

1788 4029 1924 4083 verit
1955 4028 2242 4093 industria,
2289 4029 2430 4099 quod
2456 4043 2554 4084 nos
2576 4030 2644 4084 ob
2674 4030 3039 4085 interventum
3065 4044 3127 4082 ac
3149 4028 3368 4097 petitio-

1787 4136 1909 4176 nem
1938 4119 2100 4177 Gisla:
2130 4122 2510 4191 imperatricis,
2533 4132 2737 4177 nostrae
2767 4122 2973 4177 scilicet
3005 4120 3211 4175 dilectae
3238 4134 3368 4174 con-

1789 4213 2042 4279 tectalis,
2099 4215 2374 4284 nostrique
2416 4215 2628 4284 imperii
2685 4214 2969 4282 consortis,
3027 4222 3083 4267 et
3133 4212 3367 4265 Heinrici

1788 4305 1931 4375 regis
1970 4314 2171 4361 nostra:
2207 4306 2593 4361 amantissima:
2645 4306 2845 4375 prolis,
2892 4313 2945 4358 et
2990 4303 3161 4358 nostri
3201 4302 3369 4357 ﬁdelis

1788 4398 2021 4467 episcopi
2058 4407 2114 4453 et
2157 4399 2496 4464 cancellarii,
2521 4414 2618 4467 per
2648 4399 2785 4453 lianc
2810 4397 3183 4469 prazceptalem
3222 4396 3370 4465 pagi—

1789 4503 1913 4542 nam
1952 4488 2183 4544 abbatiie
2222 4488 2408 4544 Sancti
2443 4487 2606 4555 Sixti,
2635 4489 2719 4544 cui
2748 4498 2943 4558 priecst
2988 4486 3241 4541 Adeleida
3279 4502 3372 4540 ve-

1786 4580 2043 4635 nerabilis
2088 4580 2391 4648 abbatissa,
2439 4583 2815 4645 concedimus,
2863 4580 3271 4642 conﬁrmamus,
3314 4589 3370 4631 et

1786 4668 2201 4727 cerroboratnus
2230 4673 2319 4727 illa
2352 4674 2531 4728 omnia
2592 4688 2713 4742 quze
2742 4672 3032 4735 habentur,
3067 4679 3122 4724 et
3167 4668 3369 4738 scripta

1786 4771 1913 4816 sunt
1929 4763 1980 4816 in
1999 4762 2088 4818 illo
2100 4765 2541 4833 praecepto,quod
2562 4762 3118 4818 nostriantecessores
3132 4760 3365 4827 impera-

1788 4864 1953 4919 tores,
1985 4855 2231 4911 videlicet
2254 4854 2651 4909 Karlomannus
2681 4863 2736 4908 et
2763 4853 3089 4917 Ludovicus,
3118 4851 3368 4922 precibus

1784 4955 1838 5000 et
1868 4946 2171 5001 interventu
2202 4946 2539 5015 Angilbergze
2564 4945 2803 5014 ejusdem
2832 4944 3184 4998 Karlomanni
3215 4957 3369 4998 soro-

1787 5038 1862 5091 ris
1898 5046 1950 5089 et
1987 5036 2243 5092 Ludovici
2286 5037 2492 5102 uxoris,
2526 5036 2700 5091 eidem
2750 5032 3065 5088 Placentino
3121 5030 3368 5087 ctenobio

1791 5128 2034 5183 fecerunt
2064 5137 2118 5183 et
2149 5127 2623 5190 conﬁrmaverunt,
2656 5124 2860 5180 scilicet
2898 5123 3123 5177 liberam
3163 5132 3217 5176 et
3257 5122 3368 5191 pri.

1787 5226 1964 5273 vatam
1994 5227 2314 5288 potestatem
2360 5218 2612 5288 agricolis
2641 5228 2694 5271 et
2728 5215 3076 5287 pinsionariis
3105 5215 3367 5285 prmlibati

1789 5309 2105 5365 monasterii
2138 5318 2542 5373 concesserunt,
2582 5319 2636 5364 et
2671 5310 2812 5365 sicut
2841 5310 2983 5363 intra
3028 5308 3215 5363 urbem
3249 5306 3368 5360 Pla-

1787 5404 2078 5466 centinam,
2112 5404 2195 5459 vel
2222 5403 2425 5457 circum
2458 5404 2571 5457 vias
2613 5403 2851 5473 publicas
2890 5402 2957 5456 ad
2991 5402 3155 5471 ipsius
3178 5415 3368 5453 mona-

1788 5493 1936 5548 sterii
1984 5495 2118 5549 ﬁnes
2163 5490 2483 5557 dilatandos,
2542 5491 2623 5546 vel
2676 5493 2998 5561 quandoque
3049 5490 3367 5544 muniendos

1789 5586 2071 5652 dederunt,
2123 5594 2176 5640 et
2223 5585 2388 5640 veluti
2423 5584 2703 5639 universos
2748 5583 3096 5653 aqumductus
3151 5582 3204 5635 in
3251 5581 3365 5650 ipso

1788 5676 2047 5731 comitatu
2082 5676 2396 5732 Placentino
2426 5676 2491 5729 ad
2524 5674 2824 5744 profectum
2860 5672 2971 5742 jam
3003 5673 3127 5727 dicti
3178 5686 3365 5724 mona-

1788 5770 1937 5825 sterii
1981 5768 2327 5839 adjecerunt,
2372 5769 2445 5824 ita
2492 5768 2853 5831 concedimus,
2888 5764 3270 5821 conﬁrmamus
3311 5770 3365 5813 et
