3838 6322
437 324 576 379 10Ἱῦ

1696 324 1967 382 MONUM.
2012 326 2279 385 DIPLOM.

3584 338 3695 392 1076

433 442 872 506 COI‘I‘ObOhi-mus,
903 455 968 496 eo
989 448 1197 497 scutcet
1230 440 1442 505 ordine,
1470 448 1528 493 ut
1555 426 1877 511 praedictum
1906 456 2019 497 mo-
2046 443 2095 500 A
2126 456 2333 513 regum,
2389 442 2633 499 videlicet
2668 446 2954 512 Desiderii,
3010 448 3217 515 Karoli,
3268 450 3523 517 Lodoiei,
3565 465 3697 524 atque

435 535 733 589 uasterium
763 533 979 596 habeat.
1022 542 1225 598 teneat,
1262 542 1424 602 atque
1448 534 1784 599 dominetur;
1818 543 1872 589 et
1900 533 2021 588 nul-

435 623 519 680 lus
543 623 786 691 ejusdem
816 623 917 677 loci
946 624 1212 693 agricolas
1240 632 1295 678 ct
1323 624 1686 694 pinsionarios
1717 625 2018 694 inquietare

435 720 745 781 praesumat.
784 712 883 767 Cui
928 713 1148 784 insuper
1176 724 1359 771 nostra
1397 716 1746 785 praeceptaria
1783 716 2019 770 auctori-

435 812 547 858 tate
578 804 757 868 liceat,
788 820 909 861 cum
945 805 1195 869 voluerit,
1238 806 1378 861 sicut
1408 806 1779 875 supradictum
1818 815 1922 871 est,
1953 807 2018 861 ad

437 895 736 964 profectum
768 896 1081 952 monasterii
1113 905 1316 951 stratas
1360 895 1686 951 Placentina:
1714 896 1861 951 urbis
1893 911 2017 966 per-

438 986 627 1041 fodere
666 988 813 1043 intus
842 998 895 1043 et
923 988 1078 1052 foris,
1112 998 1167 1043 et
1201 990 1549 1057 aquaeductus
1574 998 1665 1043 aut
1699 997 1910 1043 veteres
1937 1004 2020 1043 re-

436 1078 694 1143 formare,
745 1088 839 1133 aut
876 1079 1115 1135 novellos
1153 1079 1456 1143 instituere,
1500 1088 1595 1133 aut
1624 1094 1759 1149 quos
1789 1079 2020 1133 voluerit

436 1170 493 1223 in
535 1169 759 1225 alteram
790 1179 1000 1240 partem
1033 1181 1394 1228 transmutare
1425 1173 1540 1227 sine
1587 1172 1735 1227 omni
1790 1173 2020 1240 publicae

436 1263 610 1331 partis
636 1262 1097 1327 contradictione;
1137 1264 1232 1318 sed
1280 1263 1354 1317 ita
1397 1264 1609 1323 scilicet
1641 1263 1893 1333 pontibus
1929 1270 2021 1317 aut

437 1354 560 1409 aliis
600 1354 972 1409 instrumentis
1000 1354 1128 1423 ipsa:
1174 1355 1273 1409 viae
1324 1363 1603 1424 parentur,
1639 1364 1701 1410 ut
1746 1366 1938 1409 euntes
1967 1362 2023 1409 ct

436 1446 728 1500 redeuntes
751 1446 982 1499 transire
1004 1445 1231 1515 possint.
1259 1445 1315 1501 Si
1342 1448 1465 1515 quis
1495 1447 1661 1518 igitur
1686 1447 1811 1502 huic
1836 1456 2022 1502 nostro

437 1543 709 1605 praecepto
760 1535 1031 1591 contraire
1082 1549 1176 1593 aut
1226 1538 1449 1593 obviare
1504 1539 1755 1605 voluerit,
1790 1539 1926 1594 sciat
1964 1553 2022 1594 se

439 1627 860 1696 compositurum
900 1628 1015 1682 auri
1047 1628 1255 1695 probati
1291 1628 1458 1684 libras
1484 1639 1724 1694 centum,
1757 1629 2021 1684 medieta—

438 1727 547 1775 tem
574 1718 814 1774 Camerre
843 1727 1061 1783 nostrae,
1107 1727 1160 1773 ct
1193 1719 1536 1774 medietatem
1568 1718 1793 1789 praefato
1830 1734 2020 1774 mona-

437 1810 623 1865 sterio.
664 1808 815 1876 Quod
869 1819 930 1865 ut
974 1809 1157 1864 verius
1207 1810 1462 1863 credatur
1505 1818 1561 1864 et
1612 1809 1922 1879 diligentius
1952 1809 2020 1863 ab

436 1901 688 1957 omnibus
714 1900 1051 1963 observetur,
1080 1915 1238 1954 manu
1263 1904 1477 1970 propria
1506 1899 1845 1964 roborantes,
1882 1914 2019 1969 prte-

436 2003 643 2048 scntetn
686 1994 937 2065 paginam
976 1992 1136 2063 sigilli
1163 1993 1334 2048 nostri
1383 1989 2020 2063 impressionejussimus

435 2085 705 2157 insigniri.

508 2175 727 2244 Signum
772 2178 950 2233 donmi
992 2176 1298 2232 Chuonradi
1344 2178 1700 2232 Romanorum
1744 2178 2021 2247 imperato-

436 2268 508 2321 ris
540 2267 781 2337 Augusti.

509 2358 775 2414 Kadelous
816 2360 1174 2415 cancellarins
1225 2362 1343 2416 vice
1386 2362 1703 2416 Herimanni
1752 2359 2019 2428 archiepi~

439 2450 589 2519 scorti
617 2458 668 2504 et
698 2451 1166 2507 archicanccllarii
1202 2455 1537 2524 recognovit.

510 2543 681 2597 Locus
723 2548 765 2608 -Ῑο
804 2544 986 2614 sigilli.

510 2638 703 2690 Datum
750 2652 846 2690 xm
896 2635 1120 2690 Kalend.
1156 2636 1377 2705 Aprilis,
1417 2652 1559 2691 anno
1604 2636 1899 2691 Doniinieac
1938 2637 2022 2689 ln-

437 2728 771 2783 rarnationis
822 2728 990 2793 1038,
1050 2727 1349 2783 indictione
1401 2739 1583 2792 sexta,
1640 2744 1783 2781 anno
1835 2728 2018 2782 domui

438 2821 747 2875 Clutonradi
780 2822 928 2889 regni
962 2836 1074 2885 xw,
1103 2821 1318 2890 imperii
1350 2837 1467 2875 xm.

508 2914 701 2968 Actum
733 2913 884 2982 juxta
924 2913 1206 2968 Perusium
1240 2914 1290 2967 in
1339 2913 1667 2968 monasterio
1704 2911 1889 2967 Sancti
1928 2911 2021 2966 Pc-

437 3008 525 3073 tri,
559 3007 805 3062 feliciter.
840 3006 1033 3062 Amen.

1135 3096 1325 3151 XXIX.

436 3188 741 3243 Clmonradi
771 3188 798 3241 1
828 3190 1159 3255 imperatoris
1189 3188 1418 3252 diploma
1460 3204 1561 3255 quo
1591 3188 1766 3240 omnia
1805 3188 1932 3255 jura
1975 3196 2019 3238 et

511 3262 643 3385 [{Ionla
699 3261 973 3328 conﬁrmat
1028 3259 1344 3313 monasterio
1403 3256 1585 3312 Sancti
1651 3255 1901 3311 Vincentii
1953 3256 2020 3310 ad

560 3346 593 3383 ιι
618 3340 849 3383 turnum.

560 3340 736 3383 ultum
746 3346 827 3383 um
836 3370 849 3383 .

1026 3419 1204 3490 (Anno
1236 3421 1418 3489 1058.)

595 3498 928 3586 inlustrant,
973 3513 1096 3567 lter.
1138 3513 1262 3568 Ital.
1297 3513 1517 3585 Script.,
1543 3515 1587 3581 l,
1622 3531 1681 3578 ιι,
1714 3515 1839 3570 508.

504 3607 560 3663 ln
592 3607 813 3661 nomine
838 3617 1041 3661 sanctae
1068 3614 1123 3661 et
1153 3606 1441 3661 individua:
1472 3606 1776 3669 Trinitatis,
1806 3605 2017 3661 Cuuoa-

435 3711 629 3760 uanus,
658 3696 838 3750 divina
868 3696 1086 3751 favente
1114 3696 1421 3763 clementia,
1463 3697 1828 3759 Romanorum
1857 3711 2022 3765 unpe-

436 3797 587 3843 rator
613 3787 905 3857 Angustus.

507 3878 759 3934 Omnium
789 3887 990 3934 sanctae
1020 3879 1116 3935 Dei
1148 3879 1402 3937 Ecclesiae
1424 3881 1661 3937 ﬁdelium
1684 3889 2016 3946 nostrorum,

433 3969 781 4038 praesentium
812 3969 1019 4025 scilicet
1061 3985 1126 4025 ac
1146 3971 1475 4039 futurorum,
1504 3973 1829 4030 universitas
1857 3987 2020 4027 nove-

434 4062 507 4114 rit
546 4061 688 4130 quod
738 4059 978 4117 Hilarius
1018 4059 1185 4116 abbas
1231 4063 1463 4117 caanobii
1508 4063 1711 4117 Christi
1763 4063 2019 4132 martyris

443 4155 737 4221 Vincentii,
777 4155 868 4211 siti
910 4156 962 4210 in
994 4156 1267 4212 territorio
1313 4155 1693 4211 Beneventano
1735 4171 1894 4228 super
1922 4154 2019 4209 llu-

432 4247 581 4300 vium
612 4243 955 4310 Vulturnum,
988 4253 1227 4299 nostram
1269 4245 1458 4304 adiens
1486 4243 1879 4308 celsitudinem,
1923 4244 2015 4297 dc-

435 4337 556 4393 tulit
586 4347 852 4408 praecepta
883 4352 1275 4408 praecessorum
1298 4346 1605 4393 nostrorum
1632 4336 2016 4406 imperatorum

431 4436 486 4482 ct
529 4444 736 4498 regum,
785 4443 884 4499 per
937 4442 1057 4498 qua:
1096 4428 1443 4484 contulerunt
1492 4445 1555 4485 ex
1598 4429 1710 4487 suis
1746 4429 1907 4484 rebus
1960 4429 2015 4483 in
2052 4456 2095 4509 Β

431 4519 713 4593 przeljttum
761 4519 1183 4584 monasterium,
1225 4535 1291 4575 ac
1336 4520 1797 4575 conﬁrmaverunt
1842 4535 1931 4575 res
1965 4529 2021 4577 ct

433 4608 808 4677 possessiones
836 4609 905 4661 ibi
952 4624 981 4665 a
1022 4610 1378 4679 principibus,
1424 4610 1649 4666 ducibus
1687 4610 2020 4679 reliquisque

434 4700 683 4755 ﬁdelibus
726 4700 970 4757 collatas.
1009 4701 1161 4757 Unde
1202 4702 1461 4773 prmiatus
1491 4703 1661 4757 abbas
1692 4718 1790 4758 nos
1823 4717 2016 4756 exora-

431 4792 509 4846 vit
544 4800 604 4846 ut
652 4791 845 4852 eadem
894 4802 1167 4862 praecepta
1198 4808 1263 4847 ac
1299 4792 1498 4862 legales
1545 4793 1891 4862 scriptiones,
1921 4807 2018 4848 nec

430 4899 538 4939 non
574 4885 773 4955 praedia
813 4900 911 4954 per
946 4885 1192 4940 diversos
1234 4884 1369 4939 ﬁnes
1424 4885 1573 4954 regni
1619 4884 1788 4938 Italici
1836 4884 2018 4954 conja-

433 4977 614 5033 centia
639 4976 815 5035 eidem
847 4976 1101 5032 coenobio
1131 4976 1325 5032 collata
1365 4991 1459 5047 per
1499 4985 1695 5031 nostrae
1729 4975 2020 5031 conﬁrma-

434 5070 600 5125 tionis
623 5077 950 5142 praeceptum
978 5070 1031 5124 in
1059 5070 1343 5139 praelatum
1373 5068 1552 5124 locum
1575 5068 2016 5132 concederemus,

432 5162 981 5217 etconlirmaremus.
1031 5160 1197 5230 Cujus
1233 5161 1587 5231 petitionibus
1633 5159 1899 5224 faventes,
1948 5160 2017 5213 ob

432 5254 795 5311 interventum
822 5253 981 5313 Gislze
1015 5253 1379 5324 imperatricis
1410 5262 1607 5309 nostrae
1644 5251 1853 5305 dilectm
1889 5266 2017 5306 con-

435 5345 667 5410 tectalis,
695 5361 758 5400 ac
788 5346 928 5415 regis
957 5345 1173 5407 Henrici
1198 5346 1368 5405 nostri
1398 5343 1752 5405 amantissimi
1782 5342 1896 5408 ﬁlii,
1921 5359 2019 5414 per

433 5436 579 5497 hanc
616 5437 985 5506 przeceptalem
1013 5436 1510 5502 conﬁrmationem,
1562 5444 1721 5505 prout
1767 5434 1909 5503 iuste
1964 5444 2020 5491 et

432 5528 679 5598 legaliter
711 5544 1012 5598 possumus,
1045 5530 1414 5594 concedimus,
1445 5537 1496 5582 et
1526 5527 1931 5592 conﬁrmamus,
1954 5542 2019 5583 ac

432 5621 649 5700 penitus
671 5618 1081 5675 corroboramus
1110 5620 1163 5674 in
1197 5619 1454 5689 praedicto
1483 5619 1810 5674 monasterio
1836 5618 2015 5676 omnia

434 5724 702 5793 praecepta
742 5724 1132 5792 praecessorum
1183 5720 1489 5771 nostrorum
1539 5710 1923 5779 imperatorum
1964 5717 2017 5766 ct

2119 531 2381 595 Lotharii,
2429 544 2589 605 atque
2641 537 2987 606 imperatoris
3032 540 3289 606 llenrici;
3352 554 3697 600 verumtamen

2119 636 2306 677 omnes
2359 638 2445 677 res
2484 634 2537 678 et
2577 628 2947 695 possessiones
2980 646 3077 700 per
3116 632 3374 687 diversos
3413 634 3551 689 ﬁnes
3583 642 3698 704 ηςιεέ

2118 712 2284 767 Italici
2340 714 2543 782 positas
2590 732 2686 785 per
2733 719 2923 773 eadem
2973 735 3267 791 praecepta,
3327 724 3415 779 vel
3464 728 3700 792 quaslim

2120 801 2319 871 legales
2346 806 2667 874 scriptiones
2695 824 2723 860 a
2752 811 3109 880 principibus,
3128 814 3374 869 ducibus
3406 814 3697 885 reliquisqev.

2120 893 2368 948 ﬁdelibus
2428 896 2625 950 ibidem
2680 900 2926 964 collatas,
2987 918 3087 957 nec
3131 918 3244 957 non
3305 908 3633 960 monasteria
3664 926 3699 959 c.-

2120 990 2285 1045 cellas
2317 994 2542 1049 inferius
2591 995 2920 1050 nominatas.
2952 996 3219 1055 Primitus
3256 998 3526 1053 videlicet
3556 1000 3701 1053 decus

2120 1092 2303 1138 rantes
2360 1086 2505 1153 ipsas
2552 1087 2925 1153 htereditates,
2983 1106 3105 1158 quae
3159 1093 3525 1147 circumdat
3560 1093 3699 1161 ipsum

2122 1177 2511 1230 monasterium
2553 1192 2650 1247 per
2680 1178 2780 1232 has
2814 1194 3028 1248 quoque
3058 1181 3231 1247 lines;
3259 1182 3592 1251 incipientes
3625 1184 3703 1236 ita.

2122 1278 2226 1332 que
2256 1279 2286 1317 a
2319 1264 2480 1320 lluvio
2531 1267 2621 1335 qui
2664 1267 2864 1321 dicitur
2922 1268 3155 1340 Sangro,
3196 1279 3311 1325 etc.
3356 1270 3703 1339 Praecipiemus

2123 1354 2306 1424 itaque
2348 1356 2601 1425 jubemus
2638 1366 2697 1412 ut
2738 1359 2917 1414 nullus
2947 1375 3063 1427 rex,
3104 1363 3243 1427 dux,
3274 1363 3562 1433 princeps,
3591 1379 3706 1417 mar-

2123 1445 2264 1508 chio,
2292 1454 2399 1500 etc.
2435 1446 2490 1500 Si
2524 1447 2648 1516 quis
2679 1447 2861 1515 igitur,
2890 1457 2999 1505 etc.

2195 1536 2418 1607 Signum
2448 1540 2624 1594 domui
2654 1540 2959 1595 Cltuonradi
2990 1540 3375 1597 Romanorum
3408 1543 3705 1612 imperatoria

2124 1627 2368 1700 Augusti.

2197 1723 2467 1780 Kadelous
2490 1726 2845 1784 cancellarius
2866 1726 2987 1784 vice
3018 1727 3325 1784 llermanni
3368 1728 3706 1784 archieanoel-

2125 1812 2245 1869 larii
2278 1816 2585 1886 recognovi.

2195 1902 2390 1959 Datum
2418 1922 2477 1961 ιιι
2523 1907 2642 1962 Kal.
2674 1907 2842 1975 Junii,
2874 1925 3020 1965 anno
3050 1911 3363 1965 Dominiczn
3403 1911 3708 1965 lncarnatio-

2122 1994 2207 2050 nis
2264 1997 2421 2063 1058,
2462 1999 2763 2055 indictione
2814 2018 2902 2067 vt,
2955 2016 3099 2057 anno
3169 2003 3368 2059 domni
3422 2004 3709 2059 Chuonmﬁ

2124 2086 2271 2154 regni
2303 2102 2413 2151 xxv,
2444 2087 2657 2157 imperii
2690 2105 2808 2143 xm.

2152 2210 2155 2211 ν
2192 2178 2383 2232 Actum
2417 2178 2472 2233 in
2498 2187 2680 2234 vetere
2706 2179 2883 2250 Capua
2910 2180 3160 2237 feliciter.
3195 2182 3404 2238 Amen.

2838 2272 3003 2329 XXX.

2122 2358 2426 2433 C/tttonradi
2455 2362 2483 2414 Ι
2516 2361 2738 2431 Augusti
2763 2374 3100 2433 praceptum,
3124 2380 3231 2432 quo
3261 2363 3465 2433 Ingoni
3492 2365 3709 2430 episcepe

2193 2429 2477 2503 Mutinensi
2505 2429 2811 2485 coniitatum
2831 2429 3063 2501 ejuSdem
3090 2429 3239 2488 urbis
3258 2445 3309 2489 et
3336 2429 3457 2503 agri
3480 2429 3595 2487 cum
3616 2436 3709 2487 suis

2186 2500 2214 2569 j
2221 2518 2249 2552 u
2259 2503 2398 2554 ribus
2425 2502 2667 2571 largitur.

2715 2593 2892 2663 (Anno
2934 2594 3118 2664 1058.)

2423 2681 2760 2754 [MUttA'ront,
2792 2683 2971 2753 Antiq.
3001 2685 3157 2751 Ital.,
3193 2686 3235 2748 1,
3268 2687 3403 2741 445.

2192 2773 2248 2827 In
2279 2775 2495 2830 nomine
2528 2785 2730 2830 sancta:
2764 2786 2820 2831 ct
2852 2776 3139 2831 individua:
3166 2777 3489 2845 Trinitatis,
3520 2778 3711 2833 Cures-

2122 2877 2314 2927 nanus,
2348 2878 2580 2932 superna
2614 2864 2931 2933 disponente
2976 2866 3292 2933 clementia,
3351 2869 3706 2938 imperator...

2195 2954 2364 3007 Si.....
2395 2955 2875 3011 retributionis.....
2905 2956 3129 3023 ditatur,
3162 2960 3424 3029 quisquis
3448 2961 3579 3015 locis
3606 2961 3705 3014 Deo

2124 3044 2316 3098 dicatis
2344 3060 2441 3099 sua
2470 3047 2823 3113 concesserit,
2854 3060 2949 3102 aut
2976 3049 3031 3102 in
3056 3051 3257 3104 merito
3284 3053 3710 3120 prosperabitur,

2126 3133 2214 3200 qui
2247 3134 2459 3188 conlata
2504 3146 2561 3189 ut
2596 3136 2810 3213 sincere
2838 3154 2869 3192 a
2898 3140 3197 3195 cultoribus
3229 3141 3606 3198 Ecclesiarum
3633 3144 3711 3197 Dei

2126 3241 2220 3279 sua
2257 3228 2581 3282 auctoritate
2606 3231 3062 3286 corroboraverit.
3101 3232 3457 3303 QuaprOpter
3486 3238 3709 3291 omnium

2124 3326 2324 3373 sancta:
2353 3318 2447 3372 Dei
2479 3320 2740 3376 Ecclesiae
2766 3333 3209 3394 nostrorumque,
3239 3329 3601 3395 praesentium
3622 3330 3713 3382 sei-

2124 3408 2251 3463 licet
2279 3424 2342 3463 ac
2371 3410 2701 3477 futurorum,
2734 3414 2949 3468 noverit
2978 3416 3225 3481 solertia,
3256 3427 3542 3486 quatenus
3570 3417 3708 3470 Wido

2124 3510 2325 3556 sanctae
2368 3501 2722 3559 Taurinensis
2761 3505 3013 3561 Ecclesiae
3060 3508 3387 3578 episcopus,
3432 3520 3711 3578 nosterque

2127 3591 2319 3659 ﬁdelis,
2352 3604 2595 3648 nostram
2634 3595 2766 3649 adiit
2792 3596 3192 3663 celsitudinem,
3228 3598 3493 3671 ﬂagitans
3524 3601 3600 3654 uti
3626 3615 3710 3669 pro

2124 3681 2216 3734 Dei
2248 3698 2432 3737 amore
2466 3683 2767 3753 animmque
2797 3695 2996 3739 nostrae
3025 3687 3268 3741 remedio
3296 3690 3495 3742 omnia
3528 3702 3709 3743 sanet:

2123 3772 2445 3830 Mutinensis
2494 3775 2739 3831 ecclesiae
2806 3777 2859 3830 in
2919 3777 3126 3834 honore
3179 3779 3361 3834 sancti
3416 3779 3707 3835 Geminiani

2123 3865 2450 3922 confessoris
2481 3866 2700 3930 Christi,
2735 3868 2943 3931 dicatae,
2984 3869 3070 3925 cui
3100 3870 3193 3924 Dei
3222 3872 3564 3928 auctoritate
3598 3871 3707 3942 lngo

2122 3960 2447 4016 venerabilis
2503 3960 2787 4031 cpisc0pus
2836 3961 3101 4029 deservit,
3143 3977 3175 4016 a
3220 3964 3704 4030 pmdecessoribus

2122 4052 2340 4117 nostris,
2375 4061 2482 4108 tam
2514 4053 2729 4122 regibus
2755 4068 2916 4122 quam
2958 4053 3410 4123 imperatoribus,
3446 4068 3613 4128 atque
3636 4073 3705 4112 re

2120 4141 2325 4214 ligiosis
2347 4142 2478 4197 viris
2507 4143 2720 4207 collata,
2751 4153 2935 4199 nostra
2967 4144 3235 4213 imperiali
3264 4162 3508 4203 censura
3530 4148 3704 4204 conﬁr-

2121 4247 2272 4287 mare
2305 4242 2360 4287 et
2388 4234 2749 4290 corroborare
2779 4235 3145 4304 dignaremur.
3182 4235 3355 4305 Cujus
3394 4239 3561 4309 digne
3586 4241 3701 4310 peti-

2123 4324 2255 4378 tioni
2299 4339 2580 4380 assensum
2631 4327 2967 4396 praebentes,
3005 4324 3364 4398 ejusdemque
3420 4331 3702 4386 beatissimi

2120 4416 2427 4472 Geminiaui
2476 4418 2714 4487 episcopi
2764 4427 2817 4473 et
2870 4416 3073 4473 Christi
3132 4421 3472 4478 confessoris
3535 4424 3704 4493 imple.

2126 4515 2347 4568 randam
2386 4514 2601 4570 assidue
2656 4527 2813 4583 opem
2856 4515 3294 4582 considerantes,
3352 4516 3462 4571 hoc
3516 4531 3698 4586 praete

2121 4617 2270 4677 ptum
2305 4607 2420 4661 ﬁeri
2473 4606 2733 4676 jussimus
2773 4622 2913 4678 :per
2963 4608 3108 4679 quod
3162 4617 3274 4662 tam
3342 4610 3511 4663 cultis
3559 4625 3697 4679 quam

2124 4698 2338 4753 incultis
2369 4713 2461 4753 seu
2489 4699 2541 4754 in
2571 4698 2902 4769 prasinsertis
2940 4698 3073 4753 locis
3100 4715 3264 4754 omne
3294 4701 3564 4756 comitatu
3587 4700 3699 4767 ejus-

2121 4792 2241 4857 dem
2265 4791 2500 4845 civitatis
2530 4806 2650 4845 cum
2674 4791 2923 4846 omnibus
2953 4792 3243 4846 mobilibus
3264 4800 3319 4847 et
3346 4794 3693 4848 immobilibus

2120 4884 2186 4939 ad
2229 4896 2287 4937 se
2343 4882 2756 4953 pertinentibus.
2806 4883 2874 4937 Et
2920 4883 3271 4938 concedimus
3330 4886 3594 4956 quidquid
3638 4886 3692 4937 ad

2122 4985 2363 5033 nostrum
2386 4973 2476 5045 jus
2501 4975 2771 5044 pertinere
2798 4974 3035 5039 videtur,
3071 4975 3232 5031 terris
3262 4975 3496 5041 scilicet,
3521 4988 3575 5032 et
3598 4992 3691 5031 om-

2120 5083 2243 5122 nem
2270 5068 2596 5132 districtum,
2628 5076 2792 5135 atque
2831 5066 3019 5120 domos
3068 5066 3338 5135 publicas,
3392 5082 3689 5138 murumque

2121 5159 2289 5229 ipsius
2323 5158 2558 5214 civitatis
2596 5173 2717 5212 cum
2767 5157 2932 5223 ﬁsco,
2984 5167 3039 5213 et
3084 5158 3295 5214 teloneo
3335 5160 3566 5228 integro,
3609 5174 3685 5215 seu

2120 5264 2241 5303 cum
2272 5248 2417 5303 omni
2442 5248 2565 5317 jure
2603 5246 2744 5305 civili
2791 5247 2934 5319 intus
2961 5255 3016 5301 et
3061 5258 3213 5301 extra
3267 5263 3368 5318 per
3414 5249 3679 5302 circuitum

2119 5352 2290 5416 usque
2338 5338 2389 5391 in
2442 5337 2692 5393 omnibus
2743 5336 2942 5391 linihus
2986 5338 3117 5393 suis.
3173 5336 3528 5392 Colum-entia:
3574 5348 3681 5389 vero

2120 5429 2279 5501 hujus
2308 5431 2597 5489 comitatus
2634 5437 2779 5485 sunt.
2812 5428 2988 5483 Prima
3025 5443 3199 5498 usque
3234 5429 3288 5482 in
3322 5428 3573 5485 ﬁnem....
3599 5428 3679 5481 Se-

2120 5525 2295 5580 cunda
2325 5538 2494 5593 usque
2533 5523 2586 5576 in
2616 5521 2859 5577 Bolonia.
2898 5521 3077 5577 Tertia
3104 5522 3270 5576 etiam
3300 5535 3553 5591 usque....
3582 5531 3669 5572 tua.

2119 5613 2323 5681 Quarta
2361 5613 2570 5669 scilicet
2598 5612 2663 5667 ad
2691 5612 2901 5667 initium
2945 5612 3232 5666 comitatus
3260 5611 3535 5666 Lucensis.
3562 5608 3671 5662 Cor.

2122 5696 2202 5771 teis
2235 5707 2395 5764 etiam
2443 5706 2609 5776 ipsius
2668 5705 2958 5763 comitatus
3002 5712 3055 5761 ct
3106 5703 3405 5767 territoria,
3455 5698 3664 5761 matella.
