3838 6322
144 229 326 286 1ὒ71

1385 235 1852 295 CHUONRADUS
1882 236 1924 292 ll
1961 238 2098 294 IMP.

3314 244 3448 302 1078

144 345 371 413 villas,
418 360 664 412 mansos,
705 360 912 403 necnon
962 348 1242 418 utriusque
1282 364 1447 405 sexus
1494 352 1757 415 familias,
1792 350 1838 406 Α
1862 350 2159 417 quamlibet
2188 351 2521 407 functionem
2565 353 2804 424 exigere,
2841 368 2934 410 seu
2975 354 3041 411 de
3067 357 3335 425 praedictis
3364 376 3450 416 re-

140 449 367 492 serves
416 447 470 492 et
526 438 782 504 ancillas,
834 438 1217 505 herimannos,
1266 450 1323 495 et
1373 443 1753 507 herimannas,

140 526 368 583 domos
403 544 646 599 quoque,
694 533 1082 600 possessiones,
1135 534 1482 604 piscationes,
1534 534 1753 600 foresta,

136 630 377 684 pascua
412 620 684 675 montibus
709 635 802 675 seu
835 622 1184 691 planitiebus,
1212 626 1549 693 aquationes,
1580 642 1750 695 aqua-

137 722 405 778 rumque
429 725 619 767 cursus
645 729 737 768 seu
773 715 1052 778 decursus,
1081 716 1323 786 paludes,
1353 726 1545 772 cuncta
1574 719 1754 775 habita

134 809 219 852 et
256 809 404 855 tenta
437 810 601 871 atque
635 818 884 872 possessa
914 806 980 859 ad
1014 815 1223 875 partem
1258 807 1538 875 ipsius.....
1571 809 1700 863 salis
1724 825 1754 863 a

135 891 432 957 praedicto
470 892 650 959 lngoni
688 894 961 964 episcopo,
985 896 1068 948 vel
1110 911 1140 949 a
1180 896 1419 965 quolibet
1459 899 1757 967 praedeces-

136 992 302 1035 sore
340 981 484 1051 ejus;
535 991 697 1052 atque
742 985 928 1037 omnia
974 984 1154 1055 aliquo
1186 986 1552 1056 inscriptionis
1604 989 1756 1044 titulo

136 1084 265 1124 seu
303 1071 621 1126 investitura
651 1073 915 1128 hactenus
946 1075 1169 1139 donata,
1195 1075 1412 1138 collata,
1445 1086 1608 1146 atque
1648 1086 1757 1131 tra-

138 1158 287 1214 (lita
314 1162 584 1229 praedicta:
614 1176 814 1217 sanctae
850 1163 1168 1219 Mutinensis
1191 1167 1433 1221 ecclesiae
1463 1183 1491 1221 a
1534 1170 1759 1237 quibus-

139 1265 387 1320 cunqne
415 1252 721 1308 hominibus
755 1254 837 1309 vel
883 1258 1275 1324 potestatibus,
1306 1259 1596 1325 donamus,
1627 1275 1757 1315 con-

138 1342 436 1406 cedimus,
475 1344 878 1408 conﬁrmamus,
933 1348 1213 1416 modisque
1269 1350 1522 1403 omnibus
1569 1365 1755 1405 corro-

140 1431 449 1499 boramus,
480 1448 585 1486 una
621 1450 743 1487 cum
775 1435 996 1505 campis,
1030 1436 1224 1503 vineis,
1272 1437 1461 1506 pratis,
1517 1441 1753 1508 pascuis,

139 1523 361 1591 jerbis,
394 1525 563 1590 silvis,
607 1526 901 1591 frascariis,
948 1528 1235 1594 buscariis,
1267 1529 1559 1596 montibus,
1608 1531 1756 1585 colli-

143 1614 307 1678 bus,
368 1616 623 1683 vallibus,
666 1619 1018 1687 planitiebns,
1072 1620 1241 1689 ripis,
1294 1621 1523 1691 rupinis,
1577 1624 1750 1692 aquis,

146 1720 540 1775 aquarumque
574 1708 912 1777 decursibus,
953 1710 1293 1774 molendinis,
1336 1712 1749 1782 piscationibns,

144 1797 353 1849 omnia
388 1812 508 1851 cum
554 1798 804 1855 omnibus
846 1800 1006 1855 rebus
1050 1816 1169 1870 quae
1223 1802 1329 1857 dici
1366 1804 1448 1856 vel
1487 1805 1753 1859 nominari

146 1899 417 1955 possunt,
455 1891 520 1945 ad
548 1892 858 1961 praedictam
887 1894 1143 1963 episcopii
1186 1897 1367 1951 sedem
1397 1896 1452 1949 in
1488 1896 1754 1967 integrum

144 1979 588 2047 pertinentibus.
649 1982 715 2037 Et
767 1998 863 2053 per
917 1985 1021 2039 hoc
1080 1994 1278 2040 nostrae
1324 1986 1754 2044 confirmationis

147 2081 499 2141 praeceptum
546 2075 613 2129 de
661 2087 847 2132 nostro
889 2087 943 2131 et
976 2079 1125 2148 regni
1164 2066 1286 2147 jure
1338 2092 1391 2135 et
1426 2082 1668 2137 dominio
1701 2083 1754 2138 in

148 2162 412 2229 praefatae
433 2173 633 2219 sancite
657 2164 972 2222 Mutinensis
993 2168 1250 2223 Ecclesiae
1270 2169 1354 2237 jus
1379 2179 1434 2224 et
1457 2171 1752 2227 dominium

148 2253 395 2309 omnino
424 2255 835 2321 transfudimus,
875 2273 940 2314 ae
978 2258 1637 2331 delegamusprzedictum
1674 2262 1755 2317 di-

150 2347 420 2402 strictum
456 2348 663 2418 praefati
699 2351 993 2406 comitatus
1036 2362 1091 2406 et
1130 2351 1421 2420 teloneum,
1470 2370 1564 2411 seu
1612 2371 1755 2411 mer-

149 2445 374 2499 catum,
402 2453 524 2493 cum
553 2440 696 2494 omni
726 2440 1001 2496 fnnctione
1040 2443 1227 2513 regali,
1261 2460 1353 2498 seu
1386 2446 1599 2509 domos,
1636 2463 1755 2501 mu-

152 2543 282 2595 ros,
315 2539 616 2601 terrasque,
639 2542 694 2586 et
721 2534 1006 2602 utriusque
1035 2549 1195 2590 sexus
1220 2552 1406 2592 servos
1429 2548 1483 2593 et
1505 2539 1750 2607 ancillas,

150 2629 221 2673 et
260 2620 444 2675 omnia
482 2637 602 2691 qua:
644 2633 837 2678 vocata
880 2633 1005 2679 sunt
1032 2626 1265 2695 publica,
1295 2628 1519 2691 fiscalia,
1549 2629 1632 2684 vel
1663 2646 1751 2685 co-

150 2712 379 2767 mitalia
408 2722 501 2767 aut
530 2714 650 2771 vice
683 2716 977 2783 comitalia,
1010 2733 1130 2787 quae
1160 2719 1335 2788 posita
1362 2736 1482 2777 esse
1504 2722 1755 2778 videntur

152 2813 223 2858 et
266 2815 575 2860 constructa
622 2806 675 2860 in
727 2808 989 2876 pracdicto
1037 2810 1297 2865 comitatu
1326 2812 1611 2870 Mutinensi
1645 2826 1753 2870 tam

152 2894 320 2949 intus
350 2912 509 2966 quam
557 2908 706 2953 extra
750 2912 846 2967 per
888 2899 1173 2955 circuitum
1204 2919 1375 2974 usque
1407 2906 1458 2958 in
1485 2908 1755 2975 praedictis

154 2984 388 3039 finibus.
415 2985 489 3040 Ea
524 2986 772 3044 videlicet
798 2992 1028 3058 ratione,
1055 3000 1319 3059 quatenus
1348 2994 1596 3051 dominus
1624 2997 1753 3068 lngo

155 3076 498 3132 venerabilis
518 3079 821 3150 episcOpus,
851 3084 944 3153 qui
972 3085 1149 3140 eidem
1176 3086 1431 3142 Ecclesiae
1460 3091 1753 3159 praesidere

153 3169 406 3231 videtur,
431 3169 625 3240 suique
661 3186 1005 3231 successores
1031 3186 1351 3246 potestatem
1391 3180 1500 3235 illic
1521 3182 1755 3239 habeant

154 3274 270 3330 per
300 3277 359 3316 se
386 3270 480 3316 aut
506 3278 604 3332 per
631 3278 757 3318 suos
794 3264 990 3320 missos
1030 3267 1334 3335 jndicandi,
1374 3270 1749 3342 distringendi,

161 3350 546 3421 placitum.....
593 3354 829 3423 tenendi,
878 3355 960 3409 vel
1006 3357 1267 3427 quidquid
1312 3376 1499 3415 eorum
1547 3365 1753 3421 utilitas

161 3442 491 3509 decreverit,
521 3443 749 3500 faciendi
781 3446 847 3500 ad
879 3461 1228 3518 augmentum
1257 3460 1312 3507 et
1337 3455 1596 3511 honorem
1621 3473 1753 3527 pra:-

162 3532 331 3588 dictze
357 3533 677 3591 Mutinensis
706 3535 978 3600 Ecclesiae,
1016 3548 1071 3593 et
1101 3540 1172 3594 ita
1205 3540 1458 3608 faciendi,
1496 3547 1752 3617 omnique

161 3626 334 3681 modo
369 3626 647 3695 iudicandi
684 3637 739 3684 et
780 3629 1157 3701 distringendi,
1210 3634 1372 3689 veluti
1421 3636 1472 3689 in
1511 3646 1750 3694 nostram

160 3727 264 3772 aut
283 3718 657 3773 marchionum
687 3720 769 3774 vel
795 3722 1053 3777 comitum
1076 3722 1265 3779 fuisset
1285 3729 1650 3795 przesentiam,
1685 3733 1752 3787 ab

161 3812 298 3867 hinc
335 3821 540 3866 remota
588 3814 732 3867 onmi
785 3825 968 3868 nostra
1014 3825 1433 3888 nostrorumque
1476 3838 1751 3879 successo-

163 3918 322 3969 rum,
361 3904 711 3973 omninmque
748 3904 1029 3961 hominum
1074 3911 1524 3980 contradictione,
1578 3915 1752 3971 mino-

162 3996 385 4051 ratione
429 4006 521 4050 aut
578 3997 973 4054 molestatione.
1026 4000 1199 4071 Igitur
1252 4004 1559 4074 quicunque
1608 4006 1749 4063 infra

161 4087 483 4157 pmdictam
526 4088 737 4155 urbem,
771 4090 853 4144 vel
889 4092 1256 4160 supradictum
1300 4096 1638 4163 comitatum,
1667 4098 1751 4153 vel

162 4181 221 4235 in
252 4181 368 4249 ejus
396 4184 673 4252 provincia
708 4182 760 4237 in
794 4183 1089 4253 integrum,
1117 4200 1208 4240 seu
1237 4186 1288 4239 in
1317 4186 1554 4257 przefatis
1584 4190 1749 4244 corti-

162 4273 268 4329 bus
308 4282 364 4329 et
388 4275 648 4339 castellis,
686 4275 961 4330 habitator
988 4276 1278 4341 exstiterit,
1305 4288 1399 4330 aut
1427 4278 1764 4333 castellave--

1861 440 1962 495 bus
2003 441 2183 496 facere
2229 443 2546 499 violentiam
2596 446 2812 501 audeat.
2863 445 2920 501 Si
2970 449 3090 516 quis
3139 450 3302 521 igitur
3345 453 3449 509 hoc

1861 538 2060 584 nostra:
2106 532 2563 589 corroborationis
2608 545 2933 606 praeceptum
2991 537 3306 609 infringere,
3356 550 3450 596 aut

1860 618 2093 688 quodam
2145 622 2436 677 temerario
2484 638 2620 678 ausu
2677 627 2968 680 tentaverit
3006 637 3100 681 aut
3139 638 3446 696 attenuare,

1859 706 1997 761 sciat
2044 722 2104 762 se
2141 710 2565 778 compositurum
2627 714 2744 767 auri
2794 716 2979 783 optimi
3032 715 3198 773 libras
3241 719 3444 774 ducen-

1860 807 1999 865 tum,
2037 809 2257 855 centum
2286 803 2631 858 medietatem
2662 820 2892 861 camerte
2918 817 3133 873 nostne,
3160 818 3215 864 et
3242 813 3447 867 medie-

1861 896 2022 943 tatem
2059 901 2357 961 praetaxato
2411 893 2688 964 episcopo,
2752 896 2972 966 suisque
3019 901 3447 956 successoribus.

1858 980 2010 1047 Quod
2057 992 2115 1036 ut
2145 986 2329 1038 verius
2361 987 2616 1040 credatur
2646 987 3062 1059 diligentiusque
3092 991 3161 1046 ab
3196 994 3449 1048 omnibus

1856 1071 2192 1140 observetur,
2244 1090 2407 1129 manu
2456 1078 2672 1145 propria
2709 1079 3017 1145 soborantis
3061 1083 3245 1137 annuli
3274 1080 3449 1140 nostri

1858 1161 2217 1231 impressione
2254 1165 2499 1235 insigniri
2528 1167 2813 1236 jussimus.

1928 1254 2149 1325 Signum
2181 1258 2357 1313 domui
2392 1259 2700 1314 Clmonradi
2730 1263 3060 1318 invictissimi
3094 1266 3443 1336 imperatoria.

1930 1346 2203 1404 Kadelous
2237 1351 2598 1407 cancellarius
2632 1353 2750 1409 vice
2784 1354 2967 1409 domni
3013 1356 3326 1413 Herimanni
3359 1375 3446 1414 ar-

1856 1437 2254 1494 chicancellarii
2292 1442 2628 1511 recognovit.

2369 1529 2538 1584 Locus
2564 1530 2749 1601 [sigilli
2778 1533 2935 1586 cerei.

1930 1618 2124 1673 Datum
2154 1635 2265 1675 xvu
2302 1620 2572 1677 Kalendas
2610 1622 2834 1692 Aprilis,
2862 1639 3006 1680 anno
3043 1625 3334 1681 Dominicze
3362 1627 3447 1681 ln-

1785 1694 1830 1753 3
1860 1712 2192 1767 carnationis
2222 1712 2379 1779 1058,
2414 1713 2708 1769 indictione
2755 1730 2850 1780 vn,
2885 1730 3027 1771 anno
3055 1727 3232 1772 autem
3264 1719 3444 1773 domni

1779 3050 1825 3112 C

1862 1803 2173 1858 Cliuonradi
2207 1805 2355 1875 regni
2387 1820 2501 1871 xiv,
2530 1806 2738 1876 imperii
2774 1823 2872 1862 xu.

1930 1893 2123 1948 Actum
2157 1893 2413 1963 Coloniae,
2444 1896 2694 1952 feliciter.

2558 2006 2748 2062 XXXI.

1858 2090 2162 2149 Cliuonradi
2218 2095 2345 2165 imp.
2387 2107 2711 2179 prwcepmm.
2744 2113 2840 2167 pro
2888 2096 3126 2155 Ecclesia
3177 2100 3445 2156 Hanzbur-

2564 2184 2731 2237 genu.

2320 2260 2499 2328 (Anno
2531 2259 2692 2325 1038,
2720 2261 2850 2317 Dec.
2874 2262 2984 2331 l0.)

1966 2347 2362 2419 [Lunensem
2396 2350 2812 2421 Hamburgisclw
2839 2352 3107 2417 Urlmnd.,
3140 2370 3195 2424 p.
3224 2356 3312 2409 7t).

1927 2439 1982 2493 in
2016 2441 2232 2496 nomine
2256 2450 2459 2495 sanctae
2486 2450 2540 2496 et
2580 2443 2865 2499 individua:
2891 2443 3196 2512 Trinitatis,
3231 2446 3445 2502 Cnnos-

1858 2545 2044 2593 αλδυς,
2084 2530 2265 2585 divina
2299 2531 2513 2589 favente
2542 2532 2848 2600 clementia,
2881 2533 3248 2592 Romanorum
3278 2539 3447 2610 impeo

1858 2632 2006 2677 rator
2036 2621 2333 2693 Augustus.

1927 2715 2247 2771 Sollicitudo
2282 2717 2579 2788 imperialis
2604 2718 2886 2788 potentiae,
2916 2733 3035 2789 qua:
3066 2735 3164 2776 nos
3198 2730 3320 2792 post
3350 2737 3449 2778 ex-

1857 2822 2068 2863 cessum
2092 2807 2227 2862 divae
2246 2809 2520 2864 memoriae
2547 2826 2733 2881 rcgum
2753 2820 2807 2866 et
2830 2811 3236 2881 imperatorum,
3252 2813 3447 2868 divinas

1856 2899 2226 2969 dispositionis
2262 2908 2454 2956 cuncta
2495 2905 2734 2972 regentis
2776 2918 2881 2957 non
2927 2904 3136 2975 ignara,
3182 2906 3441 2975 respexit,

1857 3001 2038 3047 monet
2082 3004 2136 3047 et
2167 2992 2388 3062 instigat
2427 2994 2671 3049 ecclesiis
2700 2995 2794 3049 Dei
2827 2996 2878 3050 in
2920 3011 3083 3067 regno
3118 3006 3305 3053 nostro
3340 3000 3447 3053 cir-

1857 3098 2196 3154 cumquaque
2223 3085 2552 3140 constructis
2578 3126 2593 3151 ,
2628 3093 2778 3142 tanto
2804 3085 3113 3156 vigilantius
3147 3088 3446 3158 prudentia:

1855 3186 2056 3232 nostra:
2098 3190 2284 3231 curam
2317 3168 2656 3245 impendere.
2701 3186 2905 3246 quanto
2930 3187 3142 3233 constat
3178 3178 3231 3233 in
3274 3180 3444 3233 nostri

1855 3267 2060 3323 ordinis
2090 3268 2427 3336 promotione
2457 3267 2695 3323 caelestis
2723 3269 2910 3339 gratia:
2940 3267 3197 3323 beneﬁcia
3230 3285 3327 3324 nos
3357 3269 3441 3323 in-

1855 3359 2160 3428 dulgentius
2182 3358 2507 3427 percepisse.
2534 3359 2611 3411 Ex
2634 3359 2736 3413 hoc
2761 3360 2905 3413 enim
2942 3360 3076 3415 lucri
3103 3360 3443 3429 potissimum

1854 3449 2134 3519 praemium
2185 3451 2325 3519 apud
2377 3449 2711 3504 conditorem
2752 3449 2993 3503 omnium
3044 3449 3212 3503 Deum
3258 3448 3443 3519 procul

1855 3537 2017 3594 dubio
2042 3537 2340 3607 promereri
2384 3536 2729 3601 confidimus,
2756 3536 2802 3590 si
2838 3535 3165 3591 venerabilia
3192 3535 3310 3591 loca
3349 3550 3445 3605 op-

1854 3638 2086 3700 portuno
2126 3637 2367 3697 tempore
2413 3628 2480 3682 ad
2527 3627 2807 3682 meliorem
2845 3626 3045 3681 fuerint
3082 3636 3303 3690 statum,
3333 3626 3446 3681 Deo

1848 3721 2073 3791 juvante
2122 3729 2414 3790 nostraque
2459 3719 2696 3789 potentia
2744 3727 3109 3784 cooperante,
3159 3719 3442 3788 perducta.

1854 3813 2193 3882 Quapropter
2219 3812 2468 3867 noverint
2496 3825 2687 3866 omnes
2717 3810 2886 3866 nostri
2917 3810 3228 3879 Christique
3260 3810 3443 3865 fideles

1853 3906 2087 3976 qualiter
2115 3919 2214 3960 nos
2256 3918 2357 3973 pro
2398 3903 2640 3958 remedio
2675 3904 2868 3958 anima:
2912 3911 3132 3967 nostrae,
3166 3911 3221 3955 et
3256 3902 3327 3957 ob
3356 3901 3441 3956 in-

1854 4005 2155 4053 terventum
2183 3996 2391 4051 dilectae
2417 3995 2732 4050 contectalis
2759 4003 2955 4049 nostrae
2981 3993 3142 4048 Gislae
3160 4034 3174 4056 ,
3204 3993 3442 4062 impera-

1853 4091 2006 4147 tricis
2046 4091 2324 4159 Augustae,
2374 4103 2584 4145 necnon
2627 4089 2959 4143 charissian
3001 4087 3169 4156 prolis
3219 4094 3439 4149 nostrae,

1854 4183 2112 4248 Heinrici,
2148 4184 2290 4253 regis
2319 4182 2783 4252 Burgundionum,
2822 4177 3090 4240 Beceline,
3125 4177 3244 4231 viro
3283 4191 3442 4231 vene-

1851 4256 2051 4337 rabili,
2084 4272 2569 4342 Hammaburgensi
2619 4268 3013 4339 archipraasuli,
3062 4267 3284 4337 suisque
3318 4282 3441 4321 suc-

162 4365 261 4431 rit,
294 4381 397 4422 nec
430 4383 534 4421 non
575 4367 770 4422 vassali
801 4368 1041 4438 ejusdem
1074 4370 1364 4424 comitatus
1400 4384 1503 4423 non
1536 4370 1589 4424 in
1617 4387 1749 4441 pra:-
1779 4388 1830 4449 ι)
1852 4364 2156 4420 cessoribus
2187 4362 2456 4418 licentiam
2487 4361 2732 4415 dedimus
2762 4359 3439 4449 construendimercatum

160 4458 343 4515 sentia
404 4460 702 4514 alienorum
769 4460 1063 4525 comitum,
1122 4468 1176 4515 et
1234 4461 1607 4516 marchionum
1668 4463 1751 4517 vel

161 4550 458 4605 missorum
493 4557 825 4616 nostrorum,
873 4564 1060 4604 eorum
1104 4550 1225 4606 lites
1269 4552 1427 4606 aliter
1455 4568 1634 4623 agere,
1667 4555 1751 4609 vel

160 4644 273 4697 ullo
305 4643 469 4697 modo
494 4643 721 4698 dillinire
768 4642 947 4702 liceat,
980 4643 1081 4698 nisi
1121 4652 1247 4698 ante
1302 4643 1554 4714 lngoncm
1602 4660 1751 4700 reve-

158 4735 604 4791 verentissimum
643 4732 948 4805 przesulcm,
992 4749 1226 4804 suosque
1264 4749 1627 4800 successores,
1656 4752 1750 4791 seu

156 4841 461 4895 eorumque
512 4825 715 4895 legatos
745 4823 1102 4887 decrevimus,
1150 4823 1284 4878 sicut
1319 4839 1479 4892 supra
1524 4839 1747 4879 conces-

158 4932 286 4973 sum
316 4917 598 4971 habemus.
647 4915 714 4969 Et
753 4914 1011 4984 quidquid
1040 4924 1165 4968 ante
1194 4929 1380 4968 eorum
1408 4914 1747 4985 praesentiam

161 5010 378 5064 finitum
420 5017 581 5079 atque
612 5012 909 5082 judicatum
941 5012 1123 5075 fuerit,
1170 5019 1428 5081 perpetua
1456 5010 1750 5065 stabilitate

158 5112 500 5173 permaneat.
527 5103 909 5174 Praecipientes
939 5104 1117 5174 itaque
1137 5101 1388 5171 jubemns
1412 5111 1471 5158 ut
1499 5102 1750 5172 deinceps

160 5195 346 5251 nullus
376 5198 503 5261 dux,
533 5197 798 5262 marchio,
833 5210 1035 5261 comes,
1073 5196 1393 5261 vicecomcs,
1425 5194 1746 5257 sculdascio,

161 5291 479 5361 gastaldius,
507 5299 598 5344 aut
626 5291 762 5345 ullus
808 5290 1117 5361 reipublicae
1148 5296 1489 5359 procurator,
1518 5300 1614 5341 seu
1643 5284 1747 5340 alia

161 5383 416 5454 qurelibet
444 5399 634 5455 magna
664 5400 936 5455 parvaque
964 5399 1190 5454 persona
1218 5392 1526 5437 nostrorum
1555 5394 1749 5451 regno-

164 5492 286 5529 rum
314 5477 625 5545 prmdictam
649 5486 890 5532 sanctam
927 5476 1019 5531 Dei
1051 5466 1233 5531 sedem
1263 5475 1486 5545 ejusque
1514 5473 1748 5528 vicarios

164 5569 471 5632 disvestire,
500 5568 789 5624 molestare
818 5577 910 5623 aut
942 5568 1264 5637 inquietare,
1293 5566 1746 5623 mansionaticum

167 5660 365 5727 facere,
394 5660 685 5728 teloneum,
725 5660 1052 5726 districtum,
1094 5658 1373 5729 placitum,
1435 5664 1527 5711 aut
1586 5656 1745 5711 aliam

1854 4455 1908 4509 in
1947 4455 2066 4509 loco
2109 4453 2395 4522 Heslingoa
2435 4459 2767 4521 nuncupato,
2800 4450 2851 4505 in
2879 4464 3015 4521 pago
3053 4448 3341 4518 Eilangea,
3374 4462 3441 4501 eo

1852 4546 2058 4603 scilicet
2100 4554 2288 4599 tenore
2330 4552 2389 4598 ut
2432 4542 2727 4598 advocatus
2785 4541 3025 4610 ejusdem
3087 4539 3328 4594 ecclesiae
3370 4539 3440 4593 iis

1852 4638 2065 4700 diebus,
2094 4638 2289 4707 quibus
2327 4635 2577 4691 annualis
2613 4644 2887 4689 mercatus
2932 4631 3060 4687 inibi
3098 4630 3359 4686 celebrari
3384 4640 3443 4685 et

1853 4729 2177 4786 conﬂuentia
2222 4728 2401 4799 populi
2447 4728 2684 4782 maxime
2727 4724 2863 4780 solet
2895 4724 3045 4789 fieri,
3086 4723 3337 4777 videlicet
3384 4722 3439 4776 in

1852 4823 2145 4877 festivitate
2176 4822 2351 4877 sancti
2394 4821 2494 4876 Viti
2533 4819 2816 4889 martyris,
2852 4826 3170 4888 potestatem
3206 4814 3442 4870 habeant

1851 4917 2032 4972 hanno
2063 4924 2249 4969 nostro
2273 4911 2676 4983 constringendi
2709 4924 2920 4975 omnes,
2957 4909 3048 4978 qui
3094 4908 3219 4962 illnc
3242 4922 3439 4962 conve-

1852 5008 2066 5074 nerint,
2111 5009 2177 5061 ad
2221 5022 2436 5061 omnem
2478 5005 2741 5076 justitiam
2785 5002 3103 5057 faciendam.
3140 5000 3436 5056 Teloneum

1852 5110 2056 5167 autem,
2083 5109 2138 5155 et
2167 5099 2426 5169 quidquid
2455 5099 2522 5152 ad
2556 5105 2800 5152 nostrum
2842 5092 3121 5164 imperiale
3155 5091 3245 5161 jus
3273 5089 3438 5162 perti-

1850 5202 1967 5260 net,
1996 5193 2067 5248 οι)
2098 5206 2338 5245 amorem
2370 5190 2610 5260 praedicti
2653 5186 2936 5257 martyris,
2979 5185 3062 5241 cui
3100 5183 3240 5239 idem
3286 5182 3438 5237 locus

1849 5293 1934 5339 est
1970 5288 2340 5343 consecratus,
2379 5281 2554 5335 eidem
2579 5279 2819 5335 ecclesize
2847 5286 2901 5332 et
2936 5272 3435 5331 sanctimonialibus

1851 5375 2050 5431 ibidem
2099 5372 2416 5441 degentibus
2464 5371 2631 5426 libere
2661 5370 2919 5425 utendum
2968 5382 3064 5438 pro
3095 5374 3278 5421 nostra
3313 5378 3434 5434 per-

1848 5475 2008 5537 petua
2044 5463 2302 5518 memoria
2328 5461 2589 5532 imperiali
2615 5461 2898 5531 largitione
2923 5458 3286 5514 concedimus.

1924 5557 2240 5613 Addidimus
2282 5556 2445 5610 etiam
2488 5569 2586 5624 pro
2630 5562 2757 5608 voto
2796 5562 2852 5607 et
2896 5550 3154 5623 petitione
3192 5548 3431 5618 ejusdem

1849 5650 2174 5709 venerabilis
2206 5649 2338 5714 viri,
2374 5648 2630 5719 quoniam
2678 5646 2886 5703 ﬁdelem
2926 5659 3049 5701 eum
3077 5644 3131 5699 in
3159 5641 3304 5698 omni
3336 5653 3431 5694 ne-
