3838 6322
410 285 551 344 1079

1723 270 1991 328 MONUM.
2032 270 2300 327 DIPLOM.

3565 261 3663 314 seu

410 402 558 472 gotio
612 405 799 455 nostro
848 396 1240 464 comperimus,
1289 401 1349 445 ut
1398 397 1719 458 potestatem
1776 386 1999 449 haheat,
2032 396 2076 455 Α
2113 385 2213 437 bus
2265 382 2396 439 suis.
2434 380 2789 437 Cohzerentiac
2835 393 2966 434 vero
3010 375 3175 444 hujus
3216 372 3516 430 comitatus
3557 384 3665 426 sunt.

413 491 682 560 siquidem
715 490 793 545 rei
821 486 1117 543 necessitas
1144 490 1401 552 exposcat
1427 480 1512 536 vel
1543 480 1768 545 utilitas,
1798 478 1849 532 in
1880 477 1999 531 loco

413 581 638 636 Stadum
668 577 965 641 nominato,
989 576 1041 629 in
1069 574 1271 644 praedio
1302 570 1673 627 ecclesiastico
1700 576 1997 623 mercatum

411 688 477 725 ex
506 671 714 739 integro
736 665 1105 728 construendi,
1130 664 1366 719 baunum
1394 671 1448 716 et
1475 662 1765 725 teloneum,
1789 672 1997 713 necnon

410 762 576 814 etiam
616 768 905 819 monetam,
939 765 993 811 et
1020 755 1280 825 quidquid
1324 754 1447 808 inde
1476 752 1655 821 regius
1694 748 1999 819 reipublicae

413 852 580 905 fiscus
624 849 871 904 obtinere
918 848 1135 918 poterit,
1181 843 1475 915 praelibatae
1520 838 1999 910 llammaburgensi

410 941 744 997 conferimus
762 940 897 997 sedi.
919 939 1178 995 Homines
1193 952 1320 991 vero
1333 936 1423 1005 qui
1451 936 1501 989 in
1525 932 1779 1004 praedicto
1800 930 1999 1002 praedio

409 1047 627 1102 quoque
660 1033 818 1087 modo
854 1032 957 1086 sibi
995 1028 1299 1085 habitacula
1346 1027 1567 1091 faciant,
1600 1024 1701 1079 sub
1737 1023 1917 1078 hanno
1944 1030 1999 1078 et

410 1123 798 1177 constriclioue
826 1121 1075 1177 advocati
1106 1118 1446 1191 episcopalis,
1480 1132 1579 1172 nec
1609 1115 1836 1185 alicujus
1860 1114 1995 1168 alte—

412 1213 554 1276 rius,
594 1228 821 1269 manere
849 1213 1214 1269 decernimus.

481 1304 526 1358 Ε
576 1315 635 1359 ιιι
663 1305 778 1359 lucc
808 1304 1200 1359 benevolentiae.
1223 1311 1420 1357 nostrae
1451 1298 1665 1354 traditio
1700 1296 1910 1354 stabilis
1944 1305 1999 1351 et

410 1395 727 1452 inconvulsa
751 1397 894 1451 omni
939 1404 1254 1466 permaneat
1278 1403 1549 1462 tempore,
1581 1390 1722 1445 hanc
1752 1389 1995 1444 chartam

410 1488 683 1543 conscribi
723 1503 992 1558 manuque
1029 1488 1245 1559 propria
1284 1488 1594 1543 roboratam
1636 1481 1795 1555 sigilli
1828 1479 1994 1536 nostri

411 1580 768 1650 impressione
783 1578 1045 1647 jussimus
1068 1578 1338 1649 insigniri.

484 1674 707 1745 Signum
738 1675 916 1728 damni
946 1674 1271 1738 Cltuonradi,
1301 1670 1627 1727 invictissimi
1667 1669 1993 1739 imperatoris

409 1766 651 1835 Augusti.

483 1857 851 1913 Theodericus
893 1857 1249 1914 cancellarius
1296 1856 1415 1911 vice
1454 1854 1714 1910 Bardonis
1756 1852 2000 1908 archica-

407 1950 603 2020 pellani
638 1952 968 2020 recognovit.

481 2042 613 2097 Data
645 2059 697 2097 IV
721 2045 841 2098 ldus
861 2042 1189 2105 Decembris,
1216 2041 1507 2097 indictione
1530 2055 1627 2107 vn,
1656 2052 1797 2093 anno
1820 2034 2002 2092 Domi-

408 2132 545 2189 nica:
577 2133 969 2190 lncarnationis
993 2133 1152 2198 i038,
1174 2148 1318 2188 anno
1336 2142 1517 2188 autem
1554 2130 1756 2188 domini
1785 2129 2002 2184 Chuon-

408 2225 525 2279 radi
556 2224 599 2279 ll
625 2226 774 2296 regni
804 2242 891 2291 xv,
926 2225 1135 2294 imperii
1161 2239 1291 2279 vero
1316 2239 1440 2279 χιιι.

478 2316 673 2370 Actum
706 2315 988 2371 Nerestein
1019 2315 1267 2370 feliciter.
1299 2314 1491 2368 Amen.

1116 2449 1330 2504 XXXII.

411 2555 718 2646 Cltttlonradi
810 2560 1145 2642 imperatoris
1165 2560 1521 2646 diplomaﬂuo
1544 2560 1738 2646 Ingorti
1766 2560 2001 2646 episcopo

484 2627 771 2701 Mutinensi
798 2627 972 2701 omnia
1006 2632 1136 2701 jura
1174 2627 1236 2684 ac
1255 2627 1527 2701 priuilegia
1562 2627 1877 2701 Mutinensis
1900 2627 2002 2683 Ec-

482 2699 655 2780 clesia:
698 2699 1017 2768 conﬁrmat,
1062 2716 1282 2771 eumque
1330 2699 1553 2754 Mntinm
1599 2700 1837 2754 comitem
1876 2717 2001 2754 con-

478 2777 667 2823 stituit.

1017 2886 1196 2954 (Anno
1223 2886 1408 2956 1038.)

727 2994 1064 3069 [Munnonn
1096 2996 1271 3067 Antiq.
1304 2995 1456 3063 Ital.,
1485 2995 1573 3061 Vl,
1599 2995 1714 3067 41.]

484 3111 541 3165 In
568 3111 786 3166 nomine
815 3119 1017 3166 sancta:
1053 3118 1109 3165 et
1137 3110 1427 3166 individua:
1454 3110 1757 3176 Trinitatis,
1783 3109 1996 3167 Cnuon-
2026 3087 2067 3144 (ἶ

413 3218 605 3267 nauus,
646 3217 878 3273 superna
931 3203 1250 3273 disponente
1305 3202 1617 3267 clementia,
1681 3202 1997 3272 imperator.

487 3293 565 3349 Si.
588 3331 600 3347 .
624 3332 636 3347 .
656 3333 669 3348 .
688 3332 700 3347 .
721 3333 735 3347 .
757 3332 770 3348 .
812 3295 1209 3349 retributionis.
1231 3332 1246 3349 .
1267 3331 1282 3348 .
1301 3334 1314 3348 .
1349 3296 1571 3359 «litatur,
1596 3295 1844 3366 quisquis
1865 3295 1999 3350 locis

414 3383 525 3437 Deo
559 3382 751 3439 dicatis
782 3399 877 3437 sua
909 3384 1263 3446 concesserit.
1288 3385 1456 3439 autin
1492 3385 1684 3440 merito
1713 3400 1999 3455 prOSpera-

414 3473 581 3538 bitur,
613 3475 704 3544 qui
731 3474 924 3530 collata
991 3484 1053 3530 ut
1084 3475 1297 3531 sincere
1325 3492 1355 3529 a
1405 3476 1705 3531 cultoribus
1730 3476 1999 3532 Ecclesia-

414 3581 535 3619 rum
563 3564 657 3621 Dei
714 3583 811 3623 sua
856 3568 1186 3622 auctoritate
1240 3568 1696 3623 corroboraverit.
1756 3567 1999 3639 Quapro-

414 3663 535 3721 pter
576 3658 815 3710 omnium
847 3667 1047 3712 sanctae
1100 3656 1193 3711 Dei
1251 3655 1505 3712 Ecclesia:
1548 3668 1995 3727 nostrorumque,

412 3744 761 3811 prmsentium
809 3747 1018 3802 scilicet
1047 3764 1111 3802 ac
1167 3746 1492 3814 futurorum,
1522 3749 1731 3803 noverit
1780 3748 1997 3803 solertia

416 3842 681 3901 quatenus
709 3834 870 3891 Witlo
915 3846 1116 3892 sancta:
1145 3838 1493 3893 Taurinensis
1518 3838 1771 3894 Ecclesiae
1792 3838 1998 3908 episco-

416 3940 543 3993 pus,
578 3935 869 3994 nosterque
923 3927 1117 3994 fidelis,
1149 3938 1390 3985 nostram
1428 3931 1559 3985 adiit
1597 3930 1997 3995 celsitudinem,

416 4017 667 4085 flagitans
701 4018 777 4071 uti
804 4032 903 4087 pro
940 4018 1035 4072 Dei
1074 4034 1282 4084 amore,
1332 4020 1632 4090 aninueque
1686 4032 1884 4075 nostra:
1913 4037 1998 4075 re-

418 4111 617 4176 medio,
655 4112 835 4166 omnia
880 4121 1081 4168 sancta:
1131 4112 1449 4168 Mutinensis
1504 4112 1765 4176 ecclesiae,
1800 4113 1853 4166 in
1905 4114 2000 4168 ho-

418 4219 551 4259 nore
602 4205 774 4262 sancti
827 4205 1131 4263 Geminiani
1165 4206 1495 4261 confessoris
1535 4208 1739 4261 Christi
1786 4206 1996 4272 dicatae,

415 4297 500 4351 cui
532 4296 623 4349 Dei
664 4297 992 4351 auctoritate
1025 4296 1154 4367 lngo
1200 4297 1527 4352 venerabilis
1583 4298 1866 4367 episcopus
1906 4298 2000 4351 de.-

2102 476 2282 530 Prima
2309 488 2480 543 usque
2504 473 2556 527 in
2596 472 2780 526 finem.
2799 512 2811 524 .
2835 508 2851 525 .
2872 509 2885 523 .
2906 509 2919 523 .
2943 510 2956 522 .
2976 511 2989 523 .
3026 467 3283 524 Secunda
3326 476 3511 519 autem
3538 480 3669 531 esse:

2102 568 2157 621 in
2215 564 2459 621 Bolonia.
2512 563 2697 618 Tertia
2752 563 2917 617 etiam
2974 574 3409 629 usque.......
3470 553 3669 607 Mantua.

2101 659 2305 726 Quarta
2326 656 2534 712 scilicet
2558 655 2625 709 ad
2650 654 2862 709 initium
2888 653 3181 709 comitatus
3206 649 3502 705 Lucensis.
3525 644 3675 701 Cum

2100 748 2262 803 etiam
2293 746 2463 815 ipsius
2489 744 2783 799 comitatus
2824 752 2880 797 ct
2908 741 3213 806 territoria,
3240 739 3503 799 castella,
3536 739 3675 793 vile

2101 849 2344 899 mansos,
2371 848 2579 888 necnon
2605 832 2893 900 utriusque
2937 845 3102 885 sexus
3136 828 3414 891 familias,
3443 842 3617 882 servos
3639 844 3678 879 ει

2101 925 2347 991 ancillas,
2372 925 2727 982 herimannos
2750 932 2807 979 et
2834 923 3208 986 herimannas,
3241 922 3451 975 domos
3482 934 3681 987 queam,

2099 1017 2494 1089 possessiones,
2531 1014 2884 1085 piscationes,
2934 1012 3162 1077 foresta,
3194 1025 3414 1080 pascua
3446 1010 3685 1063 montibus

2100 1125 2194 1165 seu
2221 1109 2549 1180 planitiebus
2567 1148 2582 1173 ,
2629 1107 2948 1178 aquationes
2977 1118 3373 1175 aquarumque
3401 1116 3593 1154 cursus
3612 1117 3684 1155 see

2101 1162 2385 1268 dectirsus,
2412 1199 2657 1271 paludes,
2683 1162 2885 1253 cuncta
2914 1162 3100 1251 habita
3127 1204 3187 1250 et
3212 1202 3377 1250 tenta
3399 1201 3567 1260 atque
3592 1206 3687 1258 pus-
3790 1162 3791 1229 i

2103 1307 2253 1348 sessa
2289 1292 2357 1347 ad
2408 1299 2619 1361 partem
2663 1287 2952 1357 ipsius....
2981 1324 3030 1339 ..
3072 1285 3208 1339 salis
3256 1298 3289 1337 a
3330 1280 3594 1353 praedicto
3624 1281 3687 1334 la-

2099 1400 2239 1455 gone
2285 1384 2562 1454 episcopo,
2594 1380 2678 1437 vel
2718 1395 2747 1433 a
2789 1378 3031 1449 quolibet
3083 1375 3515 1447 praedecessore
3562 1372 3686 1439 ejus;

2100 1487 2265 1549 atque
2290 1477 2471 1532 omnia
2499 1474 2680 1544 aliquo
2722 1471 3094 1541 inscriptionis
3123 1469 3312 1533 titulo,
3342 1482 3444 1521 seu
3498 1466 3687 1518 investi-

2101 1579 2222 1624 tura
2250 1568 2515 1623 hactenus
2534 1566 2758 1630 donata,
2775 1561 2991 1626 collata,
3014 1569 3181 1630 atque
3204 1558 3417 1614 tradita
3444 1556 3690 1624 pra-dicta

2109 1666 2312 1715 sanctae
2341 1655 2663 1712 Mutinensis
2718 1652 2963 1709 ecclesia:
2989 1667 3020 1705 a
3060 1650 3497 1721 quibuscunque
3543 1646 3690 1699 homi-

2030 1748 2073 1803 B
2100 1749 2259 1805 nibus
2282 1746 2363 1804 vel
2394 1744 2771 1819 potestatibus,
2804 1744 3071 1799 donamus
3093 1782 3109 1805 ,
3140 1738 3537 1801 concedimus,
3583 1751 3687 1789 eou-

2101 1843 2384 1898 ﬁrmamus
2432 1841 2717 1910 modisque
2766 1837 3019 1894 omnibus
3066 1828 3507 1892 corroboramus
3538 1870 3554 1895 ,
3602 1846 3686 1883 an

2100 1947 2225 1987 cum
2256 1930 2484 2002 eampis,
2546 1929 2741 1995 vineis,
2781 1927 2980 1999 pratis,
3018 1926 3262 1997 pascuis,
3295 1923 3504 1993 jerbis,
3539 1921 3682 1979 silvis,

2101 2020 2403 2085 frascariis,
2451 2019 2739 2085 huscariis,
2786 2017 3085 2082 montibus,
3134 2015 3394 2075 collibus,
3456 2012 3682 2067 vanitas.

2100 2112 2450 2182 planitiebus,
2508 2111 2658 2181 ripis,
2692 2109 2921 2181 rupinis,
2972 2108 3132 2178 aquis
3171 2120 3561 2176 aquarumque
3605 2106 3682 2157 de-

2102 2201 2390 2266 cursibus,
2438 2200 2796 2265 molendinis,
2852 2198 3293 2270 piscationibus,
3342 2196 3531 2251 omnia
3581 2210 3682 2249 cura

2102 2292 2354 2347 omnibus
2385 2290 2699 2386 rebuyjum
2751 2290 2856 2345 dici
2903 2289 2988 2344 vel
3019 2287 3294 2343 nominari
3354 2294 3607 2386 possunt,

2102 2382 2417 2449 praedictam
2456 2356 2715 2451 quvis—comi
2748 2381 2932 2436 sedem
2978 2380 3033 2434 in
3064 2380 3343 2449 integrum
3371 2377 3678 2448 pertineati-
3816 2356 3819 2423 ι

2109 2472 2228 2529 bus.
2274 2474 2341 2529 Et
2370 2489 2467 2544 per
2494 2474 2599 2528 hoc
2624 2482 2823 2529 nostrae
2860 2471 3300 2527 confirmationis
3346 2479 3681 2540 przeceptnm,

2104 2566 2171 2620 de
2201 2573 2392 2619 nostro
2419 2573 2475 2620 et
2502 2564 2652 2634 regni
2700 2562 2827 2633 jure
2853 2572 2908 2618 et
2956 2562 3203 2619 dominio
3226 2563 3279 2617 in
3308 2562 3558 2632 prerat:
3583 2577 3685 2616 saa-

2104 2665 2203 2710 ctae
2237 2654 2557 2710 Mutinensis
2597 2654 2843 2710 ecclesiae
2870 2652 2963 2721 jus
3006 2663 3063 2708 et
3113 2654 3429 2709 dominium
3486 2656 3689 2709 omnino

2104 2749 2557 2815 transfundimus,
2588 2764 2652 2804 ac
2695 2749 2978 2819 diligamus
3019 2749 3351 2819 prmdictum
3394 2750 3687 2804 districtum

2102 2841 2310 2911 praefati
2334 2843 2648 2908 comitatus,
2677 2850 2731 2897 ct
2756 2842 3030 2897 teloneum
3075 2857 3170 2898 seu
3221 2852 3557 2907 mercatum,
3585 2859 3689 2897 cum

2101 2934 2247 2990 omni
2280 2933 2556 2989 functione
2577 2932 2770 3004 regali,
2796 2948 2889 2988 seu
2922 2932 3132 2997 domos,
3156 2948 3371 2999 muros,
3398 2942 3689 3001 terrasque.

2101 3029 2158 3075 et
2184 3021 2466 3091 utriusque
2503 3036 2665 3077 sexus
2685 3036 2873 3077 servos
2898 3029 2954 3076 et
3002 3021 3253 3085 ancillas,
3284 3030 3346 3077 et
3368 3023 3559 3077 omnia
3585 3037 3689 3090 qur

2099 3119 2292 3166 vocata
2318 3118 2444 3166 sunt
2467 3110 2704 3181 publica,
2736 3109 2964 3175 fiscalia,
2992 3109 3076 3164 vel
3101 3110 3407 3175 comitalia,
3446 3119 3545 3164 aut
3569 3110 3693 3163 vice-

2103 3202 2400 3269 comitalia,
2448 3217 2569 3271 qua:
2608 3201 2786 3273 posita
2852 3216 2972 3258 esse
3034 3201 3287 3256 ridentur
3343 3202 3401 3255 in
3450 3202 3693 3271 ιιι-ειιίαο

2101 3293 2356 3348 comitatu
2389 3291 2711 3358 Mutinensi,
2742 3301 2852 3346 tam
2898 3292 3044 3347 intus
3064 3307 3228 3361 quam
3266 3301 3436 3346 extra
3476 3306 3575 3360 per
3598 3292 3693 3345 cir-

2101 3384 2304 3439 cuitum
2348 3398 2521 3453 usque
2562 3383 2614 3437 in
2643 3382 2921 3451 praedictis
2952 3381 3171 3437 finibus.
3199 3381 3276 3435 Ea
3324 3380 3593 3435 videlicet
3624 3396 3695 3433 ra-

2104 3475 2252 3529 tione
2285 3482 2559 3544 quatenus
2581 3474 2815 3531 domnus
2866 3472 2997 3543 lngo
3018 3470 3357 3525 venerabilis
3395 3472 3693 3542 episcopus

2101 3566 2191 3635 qui
2218 3566 2396 3622 eidem
2425 3565 2673 3621 ecclesia:
2730 3565 3029 3635 praesidere
3056 3564 3292 3625 videtur,
3351 3564 3561 3633 suique
3588 3579 3698 3619 suc-

2100 3672 2362 3722 cessores,
2422 3665 2746 3727 potestatem
2800 3654 2908 3710 illic
2958 3655 3194 3710 habeant
3232 3670 3338 3724 per
3368 3670 3435 3711 se
3485 3665 3697 3726 autper

2102 3764 2228 3805 suos
2276 3749 2475 3804 missos
2522 3747 2826 3816 judicandi,
2875 3747 3255 3817 distringendi,
3306 3748 3585 3815 placitum
3632 3759 3700 3802 te-

2101 3840 2287 3905 nendi,
2322 3839 2406 3893 vel
2459 3839 2721 3909 quidquid
2770 3852 2960 3894 corum
2992 3838 3205 3893 utilitas
3250 3838 3594 3903 decreverit,
3630 3840 3699 3892 fa-

2102 3932 2301 3995 ciendi,
2331 3932 2398 3986 ad
2429 3939 2780 3999 augmentum
2832 3937 2888 3984 et
2939 3931 3203 3985 honorem
3234 3932 3526 4000 praedicta:
3553 3931 3699 3985 Muti-

2111 4023 2300 4078 nensis
2331 4022 2596 4087 ecclesiae,
2631 4031 2685 4076 et
2736 4023 2808 4077 ita
2837 4021 3094 4085 faciendi,
3122 4022 3394 4093 omnique
3441 4024 3608 4078 modo
3620 4022 3697 4091 ju.

2109 4114 2329 4170 dicendi
2362 4156 2376 4180 ,
2430 4124 2486 4168 et
2542 4112 2900 4184 distringendi
2938 4152 2952 4177 ,
3004 4111 3171 4166 veluti
3230 4112 3286 4165 in
3338 4122 3561 4176 nostra,
3614 4122 3695 4165 aut

2106 4208 2506 4269 marchionum.
2524 4206 2608 4262 vel
2637 4206 2893 4261 comitum
2922 4203 3114 4259 fuisset
3132 4205 3456 4274 praesentia,
3482 4206 3555 4258 ab
3582 4205 3693 4257 hinc

2104 4308 2312 4354 remota
2365 4298 2512 4353 omni
2562 4307 2747 4353 nostra
2808 4305 3231 4367 nostrorumque
3288 4313 3696 4357 successorum.

415 4386 604 4453 servit,
638 4402 668 4440 a
694 4388 1186 4456 pradecessoribus
1216 4389 1418 4444 nostris
1451 4399 1560 4444 tam
1590 4390 1807 4458 regibus
1834 4406 1994 4461 quam
2030 4427 2074 4481 Β
2103 4390 2453 4459 omniumque
2499 4389 2778 4444 hominum
2833 4387 3288 4454 contradictione,
3332 4389 3697 4441 minoratione.

416 4475 855 4544 imperatoribus,
889 4486 1052 4544 atque
1078 4493 1107 4529 a
1140 4477 1406 4548 religiosis
1455 4480 1585 4534 viris
1630 4479 1843 4543 collata,
1894 4496 1991 4535 no-

413 4576 529 4621 stra
583 4566 848 4635 imperiali
906 4581 1135 4622 censura
1183 4569 1510 4625 confirmare
1554 4578 1609 4627 et
1641 4569 1997 4625 corroborarc

415 4659 789 4729 dignaremur.
824 4658 988 4726 Cujus
1041 4658 1202 4729 digne
1230 4661 1477 4731 petitioni
1532 4676 1813 4717 assensum
1862 4678 1996 4732 pra:-

414 4750 627 4814 bentcs,
683 4750 1033 4820 ejusdemque
1079 4752 1373 4808 beatissimi
1425 4754 1731 4809 Geminiani
1762 4755 1995 4825 episcOpi

414 4850 469 4891 et
517 4840 721 4893 Christi
772 4841 1103 4897 confessoris
1152 4843 1543 4911 implorandum
1595 4845 1810 4898 assidue
1840 4860 1995 4914 Opem

415 4930 846 4997 considerantes,
876 4933 978 4988 hoc
1028 4943 1355 5004 praeceptum
1388 4935 1503 4990 fieri
1544 4934 1849 5003 jussimus:
1904 4953 2000 5006 per

414 5023 558 5088 quod
591 5030 699 5077 tam
730 5022 889 5079 cultis
939 5040 1101 5094 quam
1160 5026 1398 5090 incultis,
1434 5042 1527 5083 seu
1563 5028 1616 5083 in
1665 5029 2001 5099 prazinsertis

417 5118 550 5172 locis
577 5118 721 5173 omni
749 5120 1008 5174 comitatu
1058 5120 1229 5175 eidem
1289 5120 1553 5187 civitatis,
1584 5136 1706 5176 cum
1749 5122 2001 5177 omnibus

416 5210 580 5265 rebus
609 5211 900 5267 mobilibus
928 5222 985 5267 et
1010 5213 1355 5268 inmobilibus
1382 5214 1449 5268 ad
1471 5229 1531 5269 sc
1580 5214 1994 5285 pertinentibus,

418 5307 473 5351 et
496 5302 843 5358 concedimus
889 5302 1151 5373 quidquid
1197 5303 1263 5358 ad
1318 5315 1565 5361 nostrum
1612 5304 1702 5374 jus
1732 5308 2000 5376 pertinere

413 5386 652 5463 videtur,
683 5399 859 5447 terras
880 5394 1089 5451 scilicet
1132 5407 1188 5452 et
1216 5412 1431 5452 omnem
1486 5396 1815 5460 districtum,
1837 5407 1999 5467 atque

416 5482 611 5536 domos
639 5483 902 5553 publicas,
962 5504 1282 5560 murumque
1340 5490 1508 5560 ipsius
1564 5490 1819 5554 civitatis,
1876 5506 1996 5545 cum

418 5572 549 5628 fisco
590 5583 645 5627 et
684 5575 893 5631 teloneo
926 5578 1158 5649 integro,
1216 5598 1306 5636 seu
1351 5598 1470 5635 cum
1501 5582 1645 5636 omni
1695 5582 1816 5651 jure
1853 5583 1997 5637 civili

419 5658 568 5715 intus
598 5668 651 5716 ct
691 5667 843 5716 extra
872 5677 967 5733 per
994 5665 1276 5723 circuitum
1306 5682 1477 5738 usque
1505 5666 1558 5723 in
1606 5669 1856 5723 omnibus
1881 5667 1996 5724 fini-

2100 4497 2163 4535 ac
2194 4480 2584 4536 molestatione.

2171 4572 2337 4644 Igitur
2364 4573 2674 4642 quicunque
2701 4572 2841 4626 infra
2878 4572 3198 4641 praedictam
3247 4555 3475 4637 urbem,
3506 4572 3589 4626 rel
3619 4588 3693 4626 su.

2101 4664 2403 4735 pradicltun
2426 4664 2771 4727 comitatum,
2804 4662 2891 4717 vel
2940 4662 2993 4716 in
3022 4661 3139 4731 ejus
3160 4662 3457 4732 provincia
3483 4662 3539 4715 in
3572 4663 3691 4715 inte.

2101 4768 2253 4823 grum
2282 4767 2376 4806 seu
2409 4753 2460 4806 in
2498 4750 2739 4821 przefatis
2761 4750 3008 4805 cortibus
3034 4758 3090 4806 et
3123 4750 3376 4806 castellis
3428 4752 3691 4807 habitator

2100 4842 2391 4906 exstiterit,
2420 4850 2513 4895 aut
2550 4840 2931 4904 castellaverit,
2956 4855 3167 4894 necnon
3208 4840 3435 4896 vassalli
3459 4841 3687 4909 ejusdem

2103 4935 2393 4988 comitatus
2415 4950 2521 4988 non
2553 4933 2606 4987 in
2636 4932 2922 5003 praesentia
2968 4932 3273 4987 alienorum
3309 4935 3601 4999 comitum,
3641 4942 3685 4985 et

2104 5024 2498 5089 tnarchionum,
2554 5022 2637 5078 vel
2680 5023 2967 5078 missorum
3010 5032 3328 5077 nostrorum
3359 5040 3554 5078 eorum
3578 5025 3684 5076 lites

2102 5117 2261 5172 aliter
2290 5131 2471 5186 agerc,
2502 5116 2585 5170 vel
2615 5115 2723 5169 ullo
2755 5115 2915 5169 modo
2950 5114 3179 5170 difﬁnire
3210 5116 3401 5183 liceat,
3435 5118 3541 5171 nisi
3570 5126 3681 5169 ante

2102 5210 2355 5279 lngonem
2375 5214 2873 5269 reverentissimum
2896 5213 3201 5284 praesulem,
3217 5228 3463 5284 suosque
3479 5228 3678 5269 succes-

2102 5315 2280 5367 sores,
2300 5318 2395 5357 seu
2417 5317 2715 5372 eorumque
2744 5302 2947 5373 legatos
2977 5303 3346 5370 decrevimus,
3365 5305 3511 5358 sicut
3532 5318 3675 5372 supra

2100 5409 2424 5450 concessum
2450 5396 2713 5451 habemus
2740 5412 2755 5463 ;
2809 5405 2863 5450 et
2888 5394 3149 5465 quidquid
3174 5403 3305 5449 ante
3327 5410 3520 5449 eorum
3552 5409 3673 5463 prs-

2103 5486 2336 5541 scntiam
2374 5487 2585 5542 finitum
2636 5498 2797 5557 atque
2837 5488 3139 5558 judicatum
3191 5486 3380 5553 fuerit,
3429 5495 3669 5557 perpetua

2104 5580 2397 5634 stabilitate
2424 5592 2756 5650 permaneat.
2797 5580 3179 5649 Praecipiemus
3214 5581 3404 5650 itaque
3437 5581 3667 5650 jubemus

2104 5680 2159 5725 ut
2184 5672 2436 5745 deinceps
2472 5672 2647 5728 nulltts
2696 5674 2821 5738 dux,
2858 5673 3120 5741 inarehio,
3150 5690 3335 5729 comes
3361 5684 3451 5729 aut
3476 5674 3664 5727 vicero-
