3838 6322
44 341 69 395 ι
79 335 179 396 085

1276 326 1620 383 ιιιίΝιιιευδ
1659 326 1721 381 ιιι
1746 326 1882 382 ιλιι).

3147 328 3284 383 1086

44 446 299 507 dominum
329 459 483 502 suam
508 442 858 510 interfecerit,
893 441 974 496 vel
1003 441 1383 506 vulneraverit,
1431 443 1600 512 ipsum
1633 449 1679 502 Α
1711 441 1833 494 cilia
1858 440 1910 492 in
1941 437 2292 508 longinquum
2325 440 2611 496 habuerint
2633 442 2700 507 δι,
2731 440 2961 497 vasallus
2983 441 3199 496 domino
3226 457 3286 496 se

42 541 300 596 dominum
345 550 567 598 suamve
603 536 874 591 dominam
909 533 1236 597 obsederit,.
1263 532 1348 586 vel
1394 547 1514 586 eum
1557 530 1602 562 “

44 628 468 693 cucurbitaverit,
502 627 587 683 vel
615 636 804 683 contra
833 641 894 681 ea
918 640 1038 696 qua“:
1061 627 1112 678 in
1151 623 1406 678 ﬁdelitate
1433 622 1605 678 nomi-

46 731 233 776 nantur
255 720 440 776 fecerit
465 719 532 785 ³³,
559 717 643 772 vel
669 719 753 774 his
783 717 1106 788 supradictis
1130 716 1416 771 consilium
1447 715 1607 770 dede-

46 814 134 876 rit,
163 813 355 883 parium
399 810 708 866 laudatione
734 808 1058 864 beneﬁcium
1092 809 1351 863 amitttat.
1391 806 1447 860 Si
1479 820 1608 859 vero

48 904 117 958 de
145 901 452 972 supradictis
478 915 536 955 se
556 900 847 954 defendere
872 898 1122 964 voluerit,
1150 899 1382 954 testibus
1407 912 1436 951 a
1458 905 1612 967 parte

46 990 239 1046 domini
271 988 662 1056 deﬁcientibus,
693 1002 817 1042 cum
854 987 1024 1042 tribus
1069 988 1290 1057 paribus
1320 1000 1378 1040 se
1415 1000 1611 1054 expur-

43 1091 160 1147 get;
186 1081 223 1136 si
263 1088 439 1134 autem
470 1093 631 1149 pares
658 1079 860 1134 habere
890 1093 994 1132 non
1031 1077 1265 1148 potuerit
1286 1119 1300 1142 ,
1326 1091 1446 1129 cum
1473 1077 1612 1130 duo-

44 1172 212 1226 decim
257 1169 730 1240 propinquioribus
772 1168 1086 1238 parentibus
1125 1181 1184 1222 se
1221 1165 1470 1220 defendat
1510 1165 1609 1236 (Il).

45 1263 105 1316 Si
131 1262 242 1331 quis
269 1269 446 1314 autem
489 1273 710 1313 suorum
741 1258 947 1327 parium
967 1298 981 1322 ,
1015 1257 1240 1311 idoneus
1269 1263 1478 1318 tamen,
1520 1270 1614 1308 ex-

41 1350 169 1404 inde
207 1362 259 1403 se
296 1345 576 1401 veritatem
607 1345 746 1400 scire
771 1345 991 1412 dixerit,
1016 1353 1073 1400 et
1105 1359 1200 1415 per
1228 1359 1460 1415 pugnam
1491 1359 1613 1399 eum

41 1439 262 1509 fatigare
280 1437 535 1500 voluerit,
569 1445 626 1490 ut
671 1451 764 1506 per
794 1451 1026 1508 pugnam
1076 1449 1136 1491 se
1171 1435 1424 1490 defendat
1453 1435 1616 1489 edit-i-

43 1546 166 1586 mus
190 1531 250 1584 ".
278 1529 334 1584 Si
370 1529 494 1598 quis
525 1537 702 1584 autem
751 1527 852 1583 fuit
890 1529 935 1560 ⁸⁵
966 1529 1056 1598 qui
1086 1529 1305 1583 domino
1342 1543 1447 1582 non
1495 1542 1615 1582 scr-

41 1622 226 1686 vierit,
253 1621 459 1690 parium
491 1619 805 1676 laudatione
850 1619 1173 1674 beneﬁcium
1205 1620 1251 1650 ³⁸
1277 1619 1492 1673 amittat
1515 1617 1614 1688 (5).

44 1712 150 1768 Sed
181 1712 224 1769 si
250 1713 349 1767 hoc
379 1710 668 1767 defendere
697 1711 928 1768 voluerit
949 1712 1013 1776 ³⁷,
1047 1711 1181 1766 duos
1204 1710 1288 1764 vel
1321 1724 1483 1764 unum
1511 1709 1617 1764 sal-

1711 530 2146 600 repraasentando
2181 532 2462 586 servitium
2497 533 2810 602 promittat,
2841 543 2896 588 et
2919 533 2963 564 “
2995 534 3039 588 si
3068 547 3289 589 necesse

1706 624 1898 688 fuerit,
1932 623 2034 678 hoc
2063 624 2253 692 probet
2282 623 2328 657 ι³
2350 624 2732 694 jurejurando,
2777 625 2966 680 saltem
3013 625 3080 680 ad
3127 625 3288 679 ﬁnem

1709 714 2090 768 controversia:
2129 712 2335 766 vasallo
2364 729 2391 766 a
2424 715 2642 783 paribus
2674 716 2819 769 dato.
2851 715 2906 769 Si
2949 715 3167 784 quidem
3207 715 3291 767 in-

1712 811 1794 856 tra
1824 818 2024 857 annum
2060 803 2329 869 servierit,
2363 805 2505 872 quod
2538 804 2870 859 levissimum
2903 805 3084 869 fuerit,
3116 811 3172 858 et
3201 804 3295 857 do-

1711 892 1890 947 minus
1928 893 2067 948 aliud
2094 894 2374 949 servitium
2410 893 2725 964 imposuerit
2759 896 2900 964 quod
2929 895 3161 949 vasallus
3198 909 3293 948 ne—

1712 983 1957 1052 glexerit,
1989 983 2131 1037 unde
2151 984 2405 1038 damnum
2437 983 2656 1038 domino
2681 984 2883 1038 illatum
2912 985 3092 1046 fuerit,
3126 999 3297 1052 usque

1715 1075 1781 1128 ad
1828 1076 2009 1144 fruges
2063 1073 2399 1130 feudatarius
2453 1075 2499 1108 “
2549 1076 2756 1144 parium
2807 1077 3205 1131 existimatione
3251 1074 3299 1107 ⁸⁵

1714 1165 1970 1219 damnum
1999 1166 2280 1220 resarciat.
2317 1166 2394 1220 De
2442 1165 2562 1220 aliis
2593 1181 2723 1220 vero
2755 1167 2926 1236 culpis
2966 1169 3104 1221 unde
3133 1169 3298 1220 bene-

1718 1255 1895 1310 ﬁcium
1923 1271 2026 1312 non
2049 1257 2338 1322 amittitur,
2369 1258 2580 1326 parium
2603 1257 2915 1313 laudatione
2946 1256 3194 1313 defendat
3219 1274 3296 1323 se,

1718 1360 1777 1402 ut
1805 1363 1988 1417 supra,
2018 1348 2102 1404 vel
2123 1350 2374 1404 emendet
2402 1350 2472 1406 “.

1718 1460 1837 1513 Alia
1867 1460 2166 1514 constitutio
2199 1460 2438 1515 Heinrici
2475 1462 2540 1515 de
2569 1462 2766 1517 vasallo

2289 1532 2444 1584 minis
2469 1531 2731 1600 refutavit.

1789 1618 2090 1688 Imperator
2122 1619 2427 1675 lleinricus.
2462 1619 2520 1674 Si
2549 1622 2870 1692 contigerit,
2907 1623 3123 1677 feudum
3153 1623 3304 1677 incn-

1722 1711 1801 1764 ria
1824 1719 1918 1765 aut
1943 1709 2117 1766 ﬁdelis
2147 1710 2190 1742 ⁸⁷
2221 1711 2466 1779 neglectu
2503 1714 2842 1769 consortibus
2873 1714 3156 1783 applicari,
3189 1713 3308 1766 nul-

2807 1480 2896 1534 qm
2925 1480 3085 1518 unum
3118 1480 3182 1518 ex
3210 1463 3300 1516 do-

40 1813 148 1858 tem
179 1816 356 1872 parem
383 1800 655 1867 ostendat,
684 1810 740 1855 et
768 1816 890 1856 cum
916 1801 1000 1856 his
1029 1816 1088 1855 se
1107 1801 1342 1856 servisse
1365 1801 1530 1871 juret,
1562 1809 1616 1855 et
1646 1789 1690 1848 Β
1720 1803 1831 1857 lum
1860 1802 1904 1834 ⁵⁸
1933 1817 1998 1857 ex
2029 1817 2096 1858 eo
2129 1803 2372 1858 levamen
2401 1804 2657 1860 detrusus
2686 1805 2943 1875 excipiat,
2967 1819 3034 1859 ne
3076 1805 3307 1858 senioris

37 1891 82 1944 si
114 1903 270 1960 pares
301 1903 554 1958 paremv-e
589 1889 790 1945 habere
817 1889 1146 1966 nequiverit,
1176 1904 1300 1944 cum
1331 1889 1505 1944 tribus
1532 1889 1614 1944 vel

33 1982 244 2036 duobus
287 1980 759 2050 propinquioribus
800 1981 1116 2050 parentibus
1145 1996 1204 2036 se
1241 1983 1383 2036 intra
1412 1997 1612 2035 annum

30 2071 240 2125 servire
265 2068 469 2140 "juret
511 2068 612 2138 (6).
659 2068 719 2123 Si
749 2077 928 2124 autem
980 2069 1323 2125 concorditer
1362 2084 1485 2124 cum
1523 2070 1617 2124 do-

27 2161 184 2216 mino
226 2176 323 2216 suo
373 2177 434 2217 se
473 2159 726 2216 habuerit
768 2160 1043 2215 dominum
1089 2161 1132 2192 ³⁹
1168 2175 1312 2230 saepe
1355 2159 1614 2226 videndo,

24 2263 169 2308 tunc
213 2252 473 2308 edicimus
523 2251 592 2318 ⁸ο,
638 2260 700 2306 ιιι
739 2252 930 2321 probet
977 2265 1075 2322 per
1129 2259 1292 2307 testes
1339 2252 1617 2308 servitium

17 2341 249 2409 fecisse,
276 2351 329 2398 et
358 2358 455 2412 per
484 2357 543 2398 se
569 2356 675 2398 non
705 2343 940 2398 stetisse.
975 2342 1033 2398 Si
1065 2353 1245 2399 autem
1275 2343 1455 2413 aliqua
1482 2344 1623 2400 inter

13 2434 311 2490 dominum
344 2442 399 2491 et
441 2432 699 2490 vasallum
726 2433 999 2490 discordia
1032 2433 1226 2501 fuerit,
1257 2433 1344 2489 vel
1373 2434 1418 2489 si
1452 2433 1617 2489 domi-

1721 1893 1802 1948 sui
1853 1901 2195 1962 contemptus
2246 1893 2436 1948 illusus
2482 1893 2606 1960 ﬁat,
2635 1895 2704 1950 ob
2741 1909 2902 1964 quem
2936 1893 3150 1948 feudum
3186 1894 3308 1963 jure

1721 1983 2018 2038 dimiserat.
2054 1983 2197 2040 Sane
2225 1985 2316 2054 qui
2345 1984 2502 2039 aliter
2536 1985 2764 2040 fecerint
2788 2000 2950 2055 quam
2981 1985 3122 2054 quod
3157 1997 3310 2036 mens

1723 2073 2090 2130 Saluberrimte
2115 2083 2312 2130 nostra:
2336 2075 2734 2131 constitutionis
2756 2075 3019 2146 exposcit,
3048 2075 3310 2128 beneﬁcio

1725 2179 1786 2221 se
1815 2166 2084 2222 carituros
2112 2181 2230 2222 esse
2255 2176 2617 2236 cognoscant;
2646 2168 2716 2222 ita
2745 2177 2802 2222 ut
2834 2168 2914 2222 eis
2943 2167 3172 2236 amplius
3191 2180 3312 2234 spe-

1729 2271 1850 2312 rare
1886 2271 1993 2312 non
2019 2256 2208 2322 liceat;
2253 2257 2455 2312 seniori
2507 2259 2683 2313 danda
2728 2258 2968 2321 licentia,
3012 2266 3120 2310 tam
3149 2256 3196 2286 ‘9
3245 2255 3314 2307 ab

1731 2347 1864 2416 ipsis
1895 2363 2196 2418 eorumque
2244 2347 2478 2418 posteris
2521 2364 2683 2418 quam
2724 2341 2921 2407 ceteris
2965 2347 3317 2406 delentatori-

1733 2437 1834 2492 bus
1857 2437 2174 2506 praedictum
2198 2437 2520 2493 beneﬁcium
2552 2439 2894 2495 vendicandi.

1313 2567 1545 2624 VARI/13
1587 2569 1990 2628 LECTIONES.

95 2708 154 2740 ”
189 2719 306 2760 eam
339 2707 469 2760 Ard.
503 2706 616 2760 ΑΙυ.
693 2706 740 2738 ³³
756 2706 897 2760 deest
918 2705 1034 2757 ΑΙιν.

6 2777 170 2834 Ard.
222 2778 334 2830 Atr.
361 2777 592 2830 noluerit
618 2775 712 2844 Sp.

11 2852 62 2882 ἰ
101 2847 360 2901 habuerit
396 2847 509 2900 Alv.

14 2919 170 2974 Ard.
213 2917 328 2971 Alv.
401 2918 447 2948 ⁸⁷
480 2933 537 2970 ιι.
571 2918 608 2969 ι’.
633 2914 726 2985 Sp.
802 2915 848 2947 ⁸⁸
875 2914 1057 2969 nullus
1083 2915 1214 2969 Ard.
1255 2917 1367 2969 Alv.

903 2705 1034 2785 ἈΙινῘ
1093 2704 1715 2785 "5‘dichnusnArdLAlv.

821 2775 866 2806 ³⁸
896 2777 968 2845 ita
994 2775 1103 2827 Ard
1150 2775 1262 2828 Αιυ.
1284 2776 1645 2845 serviisseSp.
1687 2778 1732 2808 ‘9
1760 2777 1980 2831 domino
2016 2775 2132 2832 Alt".

589 2846 634 2877 “
659 2843 715 2899 ut
745 2844 877 2899 Ard.
908 2843 1017 2897 41v.
1091 2845 1138 2876 ⁸³
1166 2846 1395 2912 probare
1436 2847 1562 2899 Ard.
1594 2843 1709 2900 Αιυ.

589 2919 608 2968 ’.
633 2914 726 2972 Sn.
802 2915 848 2947 ⁸⁸
875 2914 1057 2969 nullus
1083 2915 1214 2969 Ard.
1255 2917 1367 2969 Alv.
1442 2916 1487 2946 ‘9
1514 2917 1654 2970 deest
1681 2916 1778 2972 Alv

1795 2708 1839 2740 ³⁵
1866 2707 2055 2764 fecerit
2090 2710 2233 2778 quod
2269 2709 2382 2763 Atr.
2458 2709 2502 2740 "
2533 2711 2588 2762 b.
2616 2723 2721 2762 non
2747 2707 3098 2762 amittat/ile.
3132 2777 3136 2778 ί
3175 2706 3317 2778 “im

2210 2780 2255 2810 ⁸ο
2285 2781 2355 2832 ita
2381 2780 2604 2832 correxi.
2647 2779 2876 2834 dicimus
2899 2778 3029 2831 Ard.
3077 2777 3189 2831 Alv.
3219 2775 3314 2842 Sp.

1803 2849 1849 2878 “
1875 2848 2082 2903 scilicet
2109 2848 2222 2903 Λίυ.
2305 2849 2353 2880 ’⁵⁸
2385 2849 2731 2905 estimatione
2754 2849 2869 2904 Alv.
2974 2849 3020 2880 ‘6
3067 2848 3319 2902 emendat

1556 3068 1785 3128 ΝΟΤΑΞ.

15 3205 251 3262 ratione
281 3203 430 3257 vocis
457 3204 654 3264 senior,
680 3216 801 3271 quae
827 3201 953 3257 inde
984 3202 1052 3255 ab
1095 3201 1330 3269 antiquis
1368 3199 1624 3271 tempori-

14 3277 138 3330 bus
181 3287 352 3340 usque
374 3273 440 3326 ad
471 3270 855 3335 Chuonradum
877 3272 917 3324 ll
939 3272 1165 3335 obtinet,
1197 3270 1476 3340 etultima
1507 3271 1624 3324 vice

18 3359 183 3398 anno
231 3339 367 3396 ιιδθ
417 3341 470 3395 in
525 3343 910 3405 constitutione
959 3341 1202 3395 Lotharii
1240 3339 1302 3394 Ill
1357 3341 1622 3401 occurrit,

17 3413 336 3467 EiChornio
361 3413 671 3466 accedimus
701 3427 886 3466 vocem
917 3411 1130 3480 feudum
1170 3410 1365 3465 saeculo
1396 3427 1448 3463 χι
1485 3410 1630 3464 inso-

17 3485 222 3546 lit-am,
276 3497 500 3550 qumque
552 3491 611 3534 ut
669 3481 755 3535 hic
815 3497 938 3535 cum
991 3480 1297 3543 beneﬁcium
1354 3480 1631 3550 alternans

15 3554 213 3623 primo
263 3548 814 3623 in'constitutionibus
857 3551 1098 3623 Lolliarii
1135 3550 1194 3623 ιιι
1222 3550 1483 3623 occurrit,
1521 3548 1628 3604 for-

18 3620 189 3676 iasse
219 3622 424 3676 Jacobo
452 3621 517 3676 de
543 3621 814 3675 Ardizone
849 3621 1054 3685 deberi,
1082 3620 1305 3688 opinati.

1827 3201 1883 3268 4)
1918 3199 2028 3256 Usu
2059 3216 2189 3257 vero
2211 3201 2398 3257 curiali
2428 3201 2574 3257 solus
2601 3202 2869 3257 defendat.
2905 3201 3052 3256 Fqu

1809 3267 1887 3341 (5)
1916 3267 2119 3325 Curiali
2149 3280 2332 3343 tamen
2351 3288 2445 3326 usu
2476 3273 2526 3326 id
2547 3274 2826 3343 redimere
2868 3283 3044 3340 potest
3087 3289 3183 3343 pro
3211 3286 3324 3326 me-

1737 3339 1939 3396 dietate
1967 3352 2229 3410 quantum
2255 3342 2502 3396 voluerit.
2535 3340 2706 3395 Feud.

1812 3411 1890 3478 (ti)
1933 3410 2040 3465 Usu
2091 3421 2269 3466 tamen
2316 3412 2506 3466 curiali
2557 3413 2704 3466 solus
2745 3412 2932 3481 jtrrare
2983 3412 3319 3466 conceditur.

1741 3479 2184 3546 Qualiterautem
2215 3481 2395 3549 juret,
2436 3498 2502 3535 an
2541 3482 2686 3536 solus
2727 3479 2793 3535 an
2831 3498 2950 3535 cum
2996 3483 3141 3548 aliis,
3191 3481 3324 3536 nihil

1743 3549 1988 3615 interest,
2020 3552 2148 3605 dum
2175 3559 2348 3606 tamen
2380 3553 2600 3607 servilia
2635 3553 2893 3607 nominet.
2927 3551 3098 3606 l’eud.

473 3884 1130 4013 HENRICI
1241 3883 1416 4008 111
1518 3883 1835 4006 IMP.
1941 3847 2905 4011 DIPLOMATA.

4 4387 393 4457 Privilegium
420 4399 513 4452 pro
545 4385 860 4457 monasterio
898 4382 1216 4457 Corbeiensi
1245 4392 1290 4435 et
1319 4385 1638 4452 part/lenone

335 4465 338 4467 ‘
653 4453 1039 4524 llerifordeusi.

627 4565 647 4636 (
671 4566 824 4620 Anno
861 4564 1022 4619 l0'59.
1050 4566 1067 4631 )

205 4659 488 4731 {Earum},
518 4658 636 4712 cod.
679 4656 895 4727 diplom.
927 4655 1187 4724 Westpli..
1237 4671 1291 4725 p.
1324 4655 1472 4727 102.]

87 4756 158 4808 ϐ.
228 4753 292 4807 In
344 4751 563 4807 nomine
619 4759 821 4804 sancta:
874 4757 930 4804 et
986 4749 1278 4805 individua:
1334 4747 1634 4804 Trinitatis.

3 4847 368 4906 llstxmcus,
391 4841 573 4896 divina
607 4839 820 4894 favente
839 4838 1148 4904 clementia,
1172 4853 1288 4893 rex.

87 4933 158 4987 Si
215 4929 519 5000 petitiones
547 4941 830 4984 servorqu
866 4925 964 4982 Dei
996 4927 1172 4998 justas
1199 4938 1254 4982 et
1287 4927 1637 4982 rationabiles

4 5027 80 5078 ad
116 5021 398 5078 effectum
435 5019 869 5092 perduxerimus,
894 5028 951 5074 et
978 5019 1046 5073 ad
1070 5020 1212 5074 hanc
1237 5019 1403 5072 vitam
1429 5019 1641 5074 felicius

3 5112 483 5183 transigendam,
500 5119 554 5166 et
567 5111 633 5165 ad
662 5120 978 5182 perpetuam
997 5109 1206 5166 facilius
1228 5105 1640 5181 promerendam

3 5205 226 5276 procul
287 5203 456 5260 dubio
510 5203 666 5260 nobis
717 5218 814 5274 pro
859 5201 1100 5258 futurum
1141 5217 1443 5271 speramus.
1498 5201 1643 5268 Qua-

3 5307 270 5370 propter
305 5305 493 5350 uotum
521 5310 643 5351 esse
689 5295 966 5361 volumus,
1013 5295 1269 5364 quoniam
1317 5293 1642 5348 venerabilis

4 5392 209 5447 ibbas
240 5387 644 5444 Truchtmarus
666 5386 800 5441 adiit
836 5385 1211 5442 excellentiam
1247 5390 1488 5439 nostram
1515 5398 1642 5452 snp-

4 5483 258 5548 pliciter
299 5491 486 5542 orans,
518 5486 578 5533 ut
597 5486 781 5533 nostra
805 5477 1177 5532 muniﬁcentia
1205 5475 1639 5546 prospiceremus

11 5567 401 5627 uouasteriis
437 5567 541 5623 sibi
580 5565 906 5632 commissis,
939 5580 1170 5635 quorum
1198 5580 1364 5619 unum
1389 5573 1473 5618 est
1501 5579 1638 5619 nova

3 5659 279 5719 Sorbcia
315 5656 870 5728 nuncupatum,ubiet
892 5656 980 5712 ille
1011 5655 1240 5727 regulari
1259 5654 1642 5711 constitutione

4 5757 208 5813 ibiias
239 5748 478 5819 exstitit,
533 5757 585 5806 et
615 5747 843 5805 alterum
889 5754 970 5806 est
1007 5747 1501 5815 sanctimonialium
1533 5744 1638 5802 lle-

1664 4266 1708 4324 C
1745 4272 1902 4326 rilort
1939 4274 2166 4338 dictum,
2207 4282 2262 4328 et
2309 4273 2539 4342 propriae
2589 4273 2876 4328 abbatissa:
2927 4271 3080 4343 cujus
3128 4287 3328 4328 nomen

1747 4363 2028 4428 Getesdiu,
2058 4363 2378 4431 subjectum,
2407 4365 2500 4418 sed
2534 4364 2686 4433 juxta
2725 4369 3172 4422 consuetudinem
3221 4381 3327 4434 qua

1744 4457 2061 4510 ancillarum
2115 4456 2208 4511 Dei
2261 4457 2768 4527 congregationibus
2819 4460 3099 4528 procurari
3156 4459 3334 4514 solent

1745 4549 2040 4617 praepositi,
2064 4563 2131 4603 ex
2155 4547 2524 4603 ecclesiastico
2545 4551 2753 4611 ordine,
2789 4550 2903 4619 jam
2953 4552 3099 4606 dicto
3149 4550 3332 4605 abbati

1745 4640 2261 4706 commendavimus,
2307 4649 2368 4692 ut
2420 4649 2528 4693 tam
2567 4642 2619 4695 in
2671 4641 2953 4711 disciplina
3002 4641 3331 4696 abbatissam

1746 4728 1848 4783 loci
1889 4727 2060 4796 juvet,
2107 4742 2269 4797 quam
2303 4727 2354 4780 in
2409 4727 2620 4781 cunctis
2675 4726 2900 4797 negotiis
2950 4741 3068 4794 qua:
3119 4725 3336 4780 famulae

1744 4819 1946 4876 Christi
1969 4819 2090 4889 (pro
2127 4832 2259 4873 sexu
2290 4818 2366 4885 et)
2414 4816 2746 4887 professione
2802 4831 2902 4872 sua
2954 4815 3179 4884 exsequi
3226 4831 3334 4869 non

1745 4919 1986 4981 possent,
2018 4911 2255 4981 ipsarum
2285 4908 2533 4979 provisor
2576 4917 2630 4963 et
2661 4918 2924 4977 patronus
2950 4906 3233 4962 existeret.
3283 4906 3335 4958 Is

1744 5017 1874 5073 ergo
1922 5002 2080 5072 petiit
2119 4999 2493 5056 celsitudinem
2526 5007 2766 5052 nostram
2801 4997 3123 5068 (recordari)
3189 4996 3334 5064 quod

1746 5096 1846 5162 piae
1877 5092 2152 5148 memoria:
2179 5099 2490 5144 autecessor
2509 5097 2693 5142 noster
2708 5088 3014 5143 Ludovicus
3035 5088 3335 5157 imperator

1745 5187 1904 5240 ambo
1935 5185 2049 5239 huic
2093 5180 2423 5236 monaSIeria
2476 5178 2716 5233 construi
2764 5177 2929 5248 jussit
2971 5178 3037 5231 ad
3088 5191 3334 5230 normam

1746 5279 1995 5334 videlicet
2050 5274 2443 5345 praecipuorum
2507 5271 2559 5325 in
2614 5271 2788 5326 Gallia
2851 5270 3334 5332 monasteriorum,

1745 5386 1941 5425 novam
1987 5368 2196 5425 scilicet
2229 5365 2514 5422 Corbeiam
2557 5366 2623 5419 ad
2655 5364 3065 5418 similitudinem
3101 5363 3336 5432 antiqu

1746 5465 2008 5529 (Jorbeiae,
2038 5461 2418 5519 llerifordense
2449 5473 2578 5514 vero
2602 5458 2907 5515 cmnobium
2932 5456 2998 5511 ad
3032 5455 3333 5525 exemplum

1755 5556 2066 5614 monasterii
2090 5551 2582 5613 sanctimonialium
2616 5553 2667 5606 in
2696 5549 3086 5607 Suessionense
3111 5549 3336 5604 civitate

1752 5651 2070 5716 constructi,
2115 5658 2169 5707 et
2212 5656 2271 5704 ut
2316 5647 2368 5702 in
2397 5645 2797 5715 eleemosynam
2849 5657 3001 5698 suam
3048 5657 3113 5696 ac
3171 5641 3335 5694 totius

1753 5742 1965 5813 generis
1995 5744 2076 5801 sui
2116 5741 2512 5799 institutionum
2543 5736 2855 5794 earumdem
2895 5731 3156 5807 perfectio
3185 5743 3335 5788 com-9
