3838 6322
540 367 558 419 ι
574 368 673 441 oar

527 489 788 550 p.eretur,
830 480 1114 535 ecetesiam
1154 469 1291 551 juris
1336 483 1416 536 sui
1466 497 1586 551 qua:
1617 491 1842 537 vocatur
1880 484 2107 552 Meppia,
2140 488 2186 542 Α

525 586 649 624 cum
676 571 901 625 decimis
930 582 985 625 et
1011 573 1443 640 possessionibus
1477 575 1704 643 aliisque
1736 576 1801 627 ad
1839 591 1956 629 eam
1990 592 2109 645 per—

528 663 842 725 tinentibus,
892 672 948 716 et
1000 665 1287 717 ecclesiam
1324 665 1617 728 Eresburc,
1666 682 1827 735 quam
1879 668 2110 723 Carolus

523 754 698 821 primo
725 762 1046 809 construens
1080 756 1129 808 iu
1181 756 1417 810 Saxonia
1471 758 1698 811 decimis
1748 759 1955 812 dolavit
2004 760 2109 813 cir-

522 859 865 913 cumquaque
897 845 1253 900 habitantium
1284 862 1379 916 per
1426 848 1558 903 duas
1590 848 1889 904 Saxoizicas
1915 859 2107 916 rastas,

520 926 775 1004 praefatus
802 934 1103 989 Ludovicus
1127 936 1195 991 ad
1230 953 1421 992 novam
1453 940 1672 992 tradidit
1694 940 2001 994 Corbeiam.
2029 942 2111 995 Ad

520 1025 921 1079 llcrifordensis
970 1036 1150 1080 autem
1193 1027 1503 1081 monasterii
1551 1026 1917 1094 adjumentum
1966 1028 2112 1083 dedit

521 1115 572 1167 in
636 1116 952 1186 episcopatu
1003 1118 1444 1189 Asnahruggensi
1495 1120 1790 1175 Ecclesiam
1837 1122 2110 1191 Buginithi

520 1223 644 1262 cum
676 1208 934 1277 subjectis
976 1210 1373 1275 sibiecclesiis,
1409 1212 1459 1265 in
1494 1214 1748 1281 parochia
1773 1228 1901 1267 vero
1931 1213 2110 1267 Mimi-

518 1299 927 1368 gcrnafordensi
963 1301 1257 1356 Ecclesium
1300 1302 1431 1355 lieni
1468 1317 1589 1356 cum
1616 1303 1700 1356 his
1736 1318 1856 1371 qua:
1892 1302 1957 1356 ad
1988 1318 2107 1357 cam

520 1391 793 1458 pertinent
822 1392 1089 1457 ecclesiis,
1116 1393 1187 1445 ita
1222 1408 1374 1456 sane,
1406 1403 1462 1446 ιιι
1494 1392 1831 1448 decimarum
1860 1394 2111 1449 aliorum-

525 1497 633 1551 que
658 1483 964 1537 redditunm
994 1492 1289 1554 proventus
1322 1500 1511 1539 omnes
1565 1486 1803 1553 pv'ml‘atis
1858 1488 2111 1541 cederent

520 1576 882 1639 monasteriis,
932 1585 987 1630 et
1016 1577 1083 1630 ab
1121 1576 1203 1629 his
1236 1576 1471 1631 vicissim
1509 1588 1935 1646 procurarentur
1984 1579 2112 1630 sub:

513 1666 674 1737 jecta:
695 1666 877 1736 plebes
904 1667 954 1721 in
987 1667 1332 1737 baptismate,
1358 1668 1409 1721 iu
1452 1669 1805 1735 eucharistia,
1836 1670 1887 1723 in
1931 1670 2110 1738 sepul-

522 1766 662 1818 tura.
695 1757 746 1810 in
781 1756 1120 1813 confessione
1155 1768 1502 1828 peccatorum
1548 1760 1846 1827 audienda,
1890 1770 1942 1815 et
1988 1778 2109 1831 pre.

518 1849 721 1919 sbyteri
755 1851 844 1919 qui
875 1851 1199 1921 principales
1226 1866 1289 1906 ex
1318 1852 1401 1905 his
1430 1852 1695 1907 Ecclesirs
1725 1862 1987 1918 tenerent,
2023 1870 2108 1906 ar-

515 1940 1050 2011 chipresbyterorum
1100 1941 1274 1997 officio
1333 1942 1729 2013 fungerentur,
1789 1944 1852 1997 ad
1927 1946 2106 1999 omnia

518 2030 763 2086 facienda
796 2049 915 2097 quae
943 2033 1118 2089 solent
1145 2034 1259 2089 fieri
1286 2034 1354 2088 ab
1382 2036 1870 2105 archipresbyteris
1896 2036 2105 2105 episco-

518 2138 733 2190 porum.
769 2123 901 2179 Cum
943 2136 1123 2183 antem
1180 2126 1279 2195 ipsi
1326 2127 1564 2197 episcopi
1625 2127 1946 2182 circationes
1982 2142 2108 2182 snas

516 2214 590 2268 ibi
625 2230 788 2285 agere
830 2217 1116 2283 deberent,
1148 2222 1213 2271 ad
1238 2233 1425 2272 eormn
1467 2218 1857 2273 mansionatica
1884 2219 2107 2273 daretur

516 2302 660 2371 quod
693 2304 743 2357 in
764 2305 1153 2373 capitularihus
1182 2316 1589 2361 antecessorum
1623 2318 1933 2363 nostrorum
1970 2323 2107 2377 prae-

515 2395 776 2463 scriptum
809 2396 1059 2451 habetur.
1088 2396 1179 2451 ille
1210 2397 1372 2467 igitur
1405 2406 1519 2452 rata
1550 2413 1670 2453 esse
1700 2398 1884 2454 volens
1906 2408 2103 2455 caetera

515 2486 718 2550 onmia,
755 2495 964 2540 tantum
1015 2501 1284 2557 expensas
1336 2488 1402 2541 ad
1450 2489 1812 2543 ministerium
1867 2491 2103 2559 episcopi

515 2585 736 2645 propter
760 2578 1135 2647 aagritudinem
1162 2590 1216 2634 et
1237 2588 1573 2634 senectutem
1604 2580 1719 2648 ejus
1747 2582 1837 2651 qui
1863 2590 1989 2637 tunc
2008 2583 2107 2636 fuit

513 2667 1013 2740 Gauzbertiaugere
1036 2670 1237 2733 debuit,
1261 2671 1403 2740 quod
1424 2670 1578 2739 juxta
1601 2673 1911 2741 petitionem
1941 2675 2105 2744 primi

514 2757 754 2824 ejusdem
778 2760 881 2814 loci
914 2760 1127 2817 abbatis
1156 2760 1367 2815 Warini
1404 2762 1476 2816 ita
1508 2765 1776 2819 moderari
1803 2766 2023 2835 placuit,
2050 2775 2108 2821 ut

515 2847 787 2918 descripto
801 2858 1061 2918 quantum
1091 2851 1224 2905 satis
1247 2852 1317 2905 sit
1339 2853 1404 2905 ad
1430 2852 1709 2908 servitium
1738 2855 1973 2926 episcopi
2002 2858 2106 2913 hoc

515 2937 660 2991 nullo
684 2940 842 2993 modo
878 2942 1253 3008 subtrahatur,
1288 2952 1344 2996 et
1369 2936 1670 3013 'episcopus
1710 2946 1951 3001 vicissim
1992 2964 2106 3002 am-

516 3027 685 3097 pliora
720 3044 825 3082 non
857 3040 1083 3098 quagrat,
1134 3048 1234 3086 nec
1264 3048 1387 3086 eum
1423 3034 1665 3102 pluribus
1712 3037 1892 3091 veniat
1942 3054 2102 3107 quam

516 3127 575 3170 nt
596 3118 676 3172 eis
697 3118 940 3174 sulliccre
972 3121 1196 3190 possint.
1231 3122 1289 3176 lu
1321 3125 1516 3192 quibus
1548 3125 1681 3179 satis
1710 3141 1831 3181 esse
1874 3143 2107 3185 conscu-
2132 3158 2174 3215 ο

515 3209 584 3262 sit
637 3209 894 3279 praefatus
942 3202 1229 3284 episc0pus
1283 3230 1469 3270 coram
1527 3229 1872 3277 antecessore
1917 3235 2103 3279 nostro

519 3288 872 3356 Ludovicoet
904 3304 1312 3375 archiepiscopo
1341 3305 1587 3373 “aliane,
1635 3312 1952 3381 cmterisque
1978 3328 2101 3368 cum

513 3405 581 3445 eo
603 3390 654 3444 in
684 3394 891 3464 synodo
919 3395 1226 3463 agentibus,
1256 3397 1307 3451 id
1342 3405 1425 3453 est
1452 3408 1507 3459 ut
1541 3400 1737 3455 dentur
1767 3404 1832 3457 ad
1863 3404 2104 3475 singulas

514 3480 772 3537 ecclesias
796 3485 944 3552 porci
975 3501 1027 3539 tv
1059 3487 1299 3543 valentes
1327 3490 1523 3559 singuli
1562 3492 1812 3548 denarios
1864 3511 1964 3560 xu,
2011 3503 2105 3550 aut

515 3588 609 3625 vm
645 3574 843 3629 arietes
892 3579 1226 3633 tantumdem
1259 3580 1523 3645 valentes,
1579 3584 1798 3652 porcelli
1831 3602 1902 3652 iv,
1955 3602 2105 3643 aura:

516 3680 588 3720 tv.
618 3665 743 3733 pulli
776 3683 894 3732 \‘lll,
944 3670 1118 3723 situla:
1165 3688 1235 3725 xx
1265 3672 1331 3727 de
1361 3673 1610 3739 medone,
1646 3677 1711 3731 de
1744 3678 1943 3733 mellita
1981 3695 2102 3734 cer-

516 3752 651 3806 visia
680 3770 773 3818 xx,
803 3756 869 3809 de
898 3773 1001 3809 non
1035 3760 1257 3813 mellita.
1290 3800 1306 3813 .
1342 3801 1356 3813 .
1390 3802 1404 3815 .
1426 3802 1439 3825 ,
1468 3780 1636 3832 panes
1663 3783 1787 3832 cxx,
1819 3770 1887 3822 de
1933 3784 2101 3822 avena

520 3842 665 3894 modi
707 3860 756 3905 c,
801 3846 1057 3914 manipuli
1103 3865 1187 3915 ac,
1238 3851 1414 3920 sitque
1462 3854 1515 3907 in
1549 3865 1819 3923 potestate
1866 3858 2101 3927 cpisc0pi

520 3940 698 3985 utrum
727 3934 839 3989 haec
865 3951 959 4003 per
993 3938 1233 4009 singulas
1258 3943 1519 3998 ecclesias
1548 3945 1614 3998 ad
1650 3962 1814 4001 unum
1866 3950 2103 4003 mansio-

519 4024 757 4079 naticum
784 4043 849 4080 an
881 4028 946 4081 ad
971 4029 1083 4083 duo
1102 4032 1233 4085 velit
1258 4034 1476 4089 habere.
1506 4036 1583 4091 Ne
1607 4049 1785 4093 autem
1810 4042 1860 4093 in
1892 4056 2101 4095 summa

519 4116 683 4171 debiti
719 4119 802 4175 his
838 4120 959 4190 plus
997 4123 1175 4176 minus
1216 4127 1598 4193 complerctur,
1635 4131 1735 4185 hoc
1764 4134 2101 4190 auctoritatis

518 4224 630 4262 sua:
658 4213 897 4266 decrevit
930 4222 1091 4282 atque
1119 4215 1299 4284 jussit.
1334 4217 1429 4271 llis
1457 4220 1620 4274 etiam
1654 4222 1949 4294 adjungere
1988 4228 2105 4295 pla-

518 4300 629 4353 cuit
657 4300 882 4356 liberam
905 4304 1120 4373 utrique
1151 4304 1269 4360 loco
1296 4310 1701 4383 concessionem
1750 4313 2007 4386 eligenda:
2036 4318 2104 4374 de

518 4394 735 4462 propria
775 4397 1195 4466 congregatione
1251 4400 1302 4453 in
1356 4403 1593 4470 regimen
1650 4405 1730 4459 sui
1780 4423 1878 4477 per
1924 4409 2101 4464 futura

1844 369 2033 427 MONU
2044 370 2105 424 Μ.

2218 368 2388 425 PLOM
2399 410 2412 423 .
3668 378 3753 429 liii?

2392 571 2727 643 I’rivilegium
2762 589 2856 642 pro
2893 573 3130 629 Ecclesia
3182 573 3629 627 Padarbornemi.

2797 666 2812 734 (
2838 664 2995 717 Anno
3038 664 3192 718 1059.
3220 665 3237 727 )

2574 753 2844 825 [Eanum
2890 757 2977 808 ubi
3016 773 3196 824 supra,
3232 773 3284 825 p.
3328 757 3465 809 {03.

2287 846 2345 898 C.
2398 844 2450 898 ln
2508 848 2727 901 nomine
2784 860 2987 903 sancta:
3046 858 3099 904 et
3155 849 3466 903 individua:
3526 850 3757 907 Τι’ἰιιέιδςς.

2216 937 2526 1005 llumnnzus,
2552 942 2737 993 divitia
2774 940 2989 995 favente
3024 942 3338 1005 clementia,
3390 958 3512 994 rex.

2284 1030 2554 1096 Quoniam
2587 1033 2783 1087 divina:
2812 1033 3186 1101 dispositionis
3238 1033 3595 1101 providentia
3622 1038 3676 1088 ad
3708 1054 3761 1090 ιε-

2214 1120 2441 1188 gendam
2468 1122 2629 1175 totius
2661 1123 2969 1192 reipublicze
2987 1124 3299 1177 tnonarchia
3313 1139 3375 1175 ni
3410 1138 3524 1175 sua:
3549 1124 3759 1179 inultch

2214 1211 2427 1280 pictatis
2461 1213 2858 1281 magnificentia
2903 1228 3001 1267 nos
3032 1214 3307 1282 provexit,
3360 1222 3501 1266 ante
3527 1216 3684 1268 omnia
3703 1234 3762 1269 ae-

2218 1309 2321 1355 tem
2365 1302 2468 1355 hoc
2494 1302 2745 1356 laborare
2784 1303 3067 1366 debemus,
3109 1304 3287 1371 utqui
3324 1319 3596 1356 coronam
3621 1317 3761 1359 terre.

2212 1394 2363 1462 regni
2394 1395 2685 1456 concessit,
2732 1403 2857 1461 post
2884 1409 3166 1448 emensum
3201 1396 3375 1464 hujus
3406 1395 3531 1448 vita:
3572 1400 3763 1464 spatior.

2214 1498 2275 1537 ea
2305 1485 2466 1537 etiam
2494 1486 2746 1539 coronari
2779 1487 3080 1555 permittat,
3119 1502 3243 1555 qua:
3287 1502 3414 1539 non
3450 1486 3703 1541 auferatur
3736 1492 3763 1541 ir

2212 1584 2494 1628 a-ternum.
2528 1575 2680 1641 Quod
2714 1576 3055 1645 potissimum
3084 1577 3199 1631 tieri
3240 1591 3420 1644 posse
3463 1578 3764 1635 decennium

2212 1662 2256 1715 si
2288 1662 2400 1715 loca
2429 1662 2816 1717 ecclesiasticis
2862 1664 3138 1733 obsequiis
3169 1666 3450 1734 deputata
3496 1677 3665 1720 nostra
3704 1684 3763 1721 at-

2214 1753 2465 1807 ctoritate
2499 1754 2944 1821 corroborentur,
2985 1763 3067 1819 ut,
3090 1754 3240 1809 omni
3286 1757 3581 1812 exteriore

2216 1842 2401 1896 tudine
2419 1850 2647 1906 remota,
2668 1843 2719 1895 in
2739 1843 3548 1914 tranquillitatepermaneant,
3564 1857 3765 1913 qualem

2210 1947 2396 1987 eorum
2451 1932 2701 2001 precibus
2733 1931 3070 2000 adjuvemur,
3119 1934 3213 2002 qui
3276 1933 3358 1987 ibi
3413 1936 3506 1989 die
3560 1948 3765 2003 00dan

2210 2023 2546 2077 orationibus
2574 2023 2625 2076 in
2663 2023 2754 2078 Dei
2791 2025 3013 2078 servitio
3036 2039 3236 2080 vacare
3264 2027 3574 2095 debentur,
3598 2038 3647 2080 et
3665 2030 3763 2094 quo!

2210 2129 2307 2182 per
2327 2128 2424 2168 nos
2454 2122 2639 2183 utpote
2665 2115 2994 2171 conscientia
3032 2116 3225 2186 trepidi
3260 2132 3531 2186 quaerere
3553 2134 3647 2171 non
3674 2135 3766 2187 prr-

2211 2207 2513 2270 sumimus,
2574 2218 2781 2262 sancta:
2834 2209 2930 2263 Dei
2991 2208 3255 2263 Ecclesia:
3310 2210 3667 2263 servientium
3708 2226 3763 2277 po

2210 2295 2603 2350 intercessione
2645 2296 3016 2365 impetremus.
3065 2296 3432 2367 Quapropter
3488 2298 3765 2353 universitas

2210 2387 2449 2442 ﬁdelium
2487 2396 2795 2443 nostrorum
2848 2397 3036 2457 patere
3076 2388 3366 2455 volumus,
3421 2389 3649 2460 qualiter
3670 2390 3767 2442 lle--

2209 2479 2387 2535 dolfus
2412 2490 2614 2536 sanctae
2650 2481 3143 2538 Paterbrunnensis
3172 2484 3457 2540 Ecclesia:
3500 2486 3769 2540 venerabils

2208 2571 2513 2640 episcopus,
2561 2586 2660 2640 pro
2700 2572 2957 2627 Ecclesiae
2984 2588 3096 2628 sua:
3142 2576 3391 2642 honore,
3432 2576 3546 2630 imo
3590 2578 3767 2628 atatim

2209 2661 2463 2728 utilitate,
2502 2662 2605 2730 pia:
2655 2662 2973 2717 intentionis
3002 2663 3293 2720 devotione
3346 2682 3459 2722 nos
3510 2666 3767 2736 suppliciter

2208 2750 2455 2805 aditurus
2482 2752 2825 2818 exoravit,ut
2850 2753 3090 2809 Ecclesia
3119 2756 3210 2810 cui
3245 2756 3371 2825 ipse
3401 2756 3655 2825 pastorali
3678 2772 3764 2807 can

2208 2844 2482 2914 praesidet,
2517 2853 2702 2899 nostra
2748 2845 2915 2915 regali
2964 2846 3294 2902 auctoritate
3341 2850 3768 2904 corroboraretm.

2208 2934 2373 3003 Cujus
2418 2937 2687 3007 petitioni,
2716 2939 2844 3007 quia
2900 2934 3243 2994 rationabilis
3295 2941 3554 3005 videtur,
3590 2944 3771 3010 gntum

2209 3029 2589 3096 assentientes,
2622 3030 2883 3099 quidquid
2911 3030 3099 3085 eadem
3130 3031 3387 3087 Ecclesia
3426 3048 3529 3101 per
3551 3033 3767 3103 justitiu

2208 3118 2458 3175 obtinere
2489 3120 2650 3176 debet
2696 3131 3102 3177 antecessorum
3138 3134 3469 3179 nostrorum
3505 3141 3676 3195 regum
3711 3126 3766 3177 id

2210 3208 2600 3278 imperatorum
2628 3211 2712 3267 vel
2761 3223 2948 3287 nostra
2979 3213 3259 3271 oblatione
3303 3216 3639 3287 ceterisque
3675 3217 3770 3269 ide-

2208 3299 2349 3356 libus
2379 3302 2449 3356 ibi
2476 3302 2754 3369 collatum,
2784 3306 2839 3358 in
2861 3305 3050 3369 rebus,
3080 3308 3409 3373 territoriis,
3450 3310 3540 3364 vel
3567 3313 3617 3364 in
3643 3312 3769 3363 cemi-

2209 3395 2410 3449 tatibus
2459 3410 2521 3450 ac
2566 3396 2840 3462 districto,
2878 3396 2961 3449 vel
3007 3398 3445 3469 quibuscunque
3478 3402 3769 3459 utensilites,

2207 3500 2270 3539 ac
2325 3486 2588 3557 quidquid
2642 3487 3044 3559 Megenvvercus
3103 3492 3442 3561 episcopus,
3504 3506 3769 3548 antecesscr

2208 3576 2417 3632 scilicet
2448 3579 2711 3648 praelibati
2744 3580 2991 3637 Ruodolti
3022 3584 3291 3654 episcOpi,
3327 3586 3400 3638 de
3442 3601 3545 3639 sua
3591 3586 3770 3638 bri-ni?-

2210 3675 2321 3723 tate
2342 3668 2413 3728 ibi
2438 3672 2686 3735 contulit,
2720 3673 2805 3728 vel
2829 3675 3046 3729 aliunde
3072 3691 3169 3745 per
3198 3680 3687 3732 commutationem
3714 3692 3769 3725 πί

2206 3761 2506 3826 precariam
2546 3761 2793 3830 legaliter
2837 3764 3146 3833 acquisivit,
3205 3766 3395 3821 denuo
3444 3768 3629 3821 stabili
3671 3766 3771 3817 dum

2208 3849 2554 3903 concedimus
2583 3859 2639 3905 et
2678 3851 2841 3920 regali
2900 3853 3228 3907 auctoritate
3284 3855 3692 3909 confirmamus.
3734 3856 3769 3903 si

2207 3938 2329 4007 quis
2374 3948 2553 3993 autem
2601 3949 2798 3995 nostrae
2828 3942 3265 3998 confirmationis
3309 3944 3564 3999 edictum
3594 3944 3769 3998 ulten‘»

2208 4030 2386 4101 aliqua
2418 4032 2840 4102 prazsumptioue
2874 4034 3173 4105 infringere
3228 4040 3556 4101 tentaverit,
3601 4050 3767 4091 cantem

2207 4121 2465 4177 librarum
2492 4123 2611 4177 auri
2638 4124 2706 4178 ad
2735 4132 2980 4178 nostrum
3010 4126 3221 4195 pondus
3244 4130 3645 4198 compositione
3664 4134 3767 4178 me“

2210 4224 2374 4281 tctur,
2431 4224 2491 4270 ut
2546 4216 2829 4271 dimidium
2861 4233 3091 4272 camera:
3133 4228 3345 4273 nostra:
3395 4222 3683 4289 persolvat,
3712 4234 3771 4268 re-

2208 4308 2412 4380 liquum
2464 4324 2593 4364 vero
2641 4310 2816 4365 eidem
2864 4311 3121 4366 Ecclesiae
3173 4327 3345 4379 quam
3401 4314 3684 4365 temerarie

2207 4402 2450 4471 quietare
2492 4402 2859 4471 praesumpsit.
2912 4402 2979 4456 Et
3026 4410 3085 4456 ut
3142 4402 3262 4456 hmc
3316 4404 3663 4457 continuatio
3702 4417 3767 4469 per

517 4500 734 4555 semper
763 4496 1005 4558 tempora
1030 4503 1280 4559 congrua:
1306 4507 1549 4561 persona:
1581 4497 1722 4564 quod
1749 4507 1805 4552 et
1844 4515 1942 4555 nos
1966 4515 2101 4554 eon-
2128 4494 2183 4553 D
2208 4494 2580 4549 successiones
2631 4502 2935 4565 temporum
2980 4494 3193 4548 stabilis
3232 4503 3287 4548 et
3320 4495 3640 4550 incoovulsa
3682 4509 3767 4562 per

519 4574 798 4631 firmamus
825 4587 878 4633 et
908 4583 1348 4657 corroboramus,
1376 4595 1430 4638 et
1463 4595 1520 4637 ut
1548 4588 1723 4642 omnis
1754 4589 1879 4643 hinc
1919 4592 2107 4646 dubie-

520 4680 603 4725 tas
628 4672 864 4743 tollatur,
891 4691 1053 4730 manu
1077 4678 1291 4747 propria
1311 4680 1745 4746 corroborantes,
1761 4683 1918 4752 sigilli
1938 4688 2103 4740 nostri

520 4762 875 4833 impressione
913 4784 974 4822 ca
1005 4771 1204 4839 signari
1228 4772 1511 4841 jussimus.

592 4854 813 4925 Signum
851 4859 1031 4914 domui
1076 4860 1313 4916 Heiurici
1364 4866 1504 4918 tertii
1542 4866 1626 4935 (L.
1663 4865 1757 4937 Μ.)
1793 4869 1928 4937 regis
1975 4870 2107 4925 invi-

518 4959 756 5001 εαίιςειηιι.

591 5040 961 5097 Theodericus
994 5044 1351 5101 cancellarius
1394 5062 1515 5102 Vtce
1560 5047 1823 5106 Bardouis
1868 5053 2108 5109 archica-

516 5130 712 5201 pellani
747 5135 1081 5205 recognovit.

595 5226 723 5278 Data
748 5241 805 5279 ιιι
839 5226 976 5281 Non.
999 5229 1175 5299 Sept.,
1200 5231 1494 5288 indictione
1516 5250 1609 5298 vn,
1642 5251 1784 5291 anno
1808 5224 2103 5294 Dominica:

520 5314 910 5374 lncarnationis
972 5320 1142 5387 1039;
1196 5339 1339 5378 anno
1389 5335 1571 5380 autem
1624 5328 1804 5383 domui
1865 5328 2104 5385 llcinrici

523 5408 663 5460 tertii
703 5410 1057 5469 ordinationis
1096 5431 1193 5479 vn,
1220 5417 1368 5487 regni
1393 5432 1520 5472 vero
1543 5434 1578 5471 ι.

592 5500 786 5555 Actum
811 5502 1309 5564 Goslarofcliciler.
1336 5510 1528 5565 Amen.

2210 4595 2445 4651 maneat,
2483 4587 2625 4641 hanc
2654 4586 2851 4658 regalis
2900 4586 3152 4657 praecepti
3204 4588 3462 4656 paginam
3526 4588 3643 4640 inde
3670 4600 3763 4637 ee-

2209 4678 2374 4733 scribi
2405 4693 2469 4732 ac
2511 4694 2672 4733 manu
2701 4679 2920 4748 propria
2948 4678 3343 4735 confirmantes
3394 4679 3577 4748 sigillo

2204 4768 2468 4839 jussimus
2500 4770 2766 4841 insigniri.

2282 4860 2503 4929 Signum
2546 4860 2725 4914 domui
2760 4859 2999 4915 Heinrici
3047 4860 3187 4915 tertii
3232 4860 3321 4931 (ι.
3358 4860 3452 4929 Μ.)
3494 4860 3627 4928 regis
3670 4858 3761 4907 iac.-

2210 4952 2450 5006 ctissimi.

2283 5043 2650 5098 Theodericus
2705 5043 3063 5099 cancellarius
3132 5044 3253 5099 vice
3306 5043 3576 5099 Pardonis
3626 5040 3759 5093 arcis}-

2209 5134 2515 5191 canccllarii
2538 5136 2870 5207 recognovit.

2282 5233 2413 5286 Data
2433 5249 2530 5286 xm
2561 5232 2682 5286 Kal.
2705 5232 2850 5297 Oct.,
2875 5232 3064 5289 indict.
3087 5248 3209 5296 vin,
3227 5249 3372 5288 anno
3393 5232 3675 5287 Dominicz
3695 5227 3755 5277 ln-

2210 5325 2543 5380 carnationis
2576 5325 2745 5393 1039;
2776 5341 2917 5381 anno
2945 5336 3123 5381 autem
3149 5326 3329 5380 domui
3369 5324 3603 5380 lleinrici
3646 5318 3751 5373 tch

2208 5431 2307 5482 xtl,
2341 5418 2490 5487 regni
2519 5434 2557 5472 ι.

2280 5511 2474 5568 Actum
2515 5512 2813 5568 Bothtfelht
2844 5512 3089 5567 feliciter.
3124 5512 3314 5568 Amen.
