3838 6322
1 340 125 397 1089

1 540 316 608 Prii-ilegium
351 551 443 607 pro
484 532 1138 608 nwnasterioﬂorbeiensi
1165 544 1208 587 et
1239 533 1559 602 part/lenone

574 604 958 673 llerifordensi.

574 696 752 766 (Anno
776 695 958 765 1040.)

336 785 604 857 [Eanum
635 785 722 838 ubi
745 802 927 856 supra,
963 801 1018 855 p.
1053 783 1202 856 105.]

55 881 107 933 (‘..
167 877 222 931 In
282 878 501 932 nomine
549 885 752 932 sanctae
803 886 859 932 et
905 878 1196 932 individua:
1251 877 1556 942 Trinitatis,

1 972 291 1032 llElNRlCUS,
314 967 492 1020 divina
521 966 734 1022 favente
761 968 1071 1034 clementia,
1098 985 1213 1024 rex.

54 1061 102 1112 Si
151 1057 508 1113 locisdivino
546 1059 714 1113 cultui
746 1061 1068 1130 mancipatis
1099 1061 1336 1130 aliquam
1383 1060 1562 1114 muni-

2 1149 188 1202 Siccntia
235 1148 656 1218 nostra,adjicit
694 1150 1112 1216 immunitatem,
1158 1151 1298 1206 unde
1323 1166 1559 1206 commo-

1 1250 161 1295 rantcs
223 1241 354 1294 inibi
406 1241 649 1294 securius
694 1251 749 1296 et
779 1243 1115 1299 commodius
1160 1244 1286 1300 vitae
1325 1243 1560 1299 cmlestis

2 1330 279 1399 ptietudini
307 1331 521 1387 valeant
551 1333 838 1396 inservire,
861 1333 1234 1388 existimamus
1261 1334 1386 1388 hinc
1415 1348 1556 1403 pra:-

1 1423 219 1477 seutibus
264 1423 338 1476 uti
385 1423 596 1481 felicius
650 1441 714 1479 ac
763 1424 1034 1479 mansuris
1082 1425 1284 1494 perfrui
1326 1427 1556 1482 beatius.

1 1511 244 1577 Quocirca
273 1517 744 1575 noverit-omnium
769 1515 972 1572 Christi
1013 1518 1290 1586 nostrique
1319 1518 1557 1573 ﬁdelium

2 1603 210 1668 rautela,
247 1613 354 1660 tam
387 1607 748 1676 _pra:sentium
777 1621 939 1676 quam
969 1607 1395 1672 succedentium,
1425 1623 1560 1678 qua-

5 1695 96 1749 iter
124 1711 225 1750 nos
271 1713 366 1767 pro
397 1700 636 1754 remedio
681 1699 874 1752 animae
920 1707 1120 1754 nostras
1168 1709 1560 1770 parentumque

1215 323 1560 381 HENRICUS
1599 323 1663 379 ΙΙΙ
1715 323 1857 383 1MP.

3110 322 3246 376 1090

1588 453 1629 504 Α
1661 437 1876 507 porcelli
1909 452 1982 499 tv,
2015 450 2162 490 aurae
2187 451 2260 499 tv,
2293 436 2418 505 pulli
2455 453 2571 501 vui,
2602 434 2773 491 situla:
2800 449 2868 488 xx
2901 433 2966 488 dc
2997 433 3244 497 modone.

1664 529 1730 580 de
1781 525 2012 581 tnellicia
2041 525 2270 579 cervisia
2315 540 2406 587 xx,
2456 525 2522 580 de
2570 540 2676 578 non
2718 521 2916 586 mellita
2949 538 3041 586 ιι,
3079 537 3246 590 panes

1661 632 1784 678 cxx,
1810 615 1876 669 tle
1909 629 2078 669 avena
2109 615 2248 668 modi
2275 629 2328 670 c.
2353 615 2608 683 manipuli
2653 629 2738 676 nc,
2762 620 3012 681 essetque
3051 612 3104 664 in
3149 627 3247 681 po-

1663 717 1857 761 testate
1884 706 2284 776 episcoporum,
2322 713 2502 758 utrum
2535 707 2648 759 haec
2679 719 2774 775 per
2807 703 3046 774 singulas
3075 703 3252 757 eccle-

1663 799 1771 852 sias
1829 797 1894 849 ad
1943 811 2108 851 unum
2163 795 2614 849 mansionaticum
2667 809 2736 847 an
2787 793 2851 846 ad
2898 792 3006 847 duo
3051 791 3252 846 vellent

1663 887 1884 940 habere.
1954 882 2154 938 Statuit
2212 897 2340 958 ergo
2399 882 2655 952 praefatus
2706 893 3020 938 antecessor
3068 891 3254 935 noster

1663 976 1786 1032 Otto
1816 977 2112 1044 imperator
2143 974 2364 1028 liberam
2399 974 2616 1043 utrique
2662 973 2782 1028 loco
2831 972 3246 1029 concessionem

1662 1078 1716 1122 et
1761 1075 2083 1138 potestatem
2116 1065 2377 1136 eligenda:
2404 1065 2470 1118 de
2501 1065 2718 1134 propria
2749 1064 3168 1135 congregatione
3198 1063 3251 1116 in

1663 1159 1902 1229 regimen
1940 1157 2023 1218 sui
2064 1172 2161 1225 per
2211 1154 2392 1215 futura
2434 1168 2649 1224 semper
2699 1162 2948 1229 tempora,
3000 1168 3257 1224 congrua;

1664 1228 1926 1319 personae.
1961 1256 2016 1304 et
2044 1257 2104 1301 ut
2133 1246 2314 1302 nullus
2352 1246 2518 1314 judex
2570 1245 2818 1315 publicus
2868 1228 3145 1299 licentiam
3196 1244 3250 1296 in

1663 1339 1907 1394 homines
1963 1337 2031 1392 ad
2090 1336 2375 1406 prmfatum
2431 1334 2821 1391 monasterium
2870 1334 3252 1388 llerivortense

1660 1431 1995 1502 pertinentes
2063 1428 2224 1482 ullam
2299 1427 2644 1496 judiciariam
2725 1426 2924 1480 habeat
2997 1438 3254 1478 exercere

1663 1531 2024 1594 potestatem;
2058 1521 2150 1576 sed
2174 1520 2352 1574 omnis
2386 1533 2576 1574 eorum
2618 1533 2706 1572 res
2757 1532 2938 1571 coram
2990 1519 3254 1581 advocato

1663 1615 1901 1683 ipsorum
1934 1611 2243 1676 deﬁniatur,
2295 1625 2458 1678 quam
2509 1608 2952 1663 constitutionem
3006 1615 3253 1662 anteces-

1663 1720 1847 1760 sorum
1896 1712 2203 1757 nostrorum
2246 1700 2451 1768 justam
2484 1710 2539 1755 et
2581 1699 2960 1754 rationabilem
2997 1712 3096 1751 nos
3123 1712 3255 1765 quo-

2 1795 330 1851 iostrorum,
383 1804 485 1842 nec
538 1805 641 1843 non
695 1805 792 1859 pro
831 1790 1092 1859 petitione
1145 1789 1556 1847 Herevortensis
1589 1787 1766 1868 Bque
1825 1795 2087 1865 praedicto
2145 1794 2477 1849 monasterio
2541 1792 2914 1848 Herivortensi
2983 1800 3256 1860 praecepto

2 1876 236 1931 Ecclesiae
257 1877 543 1934 abbatissae
567 1879 824 1936 Gotesdie
852 1883 1142 1936 nominatae
1161 1883 1329 1937 nostri
1357 1884 1561 1940 dilectae

8 1967 320 2022 raditionem
359 1968 614 2024 Ludovici
660 1970 1004 2040 imperatoris
1040 1987 1202 2041 quam
1236 1973 1456 2028 tradidit
1492 1974 1561 2030 ad

2 2059 305 2113 nonasteria
357 2075 585 2129 quorum
641 2077 806 2116 unum
855 2069 940 2117 est
982 2063 1371 2118 monachorum
1424 2079 1561 2120 nova

2 2149 204 2205 Iorbeia
268 2162 670 2222 nuncupatum,
725 2153 872 2207 aliud
928 2162 1014 2208 est
1067 2155 1561 2210 sanctimonialium

7 2239 249 2294 lerivorti
303 2243 660 2308 nominatum,
713 2259 833 2314 qua:
882 2245 986 2313 pize
1040 2245 1314 2300 memoria:
1351 2247 1564 2317 genitor

5 2331 114 2384 llius
143 2331 773 2404 Ludovicusimperator
799 2336 866 2390 ad
892 2351 1138 2392 normam
1169 2338 1562 2408 prmeipuorum

6 2437 31 2472 ii
58 2419 230 2476 Gallia
259 2425 708 2479 monasteriorum
740 2425 1381 2492 construxit,‘,Corhiense
1414 2428 1582 2490 vides

6 2511 102 2565 icet
121 2513 190 2565 ad
207 2512 615 2569 similitudinem
632 2514 869 2584 antiqua:
887 2515 1146 2580 Corbeia’,
1175 2516 1563 2575 llerivortense

2 2617 104 2659 iero
129 2605 200 2660 ad
234 2605 544 2662 Suessionis
571 2607 1000 2674 similitudinem,
1032 2609 1212 2664 abbati
1248 2611 1584 2674 Corbeieusi,

1 2695 496 2764 tommendavimus,
526 2705 586 2751 ut
627 2697 781 2767 juxta
825 2699 1295 2766 consuetudinem,
1326 2717 1432 2771 qua
1462 2719 1560 2757 an-

2 2783 230 2838 :illarum
256 2785 348 2864 Dei
374 2787 883 2858 congregationibus
913 2789 1192 2858 procurari
1223 2789 1397 2845 solent
1425 2807 1565 2862 pra:—

5 2874 140 2928 iositi
195 2889 262 2928 ex
314 2874 698 2930 Ecclesiastico
746 2877 957 2943 ordine,
1010 2887 1117 2932 tam
1176 2878 1230 2933 in
1281 2880 1562 2950 disciplina

1 2979 139 3031 luam
182 2965 238 3018 in
291 2966 501 3020 cunctis
546 2967 776 3037 negotiis
818 2982 939 3037 qua:
973 2967 1188 3024 famulae
1228 2969 1430 3026 Christi
1467 2987 1566 3040 pro

2 3071 108 3109 exu
131 3066 195 3111 et
226 3055 555 3125 professione
570 3074 666 3113 sua
683 3061 903 3128 exsequi
930 3075 1034 3113 non
1055 3070 1295 3129 possent,
1325 3063 1561 3132 ipsarum

1 3148 234 3204 irovisor
287 3159 342 3202 et
405 3159 668 3220 patronus
722 3153 1000 3208 existeret.
1059 3153 1162 3208 Pro
1221 3131 1562 3226 clccniosyua
1594 3131 1634 3186 Ο

1 3246 156 3290 ιυιθηι
195 3239 407 3306 generis
427 3239 507 3292 sui
536 3239 759 3294 tradidit
789 3241 979 3296 cellam
1008 3258 1127 3312 qua
1165 3253 1389 3298 vocatur
1420 3244 1566 3313 Mep-

1 3327 82 3391 iia,
114 3344 242 3382 cuni
273 3329 498 3383 decimis
527 3339 582 3384 et
606 3332 1035 3400 possessionibus
1057 3333 1293 3404 undique
1331 3335 1400 3389 ad
1444 3352 1564 3390 eam

2 3416 404 3483 tCl‘illlellllbUS,
433 3427 486 3472 et
504 3419 786 3498 ecclesiam
813 3419 1120 3477 lleresburc
1145 3425 1567 3495 circumquaque

1 3525 72 3560 tel‘
99 3511 242 3562 duas
272 3511 557 3567 saxonicas
586 3523 786 3578 rastas,
833 3515 899 3568 ad
930 3530 1125 3570 novam
1151 3515 1454 3571 Corbeiam.
1485 3519 1566 3571 Ad

2 3600 366 3657 lcrivortense
396 3620 525 3659 vero
558 3607 947 3660 monasterium
980 3607 1032 3660 in
1063 3608 1374 3679 episcoltatu
1399 3610 1566 3663 Asna-

1 3693 238 3760 .rugettsi
266 3692 558 3747 Ecclesiam
591 3694 803 3751 Buinidi
833 3711 955 3750 cum
983 3698 1241 3765 subjectis
1261 3698 1362 3753 sibi
1394 3699 1566 3754 eccle-

8 3782 94 3847 iis,
126 3784 185 3836 in
216 3785 469 3851 parochia
504 3784 934 3843 Mimieruevordi
969 3789 1251 3845 ecclesiam
1285 3790 1419 3846 Reni
1443 3807 1565 3846 cum

1 3875 60 3928 iis
90 3891 216 3944 qua:
243 3878 308 3930 ad
335 3891 454 3930 eain
503 3866 770 3946 pertinent
791 3870 1062 3946 ecclesiis,
1106 3882 1178 3935 ita
1229 3897 1359 3938 sane
1390 3890 1442 3936 ut
1475 3883 1568 3937 de-

2 3970 247 4022 :imarum
304 3969 639 4040 aliorumque
702 3972 967 4026 redituum
1023 3985 1317 4044 proventus
1379 3992 1568 4031 omnes

1 4061 226 4114 irasfatis
248 4061 501 4116 cederent
525 4062 890 4132 monasteriis,
927 4074 982 4119 et
1005 4066 1078 4120 ab
1098 4066 1229 4136 ipsis
1251 4066 1489 4122 vicissim
1512 4051 1588 4121 et,

1 4162 410 4206 ti‘OCIlrﬂrelllUI‘
437 4151 690 4220 subjecta:
707 4155 912 4225 plebes,
931 4156 984 4210 in
1017 4157 1364 4228 baptismate,
1396 4159 1450 4212 in
1473 4173 1567 4213 eu-

8 4245 266 4309 liaristia,
284 4233 334 4297 in
351 4245 662 4314 scpulturis,
681 4249 731 4299 in
749 4246 1089 4303 confessione
1112 4261 1454 4318 peccatorum
1473 4233 1588 4304 au?

2 4335 201 4401 tienda,
241 4345 295 4390 ct
323 4340 622 4408 presbyteri
650 4339 740 4406 qui
769 4340 1094 4409 principales
1121 4342 1382 4396 ecclesias
1414 4351 1566 4397 tene-

2 4432 105 4478 eut
172 4425 767 4496 archipresbyterorum
818 4429 993 4483 ollicio
1056 4429 1564 4500 fungerentur,tad

7 4514 191 4581 genda
231 4517 414 4568 omnia
467 4510 584 4585 quae
623 4516 798 4571 solent
836 4517 950 4571 fieri
987 4517 1055 4572 ab
1079 4512 1565 4589 archipresbyteris

2 4604 381 4672 piscoporum.
414 4605 477 4658 Et
517 4621 638 4659 cum
667 4605 766 4674 ipsi
805 4607 1043 4678 episcopi
1083 4608 1404 4662 circationes
1441 4624 1568 4663 suas

2 4695 44 4746 .ii
84 4710 248 4763 agere
277 4695 560 4758 deberent,
605 4697 674 4750 ad
701 4713 887 4751 eorum
921 4699 1310 4752 tuansionatica
1345 4701 1567 4753 daretur

11 4797 30 4835 t
76 4785 138 4838 in
181 4786 568 4854 capitularibus
615 4797 1019 4842 auteccssorum
1080 4799 1386 4845 nostrorum
1436 4806 1567 4860 prae-

1 4877 244 4944 criptum
290 4877 538 4941 habetur,
589 4878 837 4934 videlicet
879 4890 1140 4948 quantum
1179 4885 1313 4937 satis
1359 4885 1432 4937 sit
1487 4885 1567 4938 eis

3 4964 122 5028 ari,
154 4973 206 5017 et
233 4968 469 5050 episcopi
500 4983 604 5022 non
635 4969 752 5037 plus
780 4980 1158 5039 quierantmec
1180 4987 1298 5027 cum
1325 4973 1566 5043 pluribus

1 5057 204 5111 eniant
227 5075 392 5128 quam
419 5069 477 5113 ut
499 5060 576 5115 eis
605 5059 849 5116 sullicerc
881 5063 1106 5132 possint.
1157 5063 1235 5120 Ne
1273 5075 1452 5119 autem
1513 5068 1566 5120 in

1 5167 194 5204 umma
238 5153 402 5206 debiti
436 5153 810 5224 episcoporum
863 5157 1071 5210 servitii
1115 5157 1235 5226 plus
1262 5159 1568 5228 exigeretur

4 5260 144 5297 nam
173 5261 308 5315 opus
335 5247 425 5313 sit,
458 5257 766 5303 statuerunt
793 5249 1178 5319 praedictarum
1209 5251 1564 5306 ecclesiarum

1 5336 216 5405 pisc0pi
248 5353 371 5390 cum
402 5353 671 5393 consensu
701 5339 944 5410 synodali
991 5355 1174 5394 coram
1223 5351 1568 5396 antecessore

2 5434 169 5480 ostro
206 5428 407 5483 Ottone
437 5431 764 5500 imperatore
804 5442 858 5486 et
899 5433 1310 5502 archiepiscopo
1341 5433 1565 5489 Rabano

2 5521 303 5590 ueterisque
340 5539 463 5576 cum
494 5539 560 5577 eo
590 5524 641 5576 in
682 5528 886 5594 synodo
916 5526 1221 5595 agentibus,
1271 5535 1328 5581 ut
1373 5527 1568 5580 dentur

1 5608 38 5658 tl
119 5610 359 5680 singulas
408 5612 669 5667 ecclesias
719 5615 864 5682 porci
919 5631 1011 5679 tv,
1067 5616 1308 5670 valentes
1370 5616 1565 5686 singuli

2 5704 238 5758 enarios
268 5721 364 5771 xu,
413 5715 498 5759 aut
534 5707 728 5760 arietes
769 5722 860 5762 vttt
916 5710 1245 5763 tauttundcm
1301 5709 1564 5776 valentes,

1663 1897 1855 1943 nostro
1880 1885 2456 1956 regaiiconﬁrmamus
2501 1894 2663 1954 atque
2704 1884 3143 1940 corroboramus.
3189 1881 3256 1936 Et

1664 1992 1724 2036 ut
1752 1981 1868 2036 haee
1910 1979 2342 2034 confirmationis
2371 1985 2571 2033 nostra:
2599 1976 2894 2031 auctoritas
2935 1974 3146 2034 stabilis
3195 1982 3252 2028 et

1664 2071 1978 2127 iuconvulsa
2032 2069 2185 2126 omni
2251 2076 2568 2139 permaneat
2615 2082 2765 2131 aevo,
2817 2067 2956 2120 hanc
3004 2065 3255 2135 paginam

1665 2169 1790 2224 inde
1830 2169 2197 2237 conscriptam
2246 2181 2406 2220 manu
2441 2165 2679 2235 propria,
2735 2173 2792 2217 ut
2845 2161 2985 2217 infra
3018 2162 3252 2224 videtur,

1665 2259 2114 2320 corroborantes,
2166 2255 2325 2326 sigilli
2376 2256 2546 2309 nostri
2596 2253 2949 2322 impressione
2995 2250 3258 2318 iussimus

1667 2347 1946 2417 insigniri.

1738 2438 1956 2509 Signum
1999 2439 2178 2493 domui
2217 2437 2454 2492 Heinrici
2506 2435 2643 2489 tertii
2692 2434 2774 2504 (L.
2827 2433 2920 2503 M.)
2953 2435 3085 2502 regis
3128 2433 3260 2485 invi-

1668 2533 1910 2586 ctissimi.

1737 2625 2083 2680 Eheu-bardus
2131 2621 2488 2679 cancellarius
2531 2621 2648 2675 vice
2674 2616 2938 2673 Bardonis
2969 2615 3255 2669 archican-

1667 2717 1870 2772 cellarii
1913 2715 2246 2785 recognovit.

1740 2810 1872 2863 Data
1923 2825 1974 2862 xi
2013 2807 2133 2860 Kal.
2183 2806 2431 2869 Januar..,
2473 2803 2766 2858 indictione
2806 2814 2926 2862 vui,
2981 2812 3125 2851 anno
3154 2795 3259 2858 Do—

1671 2903 1885 2956 minicze
1949 2899 2343 2955 lncarnationis
2401 2895 2576 2960 1040;
2640 2909 2784 2948 anno
2839 2902 3018 2945 autem
3071 2886 3256 2942 domni

1669 2991 1904 3057 lleinrici
1934 2989 1999 3044 lll
2035 2987 2393 3044 ordinationis
2433 2985 2550 3053 ejus
2588 3001 2706 3049 χιιι,
2758 2983 2906 3052 regni
2949 2995 3076 3036 vero
3106 2995 3144 3033 tt

1738 3085 1933 3137 Actum
1966 3081 2248 3135 llerivorte
2288 3078 2535 3134 feliciter.
2569 3077 2763 3129 Amen.

2411 3169 2500 3223 ιν.

1669 3244 1946 3298 Decretum
1973 3243 2188 3298 llenrici
2225 3243 2361 3308 regis
2396 3239 2492 3293 111
2523 3255 2624 3307 quo
2647 3235 2917 3308 interdicit
2949 3231 3256 3308 Walderico

1741 3315 1912 3367 abbati
1932 3312 2235 3367 monasterii
2257 3301 2618 3364 Cremonensis
2636 3306 2813 3361 Sancti
2839 3303 3104 3356 Laurentii
3130 3301 3258 3354 alie-

1741 3384 1999 3437 nationem
2021 3393 2067 3436 et
2090 3382 2354 3464 precaria:
2378 3382 2633 3458 bonorum
2660 3376 2822 3445 ipsius
2835 3373 3048 3427 cceaobii
3067 3371 3258 3438 absque

1724 3468 1993 3507 consensu
2021 3471 2059 3522 (ε⁸
2086 3448 2254 3520 iswpi
2284 3448 2670 3522 Cremonensis.

2274 3521 2452 3591 (Anno
2481 3516 2664 3587 ιυω.)

1951 3615 2288 3686 [ΜυιιΑτθβῃ
2318 3611 2496 3680 Antiq.
2521 3607 2674 3675 Ital.,
2700 3606 2788 3670 Vl,
2818 3601 2972 3680 ﬁll]

1742 3708 1795 3760 In
1832 3706 2048 3762 nomine
2086 3711 2286 3759 sanctas
2330 3711 2386 3756 et
2428 3691 2714 3754 individua:
2744 3692 3048 3765 Trinitatis,
3093 3689 3259 3744 Hem-

1672 3812 1846 3862 mcus,
1891 3795 2074 3851 divina
2121 3792 2335 3847 favente
2383 3787 2781 3851 misericordia,
2830 3785 3164 3839 Francorum
3201 3791 3256 3834 ct

1672 3886 2151 3957 Longobardorum
2179 3899 2297 3937 rex.

1739 3980 1797 4035 Si
1828 3986 2138 4032 sanctorum
2171 3974 2262 4028 Dei
2311 3970 2697 4031 Ecclesiarmu,
2750 3977 2858 4024 etc.
2918 3966 3259 4035 Quapropter

1671 4083 1857 4132 notum
1885 4071 1956 4124 sit
1978 4067 2230 4122 omnibus
2255 4064 2455 4120 nostris
2482 4061 2750 4134 ﬁdelibus,
2767 4069 2874 4112 tam
2900 4057 3258 4127 praesentibus

1669 4179 1831 4234 quam
1853 4161 2071 4226 futuris,
2096 4159 2239 4228 quod
2262 4159 2345 4212 vir
2373 4154 2700 4211 venerabilis
2729 4151 3023 4214 llubaldus,
3051 4162 3183 4202 sane
3209 4163 3256 4201 ae

1669 4253 2050 4311 Cremonensis
2090 4251 2344 4306 Ecclesia:
2375 4249 2678 4318 episcopus,
2718 4253 2774 4298 et
2825 4258 2920 4314 per
2960 4245 3138 4295 omnia
3173 4240 3256 4293 vir

1672 4345 2038 4408 fidelissimus,
2099 4341 2377 4395 modestia:
2425 4348 2625 4392 nostra:
2669 4333 2872 4398 retulit,
2920 4331 3061 4400 quod
3111 4343 3255 4398 quac-

1599 4437 1794 4524 Ddam
1867 4434 2107 4496 abbatia,
2185 4447 2281 4486 suo
2333 4429 2605 4498 episcopio
2650 4426 2886 4487 subdita,
2952 4431 3006 4476 et
3049 4423 3100 4475 in
3157 4423 3255 4474 lio—

1673 4541 1806 4582 nore
1853 4525 2026 4579 sancti
2061 4521 2341 4577 Laurentii
2394 4520 2641 4574 dedicata
2685 4526 2740 4571 ct
2789 4516 2929 4569 infra
2977 4514 3251 4567 civitatem

1669 4633 1823 4671 suam
1872 4617 1996 4681 sita,
2029 4630 2060 4668 a
2111 4612 2344 4683 quodam
2395 4612 2606 4675 abbate,
2655 4605 2964 4664 Walderico
3014 4603 3251 4669 nomine,

1669 4707 2066 4777 diminueretur
2100 4707 2150 4759 in
2179 4703 2506 4759 beneficium
2545 4701 2743 4764 dando,
2767 4707 2821 4750 et
2857 4696 3026 4749 malas
3064 4694 3251 4749 inscri-

1669 4799 1883 4870 ptiones
1937 4790 2205 4862 faciendo,
2239 4795 2449 4866 scilicet
2499 4792 2727 4861 injustas
2777 4787 3075 4859 precarias,
3107 4800 3255 4839 com-

1671 4892 2002 4946 mutationes
2029 4905 2092 4944 ae
2115 4887 2438 4947 libellarias;
2476 4893 2529 4938 et
2557 4884 2656 4937 hac
2686 4881 2972 4935 occasione
3005 4875 3254 4929 victualia

1672 4983 1905 5038 fratrum
1969 4980 2465 5042 subtrahebantur,
2522 4985 2577 5030 ct
2622 4974 2946 5028 famulorum
2997 4968 3255 5024 beuelicia

1671 5075 2084 5138 minuebantur;
2113 5081 2168 5126 et
2218 5071 2299 5126 sic
2346 5069 2620 5125 orationes
2647 5075 2697 5119 et
2729 5065 3104 5131 elecmosynm,
3135 5074 3256 5126 qua:

1668 5181 1768 5236 pro
1793 5163 1972 5218 anima
1992 5162 2133 5216 illius
2158 5161 2247 5230 qui
2277 5175 2396 5214 eam
2420 5156 2745 5218 construxit,
2771 5164 2825 5206 et
2854 5167 2950 5219 pro
2973 5150 3261 5203 animabus

1669 5258 1909 5313 omnium
1934 5254 2366 5310 Christianorum
2392 5251 2506 5304 fieri
2539 5247 2824 5311 debebant,
2851 5243 3076 5299 diminui
3107 5241 3256 5293 vide-

1671 5351 1887 5404 bantur.
1919 5344 2088 5414 Cujus
2146 5345 2219 5399 rei
2249 5356 2411 5396 causa
2441 5339 2621 5394 dolore
2657 5338 2834 5392 cordis
2883 5336 3010 5390 tacti
3061 5334 3254 5386 intrin-

1670 5455 1846 5504 secus,
1883 5437 2025 5508 quod
2055 5436 2178 5491 inde
2220 5435 2395 5498 ﬁeret,
2447 5433 2684 5502 cogitare
2729 5429 3010 5504 cepimus.
3066 5424 3256 5478 Divina

1677 5543 1908 5598 namque
1934 5527 2106 5597 gratia
2138 5526 2454 5594 inspirante,
2483 5532 2538 5576 et
2560 5519 2893 5574 dilectissimi
2925 5517 3093 5570 nostri
3121 5530 3249 5569 con-

1671 5620 1946 5692 sanguinei
1967 5618 2280 5673 llerimanni
2298 5615 2634 5671 Coloniensis
2661 5610 3074 5680 archiepiscopi,
3092 5619 3252 5676 atque

1672 5713 1938 5768 Brunonis
1966 5710 2220 5766 similiter
2241 5704 2732 5765 nostricharissimi
2763 5702 3072 5760 co;.sobrini
3096 5699 3252 5754 Wer-
