3838 6322
559 301 693 355 1091

1859 299 2124 356 MONUM.
2160 299 2429 358 DIPLOM.

557 414 906 486 zeburgensis
932 412 1186 484 episcopi,
1207 426 1305 467 nec
1338 427 1440 467 non
1469 411 1691 468 Kadeloi
1715 415 1951 483 episcopi
1973 425 2134 484 atque
2162 421 2210 478 Α
2239 416 2481 484 genitore
2519 399 2704 468 n‘ostro
2734 413 2834 482 ipsi
2864 413 2967 468 fuit
3011 411 3323 468 restitutum
3370 426 3403 465 a
3448 413 3636 468 comite
3677 416 3768 470 Hei-

558 505 866 560 cancellarii
934 503 1104 558 nosui
1133 543 1148 566 ,
1203 502 1428 558 consilio
1483 503 1840 559 saluberrimo
1895 505 2132 560 interve-

557 595 761 659 niente,
794 603 994 648 nostrae
1017 592 1212 664 regalis
1240 593 1580 648 auctoritatis
1611 603 1958 664 praeceptum,
1991 596 2134 664 quod

556 684 860 740 inviolabile
887 685 1271 755 perpetualiter
1302 693 1567 751 teneatur,
1604 685 1722 739 ﬁeri
1755 686 2134 757 praecepimus.

553 774 630 829 Ea
659 775 907 830 videlicet
949 775 1158 829 ratione
1205 783 1265 829 ut
1319 783 1427 829 tam
1463 791 1700 844 praesens
1753 775 1922 831 abbas
1970 791 2133 847 quam

554 863 717 917 futuri
751 863 952 917 nullam
982 871 1305 932 potestatem
1335 862 1588 932 deinceps
1617 864 1850 919 habeant
1879 864 1944 918 de
1971 866 2132 921 rebus

553 960 620 1007 ad
674 955 986 1023 praedictam
1034 954 1306 1009 abbatiam
1353 955 1752 1022 pertinentibus
1796 955 2130 1022 diminuere,

552 1060 653 1099 nec
699 1047 750 1098 in
797 1046 1117 1100 benelicium
1169 1045 1362 1108 dando,
1411 1060 1511 1101 nec
1536 1049 1984 1102 commutationes
2034 1061 2132 1102 seu

552 1136 826 1206 precarias
864 1146 1026 1204 atque
1079 1135 1372 1190 libellarias
1421 1135 1694 1202 faciendo,
1739 1137 1858 1192 sine
1916 1137 2131 1191 licentia

551 1231 793 1299 praedicti
841 1229 1070 1283 llubaldi
1099 1230 1334 1299 episcopi
1372 1238 1426 1285 et
1467 1243 1848 1284 successorum
1879 1228 1996 1298 ejus
2039 1230 2130 1297 qui

550 1337 650 1390 pro
681 1331 920 1390 tempore
949 1320 1165 1374 fuerint.
1199 1320 1254 1374 Si
1279 1321 1401 1390 quis
1424 1335 1550 1374 vero
1582 1320 1750 1375 abbas
1775 1329 1966 1375 contra
1988 1321 2131 1374 hanc

549 1421 793 1464 nostrain
821 1409 1199 1464 auctoritatem
1231 1410 1440 1477 fecerit,
1468 1409 1621 1464 irrita
1651 1419 1706 1464 et
1735 1424 1901 1464 vacua
1931 1417 1985 1463 et
2013 1409 2132 1464 sine

549 1502 746 1555 robore
775 1508 1149 1570 permaneant,
1206 1510 1260 1556 et
1311 1501 1477 1556 abbas
1540 1501 1760 1571 proprio
1816 1501 2023 1555 honore
2076 1509 2131 1556 et

549 1592 810 1660 dignitate
852 1592 1112 1660 privetur,
1153 1600 1208 1645 et
1251 1591 1323 1646 illi
1352 1591 1442 1662 qui
1481 1592 1856 1646 investituram
1893 1599 1987 1646 aut
2031 1590 2131 1644 ali-

548 1682 691 1750 quod
740 1682 996 1751 scriptum
1041 1682 1318 1752 suscipere
1369 1680 1791 1752 praesumpserit,
1841 1681 2016 1735 sciant
2069 1694 2130 1735 se

2239 519 2436 558 marino
2477 517 2544 558 ex
2579 503 2790 558 hatrede
2828 513 3041 557 mortuo
3096 518 3197 573 per
3247 503 3534 573 aliquanta
3585 514 3768 576 temp-1n

2238 593 2435 664 injuste
2461 593 2762 660 detentum,
2795 592 3032 649 Scaletin
3059 595 3316 650 videlicet
3341 604 3411 649 et.
3435 595 3648 650 Palisiol
3683 616 3766 654 can

2235 687 2484 742 omnibus
2532 688 2855 758 appenditiis
2904 688 3050 754 suis,
3095 696 3155 742 et
3215 689 3490 758 quidquid
3544 691 3606 743 ad
3644 693 3766 761 ipsa.

2199 764 2204 768 ’
2234 777 2410 831 locum
2431 776 2584 845 emit,
2613 787 2822 832 sextam
2853 777 3063 832 scilicet
3094 778 3163 832 de
3199 778 3477 832 Amblava
3526 788 3578 832 et
3607 779 3769 835 Tantis

2235 883 2266 922 a
2291 870 2491 924 comite
2516 868 2808 924 Godefrido
2842 871 2909 926 de
2957 871 3206 941 Zingeis,
3255 873 3344 924 vel
3397 870 3547 938 quod
3586 872 3643 924 de
3674 873 3768 925 ιω

2234 958 2476 1014 ecclesiae
2499 960 2874 1014 concambium
2905 958 3292 1030 Wendengias,
3330 968 3391 1013 et
3423 959 3768 1013 Conv-ornem

2234 1051 2447 1105 abbatis
2478 1050 2663 1105 Sancti
2693 1052 2973 1105 Maximini
3017 1053 3142 1106 data
3175 1051 3303 1104 villa
3331 1052 3670 1105 Astebronna
3692 1053 3768 1103 ιιι-υ

2233 1140 2531 1195 concambii
2571 1141 2688 1195 sine
2724 1140 2902 1211 aliqua
2940 1140 3241 1195 infractura
3285 1149 3521 1194 maneat
3552 1140 3769 1195 incomta-

2233 1245 2370 1284 sum.
2403 1229 2669 1296 Quoniam
2701 1245 2832 1285 vero
2857 1232 3288 1298 pmdecessores
3332 1231 3518 1286 nostri
3563 1247 3690 1299 regis
3716 1235 3770 1285 id

2232 1320 2588 1390 imperatores
2633 1336 2744 1376 sure
2801 1322 3143 1377 auctoritatis
3205 1321 3486 1376 firmitate
3553 1323 3642 1391 ipsi
3691 1323 3771 1377 loco

2231 1413 2528 1478 sancivere,
2558 1421 2617 1466 ut
2641 1413 2938 1468 advocatus
2959 1414 3204 1484 ejusdem
3229 1413 3494 1469 ecclesia:
3515 1415 3568 1467 in
3590 1414 3770 1467 canities

2231 1504 2299 1558 ad
2345 1502 2523 1557 locum
2555 1503 2970 1571 respicientibus
3015 1520 3125 1558 non
3184 1511 3501 1573 praesumat
3547 1519 3770 1558 mansuras

2230 1601 2321 1645 aut
2357 1603 2642 1660 paraturas
2687 1592 2894 1658 facere,
2937 1594 3319 1660 redibitiones,
3381 1593 3544 1648 [reda
3587 1597 3768 1663 exigere,

2230 1692 2321 1737 aut
2340 1684 2597 1753 placitum
2621 1693 2827 1750 tenere,
2859 1693 2952 1740 aut
2978 1687 3297 1753 parafredos
3326 1687 3445 1741 sibi
3476 1702 3674 1742 sumere
3688 1691 3768 1741 sie:

546 1775 941 1845 composituras
987 1775 1103 1828 auri
1147 1773 1338 1842 optimi
1384 1774 1551 1828 libras
1591 1781 1832 1838 centum,
1865 1772 2126 1827 medieta—
2155 1795 2200 1854 Β
2229 1776 2499 1842 permissu
2531 1774 2744 1828 abbatis
2773 1785 2830 1828 et
2864 1776 3144 1831 voluntate
3183 1778 3415 1842 eadem,
3464 1789 3523 1832 et
3572 1793 3658 1831 nos
3702 1781 3770 1845 ipsi

548 1877 653 1922 tem
704 1882 931 1921 camerm
981 1875 1202 1931 nostrae,
1258 1875 1314 1920 et
1363 1865 1711 1920 medietatem
1761 1863 2010 1928 abbatiae,
2038 1862 2125 1917 cui

543 1958 802 2011 damnum
831 1957 1034 2011 inferre
1082 1956 1386 2010 tentaverit.
1421 1953 1573 2022 Quod
1623 1962 1683 2007 ut
1715 1953 1901 2008 verius
1929 1953 2123 2007 creda-

543 2059 651 2115 tur,
693 2060 800 2104 etc.

613 2142 833 2212 Signum
862 2141 895 2193 d
901 2141 1040 2194 omni
1075 2139 1175 2195 Hei
1183 2139 1315 2194 nrici
1338 2138 1701 2209 gloriosissimi
1726 2147 1771 2192 et
1796 2137 2122 2191 invictissimi

540 2234 691 2302 regis.

614 2324 882 2379 Kadeolus
913 2324 1196 2394 cpiscopus
1232 2333 1286 2377 et
1338 2322 1712 2389 cancellarius,
1767 2321 1886 2374 vice
1937 2320 2122 2374 domni

542 2416 857 2470 lleriinanni
911 2416 1303 2484 archiepiscopi
1359 2424 1415 2469 et
1463 2413 1925 2469 archicancellarii
1970 2427 2123 2468 reco-

543 2504 722 2575 gnovi.
1195 2559 1202 2563 _

614 2593 805 2646 Datum
857 2605 946 2643 xvr
999 2589 1268 2645 Kalendas
1325 2590 1628 2657 Februarii,
1691 2589 1982 2646 indictione
2022 2607 2118 2659 vti,

543 2701 684 2740 anno
707 2685 869 2752 1040,
903 2698 1045 2737 anno
1069 2698 1195 2737 vero
1221 2683 1402 2737 domni
1440 2682 1697 2738 Heinrici.
1731 2719 1744 2734 .
1776 2718 1790 2736 .
1823 2720 1836 2735 .

611 2777 806 2830 Actum
834 2775 1092 2846 Augustae
1113 2773 1366 2829 feliciter.
1397 2773 1589 2829 Amen.

1298 2887 1364 2942 γ.

541 2981 784 3052 Diploma
812 2979 1050 3034 Heinrici
1074 2979 1165 3032 III
1199 2995 1330 3052 regis
1370 2978 1720 3033 Romanorum
1761 2977 1995 3048 I’Opponi
2025 2979 2119 3032 ab-

611 3051 716 3104 bati
743 3067 1060 3104 concessum.
1105 3081 1176 3089 —
1205 3051 1397 3104 Omnes
1427 3052 1726 3104 monasterii
1775 3053 2118 3117 passessiones

610 3133 656 3175 et
678 3122 1029 3176 immunitates
1053 3121 1348 3189 conﬁrmat.

1131 3234 1306 3305 (Anno
1350 3232 1534 3302 1040.)

796 3325 1103 3397 [Mittin-ms,
1133 3322 1308 3393 Ampi.
1337 3321 1578 3389 Collect.,
1607 3321 1692 3386 111,
1723 3321 1836 3394 59.]

606 3421 664 3475 ln
695 3420 910 3475 nomine
935 3426 1138 3472 sanctae
1165 3425 1217 3471 et
1238 3414 1539 3485 ,individuze
1569 3415 1870 3482 Trinitatis,
1904 3415 2119 3471 Hermu-

536 3529 653 3580 cus,
685 3513 864 3566 divina
892 3509 1103 3565 favente
1124 3507 1432 3572 clementia,
1468 3521 1580 3562 rex.

607 3603 924 3659 Sublimitas
980 3601 1176 3672 regalis
1238 3599 1538 3669 prudentia:
1588 3599 1700 3653 Deo
1761 3601 2115 3656 servientium

538 3697 656 3766 paci
699 3711 762 3749 ac
809 3693 977 3763 quieti
1023 3691 1347 3748 omnimodis
1393 3691 1554 3746 debet
1599 3692 1931 3760 prospicere.
1968 3692 2118 3748 Unde

541 3787 835 3854 cotnperiat
885 3785 1123 3838 omnimn
1173 3783 1408 3837 ﬁdelium
1458 3791 1774 3839 nostrorum
1832 3794 1940 3838 tam
1978 3801 2118 3854 prte-

540 3881 772 3933 sentium
832 3891 992 3944 quam
1054 3875 1359 3929 futurorum
1411 3875 1694 3940 industria,
1750 3877 1892 3944 quod
1925 3891 2114 3931 mona-

540 3970 692 4024 sterii
723 3967 965 4022 Stabulai
1003 3967 1101 4022 sub
1133 3976 1314 4021 nostra
1359 3965 1563 4020 ditione
1605 3967 1693 4022 siti
1728 3969 1806 4039 (7)
1837 3983 2118 4024 consecra-

539 4059 673 4114 tioni
703 4067 1016 4127 praesentes,
1045 4056 1094 4109 id
1117 4065 1201 4109 est
1238 4055 1515 4110 obtinente
1549 4057 1691 4125 apud
1724 4067 1961 4112 nostram
2007 4058 2117 4113 ccl-

539 4150 828 4205 situdinem
879 4147 1088 4200 abbatis
1139 4145 1376 4213 ejusdem
1432 4143 1555 4207 loci,
1612 4147 1820 4202 scilicet
1850 4148 2116 4218 Popponis

538 4241 864 4303 reverentia,
894 4247 1109 4307 petente
1134 4238 1324 4292 eodem
1354 4240 1572 4306 abbate,
1595 4239 1749 4309 juxta
1773 4240 2116 4309 antiquorum

539 4348 726 4404 regum
781 4329 1062 4400 Sigiberti,
1108 4328 1416 4395 Cliilderici,
1470 4331 1743 4398 Clodovei,
1801 4330 2114 4401 Dagoberti,

539 4427 629 4494 qui
657 4429 1061 4478 constructores
1089 4420 1239 4476 fuere
1270 4422 1480 4491 prmi‘ati
1516 4422 1642 4488 loci,
1676 4437 1884 4478 necnon
1917 4434 1973 4477 et
2013 4425 2112 4477 im-

538 4525 848 4588 peratorum
881 4513 1076 4577 Caroli,
1107 4511 1383 4577 Ludovici,
1413 4511 1668 4568 Ottonum
1721 4513 1902 4578 trium,
1954 4512 2118 4568 licin-

537 4608 661 4671 rici,
692 4606 787 4660 sed
831 4613 885 4658 et
916 4603 1273 4658 serenissian
1310 4605 1581 4658 memoria:
1608 4605 1916 4659 Cliuonradi
1946 4605 2116 4673 impe-

536 4699 736 4756 ratoris
763 4696 1020 4767 genitoris
1067 4696 1235 4749 nostri
1284 4696 1509 4759 sant-ita,
1571 4699 1985 4767 appendentium
2036 4699 2114 4753 vel

539 4791 856 4848 traditarum
920 4804 1101 4843 rerum
1159 4787 1231 4841 illi
1282 4789 1525 4844 ecclesia:
1571 4805 1602 4843 a
1653 4801 1890 4859 tempore
1942 4792 2116 4846 sancti

537 4881 786 4951 Remain
815 4896 908 4949 per
938 4881 1283 4935 succedentia
1307 4891 1546 4951 tempora
1582 4891 1755 4936 ratam
1805 4884 2118 4952 praeceptio-

537 4991 660 5030 nem
703 4972 1039 5026 ﬁrmavimus
1068 4971 1235 5040 regali
1264 4973 1588 5026 auctoritate
1635 4981 1842 5028 nostra.
1880 4974 1974 5029 Est
2021 4976 2119 5044 igi-

539 5076 626 5116 tur
656 5073 841 5116 nostra
871 5061 1182 5130 dignatione
1212 5063 1496 5124 sancitum,
1532 5071 1590 5115 ut
1629 5064 1883 5133 quidquid
1915 5067 2120 5133 prrede-

538 5167 814 5207 cessorum
847 5166 1067 5205 suorum
1100 5151 1427 5219 temporibus
1460 5151 1531 5204 illi
1559 5151 1676 5206 loco
1727 5152 1827 5206 fuit
1863 5155 2118 5208 traditum

542 5254 631 5295 aut
667 5243 1053 5305 condonatum,
1084 5242 1177 5296 sed
1213 5243 1357 5310 quod
1396 5243 1570 5297 eidem
1617 5243 1795 5297 abbati
1825 5244 2120 5313 imperator

543 5335 826 5388 lleinricus
872 5336 940 5389 ob
989 5349 1098 5389 sua:
1144 5335 1337 5389 anima:
1384 5336 1690 5390 mercedem
1737 5339 1802 5392 de
1850 5337 2118 5392 llasbanio

543 5426 773 5478 reddidit
814 5425 1159 5493 beneficium,
1218 5427 1330 5481 sive
1385 5428 1526 5497 quod
1576 5445 1605 5481 a
1657 5430 1792 5484 diva:
1845 5433 2119 5486 memoriae

614 5558 690 5628 (7)
731 5556 866 5612 llinc
921 5567 1068 5626 patet
1121 5563 1586 5617 consecrationcm
1643 5561 1977 5620 Stabulensis
2025 5583 2117 5622 ec-

541 5631 720 5706 clesia:
770 5630 1184 5706 factam-fuisse
1233 5648 1376 5706 anno
1404 5635 1562 5699 1040,
1615 5635 1714 5687 sub
1767 5636 1822 5688 S.
1865 5636 2117 5706 Poppone

543 5703 758 5767 abbate,
814 5701 905 5768 qui
966 5700 1300 5770 discrplinam
1364 5704 1416 5758 in
1476 5707 1804 5760 tr'onastcrio
1852 5700 2113 5777 restituit,

2145 3127 2189 3189 C

2144 4459 2194 4517 D

2121 5858 2146 5878 Ο

2229 1864 2412 1918 abbati
2462 1865 2728 1920 firmando
2783 1867 3205 1922 corroboramus
3236 1907 3253 1934 ,
3304 1868 3596 1936 bannique
3647 1871 3767 1922 ma

2228 1957 2572 2028 irnpositione
2640 1977 2710 2017 ne
2767 1963 3020 2032 deinceps
3076 1964 3377 2034 quisquam
3446 1966 3564 2019 haec
3626 1965 3769 2018 audeat

2227 2050 2520 2121 infringere
2550 2053 2880 2124 vigoramus,
2925 2063 2981 2110 et
3029 2057 3294 2125 quidquid
3351 2071 3496 2111 sane
3546 2059 3768 2125 acquievit

2226 2153 2319 2196 aut
2347 2145 2672 2213 acquisitum
2699 2147 2900 2217 reperit
2931 2147 2983 2201 in
3012 2147 3355 2216 quibuslibet
3391 2150 3562 2203 rebus
3586 2150 3768 2202 ecclesia

2227 2235 2514 2290 roboratur
2549 2248 2748 2292 nostra:
2776 2239 3116 2294 auctoritatis
3143 2250 3261 2293 rata
3285 2241 3673 2311 praeceptione,
3705 2240 3768 2293 lt:-

2225 2325 2360 2381 bens
2381 2327 2734 2383 emunitatem
2761 2329 2829 2383 ab
2852 2330 2997 2383 omni
3017 2330 3428 2384 advocatorum
3463 2330 3767 2384 infestam.

2224 2416 2290 2471 Et
2309 2419 2563 2487 quoniam
2594 2420 2876 2475 monachis
2918 2420 3145 2476 alterius
3184 2423 3462 2487 C(Bnobii,
3494 2424 3545 2476 id
3584 2433 3656 2477 est
3679 2423 3768 2474 llat-

2225 2511 2518 2577 mundarii,
2549 2512 2760 2567 sancita
2786 2513 3134 2581 antiquorum
3174 2527 3376 2582 regum
3409 2514 3500 2568 vel
3537 2515 3767 2583 imperata-

2225 2620 2341 2659 rum
2358 2621 2464 2659 non
2495 2605 2846 2670 suffecerunt,
2887 2613 2942 2659 et
2985 2606 3088 2659 sub
3133 2605 3352 2659 duobus
3388 2605 3667 2661 abbatibus
3707 2621 3766 2658 re-

2223 2696 2473 2751 scindere
2518 2697 2709 2750 eadem
2743 2695 3074 2749 monasteria
3121 2695 3551 2761 laboraverunt,
3597 2698 3712 2766 quod
3747 2711 3767 2749 ι

2225 2788 2555 2857 temporibus
2586 2787 2760 2842 sancti
2799 2785 3042 2855 Remain
3094 2787 3273 2841 adhuc
3313 2799 3517 2843 manet
3545 2789 3767 2842 income}-

2221 2894 2360 2942 sum,
2400 2889 2625 2949 propter
2659 2881 2794 2942 haec,
2823 2880 3066 2948 inquam,
3088 2888 3146 2932 ut
3170 2895 3240 2934 ne
3264 2896 3383 2949 qua
3409 2882 3651 2951 deinceps
3669 2883 3766 2935 inter

2220 2988 2314 3028 eos
2352 2974 2722 3027 controversia
2774 2972 2869 3023 liat
2900 3009 2915 3034 ,
2973 2963 3113 3038 quo'tl
3166 2974 3436 3027 evenisse
3491 2976 3765 3044 temporibas

2221 3063 2401 3119 domui
2438 3062 2780 3131 imperatoris
2809 3061 3021 3118 Ottonis
3053 3065 3276 3118 secundi
3335 3077 3583 3127 constat,
3629 3076 3766 3119 stttai.

2222 3177 2342 3216 mus
2395 3162 2687 3216 secundum
2727 3161 3161 3216 mansuetudinis
3202 3170 3419 3215 nostm:
3450 3162 3687 3222 edictuin,
3729 3173 3766 3209 Et

2220 3253 2379 3306 unius
2429 3252 2640 3306 abbatis
2703 3250 2953 3322 regimini
3022 3252 3164 3306 sicut
3236 3249 3458 3320 jugiter
3529 3259 3768 3320 permisi

2220 3351 2511 3410 utrumque
2540 3341 2844 3412 subjectum
2881 3341 3212 3395 cmnobium.
3252 3341 3320 3393 Et
3380 3352 3443 3394 ut
3481 3343 3592 3395 haec
3620 3352 3766 3394 nostra:

2220 3433 2588 3488 concessionis
2625 3448 2689 3487 ac
2723 3431 3164 3486 confirmationis
3193 3432 3261 3485 de
3289 3434 3561 3486 omnibus
3595 3433 3667 3485 his
3689 3433 3766 3497 pie

2219 3526 2340 3578 nior
2367 3525 2629 3577 habeatur
2652 3523 2966 3585 auctoritas,
3003 3537 3167 3575 manu
3202 3524 3437 3592 propria
3486 3524 3585 3576 hoc
3613 3537 3763 3590 prase-

2219 3626 2367 3686 ptum
2393 3614 2576 3668 subter
2592 3613 2953 3678 firmavimus,
2968 3612 3240 3684 sigillique
3255 3615 3438 3668 nostri
3462 3613 3763 3684 impra‘s'tm‘tc

2221 3704 2466 3774 insigniri
2491 3704 2772 3773 jussimus.

2291 3798 2509 3868 Signum
2537 3800 2713 3851 damni
2748 3797 2989 3852 Ileinrici
3018 3800 3153 3868 regis
3182 3800 3554 3853 invictissimi.

2291 3889 2659 3943 Theodericus
2713 3891 3070 3944 cancellarius
3129 3892 3250 3944 vice
3299 3890 3574 3945 Bardonis
3629 3889 3762 3941 arcti-

2218 3979 2477 4047 Capellani
2501 3979 2808 4046 recognovi.

2291 4070 2424 4124 Data
2448 4070 2585 4124 Non.
2611 4070 2778 4135 Junii,
2825 4071 3124 4127 indictione
3165 4089 3288 4139 vui,
3323 4090 3476 4129 anno
3529 4072 3762 4128 Dominis:

2219 4161 2609 4216 lncarnationis
2663 4162 2950 4217 millesimo
2999 4165 3470 4232 quadragesimo,
3529 4180 3656 4217 anno
3696 4177 3762 4213 ati-

2221 4267 2326 4308 tem
2377 4254 2560 4309 domni
2633 4251 2874 4321 Heinrici
2941 4256 3083 4323 regis
3130 4255 3196 4308 ΙΙΙ
3249 4257 3612 4310 ordinationis
3657 4269 3760 4312 na,

2219 4346 2368 4415 regni
2400 4363 2457 4399 ll.

2289 4438 2484 4492 Actum
2509 4437 2752 4493 Stabulai
2783 4438 3029 4492 feliciter.
3065 4437 3265 4492 Amen.

2969 4533 3056 4586 Ἠ.

2221 4623 2557 4694 Ρι·ἰυὶ[‹σὶαηι
2590 4643 2681 4694 pro
2711 4628 3028 4747 part/terrane
3150 4626 3347 4681 Maria:
3391 4623 3757 4696 Mimigars‘gn-

2969 4713 3097 4747 ensi.

2969 4713 3097 4749 εηδι.

2824 4789 3002 4856 (Anno
3032 4788 3214 4858 iOiO.)

2392 4881 2660 4952 [Enitanm
2691 4879 2822 4933 Cod.
2862 4880 3080 4948 tliplom.
3111 4879 3378 4949 i-Veatylu,
3408 4898 3460 4950 p.
3499 4879 3636 4950 l07.}

2291 4974 2351 5028 C.
2397 4975 2450 5026 In
2505 4974 2722 5026 nomine
2776 4983 2978 5027 sanctae
3035 4983 3092 5026 et
3160 4974 3458 5028 individua:
3509 4970 3751 5027 Trinitatis.

2224 5065 2532 5130 "EINRICUS,
2563 5065 2740 5118 divina
2775 5063 2984 5117 favente
3012 5063 3324 5128 clementia,
3361 5081 3477 5118 rex.

2291 5159 2545 5212 Omnium
2608 5155 2846 5210 fidelium
2904 5165 3214 5209 nostrorum
3281 5167 3392 5210 tam
3462 5154 3748 5226 prasemisa

2221 5263 2384 5316 quam
2415 5259 2467 5302 et
2499 5249 2801 5302 futurorum
2827 5247 2998 5301 solers
3023 5249 3238 5302 noverit
3271 5249 3750 5316 industria,qtu!:.-.’

2223 5357 2322 5394 nos
2353 5340 2535 5393 divina
2555 5340 2925 5393 admonitione
2955 5342 3290 5409 compuneti,
3317 5358 3418 5394 nec
3457 5359 3567 5395 non
3607 5337 3751 5390 fideis-

2221 5431 2357 5486 simo
2385 5447 2448 5486 ac
2494 5429 2935 5500 frequentissimo
2980 5432 3207 5486 servitio
3255 5431 3576 5486 lieremanni
3623 5429 3748 5480 limi-

2221 5567 2446 5622 aedilicia
2507 5567 2671 5622 etiam
2718 5567 2952 5636 collapsa
2997 5578 3164 5638 atque
3213 5571 3348 5626 adeo
3393 5571 3660 5624 ecclesiam
3694 5576 3748 5613 nt-

2222 5639 2512 5701 stauravit,
2551 5639 2692 5706 quod
2731 5643 2960 5706 amplius
3009 5652 3156 5708 patet
3191 5658 3255 5695 ex
3287 5653 3590 5695 narratione
3627 5646 3746 5706 ipsa:

2221 5708 2577 5764 dedicationis
2608 5709 2914 5778 tllaa'rrzxn,
2945 5711 3116 5777 Ampl.
3150 5710 3386 5778 (Iouem,
3415 5713 3474 5777 lt,
3497 5714 3600 5768 GU).
