3838 6322
535 238 650 261 ..Ἓν

0 324 125 390 ιοθδ
1273 309 1624 368 llEthlCUS
1656 308 1716 364 ιιι
1748 309 1881 365 IMP.
3127 310 3265 366 teat

0 440 392 518 gartewrtensis
450 427 705 492 Ecclesiae
765 431 1091 510 venerabilis
1162 430 1400 501 episcopi
1465 443 1570 484 non
1603 431 1648 490 Λ
1677 428 1894 502 quando
1924 433 2021 481 aut
2055 424 2352 482 necessitas
2378 424 2566 497 exigit,
2612 431 2708 480 aut
2747 423 2956 480 utilitas
3000 427 3267 496 exposcit,

0 516 282 605 iarumper
304 531 544 596 incitati,
569 527 859 597 quamdam
884 534 1090 581 curtem
1111 533 1310 579 nostra:
1332 523 1578 594 proprie-
1682 523 1749 576 de
1773 517 1914 573 villis
1935 528 2027 572 aut
2056 517 2219 572 rebus
2261 517 2615 573 ecclesiarum
2643 516 2982 587 praestariam
3012 524 3106 570 aut
3139 531 3271 570 eon-

0 627 106 680 atis
137 623 342 680 Harvia
375 623 601 683 dictam,
634 618 688 673 in
715 632 852 688 pago
882 616 1169 686 Livegowe
1210 625 1267 671 et
1313 631 1366 670 tn
1409 613 1579 670 comi-
1683 608 1950 664 cambium
1981 605 2180 672 facere,
2205 607 2400 677 quibus
2427 606 2742 662 auctoribus
2764 607 2816 661 id
2843 615 3036 678 agatur
3059 614 3274 676 oportet

0 727 90 772 atu
148 712 417 769 Dietbaldi
465 709 683 765 comitis
735 709 919 773 sitam,
970 722 1069 777 pro
1115 705 1352 762 reme-lio
1385 705 1581 759 animas
1682 700 1879 755 litteris
1904 701 2185 762 adnotare,
2216 709 2274 753 ut
2321 707 2605 768 postquam
2636 695 2753 766 ejus
2796 697 2873 752 rei
2913 706 3164 752 auctores
3189 695 3275 750 vel

0 803 606 874 ‘ilectissimigenitoris
629 800 799 856 nostri
835 799 1148 855 Chuonradi
1178 796 1434 851 videlicet
1473 795 1581 850 im-
1685 790 2063 860 astipulatores
2081 787 2369 859 contigerit
2394 789 2620 853 obiisse,
2647 789 2691 843 si
2721 788 2842 857 quis
2865 787 3275 842 succedentium

0 895 262 952 .eratoris
289 894 554 964 Augusti,
588 900 644 946 et
693 906 792 960 pro
836 891 926 960 pia
964 887 1337 943 recordatione
1388 885 1582 939 animae
1685 881 1741 936 id
1769 879 1900 936 velit
1926 879 2224 949 infringere
2253 876 2338 934 vel
2368 879 2673 943 demutare,
2701 878 2814 946 ipsa
2845 875 3096 932 litteralis
3127 892 3279 931 com-

1 988 235 1058 onjngis
268 995 465 1040 nostra:
514 982 868 1038 Chunehildis
925 981 1124 1051 reginae
1171 977 1438 1046 simulque
1484 990 1584 1044 pro
1686 969 2050 1026 mendationis
2103 968 2400 1024 auctoritas
2432 968 2483 1022 in
2516 967 2749 1022 medium
2780 967 3011 1036 prolata,
3041 975 3097 1020 et
3137 981 3277 1034 pra:-

2 1073 430 1130 tabilitatevitae
462 1081 660 1127 nostra:
691 1079 996 1139 nostraeque
1023 1069 1210 1124 matris
1253 1067 1435 1123 Gisilze
1481 1065 1584 1119 im-
1686 1063 1842 1132 cipue
1887 1063 1931 1118 si
1980 1061 2313 1118 sublimitate
2353 1060 2616 1129 imperiali
2661 1069 2744 1113 est
2789 1059 3130 1123 conﬁrmata,
3185 1059 3281 1111 ha-

0 1165 284 1220 >eralricis
313 1165 595 1233 Augustae,
625 1170 788 1231 atque
837 1175 934 1230 pro
963 1160 1233 1215 desiderio
1274 1158 1468 1213 divinas
1501 1171 1587 1210 re-
1685 1154 1880 1210 bentur
1929 1169 2026 1223 pro
2088 1163 2248 1216 teste,
2309 1153 2374 1206 ad
2425 1151 2749 1204 inﬁrmanda
2791 1149 3068 1204 molimina
3113 1151 3282 1218 partis

0 1253 335 1318 ributionis,
359 1253 426 1305 ad
452 1253 592 1306 hanc
616 1249 923 1315 ecclesiam,
955 1264 1116 1318 quam
1153 1248 1439 1318 prtedictus
1459 1245 1586 1316 :He-
1688 1247 1947 1302 adversae.
1973 1247 2315 1315 Quapropter
2357 1251 2540 1297 notum
2584 1243 2654 1297 sit
2693 1239 2894 1296 Christi
2942 1241 3189 1297 ﬁdelibus
3228 1251 3285 1296 et

1 1359 291 1398 etnannus
311 1343 594 1412 episcopus
621 1343 673 1394 in
699 1339 1226 1410 Mimigartewrtensi
1258 1338 1374 1393 loco
1398 1353 1428 1390 a
1462 1335 1588 1390 fun-
1680 1333 1911 1404 nostris,
1958 1347 2068 1393 tam
2112 1336 2470 1408 praesentibus
2511 1350 2672 1405 quam
2709 1333 2927 1399 [utin-is,
2955 1334 3113 1404 quale
3152 1351 3286 1389 con.

0 1435 254 1489 lamento
282 1433 521 1501 incmpit,
551 1446 779 1500 eamque
802 1431 867 1485 ad
895 1431 1055 1485 ﬁnem
1083 1430 1418 1498 perductam,
1436 1427 1590 1482 nobis
1693 1435 1962 1489 cambium
1994 1432 2195 1488 factum
2232 1432 2303 1486 sit
2329 1431 2395 1485 de
2437 1432 2579 1484 bono
2626 1428 2812 1483 Sancti
2860 1426 3099 1482 Remacli
3144 1426 3286 1497 apud

0 1524 328 1586 stantibus,
357 1521 411 1575 in
438 1523 697 1576 honorem
728 1529 927 1575 sancta:
950 1520 1044 1573 Dei
1081 1519 1372 1574 Genitricis
1411 1517 1590 1572 Mariae
1695 1525 2062 1595 Wendeugias
2089 1565 2104 1589 ,
2161 1524 2306 1592 quod
2361 1522 2490 1576 olim
2564 1522 2842 1590 pertinens
2867 1522 2960 1589 ;ad
3010 1519 3285 1574 abbatiam

0 1613 298 1667 tonoriﬁce
327 1611 687 1674 consecravit,
724 1625 848 1664 cum
877 1608 1128 1663 omnibus
1164 1609 1277 1662 suis
1313 1607 1590 1678 pertinen-

1793 1616 1880 1671 tcti
1920 1614 2196 1668 Maximini
2231 1628 2326 1683 pro
2362 1611 2759 1675 Astenebruno,
2805 1611 2946 1664 inter
2978 1609 3109 1664 alias
3139 1624 3280 1664 eom-

3 1704 98 1767 iis.
133 1705 242 1758 hoc
259 1700 648 1772 estutriusque
669 1715 833 1756 sexus
870 1700 1178 1770 mancipiis,
1209 1699 1372 1763 arcis.
1412 1697 1592 1753 ωάίίῖ-
1630 1770 1648 1772 _
1696 1705 2025 1759 mutationes
2088 1703 2273 1756 datum
2326 1700 2502 1756 fuerat
2551 1700 2802 1755 coenobio
2861 1698 3189 1764 Stabulensi,
3233 1708 3290 1754 et

0 1795 117 1856 tiis.
163 1794 325 1848 terris
356 1793 518 1848 cultis
543 1801 598 1846 et
630 1790 872 1855 ἱιιευΙιῑε,
912 1791 1077 1858 agris,
1131 1790 1321 1859 Natis.
1356 1788 1589 1858 pascuis,
1627 1770 1666 1828 Β
1696 1793 1963 1848 sancitum
1994 1800 2048 1845 et
2073 1791 2484 1846 corroboratum
2534 1789 2800 1858 imperiali
2843 1789 3164 1842 auctoritate
3191 1803 3288 1856 pa-

0 1884 243 1952 :ampis,
296 1884 474 1948 silvis,
536 1882 944 1946 venationibus,
1023 1882 1179 1950 aquis
1223 1895 1594 1950 aquarumque
1699 1886 1797 1941 tris
1842 1885 1944 1939 mei
1986 1884 2124 1939 diva:
2172 1881 2450 1938 memoria;
2501 1879 2812 1936 Chuonradi
2860 1879 3112 1946 Caesaris,
3164 1878 3288 1933 vil'a

0 1975 344 2044 lecursibus,
370 1975 550 2042 molis,
575 1973 914 2037 molendinis,
932 1972 1340 2042 piscationibus,
1359 1971 1595 2026 exitibus
1698 1975 1946 2046 quaedam
1972 1974 2319 2044 lnkesengias
2346 1981 2560 2038 vocata,
2597 1983 2715 2026 erat
2739 1973 2804 2026 de
2832 1972 3144 2040 episcopatu
3185 1969 3290 2024 Ba-

0 2073 35 2118 :t
73 2065 376 2130 reditibus,
413 2066 514 2119 viis
543 2073 598 2119 et
628 2063 805 2127 inviis,
838 2062 1082 2132 quaesitis
1127 2070 1183 2116 et
1236 2061 1590 2130 inquirendis,

1793 2067 2070 2138 ibergensi,
2118 2066 2397 2135 pertinens
2439 2064 2504 2117 ad
2551 2064 2894 2133 praebendam
2924 2063 3095 2117 sancti
3124 2063 3292 2118 Geor-

0 2170 86 2209 teu
121 2171 247 2209 cum
278 2156 421 2209 omni
450 2155 683 2209 utilitate
729 2169 850 2223 qua:
893 2153 1055 2208 scribi
1097 2163 1190 2207 aut
1224 2153 1330 2207 dici
1375 2151 1594 2221 poterit.
1698 2155 1789 2225 gii.
1821 2157 1951 2222 Quae
1993 2155 2248 2223 quoniam
2301 2153 2457 2223 longe
2508 2154 2745 2208 distabat
2804 2168 2830 2205 a
2879 2149 3101 2220 praefata
3134 2151 3288 2226 urbe,

0 2247 66 2299 Bo
99 2255 296 2300 tenore
321 2247 371 2300 in
405 2246 679 2316 proprium
703 2246 950 2300 dedimus
978 2255 1138 2314 atque
1157 2244 1512 2314 |tradidimus,
1541 2251 1599 2297 ιιι
1700 2245 1873 2297 visum
1897 2253 1980 2299 est
2007 2242 2126 2312 ejus
2152 2243 2254 2297 loci
2288 2242 2578 2312 praeposito
2602 2242 2818 2296 nomine
2841 2241 3124 2308 Luitpaldo
3165 2258 3288 2294 cum

0 2335 251 2404 .>jnsdem
297 2335 541 2392 ecclesiae
604 2336 875 2390 abbatissa
949 2344 1266 2405 caeteraeqne
1336 2334 1598 2389 moniales
1699 2352 1962 2392 consensu
1991 2335 2174 2390 domni
2211 2335 2293 2389 sui
2335 2334 2412 2405 (8)
2460 2333 2650 2404 Sugeri
2695 2333 2933 2400 episcopi
2985 2330 3118 2386 alias
3169 2347 3291 2386 eam

0 2429 101 2481 Dei
149 2437 447 2497 sauciaeque
478 2427 755 2497 genitricis
788 2426 968 2482 Maria:
989 2427 1268 2481 servitium
1291 2425 1489 2481 abhinc
1512 2427 1598 2481 die
1699 2425 2065 2485 concambirc,
2094 2423 2358 2493 petiitque
2390 2438 2421 2476 a
2475 2421 2765 2475 venerabili
2812 2420 3065 2490 Poppone
3092 2422 3293 2474 abbate

0 2525 282 2584 noctuque
307 2515 362 2570 in
393 2516 961 2570 commemorationem
1001 2516 1170 2570 nostri
1206 2525 1600 2585 parentumque
1701 2517 2013 2574 monasterii
2041 2514 2308 2578 Stabulai,
2338 2523 2396 2567 ut
2424 2515 2563 2568 hanc
2601 2513 2807 2574 villam,
2843 2513 3099 2580 quoniam
3130 2513 3296 2566 abba-

0 2617 324 2662 nostrorum
346 2607 618 2677 copiosius
656 2608 865 2676 possint
911 2607 1226 2675 adimplere.
1257 2605 1600 2659 Firmissitne
1703 2610 1787 2663 tiae
1815 2624 1926 2663 suae
1966 2607 2143 2661 vicina
2192 2614 2330 2671 erat,
2377 2607 2648 2675 acciperet
2693 2604 2820 2669 sibi,
2877 2612 2932 2659 et
2975 2605 3174 2658 bonum
3226 2602 3294 2658 de

0 2706 195 2751 autem
217 2697 267 2750 in
293 2697 481 2751 eadem
506 2697 750 2752 facienda
801 2697 1222 2764 traditione‘Jtoc
1260 2696 1596 2765 excepimus,
1699 2699 2016 2769 Wendagiis
2070 2697 2185 2752 loco
2241 2712 2344 2751 suo
2397 2696 2752 2766 propinquius
2809 2709 2906 2764 pro
2947 2694 3292 2750 denominata

0 2797 59 2842 ut
113 2803 285 2858 neque
310 2803 546 2858 praesens
590 2787 962 2844 Heremannus
983 2789 1285 2858 episcopus,
1315 2802 1489 2856 neque
1513 2784 1599 2839 fu-
1702 2792 1826 2846 villa
1869 2791 2107 2844 traderet
2151 2789 2279 2854 sibi,
2309 2795 2361 2842 et
2403 2797 2460 2842 ut
2490 2803 2702 2857 aequum
2744 2801 2810 2840 ex
2857 2796 3089 2856 utraque
3141 2794 3296 2856 parte

0 2880 129 2934 turi
153 2895 488 2936 successores
517 2881 597 2936 sui
632 2881 888 2950 deinceps
914 2881 1194 2950 pricl'atam
1214 2891 1422 2936 curtem
1440 2879 1600 2934 ullam
1703 2881 2080 2937 concambium
2115 2879 2286 2946 ﬁeret,
2337 2879 2470 2933 duos
2522 2876 2698 2932 adhuc
2745 2891 2961 2932 mansos
2995 2877 3134 2946 apud
3172 2875 3285 2929 An»

1 2976 340 3038 potestatem
396 2968 628 3023 habeant
673 2971 739 3024 de
784 2968 972 3024 eadem
1015 2969 1244 3024 ecclesia
1291 2969 1602 3025 retrahendi
1705 2973 1998 3028 dcrnacum
2032 2979 2089 3024 et
2138 2968 2344 3024 Nonam
2396 2969 2462 3022 de
2510 2967 2816 3022 Buobardio
2867 2967 3144 3032 adiiceret.
3191 2965 3297 3020 Pro

0 3059 98 3114 vel
139 3059 186 3112 in
215 3075 339 3114 suos
368 3075 496 3115 usus
539 3061 871 3124 vindicandi,
900 3061 1002 3114 nisi
1048 3076 1112 3115 eo
1157 3063 1476 3116 concatnbio
1507 3072 1600 3118 aut
1630 3103 1674 3164 ο
1704 3064 1806 3117 hoc
1831 3063 1997 3132 igitur
2025 3060 2164 3130 apud
2191 3060 2499 3127 Traiectum
2534 3059 2586 3113 in
2626 3060 2776 3113 curia
2808 3067 2993 3112 nostra
3025 3073 3054 3110 a
3107 3071 3298 3124 supra-

2 3166 74 3206 ea
105 3150 467 3216 restitutione,
492 3166 611 3221 qua:
639 3150 878 3220 ejusdem
903 3151 1146 3207 ecclesiae
1174 3151 1460 3207 abbatissa:
1480 3167 1599 3206 om-
1631 3145 1674 3164 “
1705 3153 1848 3207 dicto
1883 3149 2183 3206 venerabili
2227 3149 2422 3204 abbate
2454 3147 2778 3216 interpellati
2833 3145 3139 3200 habendum
3174 3161 3299 3215 pos-

2 3241 281 3309 nibusque
312 3242 424 3295 suis
447 3239 770 3296 monialibus
800 3248 978 3295 autex
1003 3241 1280 3296 vicinitate
1301 3250 1476 3295 autex
1502 3242 1604 3295 uti-
1705 3244 1988 3299 sidendum
2021 3243 2246 3296 ulterius
2271 3240 2513 3295 ecclesia:
2536 3239 2707 3293 sancti
2746 3237 2987 3292 Remacli
3027 3235 3294 3290 ﬁrmando

1 3332 190 3388 litatis
211 3333 578 3404 magnitudine
598 3333 935 3388 commodior
963 3332 1046 3388 vel
1078 3332 1261 3387 utilior
1282 3348 1403 3387 esse
1425 3331 1605 3387 videa-
1705 3333 2478 3400 eorroboravimus,bannique
2501 3331 2670 3386 nostri
2688 3329 3046 3399 impositione,
3065 3342 3131 3382 ne
3147 3327 3268 3382 dein
3284 3355 3298 3367 ο

5 3432 141 3478 tur.
168 3423 230 3477 Et
257 3433 316 3478 ut
359 3425 474 3478 haec
522 3432 724 3478 nostra:
757 3423 1066 3478 traditionis
1091 3431 1253 3493 atque
1304 3423 1606 3494 largitionis
1705 3420 2437 3498 cepsquisquantauttollere
2453 3427 2831 3487 autusurpare
2850 3416 2949 3471 sibi
2970 3416 3186 3478 audeat,
3210 3413 3297 3467 vel

6 3515 312 3569 auctoritas
332 3529 478 3569 nunc
504 3523 559 3568 et
599 3529 695 3582 per
723 3515 1066 3569 suceedcntia
1102 3525 1401 3584 temporum
1430 3515 1606 3569 curri-
1707 3516 2028 3587 injustitiam
2053 3511 2467 3567 autviolentiam
2482 3508 2659 3564 facere
2674 3507 2888 3578 publice
2911 3506 3294 3576 vigoravimus.

7 3602 149 3658 eula
176 3604 374 3659 stabilis
394 3613 448 3658 et
474 3604 788 3660 inconvulsa
819 3613 1158 3673 permaneat,
1186 3605 1326 3658 hanc
1355 3605 1604 3674 paginam
1710 3612 1887 3680 Atque
1909 3618 1968 3663 ut
1994 3609 2153 3675 hujus
2183 3615 2381 3660 nostra:
2405 3601 2833 3660 conﬁrmationis
2857 3610 2908 3654 et
2932 3595 3297 3654 concessionis

11 3695 152 3752 inde
173 3697 438 3752 conscribi
467 3711 697 3766 eamque
723 3712 887 3751 manu
915 3706 1119 3760 nostra,
1155 3707 1214 3750 ut
1239 3699 1428 3751 subtus
1463 3696 1608 3750 vide-
1709 3707 1775 3759 de
1826 3705 1928 3758 hoc
1980 3701 2300 3757 concambio
2349 3699 2561 3768 plenior
2617 3697 2726 3750 imo
2777 3693 2978 3748 certior
3031 3693 3300 3746 habeatur

12 3798 131 3848 tur.
155 3789 587 3855 corroborantes,
625 3787 787 3859 sigilli
816 3789 984 3843 nostri
1022 3789 1375 3857 impressione
1401 3803 1606 3859 praecc-
1709 3794 2027 3856 auctoritas,
2069 3806 2230 3846 manu
2265 3787 2480 3858 propria
2531 3788 2632 3841 hoc
2665 3781 3050 3853 descriptionis
3093 3793 3298 3851 praece-

14 3880 206 3949 pimus
230 3879 498 3948 inSignil’i.
1709 3895 1858 3955 ptum
1890 3884 2076 3937 subter
2098 3879 2503 3934 adnotavimus.

93 3971 321 4039 Signum
349 3971 531 4024 damni
578 3969 816 4024 Heinrict'
859 3969 1000 4024 tertii
1035 3968 1119 4041 (ι.
1149 3968 1244 4037 Μ.)
1291 3970 1423 4038 regis
1477 3969 1610 4022 invi-

1793 3975 2004 4044 Signum
2033 3964 2212 4026 domui
2255 3969 2493 4024 Iieinrici
2513 3967 2731 4023 secundi
2764 3965 3094 4036 imperatoris
3133 3961 3298 4016 invic—

15 4061 265 4114 ctissimi.

1793 4067 1915 4119 ιὶιιιί.

89 4150 444 4203 Eberhardus
491 4147 850 4204 cancellarius
884 4147 1002 4202 vice
1039 4147 1299 4203 Bardonis
1326 4146 1610 4201 archican-
2444 4167 2566 4223 Vl".

15 4241 231 4299 cellarii
262 4243 564 4309 recognovi.

85 4335 232 4386 Acta
264 4347 315 4384 tv
344 4331 462 4384 Kal.
499 4331 744 4392 Januar.,
793 4330 1086 4385 indictione
1124 4345 1200 4395 Ix,
1239 4344 1382 4384 anno
1433 4329 1612 4383 Domi-

13 4426 165 4479 uicae
198 4421 588 4476 [near-nationis
611 4421 770 4485 1041,
822 4435 966 4474 anno
994 4429 1173 4473 autem
1205 4420 1388 4473 donmi
1444 4418 1609 4473 licin-

18 4515 124 4568 rici
158 4511 225 4566 Ill
251 4513 605 4568 ordinationis
633 4513 751 4581 ejus
773 4527 871 4566 xnt
896 4550 912 4575 ,
936 4511 1086 4581 regni
1105 4525 1254 4579 ,vero
1285 4526 1345 4564 tt.

92 4606 298 4658 Actum
328 4601 789 4673 Mimigartewrte.
820 4603 1012 4656 Amen.

1797 4286 2135 4356 Privilegiunt
2168 4301 2262 4354 pro
2293 4281 2613 4336 monasterio
2640 4278 2697 4332 S.
2737 4276 2883 4332 Petri
2921 4274 3208 4329 Mindeusi.

2315 4373 2492 4443 (Anno
2517 4369 2697 4438 1045.)

1649 4465 1692 4517 Ι)
1928 4468 2196 4539 [Ennium
2223 4463 2354 4518 Cod.
2383 4462 2599 4531 diplom.
2639 4459 2899 4530 Westplt.,
2936 4457 3084 4528 “0.1

1793 4560 1848 4614 In
1877 4558 2096 4613 nomine
2123 4563 2326 4610 sancta:
2359 4565 2415 4608 et
2439 4553 2724 4607 individua:
2749 4549 3054 4613 Trinitatis,
3078 4547 3298 4602 Hamm-

761 4646 1012 4750 ςιιῖηηω
1723 4670 1838 4717 cus,
1865 4651 2049 4706 divina
2078 4649 2295 4703 favente
2321 4646 2638 4710 clementia,
2669 4659 2783 4698 rex.

22 4787 281 4856 Diploma
307 4786 545 4842 Hei'nrici
566 4788 624 4841 II
647 4787 976 4857 imperatoris
999 4788 1063 4842 de
1081 4789 1461 4856 permutatione
1477 4789 1620 4857 facta
1727 4746 1851 4857 *ξ’

307 4825 544 4842 ..υιηηω
566 4825 616 4841 ..
737 4825 976 4841 nunc...
999 4825 1061 4842 μυ
1095 4825 1458 4843 “Humano.”
1503 4825 1612 4841 ..ιια

96 4825 242 4910 inter
285 4857 548 4912 abbatiam
597 4825 777 4913 Sanc'ti
831 4825 1113 4912 Maximin’i
1167 4825 1518 4914 'l'revirenser'n
1571 4869 1612 4912 et

1793 4851 1846 4890 us
1886 4844 1981 4890 aut
2019 4835 2141 4889 aliis
2183 4830 2388 4887 nostris
2431 4830 2680 4884 ﬁdelibus
2712 4828 2853 4882 idem
2891 4825 3192 4879 volentibus
3217 4837 3303 4876 as-

99 4911 521 4982 Slabttlensettta
608 4911 664 4913 Γ
930 4911 935 4912 ⁷
1171 4911 1175 4912 7
1576 4911 1586 4912 γ
1724 4942 1944 4982 sensum
1993 4927 2405 4995 prmlmcrimus,
2464 4936 2570 4976 non
2618 4918 2792 4974 solum
2841 4916 2908 4970 ad
2953 4911 3303 4984 temporalis,

565 5015 742 5086 (Circa
782 5031 872 5070 ³η-
903 5015 1087 5086 1049-)
1727 5034 1912 5073 verum
1942 5019 2104 5073 etiam
2135 5019 2202 5070 ad
2232 5015 2419 5072 aeterni
2459 5013 2609 5084 regni
2637 5008 2979 5067 commodum
3012 5007 3115 5061 hoc
3145 5005 3304 5060 nobis

322 5113 631 5185 βιωτικῆς,
655 5115 828 5181 Ampi.
863 5112 1100 5176 Collect.,
1135 5111 1192 5174 li,
1225 5112 1339 5182 64.]

1793 5110 2067 5164 afuturum
2098 5124 2219 5164 esse
2245 5124 2351 5162 non
2383 5106 2723 5175 ambigimus.
2754 5101 3093 5169 Quapropter
3117 5108 3306 5152 notum

108 5206 170 5260 In
209 5206 423 5258 nomine
451 5213 657 5258 sanctae
703 5213 757 5256 et
807 5202 1095 5256 individuac
1124 5203 1430 5270 Trinitatis,
1463 5200 1623 5256 HEIN-
1726 5205 1797 5259 sit
1828 5203 2080 5259 omnibus
2101 5202 2426 5258 Christiana:
2455 5198 2730 5266 religionis
2755 5197 3054 5251 cultoribus
3078 5209 3310 5265 praesen-

33 5309 217 5358 meus,
235 5295 413 5348 divina
443 5293 657 5347 favente
684 5291 991 5357 clementia,
1022 5292 1336 5362 imperator.
1728 5297 1875 5351 tibus
1917 5296 2168 5351 videlicet
2196 5306 2250 5350 et
2283 5293 2502 5359 futuris,
2532 5290 2764 5362 qualiter
2803 5289 2980 5343 Bruno
3014 5286 3308 5343 Mindensis

114 5385 432 5439 Sublimitas
464 5383 758 5454 imperialis
793 5383 1103 5453 prudentiae
1134 5382 1242 5438 Deo
1277 5384 1624 5438 Servientium
1727 5390 2011 5457 episcopus
2071 5403 2172 5442 nos
2224 5387 2461 5451 adiit,et
2515 5382 2906 5438 monasterium
2960 5395 3026 5435 ex
3073 5379 3308 5449 propriis

35 5476 167 5550 paci
214 5491 277 5530 ac
308 5477 474 5545 quieti
525 5475 850 5530 omnimodis
891 5474 1050 5530 debet
1093 5475 1424 5545 prospicere,
1475 5486 1534 5530 ut
1579 5477 1624 5531 si
1733 5478 2070 5535 bmreditatis
2118 5492 2227 5534 sua:
2275 5478 2453 5544 bonis,
2507 5477 2561 5531 in
2592 5473 2763 5529 insula
2810 5471 3042 5542 quadam
3093 5469 3309 5525 Wisare

117 5609 197 5690 (β)
224 5609 539 5690 _S.u_ggertts,
567 5622 661 5689 seu
702 5607 1008 5690 Suigqerns,
1043 5609 1156 5690 sive
1196 5608 1529 5690 Suidigertts,

1793 5623 1847 5670 ist.
1870 5616 1943 5690 ad
1991 5631 2260 5671 summum
2297 5613 2669 5686 pontiﬁcatum
2718 5618 2957 5676 evectus,
2988 5607 3236 5664 Clemens
3267 5603 3311 5662 Il

37 5678 286 5740 Heinrici
321 5678 660 5759 imperatoris
681 5679 1054 5759 cancellariuf.3
1070 5678 1494 5759 ‘Bamhergensis
1517 5682 1628 5748 epi-
1731 5678 2045 5758 appellatus,

38 5765 248 5821 scapus
292 5747 491 5806 electus
519 5749 718 5804 dicitur
770 5763 911 5803 anno
959 5748 1117 5815 1042,
1160 5747 1612 5818 (ιιιιιειιῖιυιιιιίοςιιε
