3838 6322
597 269 737 329 1093

1919 257 2182 313 MONUM.
2217 256 2482 312 numen.
3652 265 3718 316 ml:

601 385 838 445 ﬁutninis
859 382 1011 453 juxta
1037 378 1257 434 Mindun
1281 375 1474 447 posita,
1505 383 1559 429 et
1590 345 1689 428 sub
1714 380 1976 442 potestate
2006 368 2178 424 sancti
2213 375 2250 426 A
2288 380 2413 433 pum
2439 363 2633 416 adesse
2675 357 2874 429 aliquid
2924 357 3205 427 impediat,
3242 358 3434 416 fratres
3460 373 3723 427 tamenim".

604 478 747 534 Petri
779 471 1005 544 apostoli
1034 468 1358 532 constituta,
1399 467 1454 520 in
1486 466 1697 520 honere
1731 464 1905 519 sancti
1936 463 2179 517 Mauricii

603 567 862 638 martyris
908 563 1289 630 sociorumque
1328 556 1446 634 ejus
1482 567 1536 612 et
1577 557 1801 612 aliorum
1849 564 2181 620 sanctorum,

601 671 655 715 et
675 674 771 730 pro
799 655 970 712 nostri
997 654 1165 725 patris
1187 649 1500 706 Chuonradi
1527 648 1871 719 imperatoris
1897 647 2181 710 memoria,

602 755 692 825 qui
722 752 970 808 eumdem
1004 745 1299 818 pontiﬁcali
1333 745 1594 815 dignitate
1623 742 1954 807 sublimavit,
1992 750 2045 796 et
2087 755 2184 811 pro

603 855 786 902 nostra
817 842 1077 912 sospitate
1121 847 1177 893 et
1219 837 1371 908 regni
1427 833 1598 890 nostri
1649 833 1970 899 stabilitate,
2002 840 2056 886 et
2086 847 2184 902 pro

601 955 660 993 se
685 937 908 1004 suisque
933 928 1366 986 antecessoribus
1389 926 1503 981 sive
1533 924 1940 980 successoribus
1965 923 2186 992 suisque

602 1029 766 1084 etiam
795 1024 1134 1097 parentibus,
1165 1039 1193 1075 a
1226 1019 1382 1074 nobis
1415 1018 1688 1073 licentiam
1723 1025 2041 1072 construere
2077 1016 2185 1087 im-

602 1119 856 1190 petravit,
883 1131 990 1185 quo
1015 1116 1067 1169 in
1090 1113 1210 1168 loco
1233 1111 1397 1165 vitam
1424 1109 1808 1163 monachorum
1835 1105 2184 1169 constituere,

605 1213 919 1279 eisdemque
954 1207 1202 1260 abbatem
1231 1218 1288 1258 se
1318 1201 1546 1256 licenter
1582 1198 1836 1255 ordinare
1870 1212 1969 1253 nos
2000 1206 2187 1267 postu-

604 1305 757 1358 lavit.
787 1302 854 1356 Et
893 1299 1020 1369 quia
1061 1296 1222 1351 ullam
1269 1295 1320 1347 in
1368 1295 1470 1348 hac
1506 1308 1564 1346 re
1607 1291 1906 1346 novitatem
1943 1289 2187 1358 incipere

607 1393 693 1447 vel
719 1405 815 1445 nos
850 1387 1050 1455 aliquid
1077 1384 1271 1440 exinde
1295 1381 1568 1452 postulare
1599 1388 1758 1434 antea
1791 1393 1896 1433 non
1931 1393 2188 1448 praesunt-

611 1481 742 1550 psit,
794 1492 954 1547 quam
1003 1474 1347 1530 monasteriis
1387 1471 1500 1527 suis
1547 1486 1666 1541 quze
1717 1469 1925 1524 invenit
1975 1469 2189 1545 aliquod

609 1571 1041 1641 supplementum
1067 1566 1310 1631 adderet,
1338 1563 1622 1632 locumque
1650 1562 1795 1616 hunc
1823 1561 1924 1615 sub
1948 1569 2188 1614 nostram

611 1660 976 1730 defensionem
1019 1657 1296 1725 suscipere
1341 1669 1441 1709 nos
1478 1652 1706 1724 rogavit.
1739 1650 1905 1721 Cujus
1939 1651 2187 1721 petitioni

2285 455 2406 510 dem
2443 453 2729 508 charitatis
2759 451 3043 505 vocatione
3089 452 3434 518 conveniant,
3473 467 3520 510 ut
3549 476 3619 528 per
3649 467 3722 522 ha.

2286 545 2628 600 concordiam
2651 553 2706 598 et
2727 542 3075 598 dilectionem
3101 543 3155 597 in
3191 542 3288 598 Dei
3311 546 3514 602 servitio
3537 551 3725 613 demissa

2286 637 2681 691 coadunentur.
2729 636 2907 706 Atque
2935 648 2992 691 ut
3022 639 3215 692 eadem
3264 637 3481 694 ecclesia
3518 657 3609 698 cum
3644 651 3726 703 tua}.

2286 729 2400 782 suis
2435 743 2576 783 nunc
2605 728 2673 782 ab
2701 728 2816 796 ipso
2837 729 2891 783 ei
2916 728 3126 783 collatis
3170 729 3259 782 vel
3300 735 3598 798 postmodo
3626 745 3730 795 cesi:-

2289 821 2472 876 rendis
2495 820 2563 874 ab
2587 821 2705 890 ejus
2733 823 3144 878 successoribus
3187 822 3279 876 vel
3316 824 3383 878 ab
3421 825 3523 882 aliis
3545 833 3664 901 magis

2287 921 2416 961 cura
2469 908 2814 975 consisteret,
2859 910 2912 962 iu
2958 911 3406 966 mundiburdium
3434 914 3582 969 Sancti
3604 918 3733 976 Puni:

2291 998 2569 1051 tuitionem
2615 1008 2856 1053 nostram
2884 1009 2938 1055 et
2961 1001 3062 1054 sub
3107 1010 3435 1070 potestatem
3475 1005 3651 1077 episcopi
3681 1013 3733 1066 ini

2288 1090 2430 1144 illius
2461 1090 2762 1145 collocavit.
2793 1091 2998 1146 Idcirco
3027 1103 3219 1146 notum
3263 1093 3335 1146 sit
3371 1096 3586 1149 omnibus
3603 1100 3736 1164 qalr,

2291 1183 2341 1237 id
2375 1183 2548 1254 ipsum
2585 1185 2974 1239 monasterium
3004 1184 3364 1254 ejusdemque
3391 1185 3601 1243 abbatem
3621 1203 3656 1244 et
3674 1193 3736 1246 tr:-

2291 1282 2402 1328 tres
2457 1273 2587 1328 inibi
2640 1283 2924 1331 manentes
2976 1277 3078 1330 sub
3128 1289 3321 1331 nostra
3377 1279 3526 1348 regali
3545 1281 3626 1334 sive
3648 1284 3737 1351 imic-

2290 1362 2409 1416 riali
2457 1378 2945 1434 successurumque
2996 1375 3314 1422 nostrorum
3366 1369 3571 1424 tuitione
3610 1371 3735 1426 detur;

2289 1447 2557 1516 volumus,
2607 1450 2685 1504 sic
2737 1451 2950 1506 scilicet
2999 1459 3058 1505 ut
3108 1453 3293 1508 nullus
3345 1453 3559 1522 ejusdem
3596 1463 3737 1528 θρίεοεςιί

2292 1553 2577 1595 successor
2621 1550 2951 1612 potestatem
2999 1544 3197 1599 habeat
3236 1546 3379 1600 bona
3419 1548 3616 1618 ejusdem
3637 1568 3739 1606 [ηις-ω-

2293 1629 2444 1683 sterii
2479 1631 2660 1716 aliquo
2685 1633 2844 1687 modo
2880 1634 3166 1688 destruere
3189 1647 3286 1689 aut
3315 1637 3554 1693 minuere.
3584 1641 3739 1708 Quam;

607 1753 732 1822 quia
758 1753 905 1822 justa
927 1725 931 1730 ι
953 1766 1016 1804 ac
1039 1748 1288 1818 religiosa
1318 1742 1511 1810 fuerat,
1540 1758 1879 1814 nequaquam
1907 1744 2186 1810 contrarii,
2224 1719 2265 1776 Β
2292 1719 2377 1822 vf“
2400 1719 2602 1822 ille'vel
2639 1722 2778 1778 3”“5
2813 1721 3009 1792 aliquis
3043 1724 3208 1794 huius
3237 1727 3532 1786 (πεδιτυειοῐ
3567 1744 3608 1786 ει
3634 1751 3739 1787 naua:-

607 1844 677 1898 ob
738 1844 1100 1896 interventum
1159 1837 1414 1893 videlicet
1474 1835 1823 1890 familiarium
1872 1843 2185 1891 nostrorum

610 1933 924 1989 Herimanni
977 1929 1321 1986 Coloniensis
1380 1927 1775 1996 archiepiscopi
1835 1935 1888 1980 et
1939 1925 2188 1980 l-lnnfridi

605 2023 1086 2096 Magdelmrgensis
1127 2019 1408 2090 episcopi,
1472 2018 1632 2074 simul
1680 2017 1842 2073 etiam
1893 2034 2016 2072 cum
2064 2030 2192 2072 con-

608 2131 774 2173 sensu
801 2123 1122 2170 casterorum
1153 2123 1464 2167 nostrorum
1498 2110 1737 2165 ﬁdelium
1769 2109 1860 2179 qui
1889 2117 2016 2163 tunc
2051 2117 2191 2164 tem-

609 2209 758 2280 poris
785 2215 1082 2278 praesentes
1112 2205 1425 2270 adfuerunt,
1468 2204 1754 2274 praefatum
1793 2205 2190 2259 monasterium

608 2310 928 2356 construere
955 2307 1011 2354 et
1035 2299 1392 2354 monasticam
1436 2297 1607 2350 vitam
1651 2296 2014 2366 abbatemque
2059 2296 2191 2351 inibi

608 2391 941 2448 constituere
976 2389 1049 2444 illi
1079 2388 1453 2460 permisimus.
1487 2385 1642 2452 Quod
1679 2401 1804 2440 cum
1848 2385 2044 2440 merito
2074 2384 2192 2454 ejus

612 2480 882 2536 desiderio
939 2479 1419 2549 permitteremus,
1469 2491 1535 2530 eo
1588 2485 1770 2530 tamen
1819 2473 2007 2547 majori
2055 2473 2194 2530 ﬁdu-

612 2573 694 2626 cia
724 2581 847 2626 voto
872 2570 1041 2640 ipsius
1071 2569 1469 2634 consensimus,
1487 2566 1630 2636 quia,
1659 2565 1799 2622 Sicut
1821 2567 2190 2637 praediximus,

614 2661 755 2717 idem
785 2662 1070 2731 episcopus
1099 2661 1151 2713 in
1179 2658 1366 2729 primis
1395 2657 1542 2712 sedis
1569 2671 1680 2711 sua:
1707 2657 1994 2726 primatem
2021 2657 2195 2713 eccle-

613 2754 749 2808 siam
813 2752 1150 2820 fratrumque
1205 2765 1428 2806 suorum
1485 2746 1770 2818 prandium
1829 2748 2030 2804 ibidem
2085 2748 2194 2804 Deo

614 2854 914 2915 sanctoque
960 2843 1122 2899 Petro
1155 2843 1534 2897 famulantium
1564 2841 1642 2897 ‘de
1682 2841 2042 2897 hatreditariis
2081 2843 2196 2898 suis

611 2937 770 2991 bonis
791 2937 1020 3006 benigne
1062 2935 1303 2988 adauxit.
1353 2933 1422 2987 Et
1475 2932 1582 2986 duo
1619 2931 1966 2997 monasteria,
1995 2941 2195 2987 sancta:

612 3027 795 3082 Mariae
842 3026 1090 3080 videlicet
1131 3033 1186 3078 et
1229 3022 1400 3078 sancti
1446 3020 1694 3085 Martini,
1741 3021 1808 3075 ab
1847 3014 2192 3091 aIIICCCSSOI‘c
2219 3056 2264 3118 C

611 3136 711 3176 suo
746 3119 1030 3190 Sigeberto
1059 3117 1277 3188 episcpo
1309 3116 1562 3186 incoepta,
1596 3115 1698 3169 iste
1722 3112 1948 3169 alterum
1975 3129 2193 3168 eorum-

613 3213 737 3268 dem
769 3211 916 3281 quod
959 3220 1042 3266 est
1083 3217 1285 3264 sanctae
1323 3207 1507 3260 Mariae
1543 3214 1598 3260 et
1635 3220 1801 3274 opere
1829 3213 1883 3258 et
1910 3219 2194 3259 consecra—

613 3302 760 3356 tione
784 3299 1200 3363 consummavit,
1241 3298 1470 3375 alterum
1514 3296 1692 3351 sancti
1733 3294 1948 3350 Martini
1975 3310 2194 3350 veroex

612 3401 769 3463 parte
822 3392 1013 3448 devote
1062 3398 1552 3461 augmentaverat,
1603 3385 1817 3456 aliaque
1862 3386 2196 3439 monasteria

611 3501 733 3555 qum
761 3486 814 3539 in
842 3485 1160 3554 episcopatu
1192 3481 1309 3550 ejus
1339 3481 1440 3536 sub
1466 3495 1564 3534 suo
1584 3477 1709 3548 jure
1737 3487 1916 3542 erant,
1949 3487 2004 3532 et
2029 3492 2195 3548 pran-

612 3576 700 3636 dia
733 3574 807 3629 ibi
847 3575 956 3628 Deo
985 3573 1341 3628 servientium
1393 3569 1532 3624 ﬁdeli
1582 3569 1848 3623 charitatc
1903 3565 2192 3636 supplevit,

614 3675 884 3736 quatenus
912 3673 1097 3718 votum
1128 3679 1285 3719 suum
1315 3664 1367 3716 in
1395 3664 1495 3717 hoc
1525 3676 1740 3733 quoque
1768 3658 2101 3714 monasterio
2130 3673 2196 3713 eo

614 3755 806 3824 majori
863 3754 1056 3808 ﬁducia
1108 3753 1445 3822 postmodum
1507 3751 1764 3820 expedire
1819 3757 2035 3818 posset,
2088 3763 2195 3818 quo

615 3846 870 3903 ecclesiis
903 3845 1016 3900 suis
1074 3861 1210 3914 quas
1256 3844 1467 3898 invenit
1508 3843 1833 3897 utilitatibus
1876 3849 2035 3895 antea
2075 3855 2198 3910 pro-

616 3936 824 3992 desset.
855 3932 936 3988 Ad
963 3932 1104 3988 idem
1145 3948 1274 3988 vero
1318 3932 1708 3986 tnonasterium
1737 3947 1801 3987 ex
1831 3932 2061 4002 propriae
2091 3931 2200 3986 ha:-

617 4025 864 4081 reditatis
891 4039 1005 4080 sua:
1034 4010 1350 4078 bonis‘sive
1389 4032 1441 4076 et
1472 4038 1538 4077 ex
1582 4022 1702 4076 aliis
1738 4037 2076 4092 quaecunque
2111 4037 2200 4076 ac-

617 4119 836 4189 quirere
865 4115 1041 4186 potuit
1075 4113 1457 4169 collationibus
1496 4113 1772 4183 octoginta
1815 4128 2034 4168 mansos
2073 4128 2198 4169 eum

616 4209 924 4278 mancipiis,
955 4204 1116 4270 villis,
1151 4207 1315 4272 areis,
1349 4205 1611 4271 aediﬁciis,
1643 4205 1811 4276 agris,
1846 4205 2004 4261 terris
2034 4205 2200 4262 cultis

616 4312 671 4358 et
696 4301 934 4365 incultis,
962 4300 1068 4354 viis
1091 4308 1146 4354 et
1173 4297 1354 4363 inviis,
1394 4297 1630 4353 exitibus
1657 4307 1712 4353 et
1737 4297 2022 4361 reditibus,
2055 4314 2199 4368 quae-

2293 1809 2444 1863 sterii
2495 1809 2872 1882 bonorumque
2913 1829 3146 1882 {suorum
3201 1817 3487 1888 dissipator
3532 1838 3626 1878 vere
3654 1831 3738 1882 sar.

2294 1901 2418 1970 quia
2477 1901 2659 1958 abbati
2703 1904 3078 1977 fratribusque
3125 1908 3332 1965 ibidem
3362 1912 3468 1967 Deo
3506 1917 3739 1970 servientis.-

2295 1990 2348 2044 in
2389 1991 2545 2048 nobis
2596 1994 2908 2064 nostrisque
2952 2000 3370 2056 successoribus
3409 2010 3738 2062 certumesse

2294 2081 2581 2152 refugium.
2613 2083 2679 2137 Et
2709 2093 2768 2138 ut
2795 2085 2897 2141 hoc
2921 2097 3124 2143 nostr:e
3149 2092 3508 2147 concessionis
3531 2107 3736 2163 [inceptu

2295 2187 2391 2241 per
2409 2188 2571 2228 omne
2595 2183 2804 2246 tempus
2829 2177 3024 2233 stabile
3050 2191 3374 2248 permaneat
3399 2192 3449 2238 et
3475 2183 3736 2242 inconvulsw.

2211 2279 2214 2283 ·
2297 2265 2436 2319 hanc
2479 2267 2733 2336 paginam
2785 2267 2911 2324 inde
2955 2273 3327 2342 conscriptam
3375 2275 3622 2344 subtusquc
3653 2293 3739 2328 nam

2295 2359 2515 2429 propria
2545 2360 2954 2417 corroboratam
2986 2364 3150 2436 sigilli
3183 2367 3358 2422 nostri
3386 2368 3663 2438 impressione
3678 2372 3738 2437 μιν

2295 2451 2466 2505 simus
2489 2451 2755 2522 insigniri.

2367 2541 2558 2596 Datum
2589 2543 2801 2599 decimo
2831 2543 3108 2602 Kalendas
3148 2546 3450 2615 Februarii,
3494 2564 3604 2603 anno
3629 2548 3731 2603 Dom-

2296 2633 2432 2690 nica:
2460 2634 2857 2718 lncarnationis
2893 2638 3052 2705 1045,
3083 2640 3386 2696 indictione
3413 2659 3483 2709 xl,
3513 2657 3620 2698 anno
3640 2656 3736 2695 am

2296 2727 2479 2784 domni
2511 2729 2753 2786 lleinrici
2788 2732 3156 2789 ordinationis
3177 2750 3269 2801 xv,
3307 2738 3448 2807 regni
3470 2751 3643 2790 veram

2365 2817 2559 2873 Actum
2585 2819 2813 2877 Goslare
2840 2821 2891 2876 in
2917 2823 3012 2878 Dei
3039 2825 3263 2880 nomine
3293 2824 3507 2879 feliciter
3543 2826 3678 2878 Amen.

2369 2911 2663 2982 Adelgerus
2706 2915 3068 2975 cancellarius
3107 2920 3226 2975 vice
3260 2919 3508 2975 Bardonis
3529 2917 3735 2984 archicapci-

2299 3001 2407 3056 lani
2442 3007 2772 3076 recognovit.

3042 3104 3135 3158 IX.

2482 3189 2818 3262 Privileginm
2849 3212 2943 3264 pro
2975 3200 3299 3252 monasterio
3322 3197 3640 3264 Ilen’fordenn’.

2891 3289 3070 3356 (Anno
3105 3288 3295 3360 lost.)

2659 3375 2924 3448 [Eanum
2951 3375 3083 3432 Cod.
3109 3379 3358 3449 diplom.,
3380 3380 3510 3452 HL]

2369 3465 2430 3521 Ο.
2481 3467 2535 3521 ln
2587 3469 2804 3524 nomine
2857 3480 3062 3525 sancta:
3132 3480 3186 3524 et
3228 3472 3502 3528 individua:
3551 3470 3733 3524 Trinitas

2300 3555 2616 3625 llemmcus,
2650 3559 2830 3614 divina
2865 3559 3081 3616 favente
3111 3562 3419 3631 clementia,
3451 3579 3544 3618 rex.

2371 3649 2426 3704 Si
2461 3652 2622 3722 regite
2655 3652 2998 3710 liberalitatis
3033 3656 3400 3712 muniﬁcentia
3428 3657 3542 3712 locis
3561 3656 3638 3709 Deo
3658 3655 3734 3706 diu

2303 3741 2370 3795 tis
2407 3742 2662 3812 quiddam
2714 3744 3066 3808 conferimus,
3120 3757 3175 3802 et
3221 3749 3290 3803 ad
3334 3745 3732 3818 temporale-mutes!

2301 3840 2354 3886 et
2394 3841 2653 3886 aeternam
2699 3835 2856 3890 nobis
2887 3837 3234 3904 prefutnrnm
3260 3854 3381 3894 esse
3409 3837 3579 3907 liquido
3605 3832 3735 3888 conlidi-

2301 3940 2442 3980 mus.
2471 3923 2812 3997 Quapropter
2855 3929 3101 3983 omnium
3149 3929 3355 3986 Christi
3408 3929 3630 3996 nostrique
3663 3923 3731 3974 idr-

2304 4018 2437 4074 lium
2475 4029 2581 4075 tam
2621 4020 2927 4078 futurorum
2957 4038 3121 4093 quam
3143 4024 3480 4094 praesentium
3513 4018 3667 4075 solertia

2302 4111 2463 4178 verit,
2516 4112 2751 4180 qualiter
2786 4128 2886 4168 nos
2921 4115 3193 4185 praecipue
3231 4130 3330 4185 pro
3371 4128 3530 4170 amore
3567 4109 3683 4164 divino
3704 4115 3731 4154 tt

2301 4200 2498 4256 anima:
2523 4213 2723 4258 nostra:
2747 4205 3012 4270 remedio,
3047 4214 3160 4262 tum
3185 4208 3257 4263 ob
3285 4209 3598 4263 interventum
3617 4199 3730 4252 ditat:

2302 4294 2624 4349 contectalis
2653 4305 2855 4352 nostra:
2886 4299 3111 4367 Agnetis
3137 4299 3361 4368 reginae,
3399 4294 3607 4367 quasdam
3630 4291 3728 4341 rem

617 4395 738 4450 sitis
782 4403 836 4448 et
878 4390 1235 4461 inquirendis,
1284 4391 1479 4461 pratis,
1530 4391 1773 4458 pascuis,
1824 4390 1996 4455 silvis,
2040 4391 2197 4460 aquis
2225 4386 2737 4454 Danlecessoribus
2796 4390 2999 4444 nostris
3050 4391 3270 4462 regibus
3327 4392 3405 4447 vel
3449 4382 3726 4460 impertisti“

616 4495 992 4556 aquarumque
1021 4483 1361 4548 decursibus,
1413 4483 1826 4554 piscationibus,
1878 4483 2200 4541 tnolendinis

617 4584 674 4630 et
702 4562 931 4630 utilitate
960 4571 1243 4625 silvarum.
1266 4569 1379 4625 Nec
1407 4585 1513 4626 non
1546 4587 1670 4626 cum
1713 4573 1965 4628 omnibus
1996 4587 2200 4643 appen-

569 4692 573 4696 ι
618 4668 775 4722 diciis
805 4681 925 4736 qua:
955 4665 1060 4720 dici
1093 4675 1185 4718 aut
1214 4664 1490 4719 nominari
1530 4674 1780 4733 possunt,
1822 4665 2047 4721 tradidit
2072 4682 2197 4737 per-

617 4759 908 4830 petualiter
953 4756 1027 4810 ibi
1070 4755 1462 4824 permanenda,
1519 4756 1762 4825 exceptis
1817 4754 1900 4810 bis
1952 4771 2074 4825 qua:
2119 4756 2200 4810 vel

619 4850 754 4920 ipse,
786 4849 896 4904 Deo
931 4846 1256 4916 opitulante.
1307 4856 1494 4916 postea
1541 4847 1824 4916 acquirere
1858 4847 2077 4916 poterit,
2117 4847 2199 4901 vel

616 4941 906 4997 collatione
932 4937 1169 4992 ﬁdelium
1211 4940 1336 4993 huic
1378 4941 1669 5007 provenire
1696 4940 1901 5010 possint
1931 4940 2196 5004 ecclesiae,

618 5033 747 5101 quin
776 5033 940 5086 etiam
967 5031 1188 5100 triginta
1223 5046 1449 5087 mansos
1476 5041 1534 5086 et
1563 5032 1837 5100 octoginta
1879 5041 2061 5085 aratra
2103 5032 2197 5085 de-

617 5123 968 5176 eiulationum
1007 5121 1074 5176 de
1119 5124 1440 5179 monasterii
1493 5124 1682 5178 Sancti
1732 5123 1875 5178 Petri
1921 5124 2078 5179 bonis
2133 5125 2200 5179 ad

621 5212 1054 5281 supplementum
1100 5213 1277 5269 cidem
1319 5215 1651 5270 monasterio
1687 5215 2034 5270 condonavit.
2061 5216 2201 5270 Con-

621 5303 797 5356 stituit
840 5319 1056 5373 qnoque
1097 5314 1154 5357 ut
1194 5319 1291 5373 per
1332 5303 1579 5374 singulos
1623 5319 1796 5360 annos
1823 5304 1874 5358 in
1909 5305 2202 5358 festivitate

621 5395 794 5450 sancti
829 5395 1069 5450 Mauricii
1108 5397 1350 5466 ejusdem
1381 5397 1528 5452 sedis
1561 5396 1846 5466 episcopus
1869 5411 1990 5451 cum
2021 5395 2204 5450 fratri-

620 5488 724 5542 bus
753 5487 1065 5540 monasterii
1092 5486 1277 5540 Sancti
1309 5486 1457 5541 Petri
1497 5489 1566 5540 ad
1610 5485 1979 5561 supradictum
2017 5500 2205 5539 monao

621 5578 848 5633 sterimn
876 5561 1059 5633 veniat
1103 5595 1165 5633 ac
1209 5579 1498 5634 missarum
1541 5579 1800 5633 solemnia
1837 5579 2071 5634 celebret
2101 5579 2202 5632 ibi-

620 5686 726 5742 que
755 5670 1072 5739 prandendo
1099 5671 1419 5726 cbaritatem
1454 5671 1768 5739 adimpleat.
1816 5670 1882 5727 Et
1918 5673 1959 5726 si
1988 5671 2201 5740 cpisco-

2309 4465 2639 4532 monasterio
2688 4477 3072 4537 llerivordensi
3117 4483 3169 4538 in
3227 4485 3473 4540 honorem
3515 4487 3653 4536 sancti
3679 4469 3724 4522 [ξι

2303 4570 2598 4638 genitricis
2638 4580 2916 4642 perpetua:
2957 4574 3188 4645 virginis
3233 4577 3410 4632 Maria:
3446 4575 3680 4631 constructo.
3702 4571 3727 4609 τι

2303 4664 2478 4718 beatze
2523 4665 2760 4720 Bosinne
2810 4667 3169 4736 corporaliter
3213 4669 3344 4724 inibi
3380 4654 3723 4738 quiescenduinai

2301 4755 2508 4810 scilicet
2568 4765 2750 4811 curtes
2801 4755 3153 4813 Overanberb
3207 4771 3264 4814 et
3309 4747 3665 4815 Liutwinestlorf.
3696 4758 3718 4789 ι·Δ

2303 4863 2460 4902 usum
2506 4849 3002 4904 sanctimonialium
3031 4850 3141 4906 Deo
3169 4852 3365 4906 ibidem
3391 4833 3721 4904 fantulantiaadr

2304 4946 2407 5004 ωε»
2458 4948 2661 4995 nostrae
2710 4941 3054 4997 auctoritatis
3107 4959 3372 4998 renovare
3406 4937 3581 5009 scriptis
3599 4942 3634 4986 et
3655 4942 3720 4979 ωε·

2303 5031 2520 5088 ﬁrmare
2550 5034 2842 5098 voluimus,
2873 5035 3007 5089 sitas
3037 5036 3090 5090 in
3127 5052 3266 5106 pago
3290 5027 3718 5105 Angeresgauwctth?

2303 5127 2564 5181 comitatu
2615 5125 2945 5182 Witechindi
2997 5129 3251 5192 comitis,
3301 5145 3415 5185 cum
3451 5122 3634 5181 omnibus
3666 5123 3717 5159 58?:

2306 5217 2685 5283 appendicits,
2731 5217 2832 5270 hoc
2886 5227 2968 5270 est
3016 5219 3303 5288 utriusque
3356 5232 3495 5275 sexus
3534 5197 3717 5264 nuncmih-

2306 5306 2472 5370 arei's,
2527 5306 2796 5372 aediﬁciis,
2842 5309 3002 5362 terr-is
3041 5308 3206 5364 cultis
3233 5321 3286 5365 et
3316 5307 3517 5368 incultis,
3537 5307 3657 5366 ρηιιετ
3673 5300 3716 5348 β’

2306 5397 2472 5465 scuis,
2507 5399 2664 5467 aquis
2693 5414 3068 5470 aquarumque
3097 5401 3428 5459 decursibus.
3465 5393 3595 5451 molis,
3609 5383 3714 5436 me”

2306 5491 2468 5554 diuis.
2512 5491 2939 5561 piscationibus,
2988 5493 3165 5560 silvis,
3213 5490 3558 5550 γεηθιίοιηδυς,
3585 5471 3712 5578 exitiis

2306 5590 2360 5637 et
2387 5582 2667 5647 reditibus,
2716 5583 2820 5638 viis
2859 5593 2913 5639 et
2959 5584 3142 5651 inviis,
3175 5586 3408 5654 qnzesitis
3432 5575 3713 5642 etinquirews-

2307 5689 2429 5729 cum
2463 5674 2607 5728 omni
2638 5673 2871 5730 utilitate
2899 5691 3018 5744 qua:
3047 5675 3158 5730 ullo
3197 5677 3354 5731 modo
3382 5672 3482 5728 inde
3503 5667 3632 5738 ροιετοι
3652 5659 3707 5713 pic--
