3838 6322
0 292 118 345 l""7

27 321 84 345 υ]

0 407 180 460 venire.
236 401 312 455 Ea
364 399 607 453 videlicet
652 399 878 461 ratione,
924 405 982 450 ut
1023 397 1274 465 prmdieta
1318 401 1431 449 loca
1492 395 1545 447 in
1579 408 1623 462 Α

0 513 131 552 usuin
181 491 671 548 sanctimonialium
706 492 836 546 inihi
871 491 1113 546 omnium
1159 497 1364 542 remota
1419 503 1549 542 con-

0 586 302 640 tradictione
325 582 709 653 perpetualiter
748 589 1054 642 teneantur,
1091 579 1220 632 nulli
1252 579 1304 632 in
1342 577 1546 632 beneﬁ-

6 677 114 730 :ium
147 673 467 745 prtestanda.
496 672 627 727 lllud
652 671 814 726 etiam
843 687 963 724 cum
1005 678 1410 723 antecessorum
1452 682 1548 719 no-

0 779 204 821 ,trorum
231 765 518 820 tradilione
543 772 597 817 et
619 762 1001 831 astipulatione
1039 760 1270 829 benigne
1299 757 1548 813 concedi-

0 874 91 911 nus
130 866 182 911 et
220 856 642 921 conﬁrmamus,
699 863 756 907 ut
801 852 1240 908 sanctimoniales
1277 851 1408 904 inibi
1440 851 1546 903 Deo

0 946 296 1000 ‘anndantes
349 944 631 998 arbitrium
685 951 740 998 et
797 949 1121 1013 potestatem
1172 941 1409 996 habeant
1449 940 1545 994 eli-

0 1036 128 1105 ;endi
200 1035 573 1098 abbatissam,
639 1049 761 1087 cum
821 1033 1074 1102 quaelibet
1122 1046 1310 1086 earum
1365 1030 1542 1086 locum

5 1138 148 1181 uorte
178 1127 539 1182 intercidente
571 1125 884 1188 mutaverit,
913 1133 969 1179 et
997 1133 1057 1177 ut
1086 1124 1231 1178 nulla
1257 1121 1541 1191 judiciaria

0 1233 194 1272 iersona
240 1218 291 1272 in
343 1219 430 1272 his
485 1233 605 1287 qua:
646 1219 889 1273 eamdem
939 1217 1221 1273 ecclesiam
1268 1220 1543 1271 continere

0 1312 228 1374 'ideatnr,
286 1310 371 1365 vel
424 1320 669 1375 exactor,
723 1309 806 1365 vel
847 1311 1094 1380 publicus
1143 1308 1302 1378 judex
1353 1323 1543 1363 causas

0 1415 124 1468 igere
152 1399 233 1452 vel
281 1398 432 1453 l‘reda
476 1400 718 1468 exigere,
767 1415 861 1455 seu
909 1401 975 1454 ad
1024 1400 1333 1454 mansiones
1362 1399 1444 1453 vel
1475 1399 1540 1451 ad

0 1487 233 1554 lnodlibet
274 1488 642 1543 ministerium
683 1489 1010 1558 compellere
1061 1499 1384 1559 przesumat,
1435 1489 1538 1543 nisi

9 1581 248 1632 dvoeatns
293 1593 458 1646 quem
511 1578 755 1647 ejusdem
809 1580 911 1634 loci
961 1580 1188 1650 elegerit
1237 1580 1535 1644 abbatissa,

0 1683 196 1720 acorum
266 1668 492 1737 quidem
571 1670 762 1722 horum
823 1669 1070 1724 homines
1128 1684 1158 1723 a
1219 1679 1537 1724 emterorum

0 1757 190 1808 umnium
235 1756 494 1811 distrietu
536 1757 646 1812 sint
680 1757 860 1812 liberi.
909 1758 974 1812 Et
1005 1767 1063 1812 ut
1094 1758 1208 1812 haec
1245 1758 1406 1828 regia:
1444 1773 1540 1812 no-
1573 1756 1616 1813 Β

2 1857 82 1898 me
101 1846 410 1902 traditionis
443 1858 497 1902 et
525 1848 953 1904 conﬁrmationis
1002 1850 1302 1904 auctoritas
1328 1850 1539 1904 stabilis

4 1949 18 1991 t
48 1939 354 1995 inconvulsa
386 1941 534 1995 omni
579 1957 695 1996 aevo
725 1952 1064 2011 permaneat,
1109 1943 1250 1996 hanc
1292 1942 1539 1997 chartam

0 2032 82 2086 mle
106 2033 480 2103 conscriptam
507 2049 670 2088 manu
712 2035 954 2105 propria,
1006 2043 1063 2089 ut
1111 2033 1250 2088 infra
1301 2033 1536 2098 videtur,

0 2126 372 2181 orroborantes
419 2126 582 2197 sigilli
644 2127 816 2181 nostri
860 2126 1124 2196 jussimus
1183 2127 1540 2197 impressione

0 2217 161 2286 igniri.

34 2311 240 2377 Signum
269 2311 460 2364 domui
514 2309 751 2364 Ilein'rici
780 2311 966 2382 tertii(
997 2309 1058 2364 L.
1097 2309 1201 2380 Μ.)
1233 2310 1366 2379 regis
1404 2310 1537 2364 inri-

1 2399 191 2452 tissimi.
216 2400 256 2469 ἦ·
283 2398 409 2453 CR.
437 2399 478 2467 ’1-

33 2488 401 2543 Theodericus
427 2489 785 2544 cancellarius
811 2491 928 2545 vice
948 2490 1212 2546 Bardonis
1242 2492 1535 2546 archican-

0 2582 150 2636 irllarii
185 2583 530 2652 recognovit.

32 2675 149 2729 Data
177 2693 248 2730 γει
281 2675 408 2730 Kal.
441 2675 587 2740 Oct.,
633 2693 779 2730 anno
821 2676 1113 2732 Ποιηῑηὶοω
1143 2677 1540 2732 lncarnationis

0 2767 106 2831 0H,
138 2768 444 2822 indictione
491 2784 600 2832 xtl;
662 2784 806 2823 anno
843 2780 1024 2824 autem
1078 2769 1258 2823 dontni
1297 2768 1535 2824 lleinrici

0 2860 95 2913 :rtii
118 2861 490 2914 ordinationis
513 2860 632 2930 ejus
653 2877 789 2922 xvn,
823 2861 972 2932 regni
998 2876 1126 2916 vero
1151 2877 1224 2916 vt.

27 2952 204 3007 Actum
229 2952 571 3024 Aquisgrani
602 2954 654 3008 iu
687 2953 780 3008 Dei
814 2953 1032 3009 nomine
1061 2953 1312 3010 feliciter.
1345 2957 1536 3010 Amen.

715 3087 785 3142 Χ.

0 3178 298 3247 'onﬁrmatio
338 3182 727 3250 privilegiorum
773 3193 820 3236 et
858 3185 1065 3252 jurinm
1107 3183 1415 3238 Mantuano:
1444 3184 1543 3238 Ec-

24 3252 183 3305 clesia:
220 3253 372 3322 facta
418 3254 482 3305 ab
525 3252 754 3307 Henrico
789 3254 910 3318 Ill,
945 3253 1239 3309 Germania:
1279 3267 1325 3309 ct
1371 3254 1546 3309 ltatia:

30 3337 154 3390 rege.

1573 3103 1615 3160 C

559 3411 736 3482 (Anno
776 3413 953 3484 (015.)

247 3502 595 3575 [ΜυῖιΑτοηῃ
629 3504 802 3575 Antiq.
837 3504 964 3558 Ital.
997 3504 1082 3568 Vl,
1114 3503 1264 3576 alii]

27 3593 76 3647 In
106 3596 329 3650 nomine
359 3605 558 3650 saneta:
583 3607 638 3649 et
666 3596 952 3651 individua:
983 3596 1283 3651 Trinitatis.
1323 3595 1546 3650 "stant-

0 3702 66 3746 εδ,
93 3687 276 3743 divina
305 3687 520 3742 favente
543 3687 850 3754 clementia,
887 3703 1000 3744 rex.

27 3778 77 3834 Si
111 3780 161 3833 in
191 3782 432 3835 sacratis
465 3781 818 3847 omnipotenti
854 3781 963 3835 Deo
992 3781 1126 3836 locis
1156 3798 1184 3836 a
1216 3781 1542 3851 quibuslibet

0 3872 202 3928 esolatis
249 3873 678 3943 recnperalionis
715 3885 1061 3946 augmentum
1099 3875 1188 3946 pio
1225 3876 1406 3930 favore
1438 3876 1543 3928 lar~

0 3969 142 4033 imur,
178 3969 227 4023 id
285 3970 439 4024 nobis
467 3980 524 4023 et
559 3970 626 4023 ad
656 3970 865 4038 imperii
905 3969 1075 4024 nostri
1121 3969 1539 4024 stabilimentum

0 4069 108 4128 tque
140 4062 206 4115 ad
240 4071 460 4115 acterna:
489 4061 944 4116 remunerationis
973 4062 1394 4117 emolumentum
1425 4077 1542 4117 ere-

0 4153 124 4208 inms
160 4151 527 4224 profuturum.
568 4151 908 4224 Quapropter
947 4153 1186 4208 omnium
1213 4163 1413 4208 saneta:
1448 4152 1539 4207 Dei

2 4246 224 4312 cclesim,
261 4255 688 4314 nostrorumque
723 4245 984 4311 ﬁdelium,
1017 4245 1360 4316 praesentium
1397 4244 1542 4300 scili-

0 4346 38 4389 3t
63 4353 123 4391 ae
160 4339 494 4401 futurorum,
530 4338 739 4391 noverit
780 4337 1106 4393 universitas
1140 4335 1281 4408 quod
1315 4335 1542 4391 Marcia-

0 4443 51 4480 us
76 4437 283 4482 sancta:
312 4427 616 4482 Mantuanae
642 4428 786 4484 sedis
811 4430 1114 4500 episcopus,
1142 4439 1382 4485 nostram
1411 4427 1543 4482 adiit
1577 4451 1619 4504 ι)

0 4521 316 4583 cmentiam,
351 4520 628 4589 postulans
665 4530 720 4574 ut
757 4536 854 4590 pro
891 4521 984 4577 Dei
1019 4536 1203 4576 amore
1239 4530 1541 4591 nostrmque

0 4613 142 4667 ninia.-
190 4613 436 4667 remedio
474 4614 540 4667 ad
580 4614 1042 4670 conﬁrmationem
1075 4615 1156 4669 vel
1188 4614 1540 4668 restauration

0 4717 72 4754 em
111 4703 357 4756 omnium
397 4718 619 4757 suorum
659 4705 919 4759 bonorum
969 4717 1164 4759 nostra:
1203 4704 1542 4760 auctoritatis

0 4802 280 4861 rzeeeptum
345 4807 456 4848 sum
509 4793 764 4850 Ecclesiae
815 4796 1113 4850 concedere
1173 4795 1536 4864 tlignar.:nmr.

1 4879 111 4947 ujns
161 4883 416 4952 precibus
457 4884 728 4949 inclinati,
775 4901 872 4955 per
917 4886 1277 4941 interventum
1329 4900 1542 4954 quoque

4 4971 268 5026 erimanni
302 4974 472 5028 nostri
505 4973 837 5030 dilectissimi
865 4975 1257 5047 archiepiscOpi
1284 4985 1338 5030 et
1365 4977 1542 5030 archi-

0 5064 286 5131 tncellarii,
315 5077 369 5120 et
396 5065 664 5121 Brnnonis
695 5068 862 5122 nostri
895 5069 1250 5124 amantissimi
1281 5070 1540 5139 episcopi,

0 5155 184 5211 benter
229 5159 640 5229 acquiescentes
669 5179 680 5213 :
715 5171 769 5214 et
801 5159 1055 5230 quoniam
1092 5161 1308 5230 dignum
1338 5171 1440 5226 est,
1477 5177 1542 5214 ne

0 5260 40 5300 es
78 5247 444 5304 Eceiesiarum
483 5251 575 5306 Dei
617 5265 648 5304 a
689 5251 1018 5319 quibuslibet
1048 5251 1444 5321 depradentur,
1485 5262 1542 5306 ut

0 5339 21 5390 b
49 5353 236 5394 earnm
267 5341 494 5408 ditione,
521 5343 663 5413 quod
692 5357 922 5413 nequam
965 5352 1049 5398 cst
1081 5341 1416 5409 auferantur,
1449 5345 1541 5400 de-

0 5429 226 5486 revimus
281 5435 458 5489 eidem
506 5435 794 5489 Mantuane
841 5436 1172 5507 episcopatui
1217 5452 1408 5493 omnes
1456 5453 1541 5495 res

0 5534 89 5575 uas
121 5525 280 5581 nteilo
309 5527 386 5582 de
407 5527 560 5583 denis
592 5543 774 5600 regum
802 5544 894 5584 seu
928 5531 1313 5597 imperatorum
1341 5534 1542 5604 praede-

0 5627 228 5671 ?ssorum
274 5629 606 5685 nostrorum,
638 5621 718 5677 vel
755 5622 862 5678 alio
901 5625 1142 5694 quolibet
1183 5625 1341 5680 modo
1370 5635 1538 5692 tenet,

0 5702 37 5755 el
66 5719 204 5774 quas
240 5712 356 5766 sine
387 5711 501 5781 lege
531 5715 872 5782 potestative,
905 5715 986 5772 vel
1024 5734 1143 5775 eum
1181 5720 1376 5774 virtute
1414 5733 1538 5788 per-

277 5821 529 5883 PnnOL
585 5827 728 5890 CLI.

1182 279 1527 338 liENﬂ‘lCUS
1556 281 1616 334 lll
1641 280 1779 335 IMP.

3102 280 3234 335 1098

1651 393 1789 445 ditas
1834 391 2036 443 habere
2073 390 2303 444 videtur.
2354 391 2610 446 Videlicet
2657 399 3042 445 monasterium
3092 395 3235 460 quod

1651 480 1850 533 factum
1886 488 1969 532 est
2011 479 2061 531 in
2095 479 2298 534 honore
2346 492 2658 534 sanctorum
2690 479 2962 544 Memoris,
2997 480 3151 536 Probi
3179 495 3238 537 et

1650 569 1867 637 Ruﬂini,
1904 586 2027 625 cum
2061 572 2312 627 omnibus
2360 574 2471 628 suis
2502 574 2842 642 adjacentiis,
2877 575 3084 631 scilicet
3113 564 3234 631 cum

1648 677 1807 732 aqua,
1846 676 1964 730 quae
2007 662 2206 716 dicitur
2246 662 2561 726 Mnlinelles,
2597 679 2718 718 eum
2762 665 2874 719 suis
2917 665 3234 721 decursibus

1648 754 1715 808 de
1745 752 1837 808 illo
1867 753 2004 818 loco,
2025 753 2167 807 unde
2193 753 2378 808 eadem
2407 769 2543 823 aqua
2571 756 2833 826 originem
2859 757 3043 824 sumit,
3067 775 3238 828 usque

1649 844 1701 897 in
1741 843 1920 898 Mincii
1965 859 2202 908 amnem,
2238 853 2293 899 et
2331 859 2395 898 ex
2430 855 2658 914 utraque
2694 845 2870 900 lectuli
2914 857 3068 917 parte
3105 849 3238 902 duo-

1647 927 1821 982 decim
1877 931 2072 998 pedes,
2129 944 2251 984 emn
2303 930 2553 984 omnibus
2603 933 2940 1002 pertinentiis
2994 935 3237 1003 ejusdem

1647 1021 1985 1084 monasterii,
2030 1036 2151 1074 eum
2198 1022 2441 1077 eurtibus
2495 1024 2656 1077 etiam
2692 1024 2746 1077 in
2787 1024 3085 1082 Veronensi
3147 1026 3239 1081 Vi-

1646 1114 1883 1176 eentino,
1914 1112 2223 1178 Mantuano,
2253 1113 2519 1176 Brisiano,
2553 1114 2890 1181 Placentino,
2923 1116 3235 1184 Mutinensi,

1646 1211 1806 1270 atque
1842 1202 2192 1257 Cremonensi
2237 1204 2583 1258 comitatibus
2623 1205 2761 1268 sitis,
2796 1222 2914 1272 qua:
2953 1207 3022 1259 ita
3066 1209 3238 1262 nomi-

1645 1303 1862 1358 nantur,
1907 1293 2187 1365 Bagniolo,
2225 1294 2470 1361 Colonia,
2515 1304 2566 1350 et
2613 1296 2666 1349 in
2707 1296 2936 1350 circuitu
2980 1295 3232 1359 ﬂmninis,

1644 1383 1786 1451 quod
1822 1383 2019 1438 dicitur
2049 1383 2232 1454 Capud
2276 1385 2521 1454 Alponis,
2562 1385 2806 1452 Puliana,
2849 1387 3064 1452 Alonte,
3105 1387 3240 1442 Leu-

1645 1474 1787 1545 nigo,
1829 1485 1994 1545 atque
2033 1475 2297 1540 Sablone;
2337 1492 2430 1531 seu
2473 1477 2526 1531 in
2563 1476 2887 1533 Gardinensi
2917 1477 3233 1543 Iudiciaria,

1642 1581 1764 1620 eum
1803 1567 1977 1621 servis
2004 1577 2056 1621 et
2095 1567 2304 1623 ancillis
2339 1567 2536 1624 ibidem
2577 1569 2993 1638 pertinentibus,
3023 1579 3080 1625 et
3118 1585 3238 1625 om-

1643 1671 1739 1711 nes
1767 1657 1904 1710 alias
1933 1671 2019 1711 res
2047 1656 2286 1724 ejusdem
2325 1659 2662 1724 monasterii,
2694 1675 2816 1728 qua:
2849 1669 2976 1714 sunt
3006 1660 3059 1714 in
3092 1675 3234 1730 prin-
3312 1663 3316 1665 ’

1644 1746 1800 1802 dictis
1849 1747 2216 1814 comitatibus,
2260 1747 2346 1802 vel
2394 1748 2530 1802 infra
2580 1758 2825 1804 nostrum
2870 1748 3111 1804 Italicum
3154 1765 3239 1806 re-

1643 1851 1828 1908 gnum,
1850 1852 1945 1892 seu
1969 1852 2104 1907 quas
2126 1846 2444 1893 cancrorum
2469 1839 2749 1894 hominum
2773 1839 3236 1906 conccssionibus,

1645 1929 2045 1995 traditionibus,
2092 1929 2503 1996 oﬁ‘ensionibus,
2545 1931 3062 2003 comparationibus,
3091 1947 3240 1986 cont-

1643 2020 2050 2087 mutationibus,
2067 2020 2364 2076 libellorum
2385 2036 2600 2092 quoque
2615 2021 2920 2100 velqualieu
2929 2037 3069 2093 nque
3086 2036 3242 2090 rega-

1613 2157 1616 2160 .
1642 2109 1770 2164 lium
1787 2109 2096 2164 chartarqu
2113 2110 2618 2181 conscriptionibus,
2634 2128 2727 2166 seu
2751 2113 3144 2183 pheothecariis
3157 2112 3236 2166 vel

1641 2202 1960 2271 emphiteosi
1993 2204 2106 2272 ipse
2135 2212 2354 2258 sanctus
2382 2203 2533 2258 locus
2558 2203 2810 2258 obtinuit.
2838 2202 3237 2259 Conﬁrmamus

1643 2291 1822 2360 itaque
1870 2290 1971 2345 sibi
2016 2290 2227 2361 plebem
2271 2290 2574 2348 Mantuanae
2619 2292 2855 2348 civitatis
2901 2307 3024 2347 cum
3079 2292 3237 2362 plebe

1643 2380 1884 2445 Sasselli,
1917 2395 2037 2451 quae
2064 2393 2148 2434 est
2171 2380 2223 2434 in
2247 2379 2430 2449 Porto,
2455 2379 2665 2452 plebem
2699 2382 2766 2438 (10
2797 2380 2992 2444 Suave,
3024 2382 3236 2451 plebem

1643 2472 1839 2538 Mauri,
1874 2472 2082 2542 plebem
2115 2473 2299 2527 Sancti
2327 2472 2505 2540 Metri,
2531 2473 2741 2544 plebem
2773 2473 2838 2528 de
2867 2472 3092 2538 Octavo,
3118 2473 3234 2544 ple-

1641 2566 1762 2620 bem
1786 2565 1851 2620 de
1879 2565 2126 2632 lliverso,
2157 2565 2370 2636 plebem
2401 2565 2469 2622 de
2497 2566 2640 2632 Goli,
2671 2569 2736 2622 de
2762 2565 2935 2632 Volta,
2966 2568 3033 2622 de
3064 2567 3238 2622 Bona-

1641 2671 1732 2724 go.
1759 2656 1826 2710 de
1860 2655 2021 2711 Corte
2051 2655 2116 2710 de
2153 2656 2419 2711 tlauriana
2474 2657 2539 2712 de
2566 2657 2843 2726 Calziago,
2870 2658 2935 2712 de
2964 2657 3236 2714 Gnssena-

1642 2763 1728 2818 gn,
1759 2747 1824 2801 de
1850 2746 2036 2817 Capite
2063 2747 2300 2811 Tartari,
2327 2749 2392 2802 de
2421 2747 2745 2820 Margarcja,
2774 2751 2838 2804 de
2864 2748 3090 2818 Ludolo,
3115 2766 3236 2824 qua:

1641 2839 1814 2892 estin
1866 2837 2241 2904 Scorzarolio,
2291 2839 2357 2893 de
2391 2839 2688 2904 Turisellc,
2746 2840 2813 2895 (10
2867 2840 3115 2906 Saviola,
3168 2842 3237 2897 de

1641 2925 1962 2995 Castellione
1990 2925 2303 2992 Mantuano,
2332 2927 2396 2982 dc
2426 2928 2719 2994 Beneﬁcio,
2752 2930 2816 2984 de
2845 2930 3131 3000 Bigarellu,
3167 2930 3235 2985 dc

1644 3017 1842 3072 Sancto
1875 3019 2131 3089 Georgio,
2158 3021 2224 3075 de
2269 3019 2580 3086 Ponterioli,
2611 3023 2676 3076 de
2711 3021 2990 3086 Barbasio,
3025 3023 3090 3076 de
3125 3023 3230 3078 Ca-

1652 3110 1903 3175 r‘isedulo,
1944 3110 2010 3165 de
2062 3111 2264 3166 Sancto
2307 3112 2601 3179 Cassxano,
2652 3115 2717 3168 de
2762 3113 2960 3170 Sancto
3005 3115 3236 3170 Martino

1648 3201 1714 3256 de
1751 3201 1930 3255 casale
1965 3201 2208 3267 Bal-basi,
2253 3203 2319 3256 de
2367 3202 2567 3258 Sancto
2611 3204 2902 3262 Laurentio
2942 3206 2994 3260 in
3033 3207 3233 3272 casale,

1647 3293 1712 3346 de
1743 3292 2053 3347 Gubernule
2084 3293 2148 3346 de
2175 3292 2532 3364 Septingenti,
2563 3295 2630 3350 de
2661 3295 2918 3360 Sermite,
2944 3299 3010 3352 de
3035 3298 3235 3354 Sancta

1645 3384 1812 3439 Maria
1860 3385 1926 3440 de
1956 3384 2200 3450 Baniolo,
2231 3386 2296 3439 de
2325 3384 2742 3454 Castellucchio,
2775 3390 2840 3442 de
2869 3389 3233 3460 Campedello,

1646 3482 1711 3535 (10
1738 3480 2112 3536 Radaldescho
2147 3499 2160 3534 :
2197 3481 2434 3550 itemque
2480 3482 2686 3551 plebem
2721 3484 2772 3538 in
2800 3483 3045 3541 Flumine
3074 3500 3234 3552 novo,

1645 3572 1855 3643 plebem
1897 3573 1963 3627 de
2014 3571 2250 3637 Pletule,
2297 3587 2418 3626 cum
2465 3572 2716 3628 omnilms
2755 3573 2874 3629 aliis
2903 3574 3150 3645 plebibus
3179 3586 3237 3630 et

1645 3664 1883 3735 capellis,
1916 3679 2038 3719 cum
2084 3663 2244 3718 terris
2278 3663 2437 3719 cultis
2468 3673 2522 3720 01
2554 3665 2789 3731 incultis,
2827 3681 2949 3720 eum
2996 3665 3145 3721 silvis
3179 3678 3238 3730 et

1645 3757 2044 3821 venationibus,
2087 3755 2331 3820 decimis,
2373 3771 2466 3812 seu
2517 3757 2780 3823 eurtibus,
2821 3759 3024 3814 mansis
3066 3759 3232 3813 etiam

1644 3848 1854 3904 vestitis
1879 3858 2042 3918 atque
2097 3847 2430 3912 absentibus,
2472 3847 2699 3918 campis,
2750 3848 2939 3917 pratis,
2995 3851 3233 3917 pascuis,

1643 3950 1699 3995 et
1729 3957 1851 3994 cum
1882 3940 2137 3995 omnibus
2178 3938 2390 4005 insulis,
2419 3955 2538 4009 qua!
2583 3948 2706 3995 sunt
2743 3941 2795 3994 in
2831 3939 3049 3995 ﬂumine
3081 3941 3232 4006 Padi,

1643 4033 1711 4087 de
1755 4033 1891 4087 Zara
1939 4047 2112 4104 usque
2162 4034 2213 4086 in
2267 4033 2498 4099 But-ana,
2531 4041 2587 4088 et
2635 4049 2805 4104 usque
2851 4034 2902 4088 in
2944 4025 3230 4102 Vizanum',

1645 4128 1785 4182 sicut
1815 4125 1992 4181 Padus
2023 4127 2324 4197 antiquitus
2361 4125 2686 4182 decurrebat
2715 4145 2727 4180 :
2757 4142 2879 4182 cum
2919 4127 3231 4196 piscationi-

1643 4222 1766 4282 bus,
1786 4219 2006 4284 caretis,
2040 4219 2343 4288 paludibus,
2371 4219 2711 4282 molendinis,
2743 4218 2917 4288 aquis,
2943 4234 3231 4288 aquarum-

1643 4325 1750 4380 que
1795 4311 2136 4376 decursibus,
2179 4311 2333 4380 ripis,
2365 4311 2546 4365 omnia
2591 4313 2811 4365 omnino
2859 4310 2910 4364 in
2964 4310 3230 4380 integrann

1644 4415 1978 4470 qmecunque
2017 4401 2119 4457 diei
2172 4400 2252 4455 vel
2300 4401 2564 4456 nominari
2607 4401 2838 4472 possint,
2870 4402 3012 4457 unde
3040 4417 3104 4457 ea
3128 4404 3229 4458 lem

1644 4501 1832 4552 sancta
1859 4492 2263 4547 Mantuanensis
2292 4492 2530 4548 Ecclesia
2561 4493 2813 4549 investita
2848 4493 3011 4550 fuisse
3043 4495 3231 4567 digno-

1645 4584 1838 4662 scitur,
1867 4597 2189 4653 quocunque
2222 4583 2411 4639 ordine
2447 4584 2532 4639 vel
2573 4585 2811 4656 qualibet
2843 4585 3076 4656 legitima
3130 4601 3229 4647 au-

1645 4675 1919 4730 ctoritate.
1967 4673 2194 4744 Insuper
2243 4690 2567 4731 renovamus
2606 4676 2866 4746 scriptum
2897 4678 3068 4732 sancti
3099 4677 3230 4733 Cas-

1644 4765 1780 4822 siani
1823 4763 2074 4828 abbatiaz,
2109 4779 2138 4818 a
2175 4765 2400 4835 paganis
2447 4767 2760 4829 devastatze,
2795 4780 2893 4836 per
2941 4767 3041 4822 hos
3082 4756 3230 4822 'ﬁnes

1647 4855 1968 4921 terminata,
1999 4855 2068 4911 de
2103 4855 2309 4925 Agritia
2354 4854 2555 4926 Majore
2605 4873 2775 4928 usque
2817 4858 2871 4913 in
2915 4859 3078 4923 viam,
3109 4875 3231 4931 quas

1645 4945 1803 5016 vulgo
1846 4945 2049 5001 dicitur
2095 4944 2397 5016 V'iscovilis,
2435 4962 2604 5016 usque
2648 4948 2700 5002 in
2742 4949 3004 5020 Agritiam
3055 4949 3226 5004 Mino-

1645 5050 1791 5100 rem;
1825 5035 1946 5092 inde
1975 5036 2218 5093 decurrit
2247 5037 2556 5092 terminatio
2584 5051 2753 5108 usque
2782 5039 2834 5094 in
2867 5036 3226 5103 Verenscula;

1647 5128 1768 5181 inde
1811 5125 2085 5182 derivatur
2112 5142 2207 5198 per
2245 5126 2420 5184 fossas
2451 5129 2622 5185 Paluti
2673 5130 2726 5185 in
2765 5129 2939 5186 lacum
2974 5130 3228 5194 Mantuae,

1647 5219 1768 5274 inde
1792 5219 2029 5283 Fissaro,
2061 5229 2116 5274 et
2149 5234 2244 5288 per
2271 5220 2546 5288 Fissarum
2577 5237 2746 5293 usque
2765 5223 2816 5278 in
2832 5223 3095 5296 Agritiam
3119 5223 3229 5279 Ma-

1638 5310 1838 5380 jorem,
1860 5310 1950 5365 ubi
1975 5310 2370 5367 terminationis
2389 5313 2669 5369 exordium
2688 5316 2939 5384 sumpsit,
2970 5330 3091 5371 cum
3114 5330 3228 5371 om-

1646 5403 1805 5458 nibus
1840 5397 2178 5473 pertinentiis
2206 5413 2260 5459 et
2296 5404 2637 5474 adjacentiis,
2668 5422 2788 5478 qua:
2827 5408 2894 5463 ad
2929 5408 3100 5480 ipsam
3134 5409 3228 5462 at:-

1647 5495 1845 5548 l-atiam
1877 5495 2144 5563 pertinere
2169 5495 2440 5562 videntur,
2465 5507 2731 5568 quatenus
2759 5499 2898 5565 idem
2927 5499 3230 5555 Marcianus

1645 5584 1862 5655 Irarsul,
1897 5583 2118 5658 ejusque
2165 5602 2507 5645 successores
2547 5589 2661 5654 haec
2703 5591 2880 5648 omnia
2922 5590 2988 5646 ad
3024 5590 3229 5645 utilita—

1647 5684 1751 5732 tem
1792 5679 1872 5730 sui
1922 5677 2174 5749 episcopii
2217 5679 2420 5749 absque
2473 5681 2698 5753 alicujus
2743 5683 3127 5752 impedimento
3175 5688 3229 5734 et

2827 5839 2912 5898 33
