3838 6322
623 344 758 398 5099

620 453 1062 513 cbnlradictionis
1094 449 1334 504 molestia
1366 441 1990 516 perpetualiter-valeant
2035 436 2208 507 possi-

617 552 764 604 dere.
815 548 1008 600 Verum
1060 542 1222 596 etiam
1281 537 1664 592 conﬁrmamus
1718 532 1892 587 eidem
1949 527 2205 582 Ecclesia:
2235 527 2250 537 ‘

617 653 776 692 omne
810 636 1100 695 teloneum,
1128 630 1290 699 ripas,
1318 635 1373 682 et
1402 625 1710 695 ripaticum,
1742 629 1796 675 et
1821 620 2026 673 ﬁxuras
2051 615 2202 685 palo-

617 747 734 786 rum
767 729 896 797 ripa:
926 725 1228 779 Mautuana:
1269 718 1505 773 civitatis
1547 725 1597 771 et
1629 713 1792 786 porti,
1819 720 1874 765 et
1903 718 2067 764 totam
2103 723 2203 778 pu-

616 821 811 876 blicam
852 816 1204 879 iunctionem,
1255 819 1417 878 atque
1458 807 1688 861 insulam
1741 800 1944 858 reveris
1987 810 2040 854 et
2081 813 2205 852 cur-

618 925 725 969 tem
756 910 1029 981 Regalem,
1055 921 1152 961 nec
1175 919 1280 959 non
1311 913 1361 955 et
1391 899 1780 966 insulam,quze
1811 893 2009 948 dicitur
2034 889 2204 944 Suza-

618 1007 719 1072 ria,
759 1013 865 1059 etc.
1153 1045 1156 1048 .

623 1143 627 1154 .
689 1094 907 1165 Signum
947 1086 1074 1159 (ᾖ)
1126 1085 1303 1139 damni
1346 1079 1585 1147 lleinrici
1630 1079 1766 1132 tertii
1803 1073 1934 1144 regis
1967 1072 2200 1126 inuictis-

616 1188 756 1240 simi.

627 1319 650 1331 ,ι
693 1277 1010 1332 Adelberius
1037 1269 1390 1326 cancellarius
1429 1267 1544 1321 vice
1576 1258 1891 1318 Herimanni
1919 1255 2202 1311 archican-

618 1370 825 1424 cellarii
858 1364 1164 1435 recognovi.

629 1505 632 1512 .
699 1463 828 1514 Data
876 1471 1018 1511 anno
1066 1453 1357 1508 Dominica:
1404 1445 1797 1504 lncaruationis
1847 1441 2015 1505 1045,
2063 1438 2202 1493 indi-

621 1551 798 1604 ctione
835 1562 956 1610 xui,
988 1559 1128 1599 anno
1167 1557 1294 1596 vero
1321 1540 1501 1595 domni
1548 1536 1782 1592 lieinrici
1813 1532 1956 1588 tertii
1987 1529 2204 1586 ordina—

623 1642 782 1696 tinnis
808 1639 925 1708 ejus
953 1653 1042 1701 xv,
1073 1634 1348 1706 regnantis
1375 1645 1504 1686 vero
1526 1645 1602 1683 vr.

689 1735 878 1786 Actum
906 1729 1144 1798 Augusta
1170 1724 1420 1779 feliciter.
1459 1723 1650 1775 Amen.

1371 1811 1461 1865 XI.

619 1909 902 1984 lleinricua
921 1906 983 1984 Ι
998 1899 1639 1984 ἱηψρναιοςιϐτριηοίῃεηεὶ
1666 1895 1910 1984 Ecclesia:
1937 1892 2205 1984 aestiment

618 2034 626 2039 ,
685 1981 753 2030 da
777 1979 1004 2031 decernit
1035 1962 1200 2027 eidem
1223 1972 1403 2026 ablata
1429 1988 1458 2023 α
1482 1968 1713 2022 Gerardo
1741 1975 1921 2036 nepote
1946 1962 2202 2016 Heriberti

621 2115 623 2118 η
688 2045 1059 2116 archiepiscopi
1100 2041 1528 2120 Mediolanensis.

1065 2134 1317 2206 (Circiter
1343 2147 1543 2186 annum
1577 2127 1756 2199 1M6.)
1835 2135 1838 2138 '

950 2227 1218 2300 [Munu.,
1252 2226 1428 2294 Antiq.
1462 2222 1590 2276 Ital.
1627 2223 1711 2286 Vl,
1742 2220 1895 2290 217.]

687 2323 743 2377 ln
789 2320 1004 2376 nomine
1050 2318 1263 2372 Domini
1315 2313 1643 2369 Dei'mterni.
1682 2310 1996 2373 “EINBICUS,
2025 2306 2203 2360 divina

621 2417 833 2469 favente
861 2411 1168 2474 clemertia,
1206 2409 1502 2476 imperator
1528 2403 1820 2471 Augustus.

625 2577 628 2582 ι
691 2504 747 2556 Si
779 2513 1087 2556 sanctarum
1120 2497 1212 2552 Dei
1240 2493 1602 2550 Ecclesiarum
1644 2487 1952 2560 pastoribus
1977 2500 2060 2553 ea,
2087 2499 2204 2554 qua:

621 2579 780 2667 digne
808 2609 840 2648 a
875 2593 1075 2649 nostris
1119 2588 1363 2644 ﬁdelibus
1406 2585 1545 2656 apud
1588 2594 1828 2638 nostram
1870 2579 2202 2647 majestatem

618 2684 984 2759 postulantur,
1026 2679 1402 2750 impendimus,
1446 2675 1498 2730 id
1537 2674 1603 2728 ad
1641 2683 1856 2728 aeternae
1895 2684 2204 2725 remunera—

621 2777 783 2831 tionis
820 2773 1070 2829 meritum
1103 2769 1257 2824 nobis
1291 2765 1551 2839 proﬁcere
1579 2779 1683 2820 non
1711 2761 2036 2820 dubitamus.
2065 2760 2201 2826 Quo-

622 2871 765 2923 circa
801 2865 1038 2922 omnium
1076 2860 1308 2917 ﬁdelium
1340 2866 1538 2914 sancta:
1569 2858 1663 2912 De.
1696 2854 1972 2920 Ecclesiae,
2000 2861 2204 2908 nostro-

623 2972 868 3027 rumque,
912 2952 1258 3025 praesentium
1289 2950 1495 3006 scilicet
1534 2964 1598 3004 ac
1634 2949 1960 3013 futurorum,
1996 2945 2205 3001 noverit

620 3047 882 3128 industria
911 3061 975 3099 co
1010 3043 1150 3112 quod
1179 3040 1454 3096 liubaldus
1486 3037 1810 3093 venerabilis
1845 3043 2047 3090 sancta:
2077 3032 2206 3088 Cre-

621 3125 894 3195 monensis
948 3135 1200 3190 Ecclesiae
1257 3133 1568 3203 cpisc0pus,
1635 3127 1967 3196 dilectusque
2034 3123 2203 3179 ﬁdelis

621 3232 827 3296 noster,
857 3244 953 3300 per
997 3215 1251 3282 domuum
1285 3223 1671 3278 llerimannum
1715 3214 2205 3286 reverentissimtun

621 3319 992 3379 Coloniensem
1023 3315 1511 3386 archiepiscopum,
1539 3319 1594 3364 et
1626 3308 1996 3364 dulcissimum
2030 3318 2212 3359 conso-

620 3413 835 3470 hrinum
900 3418 1176 3472 nostrum,
1233 3414 1436 3460 nostra:
1486 3401 1646 3471 regia:
1698 3397 1972 3453 humiliter
2029 3394 2212 3449 retulit

621 3503 894 3577 potestati,
929 3499 1160 3571 qualiter
1201 3511 1353 3551 suam
1394 3492 1688 3552 Ecclesiam
1741 3503 1876 3558 pene
1916 3485 2212 3542 desolatam

625 3573 912 3664 multisque
947 3586 1345 3645 calamitatibus
1389 3592 1443 3639 et
1489 3579 1721 3637 miseriis
1745 3577 2036 3634 invenisset
2061 3573 2216 3627 attri-

625 3699 758 3743 tam.
789 3681 1132 3754 Imperatoris
1167 3691 1397 3748 namque
1428 3674 1564 3729 divae
1599 3669 1874 3727 memoria:
1908 3664 2212 3724 Chuonradi

626 3774 970 3847 imperatoris
1002 3771 1225 3842 Augusti
1259 3767 1516 3838 genitoris
1538 3764 1704 3820 nostri
1729 3771 1970 3828 tempore
1987 3759 2215 3813 domnus

589 3845 925 3946 _L::ndulfus
969 3861 1369 3932 prasnominatae
1420 3854 1674 3912 Ecclesim
1711 3861 1764 3909 et
1799 3851 1938 3920 parti
1986 3845 2213 3902 Romani

630 3953 840 4024 imperii
871 3967 965 4022 per
1004 3950 1185 4005 omnia
1233 3961 1443 4017 semper
1488 3943 1851 4006 ﬁdelissimus,
1884 3938 2035 4010 gravi
2069 3935 2216 3990 inﬁr-

631 4048 816 4103 tnl‘late
860 4051 1158 4112 correptus,
1199 4041 1253 4094 in
1302 4040 1414 4109 ipsa
1470 4035 1786 4091 inﬁrmitate
1830 4033 2042 4103 longam
2091 4044 2217 4100 pro-

629 4135 797 4194 traxit
825 4137 1009 4190 vitam.
1045 4133 1098 4187 lu
1130 4130 1282 4200 cujus
1309 4129 1464 4199 longa
1496 4125 1812 4198 aegritudine
1854 4139 1947 4178 sua
1976 4121 2216 4176 Ecclesia

631 4230 735 4284 non
769 4226 1030 4282 modicam
1063 4237 1219 4293 passa
1240 4229 1322 4275 est
1341 4220 1635 4290 jacturam,
1659 4211 1891 4268 maxime
1916 4227 1945 4265 a
1967 4211 2218 4278 Girardo,

629 4317 899 4375 lleriberti
951 4311 1367 4369 lllediolanensis
1417 4304 1805 4376 archiepiscopi
1851 4309 2073 4372 nepote,
2127 4299 2220 4370 qui

631 4410 852 4464 audacia
901 4405 1078 4478 patrui
1126 4404 1231 4466 sui,
1267 4401 1357 4471 qui
1399 4413 1562 4454 omne
1609 4409 1829 4467 regnum
1864 4392 2107 4450 Italicum
2153 4392 2218 4446 ad

627 4504 788 4558 suum
829 4497 1145 4568 disponebat
1188 4503 1395 4559 nutum,
1429 4491 1659 4562 superbe
1704 4489 1927 4553 levatus,
1958 4484 2218 4557 quidquid

633 4594 733 4647 sibi
766 4592 1016 4661 placitum
1049 4576 1404 4652 erat,justum
1452 4592 1543 4635 aut
1589 4579 1864 4648 injustum,
1901 4575 2221 4646 potestative

630 4685 960 4768 Iupegabatur
984 4681 1036 4734 in
1066 4693 1250 4750 regno.
1282 4674 1482 4730 Invasit
1506 4671 1684 4743 itaque
1707 4679 1909 4726 cortem
1935 4677 1988 4724 et
2011 4667 2221 4738 plebem

638 4778 703 4831 de
748 4758 975 4829 hrciaco
1019 4779 1208 4825 contra
1254 4766 1583 4822 voluntatem
1625 4771 1680 4818 et
1720 4763 1836 4817 sine
1870 4758 2223 4831 permissione

636 4867 865 4922 multum
895 4865 1097 4933 diuque
1125 4857 1436 4929 aegrotantis
1465 4853 1720 4926 episc0pi.
1749 4851 1850 4919 Qui
1882 4864 2002 4905 eum
2040 4847 2225 4916 liquis-

636 4968 723 5015 set
767 4957 984 5020 inﬁma,
1035 4963 1088 5009 et
1132 4953 1419 5020 migrasset
1461 4949 1529 5002 ad
1572 4960 1826 5016 superos,
1879 4939 2139 4997 successit
2174 4939 2225 4994 ei

639 5048 917 5104 Hubaldus
951 5045 1257 5115 episcopus,
1291 5050 1476 5095 uoster
1503 5038 1554 5093 in
1581 5036 1830 5091 omnibus
1860 5033 2222 5089 ﬁdelissimus.

627 5141 738 5194 'Cui
769 5153 889 5193 cum
939 5150 1157 5190 necesse
1195 5141 1338 5187 esset
1367 5133 1431 5184 ad
1461 5128 1820 5199 episcopalem
1857 5120 2226 5179 consecratio-

625 5234 767 5286 'uetn
816 5229 1104 5292 accedere,
1155 5224 1230 5280 ab
1270 5221 1674 5292 archiepiscopo
1721 5226 1778 5272 ut
1817 5223 2229 5272 consecraretur

629 5314 938 5395 'impctrare
969 5319 1305 5393 nequaquam
1335 5320 1522 5384 valuit,
1556 5318 1656 5373 nisi
1696 5315 1906 5386 plebem
1937 5323 1991 5369 et
2025 5323 2226 5367 cortem

632 5410 807 5490 quam
857 5418 1052 5487 injuste
1103 5427 1156 5471 ct
1202 5413 1522 5486 potestative
1569 5413 1865 5468 invaserat,
1904 5406 2084 5476 nepoti
2131 5419 2228 5459 suo

630 5504 988 5566 'concederet.
1022 5510 1261 5578 Cunque
1305 5499 1612 5575 in‘longum
1656 5496 1887 5573 pro'hac
1934 5499 2229 5552 intentione

628 5596 765 5672 'ejus
793 5606 1151 5673 protelaretur
1191 5597 1550 5662 consecratio,
1577 5611 1680 5650 non
1708 5600 1900 5662 sponte
1928 5589 2020 5646 sed
2047 5596 2230 5642 coacte

635 5683 944 5757 ironccssit,
973 5692 1111 5760 quod
1146 5692 1388 5760 petierat,
1427 5686 1886 5741 consecrationem
1929 5697 2032 5736 non
2078 5680 2231 5734 aliter

653 5791 1000 5838 consecutus.
1026 5779 1158 5847 Quia
1188 5794 1312 5832 vero
1345 5775 1564 5830 multum
1605 5775 1826 5832 moleste
1857 5773 2062 5829 ferebat
2090 5768 2229 5840 quod

1853 323 2120 380 NONUM.
2160 321 2210 374 Dl

2314 319 2428 374 ΟΜ-
2622 389 2625 391 _
3703 313 3774 365 ut:

2309 435 2431 490 inde
2462 433 2682 497 fecerat,
2707 429 2844 498 apud
2874 425 3134 500 genitoris
3161 423 3334 480 nostri
3358 423 3681 479 excellentiam

2311 526 2466 580 toties
2491 532 2816 594 conquestus
2845 531 2929 576 est
2955 537 3014 577 se
3043 521 3148 575 hoc
3181 524 3379 588 sponte
3419 532 3517 570 non
3543 516 3705 572 fecisse.
3724 521 3775 572 Cr.

2307 633 2426 672 cum
2468 617 2778 686 praedictam
2817 624 3020 671 cortem
3049 623 3106 668 et
3135 613 3352 684 plebem
3395 611 3645 666 restituam
3672 615 3775 676 Vtiles,

2307 725 2448 779 saepe
2485 718 2541 763 et
2584 708 2881 778 sepissime
2927 721 3023 777 per
3057 721 3184 761 suas
3224 705 3436 758 litteras
3472 703 3539 756 illi
3572 708 3776 758 mandatas

2307 809 2391 854 est
2411 808 2470 853 ut
2491 815 2583 854 cas
2621 799 2687 853 ad
2718 806 2925 868 partem
2955 795 3213 867 episc0pii
3242 794 3519 849 habendas
3544 794 3775 864 relinquere.

2306 889 2460 956 Quod
2499 903 2770 958 nunquam
2815 887 3108 956 impetrare
3137 883 3337 947 valuit,
3380 882 3471 936 sed
3508 881 3710 935 diabolica
3733 886 3775 935 ir-

2305 979 2524 1043 stinctu,
2555 977 2642 1032 cui
2673 991 2701 1031 a
2733 975 3040 1042 cunabulis,
3087 973 3230 1028 sicut
3273 969 3527 1025 omnibus
3555 978 3640 1022 tam
3661 968 3778 1025 halt:

2304 1085 2466 1139 quam
2498 1067 2812 1123 Teutonicis
2840 1074 3009 1136 patet,
3045 1063 3406 1125 deservierat,
3438 1057 3545 1128 ejus
3570 1059 3774 1128 legatione:

2283 1159 2661 1229 ‘vilipendens,
2701 1156 2951 1226 superius
2995 1154 3138 1209 dicta
3185 1151 3450 1213 detinuit,
3486 1157 3536 1204 et
3574 1149 3654 1201 alia
3683 1151 3778 1201 male

2303 1250 2509 1320 majora
2544 1249 2610 1302 ad
2651 1247 2917 1318 genitoris
2953 1246 3190 1302 dedecus
3227 1239 3287 1298 et
3329 1242 3595 1304 vilitatem,
3621 1240 3778 1295 invader

2305 1357 2409 1397 non
2437 1340 2767 1405 formidavit,
2795 1339 3001 1394 scilicet
3023 1336 3234 1406 plebem
3260 1335 3334 1389 de
3356 1332 3571 1387 Misiano
3587 1347 3678 1386 cum
3697 1338 3776 1384 seu

2305 1433 2616 1503 integritate
2662 1447 2779 1495 sua,
2811 1439 2866 1485 et
2906 1429 3170 1484 decimam
3209 1427 3278 1481 de
3322 1435 3504 1479 casm)
3534 1423 3779 1493 Aganelload

2303 1522 2613 1594 prmdictam
2645 1519 2854 1588 plebem
2890 1520 2956 1573 de
2989 1517 3216 1571 Arciaco
3250 1514 3618 1585 pertinentem,
3640 1521 3680 1566 et
3702 1515 3778 1564 de:-

2303 1630 2447 1668 rnam
2478 1613 2544 1667 de
2572 1612 2873 1681 Mauringo,
2901 1610 2968 1664 ad
2997 1607 3208 1679 plebem
3257 1606 3330 1660 de
3370 1605 3602 1658 Fornoro
3634 1604 3778 1655 anim-

2308 1700 2435 1770 tem,
2462 1719 2561 1758 nec
2592 1719 2696 1758 non
2721 1711 2775 1757 et
2801 1699 3144 1754 medietatem
3171 1696 3237 1750 de
3267 1705 3456 1750 castro
3487 1693 3779 1761 Cortegana,a£

2309 1794 2582 1850 abbatiam
2627 1792 2812 1848 Sancti
2856 1788 3132 1844 Laurentii
3177 1786 3554 1856 pertinentem.
3594 1781 3780 1837 [castra

2309 1888 2359 1941 in
2384 1901 2547 1956 regno
2570 1884 2820 1941 veniente
2841 1897 2963 1939 cum
2990 1878 3354 1949 comperisset
3374 1874 3512 1945 quod
3533 1874 3778 1940 archiepisca

2307 1994 2405 2049 pus
2433 1977 2629 2032 violata
2661 1975 2917 2030 ﬁdelitate
2956 1986 3120 2042 quam
3165 1969 3238 2024 illi
3278 1968 3505 2033 fecerat,
3535 1979 3701 2036 regnum
3726 1965 3778 2016 ait

2306 2071 2560 2126 invadere
2597 2069 2899 2132 moliretur,
2925 2064 3160 2121 Girardo
3183 2061 3478 2131 instigante
3513 2067 3561 2113 et
3586 2058 3624 2111 ei
3651 2058 3779 2110 omniin

2306 2162 2658 2232 suffragante,
2683 2157 2861 2212 omnia
2889 2155 3163 2226 pmdicta,
3199 2153 3344 2206 sicut
3383 2165 3476 2204 reo
3513 2145 3774 2214 majestaiize

2307 2251 2701 2322 proscriptione
2727 2250 2905 2318 digno,
2934 2247 3079 2317 juste
3104 2245 3154 2298 ei
3188 2242 3415 2298 abstulit
3446 2249 3498 2294 et
3521 2238 3713 2308 episcopo
3736 2251 3779 2287 re»

2306 2342 2499 2397 stituit.
2533 2339 2640 2395 Sed
2676 2339 2917 2408 genitore
2951 2342 3140 2389 nostro
3165 2333 3230 2387 de
3261 2345 3431 2400 regno
3458 2329 3704 2384 recedente.
3724 2325 3777 2377 it-

2307 2451 2424 2491 rum
2451 2433 2632 2490 omnia
2656 2432 2911 2488 invadere
2940 2445 3045 2484 non
3071 2426 3274 2490 timuit,
3302 2432 3486 2494 spreta
3509 2422 3609 2492 ejus
3627 2431 3781 2472 reversa

2308 2529 2380 2581 tia
2421 2534 2476 2581 et
2513 2525 2727 2580 timore.
2772 2522 2880 2578 Nos
2917 2536 3042 2576 vero
3078 2519 3427 2588 epise0patus
3463 2510 3730 2569 diminutioni
3753 2519 3781 2557 et

2306 2619 2538 2674 miseriae
2582 2615 2951 2679 condolentcs,
2982 2623 3035 2668 et
3076 2620 3366 2682 paternum
3397 2607 3611 2662 dedecus
3638 2605 3782 2658 :oasite

2307 2719 2520 2775 rantes,
2563 2708 2681 2763 haec
2727 2707 2906 2761 omnia
2951 2703 3226 2774 episcopio
3277 2697 3594 2754 :rternaliter
3631 2690 3780 2747 habena

2306 2801 2674 2864 concedimus,
2709 2806 2760 2852 ct
2794 2798 3021 2866 insuper
3045 2810 3140 2864 per
3159 2789 3427 2864 praecepti
3467 2786 3617 2840 nostri
3638 2783 3781 2836 audet}.

2307 2901 2469 2948 tatem
2511 2889 2789 2946 retinenda
2831 2886 3181 2950 instituimus,
3219 2900 3285 2939 ea
3314 2882 3558 2937 videlicet
3588 2876 3782 2931 radere

2307 2984 2484 3039 nullus
2529 2981 2999 3050 archiepiscopus,
3046 2979 3364 3048 episcOpus,
3422 2975 3558 3036 dus,
3601 2965 3781 3024 matri-iis.

2308 3091 2515 3144 eomes,
2541 3075 2863 3135 viceeomes,
2895 3087 2988 3127 seu
3022 3085 3212 3140 magna
3238 3081 3510 3138 parvaque
3538 3061 3659 3132 regni
3683 3065 3780 3111 nestit

2235 3178 2280 3240 (ζ
2309 3181 2537 3238 persona
2557 3162 2840 3220 ecclesiam
2866 3159 3111 3216 eamdem
3143 3157 3428 3214 disvestire
3453 3152 3644 3207 audeat.
3660 3146 3702 3200 Si
3719 3157 3785 3212 quis

2313 3272 2462 3324 vero,
2496 3265 2602 3311 etc.

2381 3348 2494 3415 Ego
2544 3342 2858 3399 liamundus
2898 3340 3141 3395 notarius
3187 3338 3346 3406 hujus
3385 3333 3573 3392 exomli
3605 3325 3784 3392 exeuth

2313 3439 2420 3494 vidi
2457 3447 2510 3492 et
2541 3435 2666 3506 legi.

3050 3522 3163 3577 Xll.

2316 3602 2594 3676 ileinricil
2601 3618 2663 3673 ΙΙ
2685 3618 2836 3687 regis.
2868 3614 3197 3687 imperatoris
3228 3610 3310 3687 ll,
3337 3610 3554 3687 diploma
3573 3620 3658 3687 gae
3683 3613 3783 3687 cui:

2387 3688 2520 3772 boria
2556 3664 2836 3758 conﬁrmat,
2875 3664 3190 3740 monasterio
3245 3664 3520 3736 virum..-
3566 3664 3779 3729 Sam-nb-

2390 3777 2559 3815 nonis.

2911 3847 3087 3918 (Anno
3121 3844 3306 3912 ton.)

2625 3941 2958 4014 [MUBATOBI,
2990 3939 3168 4006 Antio.
3201 3936 3330 3990 Ital.
3361 3929 3602 4002 H.221.)

2319 4073 2324 4076 -
2387 4036 2443 4090 In
2477 4037 2691 4090 nomine
2712 4042 2914 4090 sancta:
2943 4041 2996 4086 et
3028 4029 3318 4086 individua:
3347 4026 3618 4080 Trinitatis.
3647 4020 3780 4074 Hum

2319 4140 2432 4191 cus,
2455 4126 2635 4180 divina
2659 4125 2872 4180 favente
2894 4121 3203 4186 clementia,
3225 4119 3570 4174 Romanorum
3592 4115 3781 4182 imperii:

2319 4219 2613 4288 Augustus.

2321 4346 2325 4349 -
2383 4309 2719 4380 Imperiale-m
2757 4307 3138 4362 sublimitatem
3186 4303 3459 4366 condecet,
3493 4309 3604 4360 ete.;
3634 4291 3778 4363 ιιιιθῖέιιτ

2320 4400 2594 4455 Waltcrus
2621 4408 2821 4454 sanctae
2851 4394 3179 4452 Veronensis
3209 4392 3454 4448 Ecclesiae
3477 4390 3704 4459 episcopus

2321 4507 2444 4546 cum
2496 4489 2762 4552 Alberico,
2811 4488 3007 4542 abbate
3066 4485 3378 4540 monasterii
3428 4479 3588 4537 Sancti
3634 4467 3774 4526 lem

2327 4582 2603 4653 martyris,
2632 4591 2872 4634 nostram
2907 4577 3249 4634 clementiam
3293 4572 3572 4643 suppliciter

2323 4651 2483 4741 adiit,
2506 4673 2576 4728 ob
2609 4686 2850 4727 amorem
2889 4669 2988 4725 Dei.
3016 4667 3418 4736 omnipotentis,
3450 4651 3772 4741 beatiqueth

2325 4765 2410 4820 nis
2438 4764 2817 4826 reverentiam,
2844 4771 2949 4815 etc.
2979 4757 3088 4813 Nos
3116 4772 3270 4823 vero,
3292 4755 3444 4824 justis
3468 4763 3624 4805 eorum
3642 4739 3771 4812 tum?

2326 4857 2484 4912 nibus
2513 4854 2936 4914 consentientes,
2972 4866 3072 4920 pro
3110 4850 3353 4904 remedio
3379 4845 3545 4901 anima:
3569 4846 3724 4892 aestu.
3743 4833 3770 4875 εί

2327 4949 2396 5004 ob
2422 4948 2783 5003 interventum
2805 4943 3166 4999 dilectissimo:
3183 4939 3430 5011 conjugis
3453 4942 3613 4990 nostra:
3629 4929 3769 4992 W7

2321 5039 2480 5098 tricis
2498 5039 2739 5110 Agnetis,
2764 5036 3023 5107 przedicto
3050 5033 3380 5090 monasterio
3404 5022 3680 5088 concedendo
3694 5027 3766 5067 ne

2329 5133 2628 5196 ﬁrmamus,
2657 5139 2764 5185 etc.
2794 5129 2851 5183 ld
2876 5136 2960 5182 est
3002 5128 3054 5181 in
3096 5128 3287 5182 eodem
3315 5119 3557 5181 territorio
3577 5113 3765 5166 Ven-'3‘

2328 5219 2716 5276 monasterium
2763 5226 3138 5273 constructum
3183 5231 3238 5270 tu
3283 5215 3477 5269 honore
3507 5202 3634 5263 sancti
3667 5197 3762 5249 Pri-’-

2331 5312 2478 5382 quod
2515 5311 2715 5365 dicitur
2761 5307 3072 5370 Mauritica,
3115 5321 3238 5359 cum
3287 5303 3494 5360 decimis
3521 5312 3579 5364 ac
3611 5284 3764 5343 terrain"-

2329 5419 2514 5459 eorum
2545 5400 2890 5467 cernentibus
2917 5416 2948 5454 a
2977 5398 3082 5454 ﬁne
3103 5397 3328 5453 Fissaro
3350 5409 3502 5462 usque
3525 5392 3564 5444 in
3586 5385 3758 5440 ῑωεεπ
3812 5437 3813 5440 η

2317 5493 2699 5555 .Mantnanum,
2746 5505 2813 5545 ex
2863 5503 2970 5543 uno
3013 5487 3186 5543 latere
3230 5488 3298 5542 ab
3333 5483 3524 5556 Agraei:
3559 5484 3677 5556 est":
3703 5473 3756 5512 ⁸⁵

2332 5581 2538 5646 “nale,
2571 5590 2626 5633 Cl
2667 5578 2980 5648 pertingens
3024 5575 3078 5628 in
3126 5573 3342 5644 Agricia
3380 5553 3526 5639 usque
3556 5553 3746 5648 Ἰτὶτιίέξῖ·
3812 5625 3813 5640 ἦ

2333 5674 2399 5729 dc
2445 5686 2553 5726 uno
2589 5671 2762 5740 capite
2809 5665 3228 5728 Castellionem,
3285 5662 3543 5722 Silenum;
3588 5641 3753 5704 caeli-7-

2333 5758 2494 5822 etiam
2533 5764 2586 5820 in
2615 5738 2909 5832 vallcpicta
2931 5773 3052 5814 cum
3081 5755 3306 5812 decimis
3341 5765 3392 5811 et
3413 5738 3742 5823 appeal-liciis“:
3812 5757 3813 5832 ἕ
