3838 6322
840 247 892 255 -ο

32 276 133 329 ΗΟΙ

1217 289 1563 349 ΠΕΧΒΙΕΙΙΞ
1599 297 1659 350 Ill
1689 300 1819 357 IMP.

3106 326 3233 379 1109

27 397 71 439 ct
112 386 362 439 castellum
418 386 725 443 Mauriatica
776 407 895 446 cum
947 398 1175 453 ecclesia
1233 404 1286 457 in
1346 406 1552 462 honore
1583 414 1627 471 Α

23 486 295 530 sanctorum
340 476 501 531 Firmi
538 488 591 532 et
623 480 847 547 Rustici,
883 500 1003 540 cum
1047 490 1287 559 decimis,
1318 497 1548 564 placitis,

23 567 264 631 districtis,
291 577 338 620 et
366 570 613 624 omnibus
636 573 750 627 suis
779 576 1137 645 pertinentiis,
1166 584 1321 639 sicuti
1344 603 1372 641 a
1400 589 1551 643 bona:

20 655 258 708 memoriae
294 654 489 709 Karolo
530 658 771 725 piissimo
802 664 1125 734 imperatore
1151 687 1467 731 concessum
1499 688 1552 734 et

17 749 219 801 oblatum
256 758 335 803 est
377 755 705 807 monasterio
750 755 930 813 Sancti
968 761 1230 831 Zenonis;
1268 772 1547 826 castellmn

16 838 268 892 llerbetum
303 855 423 894 cum
454 846 662 900 cunctis
690 849 1029 916 pertinentiis
1064 857 1175 910 suis
1213 870 1268 913 et
1295 861 1543 929 adjacen-

15 930 110 993 liis;
141 932 404 986 castellum
429 933 839 995 Trebunciolum
863 959 877 1007 ;
904 953 955 998 et
982 949 1261 1005 castellum
1286 952 1549 1010 Vieoade-

15 1020 97 1083 ris;
132 1021 373 1090 capellam
414 1022 598 1081 Sancti
636 1028 909 1087 Laurentii
950 1036 1108 1091 sitam
1146 1040 1197 1095 in
1240 1042 1365 1113 ripa'
1392 1044 1544 1113 Padi,

15 1126 106 1175 qua:
132 1112 314 1166 dicitur
341 1114 551 1181 Ostilia,
581 1134 701 1174 cum
738 1122 960 1180 decimis
998 1138 1053 1182 et
1089 1112 1339 1189 omnibus
1378 1139 1545 1204 perti-

15 1201 179 1255 nentiis
214 1204 359 1269 suis;
408 1206 775 1277 Campolane,
826 1230 1073 1286 campum
1112 1219 1453 1290 Palliai-ium,
1493 1237 1547 1282 et

15 1291 303 1360 Novoletum,
338 1297 466 1351 etin
497 1299 630 1371 Gajo
650 1304 829 1374 jugias
861 1316 1156 1379 trecentas;
1189 1314 1305 1369 loco
1330 1318 1546 1372 (Zasale-~

16 1380 135 1442 Drci;
176 1385 287 1438 villa
311 1402 429 1456 qua)
469 1390 670 1446 dicitur
714 1395 892 1465 Aspo;
933 1398 1222 1458 Castellum
1256 1405 1546 1463 Romania-

16 1490 130 1540 ntm,
156 1490 268 1530 cum
309 1478 540 1536 facticiis
577 1483 763 1540 Sancti
801 1489 1055 1559 Zenonis,
1086 1503 1140 1548 et
1183 1507 1417 1552 montem
1453 1502 1541 1569 qui

16 1566 172 1622 licitur
194 1570 417 1639 Alferia;
459 1574 512 1628 in
550 1576 734 1633 Lisino
768 1582 855 1636 ubi
890 1584 1089 1639 dicitur
1124 1587 1364 1659 Melario,
1396 1566 1544 1648 cam-

16 1674 83 1711 iOS
122 1661 270 1728 duos;
318 1665 369 1719 in
422 1667 675 1726 Clariauo
721 1688 942 1745 campos
986 1685 1124 1744 tres;
1190 1682 1243 1735 in
1293 1683 1541 1743 Crodano

2338 524 2341 525 ν
2375 464 2505 517 Χηι.

1660 564 1939 645 llcmrtetts
1970 568 2066 622 III
2101 588 2207 636 rex,
2240 579 2617 645 etmimperntor
2667 580 2727 632 ll
2774 586 3038 640 canonicis
3074 587 3233 645 Pata-

1814 638 1945 691 vinis
1973 655 2252 712 eorumque
2284 638 2531 699 Ecclesiw
2557 650 2823 721 privilegia
2850 668 3077 711 renovat.

1962 788 1965 791 ν
2249 760 2427 826 (Anno
2458 763 2636 835 10H.)

1938 843 2278 915 [MURATORI,
2310 852 2485 923 Antiq.
2517 855 2645 909 Ital.
2676 858 2717 925 Ι,
2752 861 2934 935 1001.]

1721 950 1776 1004 ln
1810 954 2026 1009 nomine
2056 967 2259 1015 sancta:
2288 970 2343 1016 et
2371 963 2656 1022 individuze
2683 970 2982 1027 Trinitatis.
3010 975 3229 1032 Hstnnt-

1648 1057 1743 1098 cus
1766 1044 1946 1100 divina
1969 1047 2182 1106 favente
2208 1052 2495 1110 clementia
2528 1057 2892 1118 Romanorum
2935 1064 3229 1135 imperator

1648 1133 1938 1203 Augustus.
2684 1202 2687 1203 ν

1720 1223 1776 1277 Si
1804 1228 1976 1281 sacris
2000 1237 2054 1283 et
2089 1234 2484 1291 venerabiltnus
2536 1254 2686 1303 mets.
2738 1250 2842 1296 etc.
2886 1245 3226 1317 Quapmpter

1647 1317 1885 1371 omnium
1920 1319 2154 1377 ﬁdelium
2207 1337 2411 1383 saneta:
2445 1328 2535 1384 Dei
2558 1332 2854 1403 Ecclesia,
2888 1347 3225 1393 nostrorum-

1647 1421 1751 1474 que
1806 1413 2148 1491 prtesentium
2198 1417 2405 1473 scilicet
2449 1436 2512 1474 ac
2566 1423 2869 1478 futurorum
2928 1431 3226 1498 comperiat

1648 1484 1932 1563 industria,
1976 1500 2281 1560 Arnaldum‘
2323 1520 2528 1565 sancta:
2566 1512 2919 1583 _Pataviensis
2967 1519 3226 1577 Ecclesia:

1644 1589 2007 1645 venerabilem
2043 1595 2373 1666 episcopum,
2405 1615 2503 1655 nec
2538 1618 2641 1657 non
2672 1614 2726 1657 et
2751 1605 3084 1664 Bernardum
3123 1627 3222 1667 no-

1645 1687 1814 1733 strum
1847 1683 2204 1752 capellanum,
2239 1690 2588 1763 ejusdemque
2618 1699 2861 1753 ecclesiae
2888 1702 3224 1760 archidiaco-

16 1753 363 1822 qmposduos;
399 1757 450 1811 εη
482 1758 701 1831 Laupha
737 1780 981 1835 campum
1015 1786 1214 1837 unum;
1258 1777 1535 1833 castellum
1572 1747 1612 1804 Β
1641 1783 1803 1836 num,
1856 1780 2094 1827 nostram
2171 1776 2449 1835 humiliter
2508 1798 2762 1841 exorasse
2840 1788 3219 1860 clementiam,

15 1841 152 1896 iaucti
178 1845 278 1899 V'iti
303 1863 420 1902 cum
452 1853 796 1919 pertinentiis
827 1858 968 1924 suis;
1006 1860 1289 1925 Paronam,
1324 1866 1535 1922 Cassia-

16 1948 132 1995 :um,
172 1936 297 1989 cella
346 1938 534 1996 Sancti
580 1944 726 1999 Petri
772 1946 909 2001 infra
957 1951 1226 2018 civitatem
1267 1954 1533 2013 Veronam

16 2039 97 2076 ~um
120 2028 445 2093 pertinentiis
470 2035 615 2101 suis;
649 2038 701 2091 in
731 2038 858 2093 Cavi
883 2042 1072 2097 cellam
1101 2045 1282 2101 Sancti
1308 2048 1535 2106 Andreae

16 2128 96 2164 rum
122 2116 448 2182 pertinentiis
477 2124 623 2189 suis;
658 2126 709 2180 itt
737 2128 891 2183 Venti
924 2133 1183 2200 capellam
1215 2138 1397 2191 Sancti
1430 2140 1530 2194 Viti

16 2218 93 2254 tum
146 2206 474 2271 pertinentiis
541 2215 683 2279 suis;
734 2217 784 2269 in
842 2218 1129 2277 Puviniaca
1197 2228 1530 2284 curticellam

15 2307 145 2357 mam,
171 2305 221 2348 et
246 2308 394 2353 curte
428 2301 479 2355 in
520 2303 791 2362 Rivariola
834 2326 954 2365 cum
984 2316 1232 2370 omnibus
1264 2321 1532 2385 pertinen-

16 2382 65 2435 iis
89 2386 214 2452 suis;
243 2398 294 2442 et
326 2391 376 2444 in
409 2391 580 2450 Pualo
615 2413 833 2469 campos
869 2410 1006 2469 tres;
1048 2421 1145 2460 nec
1188 2423 1292 2462 non
1327 2420 1526 2464 etcum

16 2476 203 2532 mnibus
231 2482 385 2537 rebus
416 2485 482 2539 ad
515 2486 795 2555 prmiatum
830 2497 1214 2551 monasterium
1250 2501 1527 2577 pertinen-

16 2562 134 2631 ibus,
180 2558 292 2623 cum
344 2574 623 2638 ecclesiis,
679 2581 945 2650 castellis,
998 2586 1157 2651 vicis,
1214 2589 1522 2657 colonibus,

16 2658 252 2724 nancipiis,
280 2666 709 2731 comendaticiis,
743 2671 988 2742 facticiis,
1018 2688 1120 2731 etc.
1161 2679 1524 2738 Admonemus

16 2743 121 2798 tiam
158 2750 392 2807 abbatem
439 2757 533 2826 qui
582 2770 807 2827 prmest,
851 2764 1073 2833 ejusque
1120 2772 1525 2828 successoribus

16 2838 336 2910 ntcrdicimus,
367 2862 432 2901 ne
473 2863 564 2903 res
602 2851 978 2919 stipendiarias
1010 2857 1214 2914 alendis
1246 2864 1522 2918 monachis

17 2930 237 2996 edicatas,
264 2936 327 2991 de
354 2938 471 2993 sinu
505 2946 816 2999 monasterii
850 2949 1081 3019 rapiant,
1104 2960 1158 3005 et
1178 2954 1521 3011 smcularibus

1640 1866 1905 1925 quatenus
1941 1877 2038 1932 pro
2070 1864 2165 1919 Dei
2193 1870 2579 1945 omnipotentis
2626 1890 2832 1942 amore,
2874 1889 2930 1934 et
2980 1884 3219 1941 remedio

1638 1948 1829 2004 anima:
1873 1961 2088 2018 nostrae,
2137 1973 2235 2012 nec
2280 1975 2385 2015 non
2434 1971 2489 2016 et.
2527 1975 2714 2036 rogatu
2760 1967 2998 2026 Ileinrici
3046 1978 3220 2031 nostri

1636 2034 1968 2096 dilectissimi
2005 2047 2311 2102 caneellarii
2361 2052 2540 2105 omnia
2573 2067 2841 2125 praecepta
2871 2075 2991 2129 qua:
3021 2064 3088 2118 ab
3116 2080 3217 2118 an-

1638 2130 2000 2186 tecessoribus
2057 2137 2276 2203 nostris,
2329 2155 2420 2195 seu
2474 2143 2833 2202 instrumenta
2880 2152 3215 2220 chartarum,

1633 2230 1753 2283 qua:
1787 2234 1816 2271 a
1872 2220 2119 2279 ﬁdelibus
2169 2229 2300 2283 viris
2345 2242 2543 2287 sanctae
2572 2234 2909 2298 Pataviensis
2960 2245 3215 2301 Ecclesiae

1634 2323 1803 2377 nuper
1832 2312 2024 2369 collata
2066 2327 2208 2385 sunt,
2258 2325 2459 2378 nostra
2488 2331 2814 2389 auctoritate
2863 2340 3215 2395 correborarc

1634 2396 1999 2466 diguaremur.
2029 2405 2264 2472 Quorum
2308 2415 2562 2479 precibus
2610 2428 2717 2474 tam
2765 2439 2863 2492 pro
2892 2428 2983 2481 Dei
3029 2446 3214 2485 amore

1629 2502 1788 2553 quant
1838 2486 1936 2559 pro
1984 2493 2222 2562 ejusdem
2268 2500 2523 2560 Ecclesia:
2580 2514 2929 2571 veneratione
2981 2517 3216 2576 libenter

1630 2590 1906 2633 assensum
1937 2586 2260 2654 przebentes,
2290 2593 2470 2647 onmia
2504 2612 2623 2665 quae
2651 2617 2748 2670 per
2779 2621 3047 2677 praecepta
3072 2612 3207 2667 alio-

1629 2681 1745 2720 rum
1777 2686 1961 2742 regum
1990 2676 2070 2730 vel
2096 2675 2503 2752 imperatorum,
2524 2705 2621 2744 nee
2647 2709 2751 2747 non
2781 2712 2899 2765 qua:
2928 2715 3024 2767 per
3049 2702 3211 2759 eltar-

1629 2761 1802 2810 tarum
1830 2759 2184 2819 instrumenta
2213 2769 2384 2824 eidem
2410 2774 2665 2833 Ecclesiae
2687 2782 2885 2839 dudum
2912 2802 2942 2840 a
2965 2788 3210 2849 ﬁdelibus

1624 2846 1758 2901 viris
1800 2849 1975 2906 oblata
2026 2867 2173 2921 sunt,
2207 2875 2305 2928 per
2350 2854 2489 2922 lianc
2534 2882 2773 2929 nostram
2826 2883 3206 2941 auctoritatem

1624 2940 1859 3008 praefatae
1885 2943 2218 3007 Pataviensis
2243 2953 2496 3013 Ecclesiae
2523 2952 2931 3025 conﬁrmamus.
2961 2973 3069 3030 Nec
3099 2994 3205 3032 non

15 3035 29 3070 t
56 3021 342 3082 beneﬁcium
375 3033 641 3099 tribuant,
676 3037 798 3105 quia
830 3039 913 3107 pia
947 3040 1134 3112 religio
1164 3045 1443 3114 reclamat,
1474 3049 1518 3104 si
1547 3082 1591 3143 Ο
1625 3034 1914 3113 ξίθῐυῖηυιε
1943 3049 1999 3093 ut
2043 3046 2291 3101 canonici
2321 3049 2558 3139 ejusdem
2590 3056 2864 3117 Ecclesia;
2909 3068 3206 3125 sementes

16 3111 97 3143 md
122 3113 201 3143 Πηε
232 3119 507 3143 |-L_.--___.
537 3126 565 3143 s,
604 3141 613 3143 _
642 3127 674 3143 ,-
803 3138 813 3143 _
918 3130 930 3143 .
1114 3135 1124 3143 .
1163 3136 1176 3143 -
1751 3141 1761 3143 -
1818 3138 1854 3143 ,-

16 3111 97 3163 ervi
121 3113 201 3169 Dei
232 3119 514 3178 tabescunt
537 3126 734 3195 inopia,
765 3138 819 3182 et
842 3130 930 3199 qui
966 3111 1069 3186 non
1093 3135 1304 3200 debent,
1332 3153 1517 3194 eorum

15 3211 209 3260 ttcscunt
237 3213 405 3281 copia.
434 3214 493 3269 Si
528 3218 647 3285 quis
675 3219 841 3274 abbas
872 3222 1086 3280 incaute
1114 3236 1207 3281 aut
1232 3232 1520 3286 temerarie

15 3297 96 3349 uod
118 3302 373 3358 sancimus
396 3307 741 3377 perfregerit,
764 3314 904 3381 quod
928 3314 1123 3384 injuste
1148 3320 1353 3387 tribuit,
1375 3321 1520 3390 jusle

16 3384 172 3454 aferat,
195 3401 245 3445 et
267 3397 571 3452 membrum
596 3399 823 3456 fractum
851 3408 1061 3476 corpori
1088 3410 1365 3467 Dominico
1391 3430 1518 3470 con-

16 3478 165 3547 tlidet;
192 3495 250 3540 ut
277 3488 321 3542 si
363 3491 509 3549 male
548 3491 683 3548 facta
716 3511 945 3566 purgare
973 3500 1218 3565 voluerit,
1248 3512 1302 3559 et
1331 3510 1517 3577 nequie

15 3569 105 3635 erit,
136 3588 396 3645 superstes
429 3581 551 3649 ejus
590 3594 771 3640 nostra
805 3596 859 3642 et
894 3603 1201 3648 nostrorum
1240 3611 1529 3655 successo-'

16 3673 71 3711 tm
110 3670 357 3723 sententia
400 3673 689 3731 roboratus
724 3681 992 3744 emendet,
1022 3686 1163 3751 quod
1202 3702 1329 3743 suus
1363 3699 1514 3745 ante-

15 3766 126 3807 rs<or
169 3760 361 3817 amisit.
412 3764 661 3837 Denique
706 3773 1066 3842 praecipiendo
1111 3782 1413 3848 sancimus,
1456 3796 1513 3842 ut

18 3840 119 3895 IHIIS
155 3847 278 3913 dux,
309 3855 574 3922 marcbio,
605 3859 909 3930 episcopus,
951 3880 1151 3932 comes,
1188 3871 1508 3940 vicecomes,

15 3945 54 3982 c.
92 3933 140 3987 Si
177 3939 291 4006 quis
319 3957 447 3998 vero
475 3956 665 4000 contra
699 3950 795 4003 hos
826 3964 1041 4009 nostros
1084 3959 1289 4027 regales
1331 3964 1509 4031 apices

16 4036 237 4094 surgere,
285 4042 376 4086 aut
423 4035 477 4089 in
527 4037 708 4106 aliquo
749 4041 951 4097 violare
1002 4052 1316 4115 tentaverit,
1369 4054 1506 4110 infra

15 4112 216 4174 ctionem
274 4126 420 4192 regni
474 4130 648 4183 nostri
693 4134 1027 4203 consistens,
1075 4141 1209 4196 sciat
1249 4160 1308 4198 se
1344 4144 1507 4203 libras

16 4202 147 4269 iginta
181 4211 291 4264 auri
332 4216 700 4283 probatissimi
739 4202 1130 4293 exsoluturum,
1163 4235 1501 4292 medietatem

16 4297 165 4353 :edicti
194 4310 527 4372 monasterii,
558 4320 610 4365 et
639 4315 975 4373 medietatem
1006 4321 1189 4397 palatii
1220 4328 1410 4381 nostri.
1438 4328 1501 4381 Et

16 4476 161 4535 tineat
191 4485 521 4558 ﬁrmitatem,
550 4503 653 4549 etc.

16 4567 213 4637 Signum
242 4579 419 4634 damni
452 4583 690 4640 Ileiurici
714 4592 852 4644 tertii
877 4596 1007 4663 regis
1047 4596 1391 4665 invictissimi,
1422 4619 1499 4656 se-

15 4660 83 4710 ndi
114 4662 462 4725 Romanorum
497 4674 821 4742 imperaturi:
848 4682 1087 4753 Augusti.

15 4746 271 4813 llrinr‘cus
298 4763 651 4821 cancellarius
690 4768 807 4822 vice
858 4772 1167 4831 llerimanni
1219 4780 1498 4837 archican-

22 4836 121 4893 larii
153 4854 455 4919 recognovi.

15 4925 116 4983 Data
152 4950 241 4991 vni
275 4939 397 4995 ldus
424 4942 568 5012 Maii,
601 4962 740 5004 anno
778 4951 1066 5011 Dominicze
1110 4958 1494 5020 lncarnationis

16 5017 88 5081 Π.
138 5024 423 5087 indictione
475 5052 572 5099 xv,
622 5054 763 5095 anno
817 5054 992 5100 autem
1027 5049 1204 5105 domni
1254 5053 1489 5111 Heinrici

20 5109 88 5173 tii,
116 5112 463 5178 ordinationis
491 5126 603 5195 ejus
636 5147 784 5198 xvtn,
826 5139 1099 5206 regnantis
1128 5157 1241 5205 vut,
1270 5146 1487 5201 secundi

15 5206 226 5261 pcranlis
253 5211 448 5278 primo.

15 5285 171 5346 ictum
203 5294 412 5355 [τοιάδνηί
448 5303 500 5359 in
533 5305 624 5363 Dei
662 5312 876 5368 nomine
907 5314 1151 5373 feliciter.
1186 5321 1376 5379 Amen.

1627 3140 1768 3180 nunc
1805 3138 1861 3182 et
1907 3145 2247 3193 successores
2285 3132 2493 3197 illorum
2546 3146 2766 3204 liberam
2798 3153 3032 3213 habeant
3077 3177 3201 3217 cum

1623 3230 1888 3274 consensu
1916 3226 2175 3297 episcopi,
2205 3232 2295 3300 qui
2334 3248 2430 3301 pro
2463 3245 2703 3308 tempore
2734 3243 2916 3311 fuerit,
2959 3261 3201 3318 potesta-

1624 3315 1729 3361 tem
1776 3310 1841 3365 de
1871 3316 2151 3383 onmibus,
2200 3336 2318 3389 qua:
2349 3324 2620 3394 illisjuste
2667 3342 2721 3387 et
2756 3310 3001 3405 legaliter
3036 3347 3203 3412 perti-

1620 3420 1750 3460 nere
1775 3407 1885 3462 visa
1918 3422 2064 3478 sunt,
2098 3424 2183 3469 aut
2216 3418 2326 3471 visa
2359 3419 2579 3491 fuerint,
2616 3426 2757 3483 inter
2779 3446 2855 3497 se,
2885 3442 2942 3488 ut
2974 3452 3199 3493 consue-

1621 3497 1747 3550 tudo
1772 3497 1888 3563 l'uit,
1921 3503 2213 3574 dividendi,
2235 3512 2381 3565 omni
2412 3523 2738 3583 potestatum
2770 3528 3197 3585 contradictione

1619 3601 1820 3645 remota
1862 3609 1876 3647 :
1912 3596 2160 3654 videlicet
2194 3602 2258 3658 de
2314 3604 2527 3664 Jecimis
2570 3612 2806 3671 civitatis
2857 3634 2952 3688 per
2993 3624 3192 3690 omnia,

1617 3697 1739 3736 eum
1777 3686 1943 3743 titulis
1971 3700 2131 3761 atque
2160 3710 2280 3750 cum
2321 3698 2460 3755 villis
2494 3704 2607 3759 suis
2631 3707 2696 3760 ad
2724 3712 2968 3767 eamdem
2998 3715 3194 3771 civita-

1616 3784 1721 3829 tem
1757 3780 2175 3846 pertinentibus.
2219 3789 2275 3842 In
2313 3792 2502 3860 primis
2536 3796 2655 3850 villa
2686 3816 2805 3870 qua:
2860 3804 3058 3861 dicitur
3104 3808 3194 3863 Li-

1614 3882 1792 3933 tnena,
1819 3882 1871 3926 et
1903 3876 2025 3930 villa
2054 3894 2172 3949 qua:
2200 3882 2400 3937 dicitur
2437 3886 2658 3958 Arzere,
2691 3901 2745 3947 et
2790 3896 3091 3967 Autikeria,
3138 3914 3191 3957 et

1614 3960 1782 4016 Turre
1816 3975 1869 4019 et
1912 3967 2136 4036 Noenta,
2166 3986 2220 4029 et
2272 3980 2394 4033 villa
2440 4000 2557 4051 qua:
2588 3986 2785 4043 dicitur
2831 3990 3104 4065 Bergomi,
3136 4010 3191 4052 et

1611 4050 1888 4121 Ronealia,
1940 4062 2227 4135 ethoneo
2283 4069 2512 4137 Liuteri,
2545 4084 2599 4129 et
2646 4078 2767 4132 villa
2825 4097 2944 4149 quae
2991 4087 3190 4141 dicitur

1608 4143 1817 4212 Casale,
1848 4158 1901 4203 et
1922 4151 2087 4208 altera
2112 4172 2230 4226 qua:
2255 4160 2451 4217 dicitur
2476 4164 2799 4233 Publiliano,
2832 4143 2885 4227 et
2916 4176 3036 4230 villa
3067 4193 3187 4247 qua:

1607 4237 1918 4294 nominatur
1954 4242 2307 4314 Albignaseca
2339 4260 2392 4305 et
2422 4252 2743 4324 Masserata,
2790 4271 2896 4317 etc.
2926 4264 3186 4321 Concedi-

1606 4339 1725 4380 mus
1756 4329 1917 4384 etiam
1942 4334 2117 4389 cidem
2148 4338 2403 4409 Ecclesiae
2450 4354 2507 4397 ut
2545 4348 2723 4417 nullus
2758 4351 2886 4417 dux,
2913 4357 3180 4423 marebio,

19 4400 42 4435 (τ
67 4399 285 4449 nostrum
317 4411 646 4472 praeceptum
678 4406 729 4460 in
754 4408 845 4462 Dei
871 4413 1104 4479 nomine,
1130 4424 1187 4469 ut
1209 4410 1499 4485 pleniorem
1529 4417 1580 4477 D
1606 4428 1804 4481 comeS.
1872 4423 2194 4493 vicecomes.
2242 4433 2559 4500 sculdassiO.

2612 4443 2891 4507 gastaldio,
2945 4447 3181 4506 decanth

1603 4507 1688 4560 vel
1722 4511 1977 4578 quislibet
2005 4518 2229 4585 publicae
2252 4525 2420 4591 partis
2453 4528 2713 4598 minister,
2741 4544 2847 4590 etc.

1674 4597 1892 4669 Signum
1940 4606 2116 4661 domui
2156 4610 2392 4669 lleinrici
2446 4617 3177 4685 invictissimi,Romanorum

1601 4687 1932 4757 imperatoris
1969 4696 2211 4766 Augusti.

1672 4778 1956 4839 llcinricus
2002 4792 2354 4849 cauecllarius
2383 4798 2497 4852 vice
2546 4800 2854 4861 llerimanni
2891 4810 3174 4866 archican-

1597 4870 1796 4926 ccllarii
1828 4881 2110 4948 recognovi
2143 4892 2198 4936 et‘
2223 4886 2539 4958 subscripsi.

1666 4963 1797 5019 Data
1846 4984 1878 5019 v
1928 4969 2047 5026 ldus
2093 4973 2234 5042 Maii,
2286 4995 2429 5036 anno
2458 4984 2751 5044 Dominica:
2782 4992 3168 5051 Incarnatiouis

1595 5055 1753 5122 1047,
1806 5059 2097 5119 indictione
2146 5082 2235 5135 xv,
2289 5086 2431 5127 anno
2476 5086 2654 5132 autem
2695 5081 2876 5137 domni
2928 5085 3163 5145 llcinrici

1590 5147 1761 5214 tertii,
1791 5151 2145 5212 ordinationis
2178 5160 2295 5230 ejus
2341 5179 2493 5232 xvut,
2527 5174 2800 5239 regnantis
2826 5191 2940 5243 vut,
2985 5181 3078 5234 sed
3111 5194 3165 5236 et

1589 5237 1906 5305 imperantis
1941 5245 2132 5312 primo.

1669 5328 1866 5385 Actum
1902 5331 2294 5396 Tridentinoin
2322 5342 2412 5400 Dei
2443 5349 2657 5407 nomine
2694 5353 2943 5412 feliciter.
2968 5358 3155 5417 Amen.
