3838 6322
668 346 726 411 il
738 345 805 400 0'5

1397 488 1530 544 xw.
2141 554 2144 556 η

671 609 904 663 llemrtri
930 605 1023 659 111
1051 607 1202 674 regis,
1222 606 1353 656 inter
1378 604 1713 674 iritpcr'atores
1735 597 1968 674 secundi,
1999 595 2251 674 diploma,

737 697 836 748 otto
869 665 1136 748 canonicis
1163 665 1571 748 Tatii-ineuntibus
1603 668 1782 723 Sancti
1808 666 2101 720 Salvator-is
2124 665 2253 733 jura

733 743 796 802 uc
831 750 964 801 bona
995 746 1168 800 omnia
1209 743 1509 811 confirmat.

1263 836 1438 906 (Anno
1478 831 1659 899 1047.)

966 929 1304 1003 iiiluna'rom,
1339 926 1514 994 Antiq.
1558 922 1684 978 Ital.
1727 922 1790 988 ν,
1829 920 1976 992 195.]

739 1028 793 1080 in
833 1025 1052 1080 nomine
1094 1030 1294 1076 sancta:
1329 1027 1383 1072 et
1427 1015 1715 1070 individuae
1745 1011 2050 1066 Trinitatis.
2086 1007 2248 1062 "ElN-

669 1133 842 1181 ntcus,
882 1115 1065 1169 divina
1106 1113 1320 1166 favente
1349 1107 1656 1171 clementia,
1690 1104 2058 1158 Romanorum
2089 1100 2255 1169 impc-

671 1221 820 1266 rator
846 1209 1147 1278 Augustus.

742 1298 996 1356 Omnium
1029 1304 1230 1350 sanctae
1261 1291 1353 1346 Dei
1389 1287 1643 1345 anlesia:
1674 1296 2092 1355 nostrorumque
2119 1283 2252 1337 ﬁde-

674 1393 827 1453 lium,
881 1399 990 1442 tam
1058 1386 1360 1440 futurorum
1409 1397 1570 1452 quam
1612 1359 1986 1451 przesen'tium,
2047 1373 2258 1430 noverit

675 1479 1002 1534 universitas
1036 1475 1270 1545 qualiter
1327 1486 1425 1527 nos
1454 1485 1551 1540 pro
1579 1482 1766 1524 amore
1818 1465 2001 1521 divino
2030 1462 2253 1518 animae-

675 1584 779 1638 que
807 1575 1006 1622 nostrze
1046 1563 1285 1618 remedio
1323 1558 1601 1617 canonicis
1625 1553 1978 1611 Taurinensis
2005 1551 2259 1609 Ecclesiae

674 1674 770 1728 rer
826 1658 928 1711 hoc
979 1662 1179 1709 nostrm
1225 1647 1656 1707 conﬁrmationis
1693 1653 2047 1716 przeceptum,
2098 1648 2258 1713 prout

667 1753 812 1816 juste
843 1757 898 1801 et
937 1747 1180 1818 lcgaliter
1219 1755 1529 1821 possumus,
1571 1737 1919 1793 concedimus
1966 1743 2021 1789 et
2060 1732 2258 1789 conﬁr-

2009 329 2273 385 monuu.
2317 328 2588 384 ntrLou.
3663 342 3723 392 ιω

2281 475 2328 529 Α
2355 441 2465 494 Viti
2498 440 2552 493 in
2586 438 2706 492 villa
2738 451 2856 506 quin
2885 436 3086 490 dicitur
3111 437 3346 505 Arsilias,
3373 457 3474 497 cum
3494 458 3599 503 certe
3619 463 3723 514 true

2357 532 2581 590 decima.
2614 540 2668 585 et
2697 529 2961 598 portibus,
2995 530 3386 599 piscationibus,
3421 539 3722 612 omnibusque.

2357 622 2729 692 adjacentibus
2755 640 2766 674 :
2791 621 3078 677 ecclesiam
3110 621 3290 678 Sancti
3313 624 3496 698 Georgii
3522 646 3607 687 cum
3627 654 3723 696 πτωρ,

2358 713 2446 766 ubi
2472 722 2652 767 exstat
2683 712 2736 766 in
2770 711 3091 783 Villaparso,
3131 729 3248 768 cum
3280 718 3408 772 omni
3432 721 3586 776 decima
3606 727 3726 792 cinae.

2357 808 2528 874 villae,
2575 819 2631 864 et
2678 809 2882 865 mansis
2933 809 3108 864 eidem
3162 814 3420 868 canonice
3463 819 3706 885 pertinentia

2356 899 2622 956 decimam
2656 901 2708 955 in
2735 902 3027 958 Malavasio
3066 920 3192 959 cum
3219 905 3412 959 duabus
3446 908 3727 971 calcei-um

2358 993 2411 1048 in
2467 993 2728 1049 honorem
2779 995 2994 1051 Sanctae
3048 995 3251 1062 Mariae,
3301 997 3496 1053 alteram
3526 1000 3563 1052 in
3596 1001 3730 1058 bonane

2359 1083 2544 1140 Sancti
2572 1085 2821 1152 Martini,
2853 1097 2908 1142 et
2953 1104 3169 1144 omnem
3211 1089 3450 1143 decimam
3485 1092 3526 1144 in
3549 1089 3731 1161 Vallepha.

2358 1185 2413 1231 et
2445 1176 2496 1230 in
2535 1175 2871 1243 Vallesurda,
2898 1186 2950 1232 et
2985 1177 3040 1232 in
3077 1176 3364 1243 Milionico,
3403 1187 3450 1233 et
3475 1179 3566 1233 inde
3585 1179 3731 1250 ligare.

2358 1282 2479 1321 cum
2511 1269 2670 1322 terris
2706 1278 2759 1322 et
2794 1268 2968 1323 vineis
3011 1268 3076 1321 ad
3108 1267 3378 1338 praefatam
3413 1270 3639 1324 canonicam
3657 1277 3732 1339 pen-

2359 1360 2612 1414 nentibus
2642 1379 2655 1413 :
2683 1369 2889 1415 cortem
2915 1360 2966 1413 in
2999 1359 3230 1415 Salinas
3259 1375 3374 1414 cum
3396 1361 3573 1416 ecclesia
3589 1362 3623 1417 in
3637 1365 3734 1417 bona:

2360 1448 2546 1505 Sancti
2569 1450 2792 1506 Joannis
2815 1466 2937 1506 cum
2961 1451 3110 1505 omni
3140 1448 3363 1513 decima,
3387 1451 3733 1515 molendinissirs.

2359 1539 2635 1606 bascaliis,
2662 1540 2904 1611 palariis,
2936 1549 2992 1596 et
3020 1543 3270 1598 omnibus
3299 1543 3734 1612 appendiciis;oarev_~-

2360 1645 2465 1700 que
2495 1632 2760 1686 decimam
2783 1629 3021 1699 ejusdem
3047 1633 3212 1688 cortis
3240 1647 3255 1686 :
3285 1618 3468 1689 cortem
3492 1650 3534 1688 in
3556 1633 3734 1688 lamnas":

2361 1738 2482 1779 cum
2517 1723 2724 1794 capella
2759 1723 2944 1779 Sancti
2991 1723 3233 1791 Martini,
3283 1741 3396 1781 cum
3444 1725 3574 1790 silvis,
3593 1726 3735 1782 breuis.

675 1853 908 1907 mamus,
959 1839 1270 1894 stabilimus
1305 1834 1361 1889 in
1386 1813 1667 1890 'canonica
1713 1829 2032 1886 et‘claustra
2072 1829 2125 1883 in
2159 1827 2262 1881 Do-
2293 1825 2337 1885 Β
2365 1823 2420 1870 ει
2445 1815 2696 1870 omnibus
2729 1814 3066 1886 appendiciis
3097 1814 3211 1869 suis
3253 1823 3480 1899 :cortem
3518 1831 3556 1868 In
3586 1813 3736 1868 huius

676 1936 807 1990 mini
836 1933 1134 1991 Salvatoris
1161 1933 1422 1987 honorem
1451 1933 1762 1982 constructo
1793 1921 1933 1977 infra
1960 1920 2262 1976 Taurinen-

675 2043 790 2083 sem
839 2027 1139 2093 civitatem,
1187 2038 1289 2078 nec
1333 2036 1440 2086 non
1492 2027 1546 2074 et
1600 2015 1880 2072 canonicis
1923 2013 2121 2068 ibidem
2168 2025 2265 2080 pro

678 2129 922 2185 tempore
949 2114 1327 2182 militantibus,
1363 2111 1544 2168 omnia
1586 2124 1616 2163 a
1646 2109 1822 2164 beata:
1861 2103 2138 2159 memoriae
2163 2101 2267 2156 Rc-

680 2210 914 2280 guimiro
942 2207 1186 2276 ejusdem
1233 2205 1379 2261 sedis
1401 2202 1653 2271 episcopo
1683 2197 1994 2254 institutore
2025 2194 2266 2263 ejusdem

679 2303 954 2358 canonica:
1015 2298 1230 2356 Domini
1282 2294 1584 2353 Salvatoris
1641 2291 1856 2356 collata,
1905 2296 1962 2343 et
2007 2289 2129 2356 quae
2171 2300 2268 2364 per

681 2404 946 2466 praecepta
979 2407 1167 2460 regum
1207 2399 1262 2444 et
1293 2390 1680 2456 imperatorum
1723 2382 1807 2437 vel
1835 2394 1931 2451 per
1980 2378 2268 2433 ﬁrmitates

683 2485 1089 2542 succedentium
1138 2481 1538 2552 episcoporum,
1593 2491 1688 2531 seu
1727 2489 1954 2546 quaeque
1981 2470 2268 2529 collatione

685 2578 1060 2648 religiosorum
1088 2573 1372 2629 hominum
1427 2568 1624 2623 ibidem
1653 2565 1847 2621 collata
1878 2573 2007 2621 sunt
2027 2562 2112 2619 vel
2133 2577 2268 2617 con--

684 2667 904 2721 ferenda
935 2683 948 2718 :
982 2662 1242 2718 ecclesias
1292 2658 1504 2716 scilicet
1546 2655 1690 2713 intra
1719 2654 1963 2710 eamdem
1989 2651 2268 2708 civitatem

687 2758 938 2821 Taurini,
969 2771 1131 2811 unam
1172 2754 1224 2808 in
1257 2753 1517 2806 honorem
1551 2755 1859 2804 sanctorum
1904 2743 2269 2818 apostolorum

682 2847 912 2918 Philippi
961 2856 1016 2901 et
1065 2843 1275 2905 Jacobi,
1332 2841 1494 2895 aliam
1531 2840 1584 2892 in
1644 2839 1905 2897 honorem
1953 2844 2270 2890 sanctorum

684 2943 1051 3010 apostolorum
1087 2935 1326 2993 Simonis
1358 2943 1414 2989 et
1457 2932 1628 2999 Judac,
1663 2930 1875 2985 tertiam
1931 2930 1983 2983 in
2009 2927 2270 2982 honorem

683 3031 855 3086 sancti
889 3026 1150 3098 Stephani
1179 3023 1458 3095 martyris,
1490 3030 1739 3092 quartam
1771 3020 1824 3073 in
1853 3018 2112 3072 honorem
2141 3031 2270 3070 san-

684 3122 756 3174 cti
787 3118 1112 3182 Martiniaui,
1159 3116 1402 3186 quintam
1436 3115 1490 3168 in
1531 3113 1791 3167 honorem
1825 3110 1998 3164 sancti
2028 3108 2269 3174 EuseLii,

684 3223 894 3266 sextam
941 3212 994 3264 in
1044 3210 1306 3264 honorem
1339 3204 1518 3260 sancti
1554 3201 1791 3256 Martini.
1822 3200 2074 3255 Castrum
2106 3199 2268 3253 etiam

682 3317 849 3374 super
869 3311 1085 3372 portam
1109 3297 1349 3369 ejusdem
1393 3296 1634 3353 civitatis
1679 3309 1798 3364 quae
1826 3294 2025 3348 dicitur
2049 3293 2271 3347 Turria-

683 3397 828 3463 nica,
869 3403 922 3449 et
952 3407 1167 3448 onmem
1199 3391 1462 3447 decimam
1501 3398 1606 3444 tam
1640 3388 1787 3442 intus
1812 3402 1975 3457 quam
2005 3384 2134 3440 foris
2155 3382 2271 3454 ejus

685 3487 946 3550 civitatis,
993 3501 1116 3541 cum
1145 3482 1468 3540 molendinis
1513 3490 1568 3537 et
1617 3478 2009 3550 piscationihus
2053 3476 2106 3530 in
2155 3475 2272 3546 ipso

685 3581 849 3633 ﬂuvio
875 3579 1058 3632 'l‘uria.
1092 3577 1316 3646 insuper
1336 3573 1501 3628 etiam
1525 3586 1716 3628 omnes
1736 3585 1823 3625 res
1847 3569 2087 3641 ejusdem
2117 3580 2276 3622 cano-

688 3671 824 3725 nica:
853 3681 959 3723 tam
987 3669 1131 3723 intus
1156 3682 1317 3738 quam
1351 3665 1503 3730 foris,
1551 3679 1671 3718 cum
1704 3662 1816 3717 suis
1848 3660 2084 3726 solariis,
2109 3659 2272 3725 casis,

690 3761 886 3824 hortis,
937 3760 1262 3821 accessibus,
1298 3758 1483 3822 terris,
1530 3755 1704 3812 servis
1733 3763 1784 3810 et
1826 3753 2058 3820 ancillis,
2096 3751 2273 3807 omni-

690 3855 898 3920 husque
927 3850 1165 3921 praefatae
1210 3848 1486 3903 canonica:
1526 3843 1947 3916 pertinentibus.
1991 3842 2278 3913 Largimur

693 3943 858 3996 etiam
882 3957 1071 3997 omnes
1115 3941 1352 3994 decimas
1409 3936 1804 3992 indomnicatas
1853 3932 2096 4002 ejusdem
2132 3931 2277 3988 sedis

692 4032 952 4104 episcopi,
985 4040 1040 4085 et
1065 4030 1306 4084 decimas
1335 4025 1729 4082 Beneﬁciorum
1773 4023 2012 4079 omnium
2038 4020 2276 4077 ﬁdelium

693 4126 937 4193 ejusdem
971 4122 1234 4194 episcOpi.
1273 4118 1571 4175 Ecclesiam
1622 4129 1834 4186 quoque
1867 4113 2193 4170 cardiualem
2222 4112 2275 4166 in

696 4218 956 4270 honorem
1003 4211 1178 4266 sancti
1230 4208 1446 4263 Maximi
1498 4207 1548 4260 in
1597 4203 1846 4283 Quincto,
1877 4211 1934 4256 et
1989 4199 2277 4257 ecclesiam

697 4307 895 4363 Sancti
935 4304 1194 4376 Stephani
1225 4304 1281 4358 in
1308 4301 1582 4366 Maliasco,
1613 4297 1896 4354 ecclesiam
1924 4295 2140 4351 Sancta:
2169 4292 2280 4348 Ma-

697 4406 812 4466 ne,
838 4399 1126 4455 ecclesiam
1155 4396 1340 4452 Sancti
1391 4395 1566 4460 Petri,
1593 4391 1878 4449 ecclesiam
1922 4387 2109 4445 Sancti
2139 4387 2280 4442 Lau-

700 4494 882 4559 rentii,
917 4507 1038 4547 cum
1069 4489 1216 4546 omni
1246 4487 1454 4542 decima
1477 4485 1746 4557 praedicta:
1782 4481 1922 4538 villae
1952 4500 1965 4536 :
1990 4490 2197 4537 cortem
2225 4480 2277 4534 in
2306 4513 2358 4573 Β

2367 1923 2490 1964 cum
2519 1908 2771 1964 omnibus
2800 1908 2916 1965 suis
2941 1907 3325 1977 pertinentiis;
3355 1906 3566 1976 capellam
3598 1906 3736 1960 inlicia-

2368 1998 2530 2054 niano
2559 1998 2613 2053 in
2638 1998 2899 2053 honorem
2929 1998 3106 2053 sancti
3136 1996 3363 2066 Remigii
3391 2016 3403 2050 :
3430 2006 3586 2052 cortem
3606 1999 3638 2051 in
3662 1997 3735 2050 Pu:-

2367 2089 2503 2143 riolo
2524 2101 2648 2144 cum
2671 2099 2853 2144 castro
2873 2098 2928 2144 et
2943 2088 3149 2157 capella
3178 2088 3233 2143 in
3257 2089 3429 2143 eodem
3443 2097 3584 2144 castro
3599 2089 3631 2141 in
3645 2090 3737 2140 ira:

2369 2179 2544 2235 sancti
2593 2180 2848 2245 Secundi,
2907 2195 3032 2235 cum
3077 2179 3328 2236 omnibus
3377 2180 3474 2235 suis
3509 2181 3712 2250 pertinentis

2368 2281 2574 2327 cortem
2622 2271 2676 2326 in
2724 2272 3024 2334 Audisello,
3064 2281 3121 2326 et
3158 2271 3430 2344 Mandego,
3468 2287 3561 2326 cum
3588 2269 3738 2336 sulsita-

2370 2363 2572 2418 nentiis
2607 2380 2620 2416 :
2651 2372 2860 2419 cortem
2899 2363 2953 2418 in
2986 2363 3217 2419 Patiano
3262 2379 3376 2419 cum
3406 2371 3564 2428 rastro,
3584 2372 3620 2415 et
3644 2360 3737 2413 tua:

2370 2453 2593 2524 capellis
2651 2472 2663 2507 :
2707 2463 2914 2510 cortem
2963 2455 3016 2510 in
3063 2455 3321 2510 Balbiano
3367 2469 3473 2510 cum
3519 2450 3651 2521 capella
3671 2464 3738 2502 aa:

2375 2557 2582 2602 cortem
2625 2547 2680 2602 in
2706 2548 2977 2613 Aliniano,
3004 2564 3127 2604 cum
3152 2558 3351 2615 castro,
3379 2558 3425 2604 et
3446 2545 3598 2617 capella
3612 2547 3738 2598 inet-i1.

2371 2647 2552 2694 castro
2582 2639 2638 2693 in
2686 2639 2947 2696 honorem
2980 2640 3156 2695 sancti
3190 2640 3408 2710 Remigii
3436 2657 3448 2692 :
3473 2636 3662 2706 capellam,
3676 2649 3740 2684 aa-

2371 2745 2481 2797 sos'
2513 2730 2721 2797 "ineas:
2765 2740 2929 2802 at(ille
2981 2747 3138 2787 casas
3176 2732 3230 2786 in
3275 2731 3695 2794 0rscnasco;cnne

2373 2819 2640 2888 Santena,
2670 2835 2793 2875 cum
2823 2829 3005 2876 castro
3031 2830 3088 2875 et
3117 2821 3323 2891 capella
3352 2822 3400 2875 in
3428 2820 3572 2874 eodem
3604 2827 3739 2868 castram

2372 2912 2576 2968 honore
2603 2913 2775 2968 sancti
2807 2912 2980 2978 Pauli,
3011 2928 3135 2968 cum
3163 2913 3313 2967 omni
3350 2927 3434 2967 sua
3457 2904 3738 2971 decimaejusfr.

2375 3003 2576 3067 cortis;
2622 3011 2828 3057 cortem
2861 3002 2912 3056 in
2940 3001 3192 3074 Bulgare,
3223 3012 3278 3056 ct
3305 3012 3485 3070 partem
3511 3000 3549 3052 in
3571 3005 3677 3050 castro
3691 3006 3741 3041 cr-

2373 3096 2637 3166 portibus,
2672 3094 3018 3161 molendinis,
3053 3095 3447 3166 piscationibus,
3471 3091 3596 3154 silvis,
3622 3096 3740 3141 clem--

2298 3169 2344 3234 (ἶ
2374 3186 2476 3241 bus
2507 3184 2607 3240 sibi
2640 3185 3039 3253 pertinentibus
3066 3202 3078 3237 :
3125 3187 3452 3240 medietatem
3474 3173 3741 3236 corlislimiz-L.

2374 3292 2495 3332 cum
2538 3279 2830 3334 medietate
2860 3275 3082 3344 capella:
3112 3276 3164 3330 in
3217 3277 3409 3330 honore
3427 3271 3561 3328 sancti
3580 3266 3740 3321 lliclieéé.

2375 3379 2583 3426 cortem
2629 3372 2679 3426 in
2713 3367 3082 3433 Scandaltico,
3114 3384 3238 3423 cum
3273 3367 3412 3438 plebe
3435 3367 3478 3420 in
3500 3365 3639 3418 honore

2377 3461 2653 3527 Dalmatii,
2680 3469 2734 3516 et
2774 3459 2997 3529 capellis
3033 3467 3269 3529 quatuor
3296 3459 3345 3513 in
3379 3457 3532 3512 eadem
3546 3457 3658 3508 certe.
3672 3458 3741 3496 πλε

2369 3553 2431 3609 ‘in
2463 3555 2722 3609 honorem
2756 3552 2928 3608 sancti
2975 3550 3285 3616 Michaelis,
3317 3549 3460 3604 aliam
3484 3544 3608 3602 sancti
3625 3537 3741 3593 iure.

2377 3647 2593 3702 tertiam
2624 3644 2798 3701 sancti
2824 3643 3077 3709 Andrem,
3100 3631 3348 3713 quartam
3369 3638 3513 3696 sancti
3533 3629 3738 3691 laminis:

2376 3739 2523 3794 omni
2550 3737 2782 3801 decima,
2804 3745 2860 3792 et
2907 3735 3258 3802 molendinis,
3282 3735 3441 3802 silvis,
3475 3728 3641 3802 pascuis,
3666 3719 3740 3789 Ρηίδ

2377 3827 2760 3884 communibus
2789 3835 2845 3882 et
2889 3827 3138 3898 privatis,
3167 3827 3499 3893 omnibusque
3519 3819 3566 3873 ad
3582 3813 3740 3886 praika

2379 3919 2690 3976 canocicam
2719 3918 3120 3990 pertinentibus
3147 3933 3162 3972 :
3189 3917 3436 3988 capellam
3464 3915 3504 3967 in
3523 3900 3739 3990 Ροιευεπίαέ

2379 4014 2586 4069 honore
2619 3987 2795 4067 sancti
2819 4010 3075 4082 Reruigii,
3101 4025 3230 4065 cum
3253 3987 3478 4064 omnibus
3496 4002 3545 4056 ad
3566 4012 3640 4052 eam
3667 3987 3740 4059 ῐεηέ·

2379 4104 2635 4160 nentibus
2682 4104 2736 4158 in
2777 4103 3035 4168 Sablone,
3069 4117 3197 4158 cum
3244 4101 3433 4156 mansis
3455 4093 3740 4167 quiaquod“?

2381 4195 2581 4251 dietate
2611 4196 2818 4251 decima
2849 4193 3089 4263 ejusdem
3139 4193 3304 4260 villae,
3337 4207 3431 4246 una
3471 4177 3684 4243 centenis,
3705 4185 3739 4218 ε·

2380 4286 2526 4358 stris,
2551 4285 2793 4356 capellis,
2821 4285 3018 4349 vineis,
3044 4284 3278 4354 campis,
3306 4281 3475 4353 pratis,
3499 4269 3652 4347 pastus.
3666 4264 3736 4315 Si“

2381 4373 2732 4440 molendinis,
2779 4374 3051 4444 portibus,
3099 4373 3332 4443 ripatiis,
3366 4368 3513 4440 aqnis,
3547 4362 3736 4444 illi“???

2383 4465 2726 4532 decursibus,
2757 4442 3171 4534 piscationibus,
3201 4465 3370 4520 servis
3389 4472 3438 4516 et
3455 4453 3618 4512 ancillis.
3635 4442 3734 4498 “'5‘

699 4541 985 4655 Alpiniano
1021 4597 1144 4638 cum
1187 4589 1367 4635 castro
1394 4587 1450 4633 et
1477 4541 1679 4648 capella
1729 4575 1915 4632 Sancti
1962 4572 2108 4629 Petri
2139 4570 2277 4626 infra
2306 4541 2358 4573 υ
2382 4556 2502 4621 bus:
2534 4556 2782 4622 deeimis’
2815 4555 2978 4620 ηοῑίεν
3023 4556 3311 4622 “ditibus.
3335 4549 3568 4653 valuimus

700 4679 876 4744 ipsum
906 4681 1147 4728 castrum
1198 4670 1299 4724 sita
1338 4688 1349 4720 :
1379 4667 1547 4721 altera
1581 4679 1708 4720 vero
1735 4674 1886 4720 trans
1931 4661 2151 4718 Turiam
2185 4660 2282 4715 ﬁu-

700 4782 823 4824 men
851 4765 1066 4822 Sancta:
1088 4762 1291 4826 Mariae,
1334 4775 1457 4815 cum
1502 4755 1842 4821 molendinis,
1870 4755 2279 4826 piscationlbus,

701 4859 1028 4916 etomnibus
1057 4852 1392 4926 appendiciis
1437 4851 1504 4905 ad
1552 4847 1801 4903 eumdem
1843 4846 2277 4918 aspicientibus:

702 4963 909 5008 cortem
947 4953 1000 5006 in
1049 4949 1356 5012 Liﬁniasco,
1386 4958 1508 4999 cum
1546 4950 1726 4997 castro
1765 4951 1820 4995 et
1862 4938 2066 5010 capella
2095 4938 2281 4993 Sancti

700 5043 938 5100 Mauritii
970 5041 1025 5095 in
1055 5039 1244 5095 eodem
1276 5043 1477 5102 castro,
1519 5046 1640 5088 cum
1672 5031 1923 5085 omnibus
1949 5034 2016 5086 ad
2057 5044 2117 5085 se
2159 5043 2283 5099 per-

701 5137 997 5192 tinentibus
1045 5151 1056 5187 :
1092 5131 1376 5187 ecclesiam
1429 5125 1617 5182 Sancti
1653 5122 1888 5186 Victoris
1930 5133 1986 5176 et
2033 5102 2301 5184 Corona:

703 5245 824 5283 cum
853 5226 999 5282 omni
1039 5224 1246 5279 decima
1291 5222 1343 5274 in
1368 5216 1729 5280 Marcomeda,
1765 5225 1820 5270 et
1858 5229 1981 5269 cum
2026 5213 2185 5268 terris
2220 5227 2283 5267 ac

702 5319 911 5373 mansis
979 5316 1045 5372 ad
1113 5313 1425 5385 praedictam
1475 5309 1790 5365 canonicam
1848 5305 2280 5385 pertinentibus;

705 5410 988 5464 ecclesiam
1017 5407 1202 5462 Sancti
1239 5402 1497 5459 Macharii
1553 5402 1605 5454 in
1638 5384 1858 5456 Viiasco'
1883 5414 2006 5454 cum
2040 5397 2202 5452 terris
2232 5405 2285 5452 et

706 5501 930 5554 det-iniis
987 5499 1227 5568 ejusdem
1287 5495 1444 5550 villae.
1505 5492 1722 5547 Plebem
1773 5506 1902 5546 vero
1955 5490 2008 5545 in
2058 5490 2287 5544 durione

709 5591 923 5643 Sanctae
953 5586 1154 5650 Mariae,
1182 5601 1305 5640 cum
1323 5583 1468 5639 omni
1509 5582 1717 5636 decima
1741 5582 1808 5637 ad
1831 5598 1952 5636 eum
1981 5581 2286 5650 pertinente

711 5683 760 5735 in
789 5679 1047 5751 pianitiis,
1077 5678 1236 5739 casis,
1269 5677 1444 5736 terris,
1483 5674 1675 5736 vineis,
1707 5683 1762 5727 et
1805 5674 2064 5743 capellam
2100 5671 2283 5739 Sancti

712 5772 977 5829 Solutoris
1026 5771 1078 5823 in
1131 5777 1312 5822 monte
1367 5764 1630 5819 Pbarrato
1686 5783 1698 5818 :
1755 5764 2044 5825 ecclesiam
2077 5747 2283 5820 “Sancti

2383 4653 2485 4706 bus
2522 4658 2578 4704 et
2617 4648 3078 4714 incommunibus,
3127 4649 3287 4718 ripis,
3327 4641 3518 4716 rapinis,
3553 4629 3652 4688 cultis
3667 4628 3735 4716 dli"

2383 4743 2563 4808 cultis,
2605 4741 2896 4797 mobilibus
2937 4751 2992 4796 et
3034 4717 3408 4803 immobilibus,
3456 4733 3509 4787 ad
3543 4726 3603 4795 ius
3633 4717 3734 4796 is“?

2384 4837 2680 4903 canonicm,
2734 4834 3232 4902 canonicorumque
3279 4845 3399 4885 usus
3433 4835 3478 4886 et
3519 4812 3733 4903 εμπιριιά

2387 4942 2482 4998 pro
2512 4895 2754 5002 tempore
2784 4926 3011 4991 fuerint,
3036 4895 3420 4996 pertinentibus
3445 4915 3511 4970 vel
3533 4895 3733 5002 θενὶςίθξίίίῗ

2386 5020 2440 5072 in
2470 5019 2766 5089 integrum,
2804 5026 3003 5072 nostrae
3049 5010 3460 5071 conﬁrmationis
3494 4987 3732 5089 aut-inritavit

2386 5125 2505 5180 qua:
2530 5075 2722 5165 collata
2772 5117 2918 5178 sunt,
2975 5117 3029 5164 ct
3063 5105 3401 5169 conferenda,
3439 5075 3730 5180 concedi“

2385 5204 2583 5273 gimur,
2614 5217 2678 5256 ac
2725 5173 3053 5266 stabilimus,
3079 5200 3318 5264 omnium
3345 5192 3566 5252 hominum
3580 5173 3729 5236 NW

2387 5296 2466 5352 sia
2497 5303 2704 5349 remota
2726 5303 2777 5347 et
2808 5292 2994 5363 procul
3025 5289 3288 5346 abdicata.
3592 5360 3600 5363 Α
3663 5347 3677 5363 _

2459 5385 2680 5456 Insuper
2705 5350 2925 5455 quoque
2951 5396 3047 5453 per
3069 5382 3208 5435 hanc
3239 5379 3394 5434 nostri
3417 5360 3600 5445 prece?“

2384 5482 2728 5555 praecipimus
2748 5488 2910 5549 atque
2932 5477 3184 5549 jubcmus
3212 5484 3267 5530 ut
3289 5485 3430 5528 nemo
3449 5442 3724 5555 eum?

2383 5577 2546 5647 judex
2579 5575 2847 5651 publicus,
2879 5583 2968 5630 aut
2990 5575 3192 5629 missus
3223 5543 3723 5651 discurrens,

2390 5684 2592 5735 comes,
2649 5668 2981 5731 sculderius,
3019 5664 3312 5738 gastaldus,
3356 5657 3428 5711 vel
3470 5634 3721 5738 “illiw-th:

2391 5761 2544 5817 smus
2577 5775 2794 5830 "‘“g'mr
2815 5772 3086 5830 ρειτπιιιιιε
3113 5768 3332 5827 Persona
3355 5731 3708 5813 haspralibawi"
