3838 6322
51 383 130 440 ωδ
665 358 674 366 ·
1228 359 1574 418 llENRlCUS
1613 359 1673 415 lll
1700 359 1833 414 IMP.

3078 355 3213 409 “(li

35 502 127 552 ,ίαε
154 503 229 546 res
271 483 459 539 audeat
497 476 768 542 invadere,
798 476 1057 548 diripere,
1086 477 1166 531 vel
1211 490 1531 545 quocunque
1560 494 1608 553 Α
1640 470 1799 526 Serra
1837 472 1901 525 de
1929 469 2274 534 Barbarano,
2326 469 2462 539 pede
2504 469 2611 529 fine
2657 466 2773 539 ipso
2820 468 2957 538 Rigo
2994 468 3058 520 dc
3097 467 3217 520 Pla-

35 580 251 639 uulimine
273 574 335 628 de
356 572 616 640 potestate
644 566 1054 631 canonicorum,
1086 565 1280 620 ibidem
1305 565 1533 620 Domino

35 668 332 728 uilitantium,
361 677 491 716 ausu
519 656 722 713 nefario
739 655 972 720 auferre,
1004 670 1104 710 nec
1128 656 1179 709 in
1211 654 1533 711 beneficium

42 763 228 829 uiquam
258 755 381 810 dare
425 758 620 821 praeter
665 746 998 801 voluntatem
1029 746 1409 815 praedictorum
1439 762 1534 800 ca-

36 851 307 908 lonicorum,
349 853 520 909 neque
574 836 641 891 ad
695 849 890 891 causas
935 834 1223 903 judiciario
1278 851 1447 902 more,
1477 843 1538 891 ut

41 943 157 1009 liqua
203 931 546 1004 supraposita,
600 937 692 981 aut
740 926 990 982 violentia
1052 927 1355 982 faciendum
1416 928 1524 983 ullo

44 1041 209 1097 nquam
245 1034 477 1093 tempore
508 1019 715 1091 ingredi
740 1020 958 1075 audeat.
980 1018 1085 1074 Sed
1112 1019 1273 1074 liceat
1294 1036 1388 1075 eos
1412 1035 1535 1074 cum

42 1119 224 1173 mnibus
251 1115 404 1170 rebus
424 1128 487 1168 ac
515 1111 736 1167 familiis
758 1111 869 1166 suis
897 1112 996 1166 sub
1027 1121 1213 1165 nostra
1239 1112 1538 1167 consistere

35 1211 219 1271 unione,
263 1216 417 1276 atque
469 1203 827 1259 immunitatis
881 1201 1213 1257 defensione.
1274 1202 1331 1257 Si
1408 1218 1538 1258 vero

43 1299 317 1354 uerimouiaa
345 1297 602 1353 adversus
652 1295 765 1365 jam
795 1295 972 1350 dictos
1002 1295 1295 1349 canonicos
1326 1304 1433 1349 tam
1472 1295 1540 1350 de

36 1390 162 1443 :beris
203 1385 516 1450 hominibus,
559 1400 720 1453 quam
757 1383 823 1439 de
879 1385 1070 1451 servis,
1118 1399 1212 1438 seu
1262 1383 1330 1439 de
1381 1384 1539 1439 rebus

39 1486 117 1529 rue
138 1473 337 1537 fuerint,
368 1473 616 1543 jubemus
678 1479 739 1526 ut
779 1481 905 1527 ante
928 1474 1272 1543 praepositum
1294 1484 1348 1529 et
1375 1487 1541 1528 cano-

36 1568 135 1620 deos
160 1566 384 1635 ejusdem
424 1563 669 1620 ecclesiae
692 1563 967 1630 liniantur,
996 1574 1050 1619 et
1090 1567 1157 1621 ad
1182 1566 1342 1620 linem
1368 1581 1538 1637 usque

41 1657 322 1710 educantur.
353 1654 409 1712 Si
438 1655 559 1726 quis
615 1655 777 1724 igitur
803 1669 995 1737 contra
1034 1660 1175 1716 hanc
1203 1661 1373 1716 nostri
1401 1677 1539 1732 piae-

40 1745 125 1814 μριί
190 1745 453 1816 paginam,
501 1755 811 1819 nostraeque
851 1750 1112 1821 jussionis
1163 1752 1538 1808 auctoritatem

41 1837 177 1905 liquid
203 1851 355 1908 agere
400 1838 691 1908 aliquando
722 1844 1036 1910 tentaverit,
1068 1854 1162 1899 aut
1207 1861 1273 1901 ex
1305 1846 1390 1902 bis
1420 1863 1538 1917 quae
1569 1866 1614 1926 Β

36 1943 141 1995 upra
170 1929 356 1998 scripta
379 1940 524 1995 sunt,
558 1932 836 2011 quidpiam
866 1935 1070 1992 violare
1113 1941 1534 2009 praesumpserit,

36 2020 122 2072 ciat
153 2034 205 2074 se
232 2022 343 2075 auri
365 2023 552 2093 optimi
584 2023 753 2081 libras
796 2027 1053 2084 ducentas
1087 2031 1532 2100 compositurum,

36 2110 304 2166 medietatem
357 2129 588 2169 camerae
639 2124 854 2180 nostrae,
906 2128 961 2174 et
1002 2120 1345 2175 medietatem
1399 2122 1537 2191 parti

36 2202 343 2257 iraedietorum
373 2207 782 2276 canonicorum,
811 2224 1117 2282 nostraeque
1146 2212 1369 2283 insuper
1400 2213 1539 2268 inci-

36 2292 126 2345 isse
152 2293 425 2361 majestatis
452 2296 736 2354 offensam.
766 2301 834 2356 Et
877 2311 935 2356 ut
978 2304 1081 2358 hoc
1114 2312 1311 2359 nostrae
1346 2304 1540 2358 immu-

43 2381 165 2436 italis
215 2390 531 2457 praeceptum
612 2386 975 2448 inviolabilem
1028 2407 1084 2451 et
1166 2397 1539 2452 inconvulsam

41 2471 210 2529 btineat
236 2475 561 2547 ﬁrmitatem,
599 2498 759 2538 manu
793 2486 1012 2554 propria
1067 2487 1257 2543 subtus
1285 2488 1415 2542 illud
1451 2488 1540 2542 flr-

36 2565 253 2631 navimns,
305 2578 358 2623 et
409 2573 595 2627 annuli
635 2577 803 2631 nostri
863 2577 1217 2648 impressione
1272 2580 1539 2652 assignari

36 2668 241 2712 TlSSllllUS.

68 2742 253 2814 Siguum
302 2753 477 2809 damni
531 2757 781 2814 Heinrici
811 2760 1167 2818 Romanorum
1214 2766 1541 2835 imperatoris

35 2837 306 2896 nrictissimi.

68 2924 318 3025 lleinricus
333 2939 567 2994 eaneclla
577 2941 688 2996 rius
704 2942 819 2998 vice
840 2942 1148 2998 llermianni
1172 2945 1539 3003 arcliicancel-

36 3029 109 3067 u'n
140 3027 430 3090 recognovi.

66 3105 179 3161 Acta
205 3109 443 3173 Kalendis
467 3118 619 3189 Maii,
650 3137 791 3178 anno
819 3122 1113 3181 Dominieze
1143 3125 1542 3183 lncarnationis

1636 562 1840 629 centri,
1889 562 1957 617 de
1982 577 2091 616 uno
2119 561 2227 617 lato
2254 561 2362 616 line
2387 561 2505 631 ipso
2532 560 2669 616 valle
2708 561 2777 615 de
2822 560 2995 630 Fuge,
3019 574 3084 614 ex
3112 559 3217 614 alio

1637 654 1805 709 latere
1830 667 1982 709 serra
2013 653 2080 708 de
2108 652 2402 717 Corviano,
2433 669 2556 709 cum
2594 653 2723 723 ipsa
2738 652 2892 709 furca
2919 668 3043 708 cum
3071 653 3217 709 omni

1636 746 1962 815 pertinentia
1992 750 2088 801 Sua
2121 762 2135 799 :
2168 753 2223 800 et
2262 752 2387 799 sunt
2413 746 2465 799 in
2496 746 2825 816 supradictis
2870 745 2987 801 istis
3013 746 3219 802 modio-

1638 852 1757 891 rum
1790 837 1858 893 de
1888 846 2031 893 terra
2059 837 2462 907 quatuorcenti,
2495 844 2548 892 et
2576 836 2620 892 si
2672 837 2907 907 amplius
2944 837 3220 892 inventum

1638 927 1835 995 fuerit,
1873 928 1941 983 ad
1987 931 2158 1000 ipsam
2190 928 2304 997 jam
2344 928 2544 983 dictam
2588 928 2875 984 ecclesiam
2918 929 3218 998 pertineat,

1638 1035 1760 1074 eum
1790 1020 1973 1086 terris,
2016 1020 2215 1086 vineis,
2261 1021 2437 1091 aquis,
2468 1035 2841 1090 aquarumque
2879 1020 3217 1087 decursibus,

1640 1111 2053 1181 piseationibus,
2095 1112 2443 1179 molendinis,
2483 1112 2646 1167 cultis
2685 1121 2741 1167 et
2777 1113 3017 1179 incultis,
3041 1114 3219 1168 omnia

1639 1210 1694 1255 et
1719 1199 1775 1254 in
1824 1201 2099 1268 omnibus,
2132 1210 2186 1256 et
2212 1201 2470 1271 quidquid
2518 1202 2585 1257 de
2624 1201 2868 1272 praedicti
2906 1204 3219 1257 monasterii

1643 1289 2077 1358 possessionibus
2136 1289 2298 1347 fiscus
2347 1299 2535 1346 noster
2577 1305 2803 1361 sperare
2841 1293 3081 1362 potuerit
3120 1292 3222 1362 ipsi

1641 1394 1738 1448 pro
1792 1387 2011 1435 aeternae
2070 1381 2525 1438 remunerationis
2576 1384 2802 1452 praemio
2854 1384 3219 1437 concedimus.

1640 1470 1708 1526 Et
1750 1482 1810 1527 ut
1848 1472 2027 1528 nullus
2067 1474 2410 1529 mallaturam
2462 1475 2741 1546 persolvat
2786 1475 3049 1531 advocato
3083 1475 3219 1544 ejus,

1643 1570 1774 1628 etc.,
1818 1571 1875 1616 ut
1916 1563 1971 1617 in
2003 1563 2358 1632 superioribus
2384 1564 2686 1634 privilegiis.

1715 1651 1936 1723 Signum
1968 1654 2147 1708 damni
2189 1653 2424 1710 Heinrici
2453 1656 2671 1711 secundi
2702 1655 3062 1710 Rontanorum
3092 1658 3223 1712 invi-

1642 1746 1858 1801 ctissimi
1879 1747 2209 1817 imperatoris
2236 1747 2477 1818 Augusti.

1714 1835 1999 1893 Heinricus
2032 1838 2397 1895 cancellarius
2422 1839 2542 1895 vice
2589 1838 2906 1896 llerimanni
2940 1841 3223 1895 areliican:

1642 1927 1847 1983 cellarii
1881 1930 2192 2002 recognovi.

1715 2018 1849 2073 Data
1882 2018 2151 2076 Kalendas
2179 2019 2422 2076 Januarii
2450 2062 2465 2085 ,
2511 2037 2653 2077 anno
2708 2023 3003 2078 Dominieae
3044 2023 3226 2077 lncar-

1644 2107 1878 2162 nationis
1899 2107 2185 2164 millesimo
2212 2110 2629 2181 quadragesimo
2651 2112 2900 2181 septimo,
2928 2111 3224 2166 indictione

1642 2195 1851 2250 decima
1883 2197 2101 2266 quinta;
2152 2212 2296 2255 anno
2356 2209 2536 2255 autem
2581 2201 2780 2256 domini
2814 2201 3047 2256 Heinrici
3079 2203 3224 2257 tertii

1641 2284 1999 2343 ordinationis
2031 2288 2149 2357 ejus
2177 2288 2392 2345 decimo
2419 2300 2636 2357 octavo,
2675 2291 2959 2363 regnantis
3002 2292 3220 2362 quidem

1644 2386 1837 2434 octavo
1864 2380 2112 2447 secundi,
2152 2381 2472 2452 imperantis
2506 2386 2702 2454 primo.

1713 2472 1910 2527 Actum
1950 2472 2016 2526 ad
2046 2472 2306 2527 Columna
2340 2476 2617 2530 civitatem
2662 2477 2714 2530 in
2758 2476 2851 2531 Dei
2894 2480 3112 2534 nomine
3141 2478 3222 2534 fe-

1644 2564 1837 2620 liciter.
1870 2568 2061 2621 Amen.

2362 2661 2501 2720 XVI.

1653 2745 1977 2818 Praeceptum
2008 2749 2243 2805 Heinrici
2278 2752 2608 2821 imperatoris
2646 2754 2709 2806 de
2742 2754 2974 2809 libertate
3004 2765 3050 2810 et
3075 2756 3223 2809 rebus

2069 2824 2371 2876 monasterii
2408 2821 2795 2878 Casauriensis.

1715 2912 1772 2962 ln
1826 2910 2043 2964 nomine
2080 2920 2282 2966 sanctae
2317 2920 2372 2966 et
2404 2912 2693 2969 individua:
2729 2913 3028 2981 Trinitatis,
3062 2916 3224 2972 Hem-

1646 3014 1800 3055 tuces
1832 3001 2013 3056 divina
2056 3002 2272 3058 favente
2311 3005 2599 3060 clementia
2646 3005 3014 3062 Romanorum
3064 3010 3225 3079 imper

1648 3098 1796 3146 rator
1824 3091 2119 3161 Augustus.
2520 3100 2521 3103 “
2580 3090 2601 3110 “

36 3195 252 3255 iillesimo
296 3181 709 3282 quadragesimo
778 3216 1007 3282 septimo
1033 3255 1048 3281 ,
1112 3181 1405 3271 indictione
1450 3181 1538 3285 xv,
1569 3211 1613 3271 C
1716 3181 1775 3237 Si
1827 3197 2108 3285 seﬁvomm
2140 3186 2235 3285 ei
2271 3187 2621 3255 petitionibus
2650 3202 2933 3285 Ἶθθῗηδυηῖ
2960 3191 3225 3285 ,Ρνωωξὼ

40 3303 126 3388 uno
149 3303 312 3350 autem
357 3300 538 3357 domui
597 3303 835 3360 Heinrici
892 3322 988 3361 seu
1037 3309 1397 3366 ordinationis
1424 3311 1541 3381 ejus

36 3389 180 3467 ecuiio
203 3394 408 3454 octavo,
441 3391 767 3463 imperantis
803 3411 933 3450 vero
960 3397 1155 3467 primo.

62 3466 230 3528 Actum
255 3474 494 3550 Mantuae,
524 3483 585 3538 in
624 3484 720 3540 Dei
758 3487 977 3543 nomine
1005 3488 1258 3545 feliciter.

705 3601 820 3658 XV.

36 3696 292 3775 "ereptum
316 3710 549 3788 Heinrici
579 3718 912 3788 imperatoris
948 3720 1012 3774 de
1042 3721 1279 3776 libertate
1308 3733 1355 3777 et
1392 3724 1539 3777 rebus

380 3786 688 3843 monasterii
719 3786 1106 3845 Casauriensis.

553 3878 735 3947 (Anno
767 3877 950 3947 1047.)

122 3952 435 4031 Mutuom,
470 3965 599 4022 Iter.
625 3967 754 4022 Ital.
790 3968 985 4038 Script.
1016 3969 1086 4033 ll,
1116 3986 1153 4026 ll
1176 4012 1191 4037 ,
1224 3974 1377 4045 557.]

59 4038 106 4093 ln
136 4050 339 4107 nomine
376 4067 584 4112 sanctae
613 4068 669 4114 et
708 4059 997 4117 individua:
1037 4062 1338 4118 Trinitatis.
1359 4038 1537 4118 nm-

36 4139 144 4193 Icus,
174 4135 343 4211 divina
374 4142 593 4201 favente
630 4147 937 4217 clementia,
974 4150 1344 4209 Romanorum
1368 4155 1539 4224 impe-

36 4226 125 4272 Iter
160 4224 442 4298 Augustus.

60 4307 108 4362 Si
142 4329 407 4379 servorum
460 4328 555 4383 Dei
588 4330 938 4399 petitionibus
977 4348 1256 4390 assensum
1296 4336 1539 4404 praebue-

36 4413 178 4469 λιθυετ
202 4411 265 4465 ad
302 4431 448 4484 spem
482 4420 681 4476 divinae
725 4426 1181 4482 remunerationis
1224 4427 1381 4482 nobis
1416 4443 1539 4496 pro-

35 4498 208 4586 '_‘"_'“m
251 4516 515 4565 essenon
553 4510 865 4569 diuidimus.
909 4515 1247 4586 QuaprOpter
1295 4520 1537 4574 omnium

39 4579 174 4640 bristi
220 4597 495 4667 nostrique
552 4601 791 4656 ﬁdelium
852 4579 961 4659 tam
1018 4579 1324 4660 futurorum
1376 4622 1537 4676 quam

35 4686 348 4755 resentinm,
409 4696 623 4751 noverit
683 4698 944 4753 industria
1000 4702 1234 4770 qualiter
1296 4719 1397 4758 nos
1444 4721 1541 4773 pro

36 4780 155 4826 more
181 4776 358 4835 divino
400 4786 703 4856 animaeque
751 4796 950 4844 nostra:
995 4791 1260 4857 remedio,
1315 4802 1423 4846 tam
1472 4796 1541 4850 ob

36 4857 279 4923 :titionem
306 4875 635 4932 venerabilis
666 4876 947 4933 Adelberti
992 4881 1264 4949 monachi,
1294 4897 1457 4951 quam
1485 4895 1541 4939 et

35 4953 213 5008 "mani
237 4959 318 5012 sui
347 4959 612 5020 Guimarii
639 5006 652 5031 ,
692 4967 759 5023 de
790 4968 1028 5024 Ecclesia
1060 4969 1275 5028 Sanctae
1306 4972 1541 5029 Trinita-

36 5050 84 5099 ε,
127 5051 175 5096 et
205 5053 371 5106 sancti
422 5054 627 5122 Quiriei
677 5062 963 5130 martyris,
1014 5063 1065 5115 in
1108 5066 1370 5120 vocabulo
1422 5065 1541 5120 Plao

35 5138 181 5200 :utro,
210 5138 259 5193 in
286 5145 547 5201 comitatu
577 5148 859 5215 Balbense,
888 5152 978 5206 ubi
1012 5152 1274 5210 Finianus
1301 5156 1499 5211 dicitur
1524 5177 1535 5211 :

36 5227 309 5293 incedimus
378 5241 455 5294 eis
523 5242 588 5293 ad
650 5242 954 5298 habendum
1032 5259 1086 5300 et
1159 5249 1537 5317 possidendum

35 5328 145 5368 sum
176 5327 484 5388 prmdietum
514 5332 714 5400 locum,
754 5342 862 5388 tam
899 5335 1052 5403 ipsis,
1079 5351 1240 5405 quam
1276 5346 1332 5392 et
1358 5338 1537 5393 abbati

35 5416 228 5498 eorum.
265 5413 330 5469 Ut
361 5421 541 5477 nullus
566 5427 694 5490 dux,
725 5428 989 5487 marcbio,
1018 5428 1329 5498 episcopus,
1358 5444 1539 5485 comes

36 5501 74 5544 ll
106 5497 416 5573 vicecomes,
479 5523 573 5566 aut
603 5530 794 5586 magna
839 5533 1111 5589 parvaque
1159 5534 1392 5587 persona
1437 5521 1539 5573 ali-

41 5595 134 5638 tam
174 5593 466 5653 molestiam
501 5616 593 5657 seu
629 5607 964 5662 invasionem
1014 5610 1189 5665 facere
1231 5621 1537 5680 praesumat.

35 5688 196 5777 Nuper
219 5690 565 5748 concedimus
597 5697 675 5751 eis
715 5700 1031 5767 prmdietutn
1073 5702 1249 5757 locum
1281 5703 1539 5759 Finianus

36 5778 99 5817 tm
130 5775 340 5831 introitu
378 5790 429 5835 et
462 5784 753 5856 exitusuo,
783 5791 923 5858 quod
972 5801 1052 5847 est
1109 5812 1135 5846 a
1185 5794 1380 5863 Capite;
1436 5795 1539 5848 ﬁne

1644 3287 1816 3328 rimus
1851 3275 1917 3328 ad
1948 3289 2100 3344 spem
2128 3274 2325 3331 divinae
2352 3279 2811 3333 remunerationis
2848 3279 3003 3334 nobis
3042 3282 3227 3349 profu-

1645 3375 1822 3418 turum
1881 3380 2005 3422 esse
2055 3380 2162 3421 non
2209 3366 2517 3422 difﬁdimus.
2579 3368 2918 3437 Quapropter
2984 3374 3225 3426 omnium

1643 3453 1851 3510 Christi
1908 3457 2188 3527 nostrique
2230 3456 2491 3523 fidelium,
2553 3467 2661 3512 tam
2722 3459 3026 3514 futurorum
3064 3476 3223 3529 quam

1645 3546 2032 3614 praesentium,
2090 3547 2304 3602 noverit
2358 3547 2625 3603 industria
2684 3550 2921 3619 qualiter
2974 3567 3072 3607 nos
3126 3569 3227 3623 pro

1645 3644 1834 3689 amore
1856 3635 2041 3691 divino
2067 3637 2368 3705 animaeque
2420 3644 2620 3693 nostra:
2668 3640 2945 3709 remedio,
2997 3652 3107 3696 tum
3157 3645 3227 3697 ob

1644 3725 1967 3795 petitionem
1999 3728 2327 3785 venerabilis
2367 3731 2581 3787 abbatis
2626 3731 2892 3787 Dominici
2930 3732 3059 3788 dicti
3112 3750 3227 3788 mo—

1643 3818 1872 3873 nasterii
1903 3818 2118 3875 Sanctae
2140 3820 2447 3889 Trinitatis,
2473 3834 2525 3879 et
2554 3824 2614 3878 Β.
2646 3824 2940 3880 Clementis
2968 3827 3237 3897 martyris

1645 3908 1775 3965 inibi
1813 3910 2143 3979 quiescentis
2189 3914 2245 3968 in
2288 3917 2544 3971 comitatu
2594 3917 2811 3986 quidem
2862 3916 3137 3984 Pinnensi,
3172 3920 3223 3973 in

1643 4001 1842 4068 insula,
1891 4018 2012 4073 qua:
2054 4004 2405 4063 Casa-Aurea
2463 4017 2713 4074 vocatur,
2759 4008 2916 4078 juxta
2953 4021 3227 4079 praecepta

1644 4092 2104 4158 prmdecessorum
2150 4105 2461 4152 nostrorum
2500 4113 2684 4167 regum
2726 4114 2790 4152 ae
2836 4099 3224 4168 imperatorum

1642 4182 1903 4252 quidquid
1944 4188 2090 4255 juste
2145 4196 2198 4239 et
2238 4187 2487 4259 legaliter
2512 4190 2686 4245 visum
2716 4199 2800 4244 est
2854 4190 3076 4254 habere,
3120 4190 3222 4242 im-

1643 4274 1832 4343 petiali
1871 4285 2056 4330 nostra
2098 4279 2425 4334 auctoritate
2465 4279 2805 4334 decrevimus
2844 4280 3221 4341 curroborare,

1642 4373 1698 4415 et
1722 4366 2051 4421 conlirmare
2079 4368 2444 4438 quodcunque
2485 4370 2737 4425 videlicet
2778 4371 2919 4425 idem
2956 4381 3228 4425 monaste—

1646 4456 1784 4511 rium
1814 4457 2027 4512 videtur
2054 4460 2300 4515 obtinere
2342 4461 2481 4515 infra
2510 4466 2698 4518 urbem
2733 4462 3064 4527 Romanam,
3093 4473 3220 4525 etc.,

1573 4552 1616 4605 D
1645 4558 1699 4600 ut
1728 4565 1888 4618 supra
1912 4551 1967 4603 in
2007 4550 2128 4605 aliis
2160 4552 2470 4623 privilegiis.

1717 4637 1938 4708 Signum
1961 4641 2138 4695 damni
2158 4641 2402 4698 Heinrici
2432 4646 2760 4714 imperatoris
2786 4646 3001 4699 secundi
3029 4645 3222 4699 Roma-

1646 4747 1831 4784 norum
1854 4732 2176 4787 invictissimi
2204 4735 2533 4805 imperatoris
2558 4738 2803 4806 Augusti.

1716 4818 2002 4877 Heinricus
2027 4824 2387 4879 caneellarius
2436 4826 2552 4879 vice
2588 4825 2900 4880 Herimanni
2946 4826 3225 4880 arcbiean-

1644 4910 1844 4964 cellarii
1878 4917 2184 4985 recognovi.

1717 4999 1855 5056 Data
1895 5004 2054 5059 tertio
2084 5004 2207 5061 ldus
2233 5005 2433 5072 Martii,
2483 5024 2625 5062 anno
2652 5008 2947 5062 Doniinicae
2979 5010 3227 5062 lucarna-

1646 5092 1808 5148 tionis
1854 5094 2141 5150 millesimo
2189 5098 2609 5168 quadragesimo
2644 5100 2897 5169 septimo,
2932 5099 3225 5153 indictione

1645 5184 1850 5239 decima
1889 5187 2102 5255 quinta,
2154 5203 2296 5243 anno
2348 5199 2526 5243 autem
2556 5191 2739 5246 domni
2790 5190 3039 5245 Heinrici
3080 5193 3224 5245 tertii

1645 5278 2005 5335 ordinationis
2043 5281 2160 5351 ejus
2189 5281 2401 5337 decimo
2428 5291 2641 5348 octavo,
2688 5284 2965 5353 regnantis
3005 5283 3222 5353 quidem

1644 5382 1839 5427 octavo
1872 5374 2115 5440 secundi,
2152 5375 2468 5445 imperantis
2497 5378 2690 5446 primo.
2750 5430 2753 5431 ν

1718 5469 1911 5524 Actum
1948 5471 2014 5525 ad
2053 5469 2317 5526 Sanctum
2340 5468 2651 5525 Flavianum
2688 5469 2742 5524 in
2774 5470 2867 5525 Dei
2902 5472 3119 5526 nomine
3151 5471 3229 5524 fc—

1650 5563 1840 5619 liciter.
1891 5565 2079 5618 Amen.
