3838 6322
679 395 823 476 tto-1

1396 532 1552 587 XVII.

686 622 968 678 Heinricus
997 661 1012 685 ,
1071 623 1205 675 inter
1257 624 1592 689 imperatores
1641 623 1900 678 secundus
1929 661 1944 686 ,
1987 623 2258 676 Bernardo

737 693 996 748 Patavina
1025 693 1262 762 episcopo
1285 693 1379 762 jus
1405 693 1655 747 cudendo:
1675 693 1911 764 pecunia:
1939 691 2213 762 elargitur.

1270 783 1448 854 (Anno
1487 782 1668 855 1049.)

1000 876 1320 937 Munnont,
1349 876 1527 946 Antiq.
1562 874 1688 928 Ital.
1726 875 1796 942 ll,
1824 874 1975 946 7ll.]

751 969 809 1023 In
853 969 1071 1023 nomine
1103 977 1307 1020 sanctze
1337 975 1390 1020 et
1424 965 1710 1020 individure
1752 965 2054 1020 Trinitatis.
2091 964 2259 1018 [lem—

681 1076 853 1128 ntuus,
881 1061 1060 1114 divina
1099 1061 1314 1113 favente
1347 1058 1658 1123 clementia,
1699 1057 2067 1112 Romanorum
2090 1057 2259 1127 impe-

682 1163 834 1206 rator
862 1152 1158 1221 Augustus.

753 1244 811 1298 Si
857 1243 1030 1297 sacris
1077 1251 1131 1296 et
1182 1238 1580 1294 venerabilibus
1635 1238 1768 1293 locis
1817 1239 2057 1308 proficua
2115 1238 2256 1292 dona

673 1334 1046 1404 concedimus,
1083 1333 1278 1386 anima:
1305 1339 1504 1386 nostrae
1532 1330 1872 1399 profuturum
1913 1332 2062 1385 nullo
2098 1333 2257 1385 modo

680 1425 1018 1494 atnbigimus.
1051 1423 1389 1493 Quapmpter
1437 1422 1688 1478 omnibus
1734 1422 1937 1476 Christi
1979 1422 2257 1490 nostrique

679 1515 928 1570 ﬁdelibus
961 1523 1066 1568 tam
1103 1515 1302 1568 futuris
1339 1530 1502 1584 quam
1536 1523 1591 1568 et
1630 1515 2024 1584 priesentibus,
2068 1523 2255 1568 notum

679 1604 797 1660 fieri
847 1605 1090 1660 volumus
1134 1605 1367 1674 qualiter
1415 1621 1516 1661 nos
1557 1606 1626 1662 ob
1675 1606 2035 1660 interventum
2087 1607 2255 1660 nostri

679 1695 782 1750 tori
827 1695 1082 1764 regnique
1129 1695 1399 1750 consortis
1429 1735 1444 1761 ,
1483 1695 1691 1750 scilicet
1734 1695 1964 1764 Agnetis
2024 1695 2258 1766 impera-

675 1788 830 1842 tricis
851 1788 1125 1859 Augustae,
1163 1803 1263 1841 nec
1299 1803 1404 1841 non
1429 1786 1498 1842 ob
1527 1787 1777 1842 devotum
1809 1789 2088 1842 servitium
2137 1788 2254 1854 Dei,

1983 396 2249 454 NONUM.
2295 397 2561 452 DlPLOM.
3673 415 3734 466 tm

2291 518 2340 572 Α
2371 512 2474 568 lius
2507 524 2842 581 promovere.
2880 513 3030 568 Unde
3055 513 3270 582 quidem
3296 530 3460 570 omnes
3481 516 3621 574 Christi
3637 541 3735 577 nam

2365 617 2470 672 quc
2510 612 2620 657 tam
2675 603 2842 658 futuri
2899 619 3063 673 quam
3114 614 3396 672 prmscntcs
3421 609 3606 664 noverint
3636 614 3734 676 hic,

2362 692 2594 761 qualiter
2638 708 2739 748 nos
2792 694 2861 748 ob
2913 695 3228 764 petitionem
3292 695 3442 749 nostri
3493 701 3568 752 tori
3601 719 3640 757 ac
3670 724 3736 764 rei

2361 783 2650 848 consortis,
2702 782 2907 838 scilicet
2956 783 3200 852 Agnetis,
3235 783 3550 851 iutpcratricis
3589 765 3737 862 Αυμξι

2361 880 2417 926 et
2457 872 2526 926 ob
2575 872 2825 928 devotum
2867 871 3186 926 famulatum
3235 874 3395 927 nostri
3431 875 3619 933 fideliset
3653 888 3728 938 dite

2359 959 2654 1023 Adelberti,
2705 961 3016 1016 Bremensis
3057 961 3311 1017 Ecclesia:
3354 966 3738 1039 arcliiepiscivpi,m.~

2361 1063 2626 1104 consensu
2657 1050 2986 1105 Berenhardi
3015 1052 3170 1106 ducis
3185 1061 3240 1107 et
3265 1053 3740 1114 Udoltiscoulilts‘clila-

2362 1155 2481 1193 rum
2531 1141 2892 1210 coli-.rredum,
2935 1143 3003 1196 ad
3061 1142 3302 1211 ejusdem
3344 1145 3546 1201 ecclesia:
3582 1151 3741 1216 illlam:

2361 1228 2564 1284 honore
2597 1225 2800 1285 sancta:
2845 1231 3027 1285 Mariae
3051 1274 3066 1297 ,
3099 1231 3384 1288 Geuitricis
3427 1234 3503 1288 Dei
3527 1252 3742 1308 perpetuae

2361 1319 2610 1387 virginis,
2670 1336 2732 1375 ac
2783 1322 2957 1376 sancti
3009 1321 3198 1387 Petri,
3245 1323 3562 1392 apostolorum
3595 1332 3740 1399 principe.

2362 1426 2528 1464 unum
2565 1410 2828 1467 forestum
2875 1428 2999 1467 cum
3048 1413 3290 1485 legitimo
3336 1415 3480 1469 hanni
3506 1416 3595 1484 jure
3615 1422 3742 1472 tntis-

2360 1514 2479 1553 mus
2509 1500 2562 1553 in
2600 1515 2738 1572 pago
2766 1501 2905 1557 Lara
2948 1504 3031 1558 vel
3079 1504 3371 1576 Steiringa,
3399 1506 3566 1561 scilicet
3592 1509 3626 1560 in
3648 1511 3741 1563 duc:

2359 1588 2689 1646 Berenhardi
2739 1592 2925 1659 ducis,
2980 1603 3035 1649 et
3069 1594 3211 1649 infra
3258 1596 3496 1651 terminos
3533 1613 3626 1666 quos
3653 1605 3742 1654 satis

2360 1683 2677 1738 nominatim
2722 1686 2972 1752 dicimus,
2996 1687 3206 1752 situm,
3245 1687 3488 1756 incipiens
3505 1689 3742 1758 enimat-ma

2359 1773 2449 1842 qui
2487 1774 2692 1845 vulgari
2733 1776 2912 1848 lingua
2959 1777 3227 1834 Buribruc
3257 1779 3473 1846 dicitur,
3507 1781 3743 1835 etsic

673 1888 727 1934 et
756 1880 1069 1949 petitionem
1104 1879 1402 1933 Bernhardi
1433 1879 1772 1933 Pataviensis
1803 1879 2042 1948 episc0pi
2081 1879 2247 1934 licen-

2291 1902 2332 1960 Β
2361 1861 2495 1916 dens
2517 1861 2672 1930 juxta
2716 1864 2951 1919 Huntam
2999 1865 3221 1920 ﬂuvium
3256 1883 3415 1936 usque
3445 1870 3490 1922 in
3514 1870 3742 1936 abeunte:

674 1972 806 2025 tiam
851 1980 904 2026 et
933 1980 1256 2042 potestatem
1306 1979 1578 2026 monetam
1637 1970 1872 2025 faciendi
1901 1973 1974 2048 ,ιιι
2031 1972 2254 2026 civitate

671 2060 1006 2128 Pataviensi,
1043 2062 1341 2117 secundum
1377 2062 1588 2130 pondus
1629 2059 1958 2116 Veronensis
1999 2071 2252 2128 monetae,

673 2151 775 2206 sibi
839 2167 1058 2220 sumque
1130 2151 1388 2206 Ecclesiae
1453 2150 1839 2220 perpetualiter
1903 2150 2254 2205 concedimus

673 2247 838 2310 atque
882 2239 1266 2310 permittimus.
1303 2240 1371 2294 Et.
1411 2248 1468 2293 ut
1514 2239 1718 2294 certior
1750 2231 2051 2294 auctoritas
2094 2239 2254 2309 hujus

671 2340 872 2388 nostra;
906 2331 1271 2388 concessionis
1306 2332 1546 2387 videatur
1567 2374 1582 2398 ,
1618 2331 1671 2385 in
1706 2347 1811 2386 una
1847 2331 2132 2400 superficie
2157 2332 2252 2386 de-

671 2422 950 2476 nariorum
979 2423 1150 2476 nostri
1186 2422 1423 2477 nominis
1450 2429 1504 2474 et
1530 2421 1780 2491 imaginis
1811 2421 2249 2490 impressionem;

673 2514 729 2567 in
771 2514 939 2568 altera
992 2529 1121 2568 vero
1171 2512 1408 2581 ejusdem
1457 2513 1697 2567 civitatis
1749 2514 1976 2583 ﬁguram
2017 2514 2252 2584 imprimi

666 2604 951 2673 jussimus.
980 2605 1049 2658 Et
1071 2606 1326 2675 quoniam
1357 2604 1656 2660 secundum
1689 2604 2026 2675 imperialem
2064 2617 2253 2662 aucto-

671 2697 890 2750 ritatem
933 2705 1244 2751 nostrorum
1274 2705 1686 2752 antecessorum
1729 2711 1915 2767 regum
1952 2697 2035 2751 vel
2079 2697 2250 2766 impe—

673 2797 917 2842 ratorum
964 2804 1062 2860 pro
1106 2790 1300 2843 anima:
1351 2796 1554 2844 nostra:
1601 2788 1843 2844 remedio
1899 2799 2102 2844 sancta:
2155 2789 2249 2844 Dei

670 2881 927 2936 Ecclesiae
959 2881 1293 2951 prmlibatum
1345 2882 1546 2936 donum
1577 2882 1892 2937 conditione
1922 2883 2102 2938 stabili
2137 2893 2248 2937 tra-

670 2972 881 3039 dimus,
936 2972 1180 3027 volumus
1237 2973 1571 3044 lirmiterque
1623 2973 1966 3043 praecipimus
2002 2981 2061 3027 ut
2105 2973 2247 3028 nulla

669 3063 845 3134 major
900 3065 1142 3121 minorve
1186 3083 1416 3137 persona
1486 3070 1790 3126 Ecclesium
1838 3071 1932 3126 Dei
1983 3086 2250 3141 suumque

669 3155 1025 3223 provisorem,
1061 3156 1435 3212 Bcrnhardum
1467 3159 1717 3215 videlicet
1743 3161 2076 3231 episcopum,
2107 3162 2249 3230 ejus-

2358 1952 2563 2007 Aldena
2604 1955 2731 2008 dicti
2785 1965 2839 2010 et
2899 1955 3023 2010 inde
3082 1971 3180 2026 per
3228 1956 3518 2021 decursum,
3555 1957 3617 2010 ubi
3646 1959 3741 2011 Alica

2359 2039 2631 2097 Wiseram
2685 2045 2894 2113 influit,
2934 2055 2987 2100 et
3028 2047 3154 2100 inde
3188 2062 3219 2099 a
3251 2062 3496 2102 concursu
3528 2049 3674 2101 istorum
3699 2047 3743 2098 ι..

2354 2134 2565 2188 viorum
2611 2151 2826 2190 sursum
2876 2153 2972 2206 per
3010 2137 3346 2206 crepidinem
3392 2138 3565 2194 Wiscrc
3599 2143 3742 2208 usqum!

2355 2223 2508 2278 illum
2579 2225 2758 2281 locum
2819 2227 2910 2282 ubi
2969 2227 3280 2283 Bremensis
3335 2223 3744 2298 archiepiscopatus

2353 2314 2725 2372 Mindunensis
2753 2319 3013 2389 episcopii
3039 2329 3373 2375 concurrunt
3397 2323 3585 2386 termini,
3605 2331 3638 2374 et
3656 2337 3742 2374 ne:

2355 2421 2452 2477 per
2482 2408 2773 2463 terminum
2807 2410 3121 2465 earumdem
3155 2412 3526 2480 episcopiorum
3546 2427 3743 2466 venusta.-

2356 2502 2574 2555 dentem
2604 2516 2778 2571 usque
2815 2501 2883 2556 ad
2909 2503 3366 2572 praenominatum
3400 2514 3589 2572 pontem.
3616 2502 3743 2555 [nile-

2354 2590 2479 2645 licet
2505 2591 2815 2647 conditione
2859 2600 2914 2646 et
2949 2593 3162 2648 ratione
3185 2601 3245 2647 ut
3273 2593 3441 2648 nullus
3463 2592 3613 2662 absque
3635 2594 3742 2645 limit

2354 2681 2566 2751 praefati
2610 2682 3004 2752 archiepiscopi
3055 2697 3518 2751 succcssorumque
3539 2697 3692 2742 suorum,
3709 2683 3743 2729 εἰ·

2354 2772 2462 2826 lum
2508 2788 2682 2843 genus
2723 2772 2985 2840 ferarum,
3035 2776 3180 2844 quod
3217 2773 3343 2842 jure
3391 2775 3524 2830 hanni
3547 2774 3740 2827 interdicit:

2353 2865 2469 2937 lege
2513 2865 2771 2936 qualibet,
2822 2867 3117 2922 venatoria:
3163 2867 3305 2922 artis
3346 2864 3741 2921 industria‘ineuta

2353 2957 2556 3013 foresto
2606 2966 2899 3027 praesumat
2955 2973 3153 3028 capere
3203 2959 3291 3013 vel
3346 2957 3571 3026 decipere.
3609 2953 3742 3020 Qulst‘iti

2353 3056 2534 3100 autem
2561 3057 2747 3101 contra
2781 3046 2942 3100 istam
2972 3047 3144 3101 nostri
3197 3046 3477 3117 imperialis
3498 3042 3740 3114 praeception-

2353 3138 2613 3192 ditionem
2657 3137 2796 3192 infra
2827 3137 3154 3207 praefinitum
3202 3137 3433 3206 ejusdem
3467 3134 3607 3190 foresti
3631 3141 3742 3184 veneta:

671 3259 779 3314 que
804 3261 1147 3303 successores
1170 3249 1274 3305 hoc
1298 3262 1500 3306 nostrae
1523 3253 1873 3324 benignitatis
1909 3253 2050 3307 dono
2077 3253 2246 3308 desti-

2291 3240 2322 3300 ε
2348 3229 2666 3294 terminum,
2701 3227 2946 3282 eamdem
2993 3242 3123 3296 erga
3164 3228 3581 3297 archiepiscopum
3610 3223 3741 3276 cram.-

670 3344 824 3391 tuere
865 3345 1028 3406 atque
1072 3338 1376 3394 molestare.
1405 3350 1716 3410 praesumat.
1767 3341 1919 3408 Quod
1964 3352 2026 3395 ut
2069 3341 2247 3396 verius

667 3429 923 3483 credatur
967 3431 1033 3484 ab
1055 3432 1326 3495 omnibus,
1381 3441 1435 3487 et
1469 3448 1566 3502 per
1614 3434 1959 3489 succedentis
1989 3433 2248 3504 temporis

667 3536 844 3576 aevum
882 3523 949 3576 ab
974 3524 1225 3580 omnibus
1255 3525 1566 3597 diligentius
1609 3526 1954 3592 observetur,
1997 3527 2101 3582 hoc
2149 3541 2248 3581 no-

667 3621 797 3668 strae
823 3613 1132 3670 donationis
1157 3626 1487 3687 praeceptum
1534 3632 1698 3671 manu
1742 3617 2248 3689 propria:corrobo-

668 3713 878 3768 rantes,
913 3706 1083 3778 sigilli.
1124 3707 1296 3762 nostri
1344 3709 1703 3779 impressione
1732 3708 1960 3765 inferius
1985 3706 2249 3778 jussimus

667 3795 938 3864 insigniri.
1950 3799 1952 3802 ’

742 3885 966 3954 Signum
989 3887 1165 3941 domui
1195 3889 1432 3944 Heinriri
1463 3891 1603 3944 tertii
1633 3892 1765 3960 regis
1797 3891 2144 3957 invictissimi,
2175 3909 2248 3946 se-

668 3975 826 4029 cundi
859 3975 1211 4032 Romanorum
1238 3980 1566 4050 imperatoris
1601 3982 1846 4051 Augusti.

750 4067 1116 4124 llerimannus
1176 4069 1512 4128 Coloniensis
1574 4073 2022 4143 archiepiscopus
2083 4083 2246 4143 atque

669 4160 1179 4216 archicancellarius
1211 4166 1520 4235 recognovi.

738 4251 869 4306 Data
899 4269 987 4306 xvt
1017 4253 1285 4310 Kalendas
1311 4256 1459 4322 Maii,
1485 4273 1628 4312 anno
1653 4259 1948 4315 Dominica:
1989 4262 2245 4317 lncarna-

668 4346 831 4401 tionis
860 4346 1146 4404 millesimo
1181 4350 1598 4420 ouadragesimo
1626 4368 1791 4420 nono,
1834 4353 2135 4410 indictione
2165 4370 2247 4410 se-

664 4452 876 4502 cunda,
913 4454 1056 4494 anno
1099 4431 1282 4495 domui
1316 4442 1533 4496 Henrici
1582 4460 1640 4498 ιιι
1682 4446 1846 4515 regis,
1897 4446 2244 4516 imperatoris

663 4529 908 4592 secundi,
939 4530 1296 4586 ordinationis
1326 4531 1446 4601 ejus
1473 4549 1566 4596 xx,
1600 4537 1748 4605 regni
1790 4536 2006 4605 quidem
2051 4553 2105 4603 χ,
2135 4537 2240 4590 lm-

665 4617 800 4688 ρει·ἰὶ
823 4627 1004 4674 autem
1038 4635 1123 4684 ιιι,
1153 4622 1208 4674 in
1236 4621 1454 4676 nomine
1486 4623 1723 4678 Domini.

718 4711 926 4791 ‘Aetum
953 4709 1216 4767 Goslariaa
1246 4712 1496 4768 feliciter.
1521 4716 1718 4770 Amen.

1367 4803 1547 4861 XVIII.

932 4895 1268 4970 Privilegium
1291 4917 1385 4968 pro
1412 4898 1645 4952 Ecclesia
1675 4899 1965 4955 Bremensi.

1245 4992 1427 5062 (Anno
1462 4991 1652 5060 1049.)

876 5081 1269 5154 [Lunensem
1303 5081 1574 5152 Hamburg
1605 5080 1842 5148 Urkund,
1873 5083 2023 5156 874.]

735 5173 790 5226 In
831 5173 1050 5228 nomine
1077 5184 1278 5229 sancta:
1324 5183 1378 5227 et
1425 5173 1714 5229 individute
1744 5173 2045 5230 Trinitatis.
2076 5165 2240 5230 Hem-

659 5278 834 5328 mces,
867 5265 1046 5319 divina
1083 5264 1296 5321 favente
1333 5264 1638 5334 clementia,
1671 5265 2036 5320 Romanorum
2070 5269 2240 5338 impe-

665 5367 813 5412 rator
841 5357 1130 5428 Augustus.

733 5447 996 5514 Quoniam
1045 5463 1112 5504 ex
1165 5449 1346 5506 debito
1393 5449 1721 5517 procurandi
1770 5449 1919 5518 regni
1970 5448 2239 5503 universis

661 5538 918 5594 Ecclesiis
956 5539 1186 5595 Romani
1235 5542 1443 5613 imperii
1494 5550 1774 5611 paternam
1818 5541 2237 5598 sollicitudinem

661 5632 921 5686 debemus
942 5633 1274 5702 impendere,
1302 5633 1552 5689 volumus
1579 5648 2038 5703 unamquamque,
2064 5649 2237 5703 quan-

662 5735 776 5778 tum
823 5739 894 5778 ex
944 5724 1140 5778 divina:
1184 5725 1368 5793 gratiae
1413 5725 1569 5780 nobis
1627 5728 1938 5781 conceditur
1989 5740 2233 5792 munere,

664 5813 958 5871 sublimare
985 5822 1040 5869 et
1065 5820 1374 5869 nostrorum
1422 5815 1804 5872 beneﬁciorum
1840 5818 1990 5872 donis
2037 5822 2090 5872 in
2121 5833 2232 5873 me-

2352 3317 2515 3372 tionis
2541 3318 2740 3373 habeat
2771 3319 2967 3388 legem,
2990 3335 3110 3388 qua:
3137 3321 3384 3374 omnibus
3408 3318 3738 3390 legalitercmstsu

2353 3418 2405 3462 ta
2434 3417 2538 3478 est,
2565 3410 2656 3479 qui
2685 3410 2737 3462 in
2760 3419 2946 3464 nostro
2975 3418 3162 3464 contra
3176 3411 3395 3464 vetitum
3417 3407 3738 3463 t'enanlnrlores‘s

2421 3499 2489 3552 Et
2513 3488 2571 3554 ut
2608 3500 2752 3555 istud
2781 3509 2980 3554 nostra:
3014 3501 3354 3555 auctoritatis
3383 3501 3547 3554 donum
3567 3492 3742 3555 stabili-pr

2351 3603 2514 3646 omne
2554 3597 2774 3645 maneat
2807 3605 3016 3654 aevum,
3054 3590 3159 3644 hoc
3193 3589 3549 3660 cyrographum
3579 3585 3658 3638 inde
3682 3593 3742 3630 cm-

2354 3683 2614 3753 scriptum
2657 3697 2820 3736 manu
2866 3682 3086 3751 propria
3108 3675 3644 3747 corroborantcs,‘sigillt
3661 3683 3742 3726 Mr-

2349 3773 2703 3843 impressione
2725 3772 2989 3840 iussimus
3014 3773 3290 3843 insigniri.

2419 3862 2640 3931 Signum
2682 3862 2863 3916 damni
2927 3861 3166 3916 Heinrici
3213 3864 3350 3916 tertii
3407 3862 3519 3930 regis
3545 3851 3732 3911 inritus-ia

2349 3956 2565 4008 secundi
2594 3953 2955 4008 Romanorum
2981 3954 3313 4022 imperatoris
3341 3953 3548 4022 Augusti.

2421 4044 2793 4100 livinitherius
2829 4045 3219 4110 cancellarius,
3272 4047 3390 4100 vice
3423 4040 3622 4098 Pardonis
3653 4035 3740 4088 artis-

2347 4135 2654 4191 cancellarii
2674 4177 2688 4200 ,
2732 4136 3044 4204 recognovi.

2421 4229 2621 4282 Data...
2657 4227 2776 4281 Kal.
2809 4226 2990 4292 Junii,
3019 4243 3164 4284 anno
3207 4228 3478 4283 Dominica:
3510 4211 3740 4277 lacrumis?-t

2349 4317 2506 4383 1049,
2542 4319 2838 4375 indictione
2894 4337 2966 4388 tt,
3021 4325 3168 4376 anno
3216 4331 3388 4374 autem
3436 4317 3580 4374 dotuni
3618 4310 3739 4365 llr-im

2349 4411 2493 4464 tertii
2540 4410 2704 4481 regis,
2751 4412 3099 4480 imperatoris
3147 4412 3384 4476 secundi,
3418 4396 3739 4465 ortlinatiOttist.“ti

2347 4519 2458 4569 ut,
2497 4503 2650 4574 regni
2679 4503 2898 4572 quidem
2944 4521 2998 4566 χ,
3042 4504 3254 4574 imperii
3283 4513 3447 4559 autem
3486 4516 3547 4553 ιιι.
3568 4497 3607 4550 In
3631 4487 3738 4545 mai!

2265 4577 2318 4637 D
2347 4594 2578 4648 Domini.

2416 4684 2610 4739 Actum
2644 4683 2824 4740 Mindo
2855 4685 3107 4740 feliciter.
3135 4686 3326 4740 Amen.

3061 4776 3203 4832 XIX.

2348 4865 2581 4944 Heinrici
2607 4869 2745 4922 inter
2777 4870 3113 4944 imperato“;
3147 4868 3354 4944 Eccum“
3385 4864 3573 4944 diri?”

2411 4938 2687 4992 advocatos
2715 4934 3026 4992 cum'variis
3045 4939 3256 5006 juribus
3284 4955 3339 4990 ac
3367 4934 3597 5006 privilegiis
3609 4934 3730 4977 (ultr-‘5

2411 5010 2725 5062 monasterio
2771 5005 3053 5062 Veroneusi
3092 5009 3279 5064 Sancti
3315 5005 3528 5060 Zenonis.

2909 5099 3100 5172 (Anno
3149 5101 3329 5170 1050.)

2643 5189 2975 5262 [Munnonn
3013 5192 3190 5260 Antiq.
3226 5189 3346 5244 Ital.
3377 5187 3433 5250 ιτ,
3464 5178 3579 5249 29L]

2410 5281 2466 5334 In
2514 5282 2732 5336 nomine
2779 5290 2980 5336 Sanctae
3021 5291 3075 5335 et
3107 5281 3380 5335 individua
3407 5259 3726 5360 Trinitatisaﬂﬁ“

2340 5385 2512 5435 meus,
2543 5371 2723 5425 divina
2753 5371 2966 5425 favente
2994 5371 3312 5438 clementia,
3340 5367 3628 5423 Romanorum
3647 5363 3726 5412 In'l"

2341 5470 2487 5513 rator
2510 5461 2808 5531 Augustus.

2410 5548 2745 5619 lmperialem
2813 5551 3206 5608 sublimitatem
3242 5591 3244 5594 -
3274 5551 3494 5610 condecet
3537 5552 3579 5596 ιιι
3625 5537 3720 5626 Ἐπί

2339 5639 2549 5693 caeteris
2595 5639 2949 5712 dignitatibus
2995 5642 3266 5698 excelsior
3293 5641 3477 5699 colitur,
3517 5636 3620 5686 tanta
3645 5629 3720 5686 195°

2339 5711 2688 5796 petitionibus
2744 5729 2854 5785 Deo
2913 5732 3266 5788 servientium
3315 5725 3547 5797 benignior
3586 5726 3644 5767 mf
3674 5711 3717 5752 σθ

2341 5821 2657 5878 clementior
2716 5823 3040 5877 inveniatur.
3088 5821 3402 5893 Quapropter
3443 5811 3715 5870 DOlUlltCS:€"-'
