3838 6322
15 361 128 419 1109

1311 345 1661 402 IIENIHCUS
1688 347 1747 401 Ill
1791 346 1916 401 l.\lP—

3105 342 3238 396 ΙΗΟ

22 487 160 529 umns
215 467 459 522 omnibus
521 469 719 516 sancta:
776 460 868 514 Dei
930 459 1182 516 Ecclesia:
1240 459 1549 527 nostrisque
1581 488 1624 542 Α
1654 459 1888 540 nationis
1936 459 2106 525 1050,
2147 458 2441 513 indictione
2472 475 2543 523 Iv,
2595 469 2739 514 amto
2769 457 2950 512 domui
2999 457 3236 512 lleinrici

15 563 254 622 fidelibus,
296 565 403 609 tam
449 551 652 608 futuris
698 553 862 620 quam
900 551 1273 621 praesentibus,
1316 550 1548 620 qualiter

15 655 148 710 abbas
182 645 401 703 Michael
435 641 748 700 monasterii
791 640 972 696 Sancti
1002 641 1238 698 Zenonis
1270 641 1546 711 martyris,

15 750 218 797 nostram
262 733 608 790 clementiam
644 731 961 802 suppliciter
983 732 1258 786 exorando
1287 731 1439 796 adiit,
1479 732 1548 786 ob

15 844 213 887 nuorem
261 825 352 882 Dei
390 823 806 893 omnipotentis,
851 823 1100 893 beatique
1135 822 1369 878 Zenonis
1408 839 1548 877 mar-

15 923 116 994 lyris
156 916 504 974 reverentiam
555 915 782 970 multum
833 930 928 970 nos
959 916 1279 985 deprecans,
1309 915 1452 984 quod
1483 915 1548 969 de

15 1015 140 1069 relus
187 1008 423 1064 ecclesia:
477 1005 667 1062 Sancti
721 1005 953 1062 Zenonis
1009 1005 1364 1069 monasterii,
1415 1021 1548 1074 quas

16 1111 162 1158 nostra
192 1099 237 1155 ei
280 1097 551 1153 concessit
596 1096 790 1166 pictas,
822 1097 890 1151 ab
923 1096 1263 1151 invasoribus
1293 1110 1400 1150 non
1435 1111 1550 1150 mo-

15 1195 154 1248 iicum
191 1189 388 1259 patitur
433 1186 796 1256 dispendium.
830 1185 982 1242 Unde
1023 1186 1344 1256 deprecatus
1375 1193 1458 1240 est
1491 1192 1549 1238 ut

16 1303 54 1339 ει
84 1281 264 1338 nostris
290 1279 536 1335 ﬁdelibus
561 1278 696 1333 duos
716 1279 765 1332 ei
788 1278 1206 1332 concederemus
1231 1277 1546 1343 advocatos,

15 1371 300 1428 Berifredum
345 1369 600 1424 videlicet
637 1378 688 1422 et
715 1368 914 1433 David,
952 1369 1044 1439 qui
1098 1382 1319 1423 causam
1363 1383 1548 1422 mona-

15 1463 126 1518 iterii
153 1468 434 1530 procurent
464 1458 838 1513 advocationis
859 1458 1052 1528 gratia.
1086 1456 1192 1513 Nos
1214 1473 1363 1521 vero,
1388 1455 1548 1525 jnstis

15 1555 99 1622 zjus
122 1553 458 1623 petitionibus
490 1550 921 1615 consentientes,
949 1566 1047 1620 pro
1089 1550 1327 1606 remedio
1357 1550 1548 1604 animae

16 1659 172 1702 vostra:
215 1655 267 1702 et
318 1648 388 1702 ob
451 1646 823 1700 interventum
875 1643 1243 1702 dilectissimae
1305 1643 1547 1716 conjugis

16 1750 172 1795 nostra:
211 1736 578 1808 imperatricis
607 1736 856 1808 Agnetis,
899 1744 954 1792 et
982 1745 1208 1808 pr0pter
1241 1735 1548 1791 incremen-

1655 551 1798 605 tertii
1829 551 1990 621 regis,
2019 553 2366 620 imperatoris
2392 561 2572 605 autem
2604 552 2854 617 secundi,
2881 551 3240 606 ordinationis

1654 642 1768 712 ejus
1798 660 1946 708 XXtV,
1975 643 2125 714 regni
2155 644 2371 712 quidem
2405 660 2525 709 xm,
2555 643 2762 713 imperii
2801 659 2928 698 vero
2955 660 3027 698 IV.

1724 734 1920 789 Actum
1953 734 2179 788 Verona:
2208 735 2260 788 in
2290 733 2384 787 Dei
2426 735 2643 788 nomine
2679 733 2922 789 feliciter.

2358 848 2474 902 XX.

1655 958 1890 1013 Hetnrici
1929 960 2018 1013 ΗΙ
2051 961 2281 1028 diploma
2309 978 2402 1028 pro
2434 961 2628 1016 Sancto
2657 961 2967 1016 Maximum.
2989 963 3239 1016 ——lntcr—

1721 1041 1870 1084 veutu
1914 1030 2109 1100 ‘Leonis
2140 1047 2288 1100 μιῳιε
2335 1029 2414 1083 IX
2451 1032 2672 1084 restituit
2701 1034 3014 1086 monasterio
3044 1045 3240 1086 curtcm

1660 1171 1666 1177 _
1725 1096 2023 1164 Priclriiras,
2080 1096 2356 1170 pluresque
2392 1100 2544 1155 rillus
2577 1103 2849 1171 conﬁrmat
2875 1102 2941 1156 ad
2967 1120 3090 1158 usus
3129 1104 3241 1171 [ru-

1723 1181 1880 1224 trum.

2236 1264 2414 1334 (Anno
2457 1264 2642 1333 i05l‘.)

1653 1372 1956 1450 [Mannum
2008 1376 2179 1446 Ampi.
2242 1376 2458 1431 Collect.
2528 1378 2586 1442 Ι,
2651 1375 2779 1440 425,
2845 1391 2910 1430 ex
2969 1377 3240 1433 chartario

2055 1467 2394 1523 Trevirensis
2417 1467 2474 1521 S.
2508 1465 2832 1532 MaximiniJ
3228 1531 3230 1534 ν

1719 1557 1774 1612 In
1803 1557 2020 1612 nomine
2048 1566 2247 1611 sanctae
2269 1566 2322 1610 et
2346 1556 2634 1610 individua:
2673 1555 2976 1611 Trinitatis.
3022 1555 3242 1609 "EINRI-

1649 1666 1763 1719 cus,
1790 1651 1966 1705 divina
1994 1648 2208 1704 favente
2248 1649 2553 1715 clementia,
2588 1648 2951 1703 Romanorum
3005 1650 3242 1718 impera-

1652 1753 1736 1798 tor
1773 1742 2067 1811 Augustus.

15 1847 96 1887 tum
119 1831 201 1886 ﬁlii
246 1829 415 1886 nostri
452 1828 696 1884 Heinrici
731 1828 908 1898 quarti
939 1828 1103 1900 regis,
1149 1828 1407 1899 prmdicto
1432 1843 1544 1883 mo-
1579 1841 1620 1899 Β
1721 1831 1777 1887 Si
1809 1831 1942 1888 locis
1966 1832 2074 1887 Deo
2109 1831 2323 1896 dicatis,
2356 1828 2551 1900 quibus
2573 1829 2836 1886 beneﬁcia
2868 1846 2972 1884 non
3004 1829 3239 1905 eonferi7

15 1923 206 1978 nasterio
234 1921 579 1978 concedendo
608 1922 1000 2000 conﬁrmamus
1024 1961 1048 1996 ι
1105 1937 1171 1979 ac
1235 1921 1545 1977 serenitatis

15 2025 170 2068 nostra:
199 2014 401 2069 litteras
426 2013 745 2071 censuimus
770 2012 885 2068 ﬁeri
920 2032 933 2066 :
969 2013 1165 2084 quibus
1203 2012 1546 2084 przccipimns

15 2114 54 2159 ut
90 2106 347 2160 memorati
397 2105 617 2160 vassalli
661 2103 835 2160 nostri
866 2105 918 2159 in
945 2105 1279 2176 quibuslibet
1318 2104 1541 2159 comita-

15 2193 130 2248 tibus
176 2209 262 2248 seu
295 2195 445 2264 pagis
498 2194 751 2249 advocati
803 2194 949 2250 illius
991 2195 1228 2250 existant
1275 2194 1341 2249 de
1386 2194 1546 2249 rebus

15 2283 287 2352 supradicta:
335 2284 607 2352 ecclesiae,
661 2286 881 2351 castris,
933 2285 1261 2349 arimannis,
1309 2276 1405 2340 seu
1457 2284 1536 2338 fa-

15 2374 160 2440 mulis,
202 2386 254 2430 et
295 2377 345 2430 in
383 2376 801 2448 quibuseunque
832 2377 1131 2432 necessitas
1168 2376 1546 2448 postulaverit,

15 2463 254 2534 nullusque
279 2466 355 2521 eis
383 2466 451 2522 ad
480 2466 587 2522 hoc
613 2467 979 2523 exercendum
1025 2483 1161 2537 opus
1185 2467 1388 2537 aliquid
1419 2483 1548 2523 con-

15 2555 234 2610 tradicere
259 2567 570 2625 praesumat.
623 2558 731 2612 Sed
768 2558 847 2613 sic
871 2557 1016 2624 ,huic
1048 2559 1125 2612 rei
1162 2559 1435 2622 studeant,
1481 2573 1548 2614 ne

15 2660 89 2712 per
109 2644 318 2716 aliquam
351 2647 608 2717 injuriam
631 2649 743 2719 jam
788 2649 948 2705 dictae
973 2649 1217 2705 ecclesiae
1240 2650 1550 2705 minuentur

15 2735 281 2794 facultates.
303 2737 564 2795 Jubemus
595 2755 815 2810 quoque
841 2749 899 2793 ut
927 2739 1015 2794 ubi
1045 2741 1343 2796 necessitas
1367 2750 1550 2810 postu-

15 2826 188 2892 laverit,
216 2819 268 2882 et
297 2830 500 2886 utilitas
540 2830 874 2896 dictaverit,
923 2839 981 2883 ut
1016 2829 1068 2883 in
1114 2829 1326 2884 illorum
1371 2830 1547 2896 bonis,

15 2931 61 2970 ac
100 2919 510 2987 possessionibus
541 2961 557 2984 ,
633 2918 954 2982 arimannis,
995 2917 1079 2973 vel
1109 2916 1345 2984 famulis,
1375 2933 1551 2988 neque

15 3007 117 3070 dux,
144 3022 304 3076 neque
332 3009 603 3076 marchio,
637 3021 812 3076 neque
844 3022 1051 3070 comes,
1085 3015 1178 3061 aut
1208 3005 1386 3075 aliqua
1431 3021 1550 3060 ma-

15 3099 76 3163 ior
98 3097 170 3152 vel
195 3099 363 3155 minor
385 3115 623 3172 persona
646 3097 794 3154 nullo
818 3097 977 3154 modo
999 3107 1324 3169 potestatem
1352 3098 1552 3153 habeat

1649 1936 1787 1988 mus,
1823 1921 2015 1976 saltem
2050 1921 2198 1991 prius
2226 1919 2295 1974 ab
2342 1919 2465 1974 aliis
2519 1920 2735 1986 tradita,
2761 1930 2815 1974 et
2863 1918 3063 1988 injuste
3115 1921 3244 1976 sub-

1651 2021 1842 2079 tracta,
1876 2011 1962 2068 vel
1991 2009 2176 2066 ablata
2200 2010 2620 2076 restituerimns,
2652 2010 2909 2065 divinitus
2958 2025 3056 2065 nos
3091 2013 3235 2080 'pro-

1648 2105 1735 2161 cul
1775 2104 1940 2161 dubio
1968 2104 2304 2160 remunerari
2352 2103 2689 2158 conﬁdimus.
2738 2103 3076 2172 Quapropter
3106 2102 3237 2157 ﬁde-

1649 2196 1778 2251 lium
1814 2206 2126 2251 n05trornm
2169 2204 2278 2249 tam
2331 2193 2682 2264 praesentium
2731 2192 2937 2248 scilicet
2981 2209 3144 2263 quam
3189 2203 3242 2248 ct

1651 2272 1954 2342 futurorum
1983 2285 2248 2342 industria
2272 2284 2502 2352 noverit,
2524 2282 2755 2353 qualiter
2777 2297 2876 2338 nos
2905 2284 2973 2338 ob
3002 2298 3242 2339 amorem

1649 2377 1743 2433 Dei
1774 2388 1828 2433 et
1856 2379 2220 2434 interventum
2265 2375 2562 2448 spiritualis
2615 2377 2789 2447 patris
2823 2378 2994 2432 nostri
3060 2377 3244 2431 donmi

1652 2471 1900 2528 videlicet
1929 2471 2125 2526 Leonis
2153 2472 2229 2542 (9)
2291 2469 2348 2525 S.
2403 2469 2468 2523 R.
2514 2467 2574 2523 E.
2631 2469 2826 2525 summi
2866 2469 3144 2540 pontiﬁcis
3191 2481 3246 2524 et

1651 2547 1969 2616 universalis
1993 2576 2143 2632 papa:
2170 2559 2442 2614 reddimus
2477 2559 2765 2616 coenobitis
2819 2558 2875 2613 S.
2918 2557 3196 2613 Maximini
3226 2603 3240 2627 ,

1650 2655 1741 2726 qui
1785 2657 1838 2710 in
1878 2655 2137 2711 snburbio
2173 2653 2520 2709 Trevirorum
2561 2653 2918 2721 corporaliter
2956 2651 3190 2721 quiescit
3227 2692 3248 2726 ,.

1651 2752 1858 2800 cnrtem
1899 2744 2192 2814 quamdam
2235 2743 2497 2798 vocabulo
2529 2743 2806 2807 Prichina,
2833 2743 2884 2797 in
2931 2758 3069 2814 pago
3112 2742 3242 2796 Cin~

1652 2837 1802 2892 ridke
1833 2836 2016 2902 sitam,
2045 2851 2165 2891 cum
2196 2837 2448 2890 omnibus
2481 2836 2812 2905 appenditiis
2849 2845 2903 2889 ct
2942 2850 3064 2889 eum
3097 2834 3246 2890 omni

1653 2927 1904 2993 utilitate,
1935 2942 2054 2997 quae
2080 2927 2164 2982 vel
2204 2926 2365 2980 scribi
2395 2926 2477 2980 vel
2513 2926 2778 2980 nominari
2807 2926 3038 2995 poterit,
3081 2940 3244 2995 quam

1653 3032 1751 3071 nos
1781 3018 1995 3072 cuidam
2031 3015 2384 3070 Anshelmoni
2430 3015 2820 3070 Theodericum
2865 3015 3113 3070 abbatem
3158 3014 3245 3067 in-

1649 3107 1792 3177 juste
1838 3105 1935 3177 pro
1961 3105 2226 3162 beneﬁcio
2255 3104 2824 3175 prmtarejussimns,
2859 3105 3016 3159 modo
3063 3112 3250 3157 autem

15 3186 285 3258 P'acltandi»
319 3200 410 3246 θυι
447 3191 673 3262 aliquod
703 3191 1010 3246 districtum
1043 3190 1300 3254 habendi.
1329 3189 1413 3244 νει
1453 3205 1550 3242 I10-
1575 3188 1616 3243 C
1643 3197 1853 3267 justitia
1881 3197 2122 3254 dictante
2161 3198 2406 3252 eamdem
2454 3205 2662 3252 cortem
2716 3211 2840 3251 cum
2889 3193 3140 3250 omnibus
3187 3194 3243 3248 in

15 3274 130 3331 tilias
172 3288 256 3332 aut
284 3279 496 3336 chartas
552 3280 805 3342 faciendi,
861 3286 1092 3348 excepto
1142 3278 1548 3348 praenominatis

15 3367 253 3425 advocatis
299 3371 584 3429 Michaelis
626 3371 860 3438 abbatis,
896 3386 1227 3439 suorumque
1273 3381 1550 3425 successo-

15 3475 127 3515 rum.
159 3453 502 3526 Concedimus
531 3478 864 3540 potestatem
896 3466 1218 3539 placitandi,
1243 3476 1299 3520 et
1324 3465 1548 3546 notitias

15 3551 77 3604 vel
113 3554 312 3613 chartas
337 3559 576 3616 faciendi
616 3563 668 3616 in
706 3555 961 3615 omnibus
987 3559 1178 3623 rebus,
1233 3573 1297 3613 ac
1337 3572 1551 3626 posses-

15 3638 214 3700 siouibus
239 3647 418 3706 Sancti
445 3650 677 3708 Zenonis
711 3651 1052 3716 monasterii,
1076 3665 1140 3704 eo
1167 3639 1371 3704 tantum
1403 3648 1552 3702 vidc-

15 3729 114 3786 licct
152 3739 358 3808 ordine,
407 3752 466 3797 ut
497 3743 617 3813 jam
659 3743 958 3814 supradicti
1001 3741 1248 3797 advocati
1297 3741 1363 3796 de
1401 3741 1544 3795 omni

15 3829 215 3890 generali
243 3831 456 3901 placito,
489 3835 662 3893 semel
694 3836 746 3890 in
779 3851 923 3890 anno
955 3834 1098 3895 facto
1125 3875 1140 3900 ,
1184 3834 1399 3889 tertiam
1427 3849 1550 3904 por-

15 3912 180 3972 tionem
221 3921 271 3978 in
303 3915 567 3985 beneﬁcia
600 3942 712 3982 sua:
750 3927 955 3982 militiae
996 3911 1420 3996 consequantur,
1452 3939 1550 3978 ex.

15 4014 140 4072 εεριο
163 4011 223 4066 de
247 4012 472 4085 Parona,
514 4027 576 4074 et
602 4017 864 4083 Cassano,
906 4027 960 4072 et
995 4017 1148 4074 Villa.
1184 4017 1238 4072 Si
1270 4006 1423 4071 ultra
1447 4015 1549 4071 hoc

15 4091 290 4187 beneficium
319 4105 495 4176 aliqua
528 4099 948 4180 importunitate
984 4109 1376 4164 monasterium
1407 4122 1547 4178 quo-

15 4181 75 4232 vis
109 4181 302 4254 ingenio
334 4196 648 4262 molestare,
688 4207 780 4252 aut
807 4198 1115 4268 inquietare
1146 4196 1546 4267 temptaverint,

15 4278 161 4328 tamen
187 4279 346 4338 abbas
388 4301 594 4345 nostra:
623 4292 964 4348 auctoritatis
1013 4294 1208 4348 robore
1243 4291 1435 4358 fretus,
1469 4292 1550 4345 in-

15 4360 282 4431 dubitanter
304 4378 500 4435 habeat
530 4388 854 4451 potestatem
881 4381 985 4437 illis
1006 4382 1221 4437 auferre
1251 4381 1548 4438 dominium

15 4455 184 4552 pariter
223 4479 338 4522 cum
391 4469 662 4526 beneﬁcio
689 4514 703 4539 ,
749 4481 804 4526 et
858 4472 982 4527 aliis
1029 4472 1274 4527 ﬁdelibus
1319 4472 1547 4543 provida

15 4542 372 4615 dispensatione
399 4566 741 4630 concedere;
790 4571 844 4618 et
883 4563 1102 4633 insuper
1127 4563 1194 4617 de
1229 4542 1552 4631 importuni-

15 4638 103 4736 late
153 4643 361 4706 minime
408 4654 681 4710 refrenata
710 4695 724 4720 ,
766 4653 1157 4724 quinquaginta
1219 4652 1384 4708 libras
1433 4653 1550 4707 auri

15 4734 159 4784 sciant
193 4750 247 4791 se
267 4748 679 4813 composituras,
718 4745 1086 4810 medietatem,
1117 4753 1230 4799 etc.

72 4817 270 4892 Signum
307 4834 481 4894 damni
536 4839 778 4910 Heinrici
829 4841 970 4894 tertii
1022 4841 1155 4910 regis
1202 4839 1548 4906 invictissimi,

15 4916 194 5001 secandi
234 4918 583 4984 Romanorum
616 4931 944 5001 imperatoris
972 4929 1214 5000 Augusti.

70 4996 336 5070 Gunterius
384 5013 783 5090 cancellarius,
836 5023 952 5078 vice
1006 5021 1324 5076 Herimanni
1375 5024 1550 5077 archi-

15 5095 283 5183 caucellarii
310 5116 636 5183 recognovit.

76 5177 187 5242 Data
216 5206 272 5249 ιιι
305 5194 423 5257 ldus
449 5201 768 5261 Novembris
804 5248 816 5272 ,
862 5222 1004 5261 anno
1039 5205 1330 5261 Dominica:
1371 5205 1550 5260 lnear-

35 5333 765 5454 geminisponi,
794 5363 884 5454 qui
925 5377 990 5454 ex
1020 5363 1273 5432 episcopo
1312 5361 1549 5454 :l‘ullensi

16 5421 421 5522 susurrus
446 5431 718 5522 Pontifex.
747 5421 872 5522 re};
895 5421 1141 5522 adtacti"!
1173 5421 1398 5516 ρξιρεμιε
1423 5448 1548 5501 pos-

20 5487 491 5592 ῗξῗξξξξιξξλιξθμξιιρ
527 5487 890 5592 Ξοιιιιιι’,ἰιιιίἱι
913 5487 946 5568 ,ί
982 5487 1289 5585 Ηθιιιὶοἶιιῆ,
1317 5487 1550 5592 impera-

19 5562 422 5662 f3£i§:.°.°.'3.‘;‘iﬂil
1278 5562 1409 5662 εριξέ
1448 5574 1550 5656 ορ-

96 5631 187 5702 ιξιηι
201 5631 433 5702 veniens,
449 5639 500 5694 in
517 5643 717 5700 Gallias
730 5642 910 5700 Remis
922 5645 1207 5699 concilium
1232 5631 1546 5702 celebravit.

16 5687 267 5814 gmﬁpdc
295 5700 345 5757 in
383 5707 725 5772 Germaniam
763 5731 1010 5773 reversus
1038 5714 1287 5772 Treviros
1317 5687 1548 5773 invisere

1651 3289 2062 3359 quibuscunque
2093 3288 2225 3343 locis
2269 3289 2336 3342 ad
2365 3303 2486 3344 eam
2520 3288 2666 3356 juste
2703 3297 2758 3343 et
2790 3287 3036 3358 legaliter
3067 3287 3237 3359 pertig

1651 3382 1901 3436 nentibus
1926 3381 2010 3435 vel
2046 3380 2432 3451 aspicientibus
2463 3378 2642 3444 rebus,
2675 3378 2733 3434 S.
2758 3378 2948 3434 Joanni
2983 3378 3242 3450 (10)sa|17

1651 3483 1847 3544 ctoque
1875 3471 2111 3526 Maximo
2136 3480 2190 3526 et
2230 3470 2491 3526 fratribus
2520 3472 2600 3526 eis
2628 3469 3034 3534 famulantibus,
3061 3466 3238 3538 reddi-5

1650 3567 1848 3632 dimus,
1879 3563 2237 3628 ﬁrmavimus,
2262 3571 2317 3617 et
2346 3563 2399 3616 in
2439 3571 2702 3617 reternum
2736 3561 2842 3616 Deo
2865 3568 3087 3614 auctore
3127 3566 3240 3614 sta-

1649 3657 1941 3722 bilivimus,
1971 3670 2036 3711 ea
2059 3651 2308 3710 videlicet
2328 3654 2557 3719 ratione,
2591 3661 2770 3709 utnec
2789 3648 3043 3722 praefatus
3069 3648 3244 3706 Theo-

1651 3748 1864 3803 dericus
1894 3747 2083 3813 abbas,
2111 3759 2209 3800 nec
2229 3744 2426 3814 aliquis
2467 3759 2840 3800 successorum
2867 3758 3089 3799 suorum
3139 3742 3242 3796 ali-

1651 3837 1736 3892 cui
1762 3851 2000 3906 unquam
2043 3844 2302 3906 prmstare
2335 3835 2418 3890 vel
2447 3835 2684 3890 vendere
2731 3843 3100 3904 praesumant,
3148 3834 3244 3890 sed

1651 3927 1848 3982 fratres
1876 3928 2062 3992 iidem,
2088 3927 2214 3981 inde
2239 3925 2523 4003 consolati,
2555 3927 2795 3997 sagimen
2849 3925 3103 3996 habeant,
3134 3924 3240 4001 Ife-

1653 4021 1876 4075 moralia
1899 4019 2062 4075 etiam
2084 4019 2196 4091 (Η)
2222 4017 2506 4084 mantelas,
2527 4033 2591 4073 ac
2611 4017 2870 4073 mensalia
2895 4018 3004 4088 (l2)
3023 4019 3089 4072 ad
3115 4033 3243 4072 usus

1652 4111 1990 4166 necessarios
2017 4109 2143 4165 inde
2191 4108 2515 4180 percipiant,
2551 4109 2792 4179 hospites
2818 4109 3132 4178 suscipiant,
3185 4122 3243 4162 et.

1652 4203 2061 4274 peregrinorum
2135 4216 2198 4257 ac
2263 4216 2559 4271 pauperum
2613 4201 2802 4256 usibus
2844 4199 3073 4254 ﬁdeliter
3120 4200 3244 4256 inde

1655 4293 1984 4346 deserviant.
2011 4291 2313 4346 Statuimus
2370 4291 2556 4354 etiam,
2586 4300 2641 4346 et
2682 4292 2784 4345 hac
2828 4299 3012 4344 nostra
3066 4289 3238 4359 impe-

1655 4383 1774 4437 riali
1803 4383 2127 4438 auctoritate
2150 4381 2218 4436 ad
2264 4381 2614 4452 praebendam
2659 4382 2975 4438 eorumdem
3006 4378 3239 4434 fratrum

1655 4473 2010 4531 corroborare
2033 4473 2373 4528 decrevimus
2398 4471 2678 4540 ecclesias,
2706 4472 2860 4528 villas
2873 4481 2924 4525 et
2947 4471 3245 4541 possessio-

1657 4585 1923 4641 nes,quas
1953 4569 2050 4625 sub
2081 4567 2413 4640 temperibus
2437 4568 2621 4640 regum
2645 4577 2700 4623 et
2731 4569 3117 4638 imperatorum
3145 4567 3242 4620 Da-

1653 4664 1883 4735 goberti,
1920 4661 2152 4732 Pippini,
2178 4659 2375 4726 Caroli,
2411 4660 2751 4729 aliorumque
2781 4659 3242 4730 prindece'ssorum

1655 4763 1964 4834 nostrorum
1991 4754 2057 4808 ad
2088 4762 2267 4808 nostra
2301 4768 2470 4822 usque
2503 4761 2767 4822 tempora,
2797 4751 2862 4806 ad
2900 4750 3244 4821 peenliarita-

1658 4851 1762 4894 tem
1791 4838 2002 4893 illormn
2046 4838 2318 4908 pertinere
2350 4837 2690 4900 videbantur,
2721 4844 2779 4891 ut
2814 4851 2882 4891 ex
2919 4836 3006 4890 his
3035 4836 3242 4890 victum

1657 4940 1822 5001 atque
1859 4929 2102 4984 habitum
2136 4937 2557 4998 consequantur,
2611 4926 2713 4981 hoc
2744 4936 2826 4982 est
2873 4926 3068 4996 Apula,
3131 4937 3239 4981 etc.

1657 5023 1944 5094 (enumerat
1972 5035 2097 5073 χιιι(
2123 5019 2320 5089 villas),
2358 5026 2416 5071 et
2441 5017 2494 5072 in
2528 5017 2752 5072 civitate
2778 5015 3028 5082 Metensi,
3051 5027 3105 5071 et
3139 5018 3240 5071 cir-

1654 5116 1926 5171 cumcirca
1953 5114 2139 5169 domos
2164 5120 2216 5166 et
2237 5125 2414 5182 agros,
2443 5112 2651 5176 vineas,
2690 5112 2923 5179 areolas,
2958 5113 3239 5182 Brisanga,

1658 5199 2422 5271 Weinareskiricha,Crufta,
2465 5203 2746 5270 Seranna,
2799 5213 2852 5259 et
2900 5203 3124 5258 ecclesia
3190 5205 3242 5258 in

1727 5362 1844 5430 (10)
1883 5361 2091 5431 Quippe
2119 5361 2347 5417 basilica
2380 5359 2692 5414 monasterii
2718 5359 3036 5428 primarium
3061 5369 3239 5429 patro-

1656 5447 1784 5495 num
1816 5432 2062 5500 agnoscit
2087 5431 2146 5486 S.
2184 5431 2449 5486 Joannem
2476 5431 2890 5500 evangelistam.
2943 5459 2945 5461 ι

1730 5502 1842 5572 (li)
1878 5501 2112 5556 Mantela
2136 5503 2224 5557 hic
2252 5503 2389 5554 idem
2422 5501 2636 5554 videtur
2657 5517 2778 5556 esse
2808 5515 2872 5555 ac
2909 5501 3196 5556 mantellus
3225 5543 3240 5564 ,

1653 5571 1959 5628 veStimenti
1982 5589 2149 5641 genus
2167 5614 2180 5637 ,
2213 5571 2414 5628 Gallice
2444 5579 2708 5624 manteau.

1672 5665 1681 5679 ι
1719 5642 1842 5714 (12)
1874 5642 2127 5698 Mensalia
2155 5653 2309 5697 erant
2338 5642 2781 5712 supertmiiealia,
2814 5643 3008 5711 quibus
3035 5652 3242 5696 veteres

1655 5714 1721 5769 ad
1749 5730 1990 5769 mensam
2021 5714 2314 5771 utebantur
2340 5715 2405 5769 ad
2436 5714 2766 5784 parcendum
2799 5716 2969 5786 magis
2990 5716 3250 5786 pretiosis.

1557 5850 1562 5854 _
1652 5786 1916 5868 vestibus.
1993 5855 1998 5860 ν
