3838 6322
546 365 676 419 ΗΠ

1852 355 2097 413 ΜΟΝΕΜ

2210 352 2423 409 ιΡιιυΜ.
3678 360 3719 402 tt
3734 366 3771 403 ’τ

545 482 828 536 Steinsicla
867 491 919 532 ct
952 477 1359 532 Diedenhoium.
1392 474 1515 528 lltuc
1543 475 1703 545 igitur
1741 476 1856 529 loca
1909 484 1963 529 et
2005 489 2122 526 om-
2153 479 2197 538 Α
2230 470 2393 534 areis,
2429 470 2481 522 itt
2511 467 2905 529 mansionibus,
2938 482 2990 518 ιιι
3017 464 3213 527 vineis,
3247 462 3299 515 in
3327 461 3612 529 arpennis,
3646 463 3769 516 ius-

544 587 639 625 nes
671 570 843 624 sancti
868 568 1143 622 Maximini
1173 566 1431 622 ecclesias
1464 584 1584 621 cum
1625 566 1869 629 decimis,
1892 565 2017 619 dote
2069 572 2123 619 et

542 661 831 725 dotalibus,
860 676 983 715 cum
1014 659 1222 715 cunctis
1266 658 1450 713 salit-is
1482 658 1945 713 t-lccimationibus.
1987 673 2122 725 quas

542 770 595 806 ιιι
622 769 750 807 usus
770 754 1196 823 peregrinorum,
1230 766 1295 805 ac
1348 766 1643 821 pauperum
1673 792 1686 813 ,
1749 760 1804 805 et
1851 751 1920 803 1.ο
1951 751 2119 817 pilum

538 845 941 909 constituimus,
974 846 1040 897 ad
1064 843 1494 914 peculiaritatem
1530 841 1756 897 fratrum
1784 843 1891 897 Deo
1922 842 1991 896 ibi
2044 839 2123 893 fa-

538 933 857 987 mulantium
905 950 1055 989 more
1087 934 1546 1003 praedecessorum
1584 943 1888 988 nostrorum
1935 947 2118 999 regum

536 1031 591 1075 et
618 1022 1001 1094 imperatorum
1033 1025 1121 1080 tali
1151 1026 1307 1079 modo
1359 1034 1411 1079 et
1450 1040 1513 1079 ea
1562 1027 1769 1080 ratione
1816 1025 2122 1094 delegamus

536 1125 590 1167 et
619 1116 1058 1179 corroboramus,
1088 1126 1145 1169 ut
1191 1117 1331 1171 sicut
1380 1116 1662 1189 lleinricus
1712 1118 1967 1170 decessor
2018 1130 2118 1169 no-

535 1217 647 1261 ster
680 1206 817 1262 diva:
860 1208 1132 1262 memoria:
1177 1208 1449 1279 Augustus
1473 1208 1724 1273 instituit,
1749 1218 2029 1277 postquam
2057 1208 2120 1261 tle

534 1298 723 1350 cadent
756 1298 974 1352 abbatia
1004 1314 1066 1353 ea
1122 1315 1240 1368 qua:
1287 1300 1352 1352 ad
1397 1282 1792 1368 expeditionem
1828 1340 1841 1362 ,
1885 1300 1998 1353 sive
2053 1299 2120 1351 ad

535 1387 714 1455 regale
742 1388 1021 1442 servitium
1062 1390 1420 1458 pertinebant,
1461 1390 1701 1455 abstulit,
1744 1390 1919 1444 nullus
1947 1390 2119 1459 impe-

535 1487 709 1543 rator,
734 1479 911 1533 nullus
940 1496 1054 1543 rex,
1107 1480 1282 1533 nullus
1333 1481 1502 1535 abbas
1531 1479 1599 1534 de
1632 1481 1835 1535 eisdem
1874 1481 2007 1534 locis
2065 1489 2120 1535 et

534 1569 783 1625 ecclesiis
815 1570 974 1624 alicui
1007 1574 1071 1625 de
1101 1572 1185 1627 his
1211 1572 1302 1641 qui
1342 1572 1496 1625 liberi
1531 1574 1782 1627 tlicntttttr
1825 1573 2070 1627 homines
2100 1614 2115 1638 ,

533 1663 650 1717 sive
684 1662 905 1717 alterius
938 1664 1182 1717 coelesite
1205 1664 1292 1718 vel
1331 1664 1535 1718 domini
1575 1664 1777 1719 famulo
1824 1666 1907 1719 vel
1957 1666 2115 1719 titini-

533 1763 646 1809 stro
683 1754 975 1824 quidquam
1016 1754 1338 1809 beneficiare
1370 1756 1449 1810 vel
1500 1756 1567 1809 ah
1607 1772 1794 1810 eorum
1828 1756 1951 1823 jure
2004 1756 2115 1810 dis-

2224 561 2305 614 vis
2335 568 2389 614 et
2422 561 2473 613 in
2498 559 2663 630 agris,
2703 559 2754 612 in
2784 558 2975 628 pratis,
3011 557 3061 609 in
3107 555 3268 624 aquis
3298 568 3675 623 aquarumque
3711 559 3769 607 dr-

2224 650 2503 714 Ctll‘SllJllS,
2543 660 2598 704 ct
2627 650 2679 703 itt
2713 649 2949 718 pascuis,
2997 648 3098 701 viis
3131 656 3183 701 et
3209 646 3375 700 inviis
3397 689 3415 713 ,
3458 645 3626 699 terris
3661 648 3772 701 alia

2224 750 2277 797 et
2306 742 2538 807 incohis,
2569 741 2803 796 exitibus
2832 751 2885 795 et
2912 740 3199 803 reditibus,
3242 737 3502 809 quaesitis
3558 746 3612 790 et
3646 737 3769 803 inqui-

2224 833 2436 897 rendis,
2471 843 2525 887 et
2557 849 2679 888 cum
2728 834 2979 887 omnibus
3037 831 3380 902 appendiciis
3412 830 3537 885 suis
3560 871 3575 893 ,
3625 832 3774 899 alisque

2224 922 2327 975 ulla
2361 923 2441 978 sui
2473 923 2847 989 diminutione,
2870 939 2969 992 pro
3012 923 3253 975 remedio
3299 922 3515 975 anim
3560 937 3660 976 sna
3698 924 3773 976 in-

2225 1016 2428 1084 ttisqtte
2470 1016 2551 1070 sui
2582 1015 2753 1071 beatae
2792 1016 3067 1071 memoria:
3093 1015 3315 1071 Ottonis
3350 1015 3540 1079 ducis,
3574 1016 3771 1069 aliena—

2176 1140 2183 1144 α
2223 1120 2327 1176 que
2358 1116 2640 1175 parentum
2670 1122 2891 1160 suorum
2940 1106 2994 1159 itt
3029 1104 3374 1160 monasterio
3436 1104 3775 1162 anwilrur-i

2227 1197 2561 1264 Sepultorum
2595 1197 2763 1251 libere
2802 1207 2856 1251 et
2884 1197 3087 1266 integre
3113 1197 3224 1251 Deo
3250 1206 3571 1265 sanctoque
3615 1196 3777 1251 Nimio

2222 1287 2288 1339 ad
2315 1286 2632 1355 praedictum
2670 1287 3058 1341 monasterium
3090 1302 3191 1355 per
3216 1303 3452 1340 manum
3470 1285 3690 1339 lleinrici
3714 1288 3777 1338 Ρςη

2224 1378 2376 1434 latini
2407 1382 2625 1436 cotuitis
2653 1380 2745 1435 filii
2772 1380 2951 1451 patrui
3011 1380 3117 1443 sui,
3155 1378 3261 1433 sub
3293 1379 3467 1449 cujus
3520 1389 3643 1433 tunc
3672 1398 3777 1433 tam-

2221 1472 2471 1529 diburdio
2498 1474 2771 1538 tnanebat,
2801 1471 3130 1527 contradidit
3158 1514 3175 1535 ,
3214 1472 3531 1524 terminum
3574 1473 3710 1525 etiam
3746 1486 3777 1523 tt

2221 1565 2457 1619 batmttm
2487 1566 2727 1636 ejusdem
2756 1550 2968 1635 prmdii,
3013 1564 3155 1618 sicut
3186 1564 3308 1633 ipsa
3362 1564 3531 1633 prius
3580 1564 3769 1617 habuit:

2221 1655 2383 1710 fluvio
2412 1656 2653 1711 Andrida
2688 1671 2857 1725 usque
2895 1656 2961 1709 ad
2990 1654 3211 1708 fluvium
3240 1654 3377 1708 Elza
3416 1654 3500 1706 ita
3536 1658 3775 1709 mnsam

2225 1754 2285 1799 ut
2314 1746 2493 1800 nullus
2521 1746 2593 1801 ibi
2627 1746 2863 1815 aliquam
2894 1753 3223 1816 potestatem
3256 1744 3331 1798 ba
3346 1743 3508 1807 beat,
3539 1745 3635 1797 nisi
3663 1748 3777 1798 alite:

534 1845 751 1901 trahere
778 1857 1098 1916 praesumat,
1140 1847 1234 1903 sed
1266 1848 1429 1902 liceat
1454 1849 1577 1903 inde
1630 1850 1916 1905 abbatibus
1950 1849 2115 1902 turni-
2150 1842 2192 1899 Β
2223 1838 2462 1907 ejusdem
2490 1838 2591 1893 loci
2616 1846 2671 1892 et
2699 1837 2911 1891 villicus
2939 1836 3056 1905 eius
3078 1852 3241 1905 quem
3282 1838 3623 1891 constituat.
3660 1840 3779 1903 Ltu—

530 1938 683 1991 naria
732 1938 975 1993 ecclesia:
1021 1948 1350 2005 restaurare,
1380 1939 1605 1996 mlificia
1638 1956 1959 2011 recuperare
1996 1982 2009 2005 ,
2060 1950 2114 1994 ct

529 2030 838 2082 necessaria
870 2029 1127 2083 fratribus
1168 2029 1398 2084 fideliter
1431 2031 1758 2085 ministrare.
1805 2031 1870 2085 Et
1903 2042 1959 2086 ut
2011 2033 2112 2087 hoc

526 2127 855 2187 przcceptum
888 2120 1009 2174 inde
1035 2122 1396 2191 conscriptum
1427 2123 1639 2176 firmum
1672 2138 1883 2194 semper
1922 2134 1975 2179 et
2005 2135 2114 2178 sta—

530 2208 637 2261 bile
667 2221 1000 2277 permaneat,
1046 2228 1149 2265 tton
1190 2213 1361 2266 solum
1401 2214 1501 2268 hoc
1533 2229 1693 2267 manu
1720 2225 1902 2269 nostra
1935 2216 2115 2269 firma-

532 2311 645 2350 tum
676 2298 833 2369 sigilli
888 2302 1059 2355 nostri
1101 2301 1456 2373 impressione
1510 2305 1753 2373 insigniri
1799 2305 2057 2370 jussimus
2092 2351 2106 2372 ,

531 2400 719 2440 verum
769 2388 932 2442 etiam
960 2397 1017 2441 ut
1048 2392 1357 2458 apostolicm
1388 2392 1717 2448 defensionis
1750 2396 2030 2460 auxilium,
2063 2398 2108 2451 si

530 2477 655 2545 quis
678 2476 759 2531 eis
784 2479 898 2532 hmo
920 2478 1214 2551 infringere
1244 2482 1491 2545 voluerit,
1521 2484 1721 2539 habere
1751 2486 1962 2540 valeant
1984 2503 2115 2557 pne-

529 2567 658 2621 tlicti
687 2569 856 2638 patris
885 2572 1077 2637 nostri,
1128 2574 1309 2627 domui
1368 2573 1615 2629 videlicet
1651 2576 1846 2631 Leonis
1884 2580 2114 2634 sanctis-

528 2659 651 2714 simi
684 2676 835 2731 papa:
863 2664 1200 2736 privilegium
1239 2666 1361 2721 inde
1407 2669 1776 2738 conscriptum
1810 2671 1985 2725 eidem
2023 2688 2113 2725 ve-

527 2750 753 2805 nerabili
784 2750 903 2806 loco
927 2753 1171 2808 obtinere
1200 2756 1512 2811 mt'l'.:itllllS.

604 2841 823 2911 Signum
861 2846 1038 2899 domiti
1071 2846 1300 2900 lleinrici
1343 2846 1463 2913 Ill,
1490 2851 1619 2919 regis
1665 2851 2014 2917 invictissimi,
2052 2850 2111 2903 ll

531 2926 887 2987 Romanorum
920 2936 1247 3005 imperatoris
1285 2939 1526 3008 Augusti.

600 3026 992 3083 Wiuuithcrius
1020 3030 1375 3085 cancellarius
1398 3031 1514 3087 vice
1538 3032 1800 3088 Bai-donis
1827 3034 2109 3089 archican-

526 3118 733 3175 cellarii
759 3128 813 3176 et
844 3122 1233 3194 archiepiscopi
1275 3126 1579 3196 recognovi.

2219 1929 2541 1997 damfetiam
2585 1944 2883 1999 arpennas,
2927 1929 2979 1983 id
3009 1936 3092 1982 est
3118 1928 3313 1982 vineas
3346 1929 3677 1997 quibusdam
3699 1946 3777 1982 scr-

2218 2024 2488 2078 vientibus
2517 2024 2631 2078 suis
2670 2022 3075 2077 beneﬂciaverit
3103 2062 3119 2087 ,
3154 2020 3208 2074 id
3239 2031 3330 2075 est
3391 2020 3643 2090 Ruperto
3686 2038 3777 2090 pta-

2218 2116 2395 2185 posito
2443 2117 2599 2180 duas,
2631 2113 2957 2186 Weringero
2983 2115 3048 2168 de
3085 2113 3335 2169 Salevelt
3375 2115 3550 2177 duas,
3605 2114 3774 2182 Sigeis-

2218 2209 2341 2262 doni
2370 2206 2759 2263 chdendorﬂ‘
2804 2207 2981 2269 duas,
3041 2204 3306 2275 Sigifrido
3368 2207 3775 2274 pincernztns,

2222 2300 2428 2368 Epponi
2463 2298 2531 2353 de
2565 2296 2888 2352 Aldcndorl'f
2906 2298 3061 2358 duas,
3090 2309 3143 2350 et
3186 2312 3455 2351 cameras
3481 2297 3776 2366 juxtadom-

2219 2392 2398 2445 ninam
2428 2399 2663 2453 curtem,
2692 2388 2915 2443 Alberto
2940 2387 3097 2442 fratri
3130 2386 3422 2442 Winboldi
3466 2388 3606 2442 duas
3636 2430 3649 2447 .
3692 2388 3759 2441 Et:

2218 2480 2426 2535 briconi
2469 2480 2535 2534 de
2563 2478 2891 2548 Geldestorp
2931 2479 3067 2532 duas
3096 2518 3111 2543 ,
3155 2476 3435 2532 Attsfrido
3491 2479 3676 2533 clerico
3712 2494 3778 2530 sua

2220 2588 2315 2626 λιιι
2368 2586 2587 2626 mansos
2626 2587 2749 2626 cum
2778 2569 3062 2640 mancipiis
3103 2571 3218 2624 suis
3244 2570 3319 2624 ad
3374 2571 3777 2629 Lutzeurodcxt

2217 2665 2400 2717 vinum
2434 2665 2574 2732 quod
2606 2664 2805 2717 dicitur
2830 2661 3100 2724 Srozvvin,
3126 2664 3179 2716 in
3223 2662 3497 2718 Clotteno
3546 2665 3775 2718 EmCSl-(vai

2218 2755 2368 2809 fratri
2438 2770 2535 2810 suo
2560 2754 2696 2810 duos
2722 2769 2938 2809 mansos
2967 2769 3091 2808 eum
3149 2755 3481 2825 mancipiis,
3541 2757 3596 2809 in
3641 2757 3772 2809 Dte):

2216 2846 2517 2901 Wolferum
2555 2848 2717 2902 etiam
2743 2847 2965 2902 tradidit
2988 2847 3115 2901 illuc
3145 2862 3272 2900 cum
3306 2863 3409 2901 sua
3461 2850 3775 2918 possessore,

2215 2954 2276 2992 ea
2299 2939 2549 2993 videlicet
2581 2940 2912 3002 conditione,
2943 2946 3002 2992 ut
3043 2939 3289 3006 quandiu
3334 2939 3555 3003 vivant,
3587 2941 3773 2994 coclea:

2216 3030 2354 3082 bona
2381 3028 2497 3083 sive
2528 3028 2793 3083 beneficia
2828 3029 3096 3093 habeant;
3135 3037 3259 3097 post
3291 3037 3535 3083 mortem
3560 3045 3677 3083 vero
3700 3031 3773 3080 ib

2160 3187 2183 3206 Ἰ
2219 3136 2334 3173 rum
2366 3119 2543 3175 nullus
2566 3120 2835 3175 ltmredum
2877 3135 3097 3174 suorum
3143 3118 3460 3189 quidquam
3494 3122 3563 3175 de
3610 3121 3683 3174 bis
3706 3122 3773 3171 5;:

596 3210 730 3263 Data
776 3227 853 3266 xu
901 3193 1353 3281 KalrFehruarii,
1389 3193 1531 3270 anno
1578 3215 1870 3271 Dominica:
1920 3215 2106 3272 lncar-
2139 3193 2183 3246 (ἶ
2216 3210 2370 3279 quasi
2394 3209 2517 3278 jure
2543 3210 2890 3265 haereditario
2918 3209 3158 3264 vindicet
3183 3220 3276 3262 aut
3310 3212 3621 3280 possideat,
3644 3214 3720 3265 sed
3741 3213 3773 3262 ia

523 3301 759 3357 nationis
813 3298 972 3367 1051,
1013 3320 1156 3360 anno
1207 3316 1384 3361 autem
1445 3307 1627 3361 domui
1684 3308 1920 3363 lleinrici
1966 3308 2107 3362 tertii

522 3392 689 3463 regis,
720 3395 941 3449 secundi
968 3397 1338 3466 imperatoris,
1371 3400 1520 3470 regni
1564 3415 1653 3453 MK
1684 3440 1698 3462 ,
1753 3400 1962 3470 imperii
2020 3416 2109 3452 vc-

518 3498 579 3535 l‘!)
610 3498 660 3535 ν.

600 3571 781 3628 Actum
814 3573 1054 3631 Treviris
1080 3576 1134 3632 in
1164 3577 1254 3631 Dci
1288 3581 1501 3633 nomine
1526 3579 1771 3634 feliciter.
1803 3582 1993 3634 Amen.

1250 3692 1396 3746 XXI.

520 3797 863 3873 Privifegium
910 3803 1089 3873 domiti
1131 3803 1371 3857 Heinrici
1405 3805 1543 3857 tertii
1573 3807 1705 3873 regis
1760 3822 1850 3859 seu
1879 3807 2105 3873 impera-

590 3870 717 3940 toris
752 3885 905 3938 super
930 3872 1183 3927 Clottcno.
1210 3872 1571 3940 —Cun/irntat
1598 3870 1910 3928 monasterio
1930 3870 2103 3929 Brun-

588 3938 868 4014 utilfarenst'
894 3942 1221 3996 donationem
1245 3938 1437 4011 factum
1465 3963 1494 3994 ιι
1540 3944 1760 3996 liii-Item
1795 3947 1969 4014 regina
2000 3946 2104 3998 Po-

590 4009 767 4062 (enim.

1146 4125 1321 4196 (Anno
1351 4126 1527 4195 1051.)

518 4212 829 4289 [Murum
875 4217 1122 4286 Ampliss.
1151 4218 1345 4272 Col/ecl
1380 4219 1418 4281 l,
1454 4218 1579 4284 4‘27,
1614 4235 1677 4273 cx
1708 4236 1808 4274 ms.
1841 4218 2099 4274 Brunwil-

1255 4310 1380 4383 lata]

590 4400 642 4453 in
672 4400 886 4453 nomine
911 4412 1117 4457 sancta:
1143 4413 1193 4458 et
1226 4404 1513 4458 inditidum
1539 4401 1839 4459 Trinitatis.
1878 4400 2100 4459 "ElNat-

2204 3301 2294 3368 jus
2323 3311 2379 3357 et
2403 3302 2700 3357 dominium
2730 3301 2789 3357 S.
2818 3301 3021 3357 Nicolai
3043 3310 3099 3357 et
3123 3301 3344 3355 abbatis
3374 3303 3583 3372 ipsius,
3619 3318 3673 3356 ac
3698 3304 3775 3353 fr:-

2215 3404 2355 3447 trum
2386 3393 2488 3448 sibi
2528 3393 2881 3448 servientium
2908 3394 3157 3457 redeant,
3197 3403 3256 3446 ut
3288 3396 3446 3463 quod
3514 3397 3673 3448 abbas
3703 3398 3772 3447 Ia-

2211 3480 2314 3537 lius
2338 3482 2440 3536 sibi
2470 3498 2535 3536 ac
2559 3482 2821 3537 fratribus
2851 3482 3332 3551 ludejudicaverit
3358 3525 3373 3547 ,
3436 3484 3607 3539 faciat
3652 3496 3773 3553 atque

2210 3570 2482 3642 disponat.
2518 3573 2774 3629 llontines
2824 3576 2989 3628 etiam
3021 3589 3158 3644 quos
3186 3575 3340 3630 dedit
3376 3575 3447 3630 S.
3487 3578 3696 3632 Nicolao
3718 3580 3767 3627 ita

2210 3663 2450 3731 tradidit,
2487 3673 2546 3719 ut
2583 3665 2761 3719 nullus
2782 3675 3070 3721 extraneas
3097 3707 3114 3731 ,
3144 3666 3248 3721 nisi
3293 3666 3447 3721 forte
3498 3669 3683 3723 liberas
3714 3668 3769 3719 vel

2207 3772 2269 3810 cx
2305 3766 2572 3825 potestate
2599 3757 2658 3812 S.
2690 3758 2832 3813 Petri
2864 3758 3105 3814 Colonia:
3138 3760 3304 3814 ducat
3330 3776 3566 3817 uxores.
3622 3762 3671 3815 Si
3702 3778 3767 3813 ae-

2212 3855 2317 3899 tem
2404 3847 2608 3902 alienas
2685 3849 2995 3919 acceperint
3075 3865 3272 3905 uxores
3304 3893 3323 3915 ,
3400 3855 3589 3908 omnis
3638 3856 3763 3905 hare

2206 3940 2345 3993 ditas
2415 3953 2602 3994 eorum
2648 3948 2701 3996 et
2750 3942 2999 3996 universa
3038 3958 3159 4011 qua:
3229 3944 3574 4013 possident,
3634 3946 3690 3997 ad
3727 3946 3765 3995 S.

2206 4027 2410 4083 Nicolai
2458 4028 2655 4085 cedant
2710 4032 3153 4097 monasterium,
3204 4044 3260 4087 et
3297 4034 3485 4089 nullus
3533 4036 3763 4089 accedam

2206 4138 2422 4175 suorum
2451 4122 2503 4175 in
2536 4122 2619 4176 his
2649 4122 2939 4191 quidquam
2969 4125 3185 4177 habeat.
3236 4125 3295 4179 Si
3358 4142 3497 4181 vero
3546 4144 3615 4183 ex
3649 4139 3761 4196 putt”

2206 4222 2345 4267 State
2373 4213 2428 4267 S.
2459 4212 2605 4267 Petri
2635 4213 2871 4269 Colonia:
2908 4231 3102 4270 uxores
3132 4217 3410 4279 duxerint,
3475 4219 3572 4273 filii
3618 4234 3761 4272 coras

2205 4304 2402 4359 iterum
2446 4306 2720 4374 accipiant
2749 4322 2946 4361 uxores
2993 4322 3057 4360 ex
3113 4318 3390 4376 potestate
3453 4307 3513 4363 S.
3558 4308 3761 4363 Nico-hi.

2198 4397 2343 4466 quod
2381 4398 2423 4450 si
2472 4413 2576 4451 non
2609 4397 2851 4461 fecerint,
2877 4400 3055 4452 omnis
3082 4400 3373 4455 haereditas
3396 4416 3592 4455 eorum
3616 4412 3757 4453 etc;-

514 4507 628 4556 ccs,
664 4493 839 4547 divina
889 4493 1101 4548 favente
1133 4495 1441 4561 clementia,
1505 4495 1867 4551 Romanorum
1927 4498 2095 4567 impe-
2126 4527 2174 4585 ο
2204 4490 2289 4541 "ill
2330 4504 2449 4557 ψιω
2490 4489 2785 4558 POSSldenl.
2824 4491 2892 4543 ad
2924 4490 2980 4543 S.
3008 4488 3212 4544 Νίσοιυί
3243 4499 3299 4544 el.
3340 4492 3561 4546 abbatis
3587 4491 3755 4544 ηιύωελι

513 4595 659 4639 rator
688 4584 977 4653 Augustus.

584 4675 640 4728 Si
688 4674 821 4730 locis
856 4675 962 4730 Deo
989 4675 1203 4741 dicatis,
1250 4679 1445 4747 quibus
1479 4676 1741 4732 beneficia
1768 4695 1872 4732 non
1906 4677 2089 4732 confe-

510 4754 704 4831 rimus,
753 4768 941 4822 saltem
968 4770 1034 4821 ab
1058 4769 1179 4825 aliis
1210 4767 1459 4825 ﬁdelibus
1486 4769 1685 4825 Christi
1722 4770 1919 4824 tradita
1967 4787 2095 4825 con-

512 4860 928 4923 firmaveritnus,
957 4860 1214 4915 divinitus
1255 4878 1353 4917 nos
1392 4862 1576 4931 procul
1621 4862 1781 4915 dubio
1837 4877 2095 4917 remune~

509 4952 619 5005 rari
672 4950 1011 5007 confidimus.
1084 4953 1424 5024 Quapropter
1478 4954 1713 5009 fidelium
1760 4964 2090 5020 nostrorum,

512 5052 621 5095 tam
663 5044 1008 5113 praesentium
1055 5044 1264 5100 scilicet
1291 5062 1450 5114 quam
1484 5046 1788 5100 futurorum
1818 5088 1832 5109 ,
1890 5046 2091 5116 magni-

508 5136 639 5191 tudo
668 5139 982 5207 comperiat,
1014 5139 1247 5208 qualiter
1274 5140 1520 5210 quaedam
1549 5139 1768 5194 domina
1805 5139 2085 5194 venerabi-

506 5227 570 5283 lis
597 5227 832 5284 Richeza
880 5233 1118 5295 nomine,
1142 5233 1321 5301 regina
1350 5234 1618 5303 quondam
1663 5231 1915 5295 Polonia:,
1947 5249 2082 5302 pra:-

506 5322 653 5375 dium
695 5337 848 5376 suum
875 5322 1125 5378 Clottetto
1162 5326 1392 5387 dictum,
1426 5324 1548 5379 aliis
1580 5325 1711 5380 locis
1738 5325 2085 5380 subternota-

501 5414 597 5479 tis,
643 5413 693 5466 id
741 5424 822 5469 est
862 5414 1211 5470 Comenheim
1244 5458 1258 5480 ,
1314 5415 1476 5477 Elre,
1539 5414 1767 5471 Brembe
1797 5456 1812 5479 ,
1870 5416 2080 5477 Asche,

502 5503 809 5569 Masbrech,
855 5506 1126 5572 Wernus,
1171 5504 1465 5571 Tanelach,
1520 5507 1713 5572 Wilre,
1756 5518 1811 5561 et
1862 5506 2077 5577 Pulego,

500 5594 798 5659 Chucomo,
826 5594 1142 5663 Chundedo,
1178 5596 1361 5661 Merle,
1392 5608 1446 5654 et
1491 5598 1624 5669 Byle
1649 5639 1664 5662 ,
1718 5594 2031 5653 Ericbriche
2066 5638 2082 5662 ,

494 5687 863 5753 Lutzenrodo,
890 5687 1093 5752 Dreise,
1119 5697 1173 5741 et
1197 5686 1456 5756 Ottingin,
1482 5704 1602 5742 cum
1633 5689 1834 5744 mansis
1856 5697 1910 5742 et
1931 5704 2080 5742 man.

500 5777 675 5849 cipiis,
710 5788 763 5833 et
794 5795 915 5833 cum
944 5778 1087 5832 omni
1116 5780 1419 5849 integritate
1453 5780 1619 5850 ipsius
1650 5822 1663 5847 ,
1710 5782 1761 5835 in
1802 5780 1937 5834 villis
1965 5820 1978 5845 ,
2024 5780 2077 5835 in

2200 4582 2516 4636 dominium.
2547 4581 2746 4637 Eadem
2770 4598 2897 4637 vero
2930 4593 3172 4652 rogante,
3200 4583 3367 4637 abbas
3410 4582 3629 4655 Tegeae
3660 4598 3755 4648 pn-

2197 4673 2323 4726 dicti
2358 4673 2669 4727 monasterii
2714 4673 2856 4727 idem
2896 4683 2952 4727 et
2984 4674 3240 4742 prmdium
3273 4675 3551 4744 permisit,
3582 4676 3658 4729 Cui
3688 4672 3751 4722 ir-

2196 4765 2442 4819 ncficium
2492 4776 2775 4836 postquam
2835 4766 2947 4835 ipse
2997 4768 3126 4821 illud
3175 4768 3225 4821 in
3282 4783 3443 4821 Suum
3513 4770 3749 4835 τακεραί

2194 4862 2519 4927 dominium,
2555 4863 2640 4916 cui
2674 4862 2856 4916 statim
2893 4872 3099 4915 curtem
3156 4860 3373 4916 Caneda
3421 4873 3477 4915 et
3533 4858 3747 4912 [anulum
3830 4904 3831 4913 χ

2196 4954 2441 5022 quinque
2484 4954 2650 5008 libras
2677 4955 2747 5008 ibi
2786 4953 3109 5017 solventem,
3133 4954 3276 5022 quod
3313 4951 3415 5005 fuit
3467 4952 3659 5005 Bitonis
3684 4950 3747 4999 ir:
3830 4948 3831 4959 ‘

2193 5045 2444 5100 neficium
2483 5046 2551 5100 ad
2586 5044 2811 5101 Gewere
2843 5046 3061 5101 tradidit
3100 5061 3153 5099 vr
3201 5059 3469 5113 arpennas
3514 5042 3741 5097 Clottcao,

2193 5154 2313 5209 qua:
2338 5137 2555 5192 fuerunt
2606 5137 2823 5193 Siconis
2878 5136 3101 5191 comitis
3138 5135 3465 5190 beneficium
3494 5177 3508 5197 ,
3544 5146 3600 5189 et
3646 5134 3743 5183 del:

2191 5229 2595 5284 ntansiunculas
2647 5245 2782 5297 quas
2818 5227 3125 5283 Wecelmus
3150 5228 3372 5287 habuit,
3406 5236 3461 5280 et
3502 5228 3553 5279 in
3585 5224 3739 5293 quibs
3828 5266 3829 5297 ᾖ

2190 5321 2471 5376 habitavit.
2508 5319 2755 5375 Tradidit
2797 5320 2962 5373 etiam
3012 5326 3257 5373 castrum
3297 5333 3457 5372 suum
3500 5315 3733 5371 Chunos

2190 5412 2443 5467 Heinrico
2475 5413 2720 5481 palatino
2761 5412 2943 5465 comiti
2980 5410 3092 5465 lilio
3123 5410 3303 5481 patrui
3332 5410 3437 5472 sui.
3480 5423 3539 5463 ea
3562 5404 3733 5460 δείδω

2187 5506 2518 5571 conditione,
2552 5514 2609 5558 ut
2669 5504 2905 5574 Quandiu
2942 5504 3172 5569 viveret,
3203 5516 3367 5571 super
3412 5501 3577 5571 item
3616 5494 3729 5549 Oet»

2189 5605 2312 5650 teno
2339 5593 2592 5651 defensor
2631 5606 2685 5649 et
2730 5595 3027 5649 advocatus
3063 5594 3360 5656 existeret;
3400 5599 3513 5660 post
3559 5588 3725 5641 obiz£

2183 5698 2311 5739 vero
2339 5700 2515 5751 suum,
2540 5685 2581 5739 si
2620 5686 2733 5755 ipse
2761 5684 3060 5739 heredibus
3102 5693 3333 5748 careret,
3362 5682 3619 5752 proximas
3642 5678 3719 5726 L1-

2184 5796 2268 5835 res
2298 5780 2523 5836 domina?
2578 5781 2826 5836 Βίριιρῑιε
2880 5782 3077 5852 regium
3118 5780 3450 5836 advocatiam
3478 5790 3625 5845 sup“
3660 5786 3717 5823 ἴε*
