3838 6322
114 326 259 380 HIS

1427 316 1771 373 HENRICUS
1801 316 1864 371 lll
1905 316 2027 372 IMP.

3258 316 3392 372 1111

110 439 246 491 dem
272 438 406 491 bona
432 434 682 497 haberet;
718 432 762 485 si
787 447 915 485 vero
942 441 991 485 et
1021 431 1119 502 ipsi
1146 431 1395 487 lueredcst
1415 431 1707 497 defuerint,
1742 438 1786 493 Α
1811 448 1928 495 cus,
1959 430 2141 484 divina
2175 430 2388 486 favente
2411 431 2717 499 clementia,
2754 434 3119 489 Romanorum
3162 436 3395 505 impera-

109 529 461 585 Clitoniensis
482 525 919 595 archiepiscopus
957 525 1204 579 eamdem
1233 524 1569 579 advocatiam
1620 526 1711 579 tri-

109 622 255 673 huat
276 618 578 686 cuicunque
615 616 782 669 abbas
830 623 884 669 et
932 614 1130 669 fratres
1177 613 1456 682 petierint.
1522 613 1707 669 Siconi

107 726 254 766 vero
278 709 488 773 comiti,
519 709 610 778 qui
639 705 885 762 eamdem
934 706 1344 762 advocationem
1392 721 1423 759 a
1470 705 1710 775 palatino

116 801 356 865 comite,
384 800 641 871 prtcdicta
668 799 853 868 regina
884 798 1119 852 Richeza
1156 806 1373 867 petente
1402 836 1417 861 ,
1471 796 1712 865 suscepit

108 892 231 947 tale
268 890 550 946 servitium
581 889 754 943 tribus
787 898 993 942 tantum
1026 885 1360 956 temporibus
1399 886 1526 938 anni
1575 884 1708 939 sibi-

104 996 230 1052 que
274 980 689 1037 succedentibus
722 978 1002 1034 advocatis
1052 976 1379 1043 constituit,
1410 976 1617 1031 scilicet
1652 983 1712 1029 ut

105 1078 191 1131 ad
221 1074 640 1146 unumquodque
678 1072 935 1143 placitum
975 1070 1135 1127 detur
1190 1070 1452 1126 advocato
1499 1068 1711 1124 modius

104 1184 264 1224 uitus
292 1167 456 1221 tritici
472 1175 526 1221 et
550 1181 686 1220 unus
712 1164 964 1236 siliginis,
1022 1172 1079 1219 et
1114 1163 1355 1233 quinque
1380 1160 1535 1217 solidi
1576 1160 1710 1215 levis

108 1268 358 1313 monetae
392 1257 643 1322 valentis,
671 1265 727 1309 et
769 1265 975 1311 tantum
1005 1255 1095 1309 uni
1123 1256 1281 1309 detur
1303 1292 1318 1317 ,
1352 1260 1613 1322 quantum
1643 1251 1712 1304 ad

110 1351 272 1405 istud
299 1350 576 1405 servitium
626 1349 933 1405 conveniat.
973 1347 1137 1402 modii
1190 1347 1429 1415 quinque
1483 1359 1707 1409 arente,

106 1442 179 1495 id
221 1450 309 1496 est
333 1443 400 1495 ad
428 1442 533 1495 duo
564 1441 761 1509 plarita
793 1439 957 1494 modii
994 1439 1179 1493 decem
1206 1454 1411 1492 avenas.
1452 1437 1511 1491 In
1545 1436 1708 1490 natali

107 1547 258 1587 vero
283 1533 453 1588 sancti
498 1530 725 1586 Joannis
758 1530 1011 1600 Baptista:
1040 1530 1093 1583 in
1134 1540 1292 1600 prato
1316 1529 1458 1598 quod
1486 1534 1711 1582 vocatur

111 1623 436 1691 Summunt,
503 1623 757 1693 pabulum
801 1622 850 1676 ei
891 1622 1051 1675 detur
1111 1621 1165 1674 iu
1206 1619 1487 1690 gramine,
1529 1618 1712 1673 addito

112 1731 235 1769 uno
294 1714 471 1769 modio
509 1730 712 1768 aventu.
759 1713 828 1766 At
880 1715 926 1767 si
975 1713 1187 1767 villicus
1232 1712 1315 1767 vel
1360 1712 1426 1766 tle
1467 1709 1711 1764 adificiis

110 1806 207 1859 vel
246 1807 312 1862 de
336 1805 659 1876 agricultura
694 1806 948 1875 plac'tznu
981 1805 1179 1860 ibidem
1216 1804 1484 1867 habuerit,
1510 1802 1711 1856 nullam
1746 1793 1787 1847 Β

112 1899 255 1952 inde
282 1909 489 1968 partem
532 1896 907 1966 veljustitiam
935 1906 1144 1967 quaerat
1185 1895 1514 1960 advocatus,
1556 1894 1710 1949 simi-

113 1991 254 2045 liter
281 2000 336 2045 et
368 1992 435 2046 de
462 1991 685 2061 placito,
712 1992 855 2060 quod
891 2000 1117 2044 vocatur
1144 1990 1369 2043 Ludine.
1417 1988 1568 2041 Hanc
1624 2004 1715 2040 au-

116 2092 238 2137 tem
268 2084 609 2138 traditionem
638 2100 759 2137 cum
816 2092 1030 2137 moneta
1064 2091 1117 2135 et
1170 2092 1413 2136 marcatu
1459 2096 1555 2150 per
1600 2097 1713 2133 ma-

120 2190 264 2227 num
295 2172 533 2228 lleinrici
568 2174 788 2244 palatini
828 2173 1065 2235 comitis,
1093 2173 1193 2227 sub
1234 2171 1388 2241 cujus
1414 2185 1538 2225 tunc
1562 2186 1715 2224 mua-

114 2266 381 2320 diburdio
430 2267 701 2329 manebat,
731 2265 782 2318 itt
811 2263 1097 2333 ptmseutia
1119 2271 1302 2316 nostra
1333 2272 1386 2315 et
1418 2261 1711 2314 lli-rinauni

119 2371 334 2416 sancta:
352 2361 684 2417 Coloniensis
708 2359 962 2413 Ecclesia:
985 2357 1305 2411 venerabilis
1326 2371 1388 2409 ac
1415 2356 1486 2425 pii
1511 2356 1717 2408 :trchie-

111 2452 356 2523 piscopi,
390 2450 785 2518 multorumque
816 2448 1114 2518 priuci,u:n
1168 2446 1313 2515 regni
1364 2443 1512 2508 fecit,
1550 2458 1714 2512 quant

108 2545 301 2598 abbas
329 2543 544 2613 Tcgeno
570 2540 808 2608 ejusdem
842 2538 1179 2603 monasterii,
1210 2547 1263 2590 et
1302 2536 1426 2590 Sico
1456 2534 1713 2604 prmfatus

108 2648 313 2689 comes
329 2642 381 2688 et
402 2632 694 2687 advocatus
722 2630 914 2685 ibidem
938 2636 1310 2697 susceperunt.
1341 2635 1580 2679 n03tram
1610 2640 1715 2677 nn-

108 2725 386 2795 perialem
448 2722 749 2794 flagitantes
782 2720 1163 2784 clementiam,
1226 2728 1281 2771 ut
1328 2718 1515 2771 eadem
1576 2717 1717 2770 bona

110 2822 243 2873 Deo
269 2828 559 2885 sanctoque
587 2814 807 2869 Nicolao
837 2811 1309 2875 conlirmaremus,
1359 2817 1413 2863 et
1441 2817 1502 2861 ut.
1556 2806 1715 2860 navi-

110 2915 235 2967 bus
252 2921 306 2966 et
342 2910 495 2965 bonis
521 2906 733 2963 abbatis
768 2915 823 2960 et
853 2904 1079 2958 fratrum
1126 2914 1180 2957 et
1208 2901 1423 2956 fsztnliae
1478 2901 1545 2955 de
1569 2898 1715 2954 Clot-

111 3013 259 3058 teno
302 3012 355 3056 et
383 3000 654 3055 Mescnich
678 3014 775 3069 per
794 2997 1003 3051 alveum
1052 2994 1222 3049 Rheni
1274 2995 1387 3048 sive
1434 2992 1669 3048 Mosellae
1700 3034 1716 3060 ,

110 3094 556 3164 quotiescunque
595 3089 891 3145 necessitas
916 3087 1242 3157 poposcerit,
1275 3086 1499 3140 liberum
1531 3099 1719 3139 assen-

116 3198 199 3240 su
212 3200 258 3236 ut
287 3192 341 3238 et
369 3183 689 3237 descensum
714 3179 833 3233 sine
860 3178 1038 3247 aliqua
1068 3175 1349 3231 exactione
1383 3174 1575 3228 telouei
1605 3184 1716 3227 tra-

112 3280 415 3341 derentus;
452 3289 677 3343 quorum
711 3271 952 3341 petitioni
982 3266 1721 3333 aunueutes,(that-tamirauc

116 3374 261 3430 inde
316 3366 584 3426 conscribi
615 3405 631 3430 ,
673 3377 944 3432 manuque
972 3361 1212 3430 propria,
1244 3357 1533 3419 ut,sul.tus
1575 3355 1722 3409 vide-

119 3478 244 3529 tur,
290 3462 719 3524 corroborantes,
748 3456 905 3528 sigilli
937 3454 1107 3509 nostri
1158 3454 1514 3521 impressione
1556 3448 1723 3518 jussi-

123 3555 547 3625 mnsinsiguiri;
575 3560 735 3623 quam
768 3552 811 3605 si
842 3550 963 3618 quis
996 3547 1290 3617 infringere
1320 3545 1625 3608 teutaverit,
1655 3545 1721 3597 ad

118 3644 367 3723 primum
398 3649 531 3702 iram
556 3645 649 3701 Dei
681 3644 962 3713 sanctique
989 3642 1156 3707 Petri,
1187 3639 1453 3708 simulque
1480 3637 1720 3691 omnium

118 3744 442 3797 sanctorum
466 3738 730 3792 incurrat.

224 3849 446 3925 Sigeum
468 3852 646 3905 damni
671 3848 909 3925 lleinrici
934 3846 1073 3925 tertii
1101 3845 1229 3925 regis
1251 3842 1597 3925 invictissimi,
1644 3854 1722 3893 8e-

128 3916 309 3980 cundi
336 3922 690 3977 Romanorum
721 3918 1053 3988 imperatoris
1082 3916 1324 3985 Augusti.

214 4039 528 4093 Wintherns
572 4033 929 4091 cancellarius
964 4032 1078 4087 vice
1134 4031 1394 4084 Bardonis
1440 4028 1723 4083 archican-

123 4136 236 4193 ccll
256 4134 335 4189 ιι·ἰί
365 4131 695 4201 recognovit.

208 4230 344 4282 Data
395 4241 461 4278 xv
495 4223 613 4277 Kal.
652 4220 898 4291 Augusti,
942 4217 1232 4272 indictione
1262 4231 1335 4278 tv,
1368 4229 1511 4268 anno
1539 4211 1721 4265 Domi-

127 4321 273 4377 nicae
300 4314 691 4372 lncarnationis
736 4312 895 4377 11151,
924 4326 1066 4365 anno
1096 4317 1274 4362 autem
1325 4307 1504 4362 domui
1557 4303 1720 4358 llein-

128 4413 233 4468 rici
284 4409 427 4464 tertii
469 4407 610 4477 regis
655 4402 877 4459 secundi
923 4400 1263 4470 imperatoris
1295 4440 1309 4463 ,
1367 4396 1723 4452 ordinationis

128 4505 254 4575 ejus
294 4517 442 4565 XXIV,
473 4499 620 4569 ηις(ιί
652 4513 779 4551 vero
806 4512 925 4559 xm,
964 4494 1172 4563 imperii
1201 4492 1409 4560 quinto.

206 4594 402 4647 Actum
434 4588 791 4658 Compltiugin
824 4585 1068 4639 feliciter.
1102 4584 1296 4637 Amen.
1329 4579 1494 4648 Cujus
1517 4579 1592 4633 rei
1621 4586 1724 4630 tes—

136 4696 221 4739 tes
272 4694 399 4739 sunt
465 4682 806 4736 llcrmannus
852 4675 1188 4731 Coloniensis
1244 4671 1680 4740 archiepiscopus
1710 4708 1724 4732 ,

134 4777 423 4832 lleinricus
450 4790 631 4831 comes
664 4772 951 4842 palatinos,
984 4768 1109 4823 Sico
1134 4782 1337 4830 comes,
1367 4763 1610 4820 Starchri
1638 4777 1727 4815 co-

138 4884 278 4929 mes,
306 4866 617 4924 Germ-dus.
666 4865 1017 4931 Berengerus,
1068 4857 1388 4921 Gozwittus,
1429 4854 1723 4925 Rutgcrus,

137 4956 413 5013 Eznbrico.
451 4955 618 5025 Eppo,
648 4950 990 5011 Winboldus,
1019 4946 1327 5002 Ansfridus.

862 5062 1019 5117 XXII.

139 5180 388 5248 Diploma
421 5178 657 5232 Heinrici
693 5175 751 5230 11
764 5174 944 5248 I,_pro
986 5172 1419 5248 Brumeillare‘nsi
1467 5180 1729 5248 monaste-

215 5243 313 5304 rio.
344 5281 414 5291 -—
442 5249 515 5302 De
539 5246 862 5316 fundationis
892 5245 1191 5316 monasterii
1213 5243 1608 5308 conﬁrmatione
1639 5258 1730 5316 per

221 5314 577 5374 Ilcrmauuum
634 5318 990 5372 Colouieusem
1038 5315 1477 5382 archiepiscopum
1526 5323 1572 5366 et
1630 5314 1727 5365 Ri-

217 5393 427 5445 cltezam
476 5390 707 5459 reginam
757 5385 1028 5452 Poloniw,
1078 5385 1239 5451 deque
1285 5383 1408 5451 jure
1448 5383 1729 5438 advocato-

217 5478 352 5514 rum.

710 5568 890 5636 (Anno
928 5565 1109 5636 1051.)

454 5657 751 5731 [Μλιιῒεκη
794 5655 966 5727 Ampi.
997 5657 1209 5711 Collert.
1240 5656 1279 5719 l,
1324 5652 1471 5726 430.]

219 5753 278 5807 ln
305 5753 518 5809 nomine
548 5761 745 5809 sanctae
782 5761 833 5808 et
862 5750 1147 5806 individuis
1186 5749 1483 5805 Trinitatis.
1513 5750 1730 5805 "sissi-

1746 3136 1793 3198 C

1816 540 1899 583 tor
1922 528 2216 598 Augustus.

1882 620 2076 675 Notum
2099 634 2219 675 esse
2248 619 2492 676 volumus
2514 623 2876 691 praesentibus
2901 630 2956 678 et
3009 624 3206 678 tuturis
3249 628 3392 693 quod

1812 710 2168 765 charissimus
2198 720 2387 766 noster
2411 711 2776 778 llermannus,
2806 722 3009 769 sancta:
3050 713 3395 770 Coloniensis

1813 803 2069 858 Ecclesia:
2096 802 2425 858 venerabilis
2443 817 2508 858 ac
2535 804 2655 872 pius
2676 804 3137 875 archiepiscopus,
3161 820 3262 861 nec
3286 822 3392 860 non

1812 908 1968 949 soror
2001 892 2240 960 ejusdem
2295 890 2492 945 domna
2544 892 2779 948 Richeza
2805 930 2822 960 ,
2856 894 3092 950 Polonite
3124 898 3394 965 quondam

1815 989 2017 1057 regina,
2051 985 2115 1039 ad
2145 993 2381 1040 nostram
2423 983 2742 1038 accedentes
2788 986 3131 1053 praesentiam
3162 1027 3178 1050 ,
3231 987 3397 1042 abba-

1814 1077 1942 1131 tiam
1974 1077 2028 1131 in
2054 1077 2171 1130 loco
2205 1075 2295 1145 qui
2323 1074 2636 1145 Brttnwylre
2664 1075 2885 1141 dicitur,
2915 1091 2945 1129 a
2989 1077 3100 1132 suis
3154 1079 3398 1148 parenti-

1812 1168 1934 1233 bus,
1965 1168 2163 1222 domno
2190 1164 2443 1220 Ernfrido
2471 1163 2680 1219 scilicet
2712 1166 2911 1220 comite
2941 1165 3185 1222 Palatino
3217 1177 3271 1223 ct
3299 1185 3396 1223 sua

1812 1260 2041 1330 conjuge
2070 1260 2269 1314 dotnna
2296 1257 2553 1313 Mathilde
2580 1258 2812 1326 primum
2845 1258 3152 1324 fundatam;
3203 1260 3398 1315 dehinc

1772 1410 1775 1413 _
1813 1360 1934 1423 post
1974 1352 2255 1407 decessum
2282 1364 2469 1404 eorum
2501 1350 2567 1401 ad
2607 1346 2897 1417 ipsosjure
2928 1347 3267 1402 haereditario
3307 1349 3400 1401 tle-

1812 1445 2070 1509 volutam,
2104 1443 2277 1513 ipsum
2307 1442 2470 1497 etiam
2499 1441 2757 1510 przedium
2780 1440 3093 1511 Brunvvylre
3127 1456 3251 1495 emit
3277 1455 3397 1494 om-

1813 1539 1971 1593 nibus
2013 1535 2345 1607 appendiciis
2374 1534 2485 1589 suis
2512 1573 2528 1599 ,
2584 1533 2725 1588 sicut
2770 1537 2838 1588 ab
2869 1533 3000 1603 ipsis
3050 1533 3241 1587 devote
3290 1530 3401 1585 Deo

1813 1640 2110 1700 sanctoque
2142 1628 2363 1683 Nicolao
2393 1626 2649 1681 traditum
2677 1666 2691 1690 ,
2745 1641 2811 1680 ac
2865 1625 2953 1696 pia
3000 1624 3404 1695 dispensatione

1814 1721 2045 1790 primum
2094 1719 2270 1773 fuerat
2313 1717 2699 1778 constitutum,
2747 1716 2848 1771 sibi
2901 1716 2955 1769 in
2986 1713 3075 1782 jus
3110 1714 3401 1771 haeredita-

1816 1812 1953 1865 rium
2000 1810 2209 1880 legibus
2233 1807 2591 1879 postularunt.
2624 1808 2829 1876 Quibus
2863 1807 2913 1860 iu
2941 1821 3060 1861 mea
3109 1809 3395 1878 praesentia

1815 1902 2011 1974 placito
2040 1902 2259 1965 indicto,
2288 1899 2494 1970 legibus
2528 1898 2807 1962 discussis,
2840 1897 2934 1952 ﬁlii
2978 1906 3259 1966 parentum
3290 1898 3404 1952 hic»

1816 1992 2097 2047 reditatem
2116 1990 2329 2059 justitia
2346 1989 2583 2044 dictante
2610 2005 2705 2059 per
2732 1988 3054 2044 sententiam
3084 1986 3401 2056 iprincipum

1814 2084 2181 2139 obtinuerunt.
2210 2081 2311 2148 Qui
2350 2097 2473 2135 mox
2514 2083 2704 2135 timore
2738 2091 2793 2136 et
2815 2094 2999 2133 amore
3043 2078 3137 2133 Dei
3162 2091 3403 2132 commo-

1817 2175 1938 2238 niti,
1967 2188 2066 2243 pro
2095 2188 2154 2228 se
2173 2188 2505 2241 suorumque
2548 2182 2853 2240 parentum,
2892 2170 3118 2222 fratrum
3161 2183 3225 2223 ac
3252 2182 3404 2222 soro-

1817 2284 1935 2325 rum
1969 2268 2021 2320 in
2050 2266 2255 2335 gremio
2275 2265 2514 2334 ejusdem
2545 2265 2788 2319 ecclesia:
2818 2263 3168 2333 sepulcrum,
3202 2270 3403 2313 aeterna

1818 2365 2076 2419 memoria
2104 2362 2308 2417 dictum
2341 2359 2600 2428 pnedium
2628 2357 2925 2411 Bruuwilre
2974 2371 3097 2409 cum
3153 2352 3404 2408 omnibus

1818 2456 2151 2527 appendiciis
2176 2453 2312 2517 suis,
2336 2461 2389 2507 et
2419 2467 2540 2505 cum
2573 2450 2719 2504 omni
2750 2448 3079 2515 integritate,
3109 2446 3314 2500 scilicet
3348 2444 3400 2497 in

1818 2549 1983 2618 agris,
2029 2549 2081 2602 in
2113 2546 2304 2616 pratis,
2332 2543 2506 2613 aquis,
2533 2557 2771 2611 pascms,
2802 2540 2951 2594 silvis
2994 2539 3103 2593 Deo
3133 2554 3196 2590 ac
3217 2546 3407 2591 sancto

1818 2640 2043 2695 Nicolao
2071 2648 2123 2691 ct
2152 2636 2413 2690 fratribus
2445 2634 2648 2689 ibidem
2682 2633 2792 2687 Deo
2820 2630 3182 2685 servientibus
3214 2642 3406 2697 perpe-

1818 2740 1912 2787 tuo
1946 2726 2347 2801 possidendum,
2379 2724 2672 2780 secundum
2698 2720 3068 2777 diﬂiuitionem
3096 2733 3157 2770 ac
3185 2717 3407 2771 liLeram

1820 2831 2103 2894 parentum
2136 2834 2356 2875 suorum
2382 2815 2723 2871 traditionem
2763 2813 2877 2883 pari
2931 2810 3219 2866 devotione
3272 2822 3405 2862 con-

1825 2915 2083 2970 tulerunt.
2115 2910 2431 2964 Terminum
2454 2906 2618 2960 etiam
2649 2904 2971 2981 etobannum
3004 2900 3173 2970 ipsius
3216 2896 3403 2966 prmdii

1822 3000 2454 3076 praedictomonasterio,
2488 2998 2627 3052 sicut
2649 3009 2836 3051 eorum
2886 2991 3256 3063 progenitores
3306 2988 3402 3041 ha-

1823 3095 2008 3150 buisse
2034 3099 2332 3148 noscuntur
2359 3087 2728 3158 designantes,
2760 3100 2788 3138 a
2822 3084 2907 3136 via
2933 3096 3055 3151 quin
3082 3080 3278 3134 dicitur
3307 3076 3403 3131 Ja-

1823 3184 2159 3249 cobs—wech,
2188 3196 2358 3250 usque
2406 3180 2475 3233 ad
2521 3179 2664 3233 viam
2704 3174 2969 3244 Hespath,
3006 3183 3332 3238 rursumque
3376 3183 3407 3219 ι(

1825 3278 1908 3331 via
1932 3275 2171 3346 ﬂespath
2202 3271 2269 3326 ad
2298 3268 2700 3339 viam-regiam,
2727 3275 2783 3321 et
2804 3282 2832 3319 a
2868 3263 3131 3333 via-regia
3166 3276 3264 3330 per
3289 3275 3414 3314 cur-

1823 3383 1940 3423 sum
1973 3365 2129 3419 rivuli
2159 3363 2252 3432 qui
2278 3362 2473 3416 dicitur
2500 3358 2732 3413 Visbach
2777 3370 2948 3424 usque
3002 3364 3153 3407 trans
3185 3351 3406 3404 fluvium

1823 3460 1914 3527 qui
1946 3456 2151 3510 dicitur
2188 3456 2415 3514 Arnese,
2450 3451 2519 3504 ita
2559 3447 2978 3509 constituerunt,
3008 3452 3065 3497 ut
3090 3442 3267 3496 nullus
3303 3441 3412 3493 ibi-

1824 3551 1945 3605 dem
1976 3547 2176 3617 aliquid
2195 3544 2335 3614 juris
2364 3542 2445 3596 vel
2477 3539 2757 3611 potestatis
2785 3537 3002 3599 habeat,
3030 3542 3223 3603 printer
3246 3532 3411 3584 abba-

1827 3650 1932 3693 tem
1985 3638 2153 3707 ipsius
2205 3635 2305 3689 loci
2331 3642 2386 3688 et
2437 3631 2671 3685 villicum
2732 3627 2851 3696 ejus
2891 3638 3267 3693 quemcunque
3294 3628 3410 3675 sta-

1828 3733 2010 3786 tuerit.
2038 3730 2142 3783 Pro
2176 3724 2468 3781 abundanti
2516 3735 2730 3791 quoque
2768 3715 3000 3781 cautela,
3049 3715 3207 3769 beato
3248 3710 3412 3765 Petro

1825 3830 2026 3877 sancta;
2053 3818 2388 3875 Coloniensis
2424 3813 2676 3869 Ecclesiae
2726 3826 2938 3867 summo
2986 3813 3213 3878 patrono
3267 3802 3412 3857 idem

1825 3913 2220 3971 monasterium
2261 3910 2573 3977 dictumque
2606 3904 2866 3976 praedium
2916 3903 2971 3956 in
3024 3899 3411 3970 pmprietatem

1825 4007 2029 4075 absque
2051 4002 2199 4057 onmi
2227 3998 2545 4068 exceptione
2586 3997 2639 4051 iu
2677 4010 2870 4049 manus
2912 3989 3205 4047 Christiani
3254 3985 3413 4041 Colo-

1825 4098 2029 4155 niensis
2051 4095 2296 4151 advocati
2340 4104 2451 4147 rata
2484 4106 2547 4147 ac
2574 4098 2829 4160 perpetua
2854 4084 3143 4141 donatione
3171 4081 3409 4136 tradide-

1826 4200 1971 4255 runt,
1999 4198 2269 4259 quatenus
2296 4184 2437 4241 idem
2469 4184 2618 4238 locus
2660 4182 2728 4237 ab
2778 4178 2926 4234 omni
2963 4175 3306 4245 prreseiitium
3355 4182 3414 4226 et

1826 4282 2127 4336 futurorum
2151 4319 2167 4343 ,
2217 4287 2324 4331 tam
2367 4272 2679 4345 pontiﬁcum
2720 4284 2881 4339 quant
2914 4280 3128 4336 regunt,
3158 4277 3251 4318 seu
3306 4262 3412 4315 im-

1825 4373 2095 4445 peratoris
2153 4371 2292 4426 liber
2328 4367 2603 4422 dominatu
2638 4406 2651 4431 ,
2696 4362 2869 4417 laetius
2929 4370 3034 4413 tam
3078 4371 3175 4425 pro
3228 4362 3417 4409 nostra

1753 4480 1799 4537 ο
1826 4484 1988 4538 quant
2019 4481 2117 4537 pro
2161 4464 2374 4519 illorum
2401 4460 2575 4515 Salute
2624 4465 2861 4512 vacaret.
2896 4451 3094 4506 Verum
3126 4449 3251 4518 quia
3306 4446 3416 4516 ple-

1829 4576 2058 4629 rmnque
2083 4557 2277 4612 accidit
2308 4568 2492 4609 servos
2525 4549 2618 4605 Dei
2652 4558 2745 4603 aut
2777 4545 3106 4617 perﬁdorum
3141 4539 3419 4595 violentiis

1828 4650 2083 4720 Opprimi,
2116 4646 2330 4716 injuriis
2372 4661 2465 4699 seu
2493 4642 2706 4699 damnis
2735 4637 2985 4707 fatigari,
3015 4643 3174 4690 cauto
3217 4630 3416 4685 delibe-

1831 4742 2056 4799 rationis
2086 4738 2452 4795 moderamine
2492 4734 2922 4795 constituerunt,
2972 4737 3031 4781 ut
3075 4721 3420 4781 Coloniensis

1830 4834 2264 4905 archiepiscopus
2320 4831 2388 4884 de
2438 4827 2661 4882 consilio
2721 4839 2786 4878 ac
2839 4821 3115 4876 voluntate
3171 4813 3412 4874 abbatis.

1830 4932 1988 4985 dicta:
2007 4927 2249 4983 ecclesia:
2270 4925 2589 4979 advocatum
2612 4917 2900 4989 praeficiat,
2926 4911 3215 4969 dummodo
3247 4908 3417 4963 abbas

1832 5024 2080 5076 idoneum
2106 5019 2264 5083 velit;
2284 5026 2402 5086 post
2432 5030 2589 5083 quem
2615 5013 2703 5081 qui
2738 5007 3006 5065 secundus
3037 5005 3232 5060 dicitur
3258 5003 3416 5055 advo-

1831 5124 1984 5170 catus
2011 5112 2155 5167 nullo
2188 5110 2345 5164 modo
2365 5110 2703 5177 subrogctur.
2742 5104 2815 5159 De
2842 5100 3068 5157 servitio
3090 5098 3250 5153 etiam
3272 5095 3414 5164 quod

1832 5204 2191 5258 exhibendum
2226 5200 2330 5254 erit
2373 5198 2674 5266 hujusmodi
2716 5196 2978 5250 advocato
3018 5191 3098 5245 sic
3125 5187 3415 5266 ordinave-

1834 5304 1976 5356 runt,
2008 5293 2214 5348 scilicet
2238 5298 2295 5344 ut
2317 5260 2487 5344 tribus
2516 5287 2641 5341 anni
2679 5283 3032 5353 temporibus,
3062 5278 3257 5348 quibus
3282 5260 3415 5342 tegi;

1835 5387 1961 5438 tima
1990 5383 2183 5451 placita
2212 5377 2543 5433 observanda
2568 5386 2758 5440 erunt,
2803 5389 2924 5427 cum
2957 5386 3024 5424 xx
3068 5368 3223 5438 equis
3251 5365 3415 5419 advo-

1834 5488 1985 5531 catus
2022 5476 2074 5529 in
2116 5474 2290 5528 locum
2334 5472 2534 5533 veniat,
2578 5477 2636 5523 et
2671 5468 2846 5538 prima
2876 5473 3034 5520 nocte
3068 5477 3174 5533 qua
3207 5459 3415 5513 venerit

1835 5568 2188 5638 scquentique
2212 5566 2294 5620 die
2315 5560 2591 5619 servitium
2628 5563 2676 5618 ei
2711 5562 2877 5617 abbas
2906 5559 3136 5619 tribuat,
3167 5564 3223 5607 ut
3254 5550 3414 5606 elutis

1836 5658 2099 5721 sufficiat;
2134 5655 2327 5710 dehinc
2370 5668 2526 5708 mane
2573 5654 2775 5709 scilicet
2806 5651 2963 5706 tertia
3003 5649 3086 5704 die
3126 5642 3411 5715 prandium

1827 5747 2172 5824 solummodo
2206 5744 2432 5813 accipiat
2452 5754 2503 5800 ct
2534 5745 2765 5801 recedat.
2794 5742 2913 5813 ipsc
2939 5752 3150 5809 quoque
3181 5739 3407 5787 advocas
