3838 6322
414 340 557 399 1115

1739 346 2003 404 NONUM.
2040 348 2311 404 Dli‘LOM.

3570 362 3698 415 1116

416 464 502 510 tus
522 463 740 516 caveat,
777 467 845 508 ne
870 468 1030 523 super
1071 462 1334 509 statutum
1362 457 1462 512 sibi
1487 459 1769 512 servitium
1814 476 2004 529 ευμεν·
2035 468 2076 521 Α
2109 461 2318 515 scilicet
2361 469 2558 516 comite
2597 464 2666 518 de
2704 463 3056 534 Strumburg,
3089 478 3145 522 et
3175 468 3576 540 Dragebodone
3606 483 3692 531 mi-

415 547 580 602 ﬁuum
613 547 814 618 aliquid
835 547 1017 618 exigat
1047 548 1128 602 vel
1156 551 1416 619 requirat.
1459 554 1515 608 Si
1550 569 1677 608 vero
1705 555 1889 624 plures
1915 571 2002 608 se-

414 655 538 694 cum
567 638 874 702 adduxerit,
906 640 958 693 in
990 640 1203 696 abbatis
1235 643 1340 697 erit
1380 644 1608 700 arbitrio
1643 646 1772 716 ipsis
1799 646 1999 716 aliquid

415 739 508 783 aut
529 729 660 784 nihil
685 731 832 784 dare.
860 731 1086 787 Familia
1114 749 1329 804 qquue
1351 734 1590 804 ejusdem
1627 738 1878 793 Ecclesiae
1905 739 1999 793 ob-

411 828 592 872 servet
615 818 872 887 placitum
903 822 1150 877 advocati
1184 826 1356 879 tribus
1385 826 1512 879 anni
1547 828 1912 896 temporibus,
1946 837 2001 883 et

415 923 521 963 non
562 911 814 979 aliiplius.
857 912 1079 979 Quoties
1119 931 1249 970 vero
1274 916 1442 972 abbas
1492 918 1576 972 vel
1622 935 1752 974 suus
1787 921 1998 976 villicus

411 999 551 1068 apud
580 997 896 1070 Brunwilre,
927 1007 1011 1059 vel
1042 1007 1280 1076 quolibet
1319 1010 1370 1062 in
1409 1009 1526 1066 loco
1569 1011 1704 1066 inira
1739 1014 1998 1070 terminos

410 1085 642 1144 abbatize
673 1090 928 1161 placitum
966 1095 1168 1152 habere
1215 1097 1473 1168 vcluerit,
1516 1103 1658 1170 quod
1704 1101 1997 1173 vulgat-iter

411 1179 623 1251 Buding
646 1183 880 1249 dicitur;
908 1185 959 1239 id
984 1202 1093 1241 suae
1118 1189 1188 1243 sit
1210 1192 1514 1259 potestatis,
1549 1193 1789 1263 nihilque
1821 1196 1872 1249 in
1902 1196 1994 1250 tali

411 1269 608 1339 placito
630 1273 924 1329 advocatus
947 1277 1211 1346 requirat,
1235 1289 1328 1334 aut
1354 1281 1454 1336 sibi
1487 1283 1764 1339 vindicare
1798 1301 1998 1353 praesu-

413 1371 544 1416 mat.
595 1362 764 1432 llujus
805 1365 968 1435 igitur
1006 1370 1405 1426 constitutionis
1454 1373 1738 1442 paginam,
1774 1391 1893 1444 qua:
1928 1377 1993 1430 ad

411 1457 722 1511 instantiam
779 1475 936 1528 supra
990 1465 1269 1517 memorati
1335 1465 1674 1522 Coloniensis
1728 1469 1997 1538 archiepi-

412 1545 584 1614 scopi,
616 1555 670 1600 et
699 1562 809 1602 sua:
848 1553 1052 1608 sororis
1094 1554 1322 1609 dominae
1365 1555 1616 1612 Richezae
1663 1561 1893 1629 reginae,
1940 1561 1996 1614 iu

412 1638 1032 1711 nostra-primorumque
1064 1645 1214 1712 regni
1248 1648 1554 1715 prmsentia,
1581 1648 1726 1716 justc
1753 1659 1809 1704 et
1834 1651 1998 1706 ratio-

411 1728 666 1785 nabiliter
691 1733 938 1788 ordinata
967 1746 1079 1802 est,
1115 1745 1172 1791 ut
1205 1747 1319 1792 rata
1344 1748 1399 1793 et
1430 1740 1741 1797 inconvulsa
1783 1743 1833 1798 in
1867 1759 1994 1812 per-

2106 553 2277 606 nistro
2305 561 2509 616 nostro,
2533 563 2584 608 et
2611 553 2733 610 aliis
2760 558 2962 613 nuntiis
2995 561 3222 625 nostris,
3256 571 3314 616 et
3344 579 3535 619 cora
3570 585 3692 637 prro

2104 644 2241 696 senti
2269 644 2464 698 abbate
2491 644 2851 713 Theoderico,
2894 660 2951 703 et
2995 652 3200 705 comite
3231 653 3555 710 Giselberto
3579 669 3690 713 tunc

2105 737 2360 803 temporis
2389 739 2674 804 advocato,
2709 741 2943 810 majores
2983 751 3039 796 et
3068 745 3420 813 antiquiores
3454 749 3524 802 de
3550 748 3700 803 fami-

2102 827 2170 880 lltt
2201 826 2388 882 Sancti
2431 829 2710 885 Maximini
2749 844 3209 902 convocarentur,
3249 848 3308 893 et
3354 853 3700 896 sacramento

2101 921 2378 975 constricti
2420 922 2828 988 conﬁrmarent,
2865 926 3068 994 quibus
3095 928 3314 999 legibus
3361 935 3698 1002 temporibus

2101 1012 2337 1067 lleinrici
2367 1013 2519 1069 ducis
2545 1016 2776 1071 senioris
2802 1028 2858 1071 et
2887 1017 3123 1075 lleinrici
3152 1021 3316 1078 ducis
3340 1023 3587 1091 junioris
3625 1026 3695 1079 fa-

2101 1103 2247 1157 milia
2274 1103 2363 1157 illa
2392 1106 2722 1176 subjaccret,
2770 1107 3006 1177 qualiter
3043 1110 3243 1180 placita
3281 1123 3341 1168 et
3357 1114 3572 1182 judicia
3613 1116 3694 1171 5e-

2101 1195 2244 1258 rent,
2263 1203 2320 1247 ut
2344 1194 2447 1264 ipsi
2477 1205 2532 1250 et
2550 1197 2768 1266 posteri
2797 1213 2991 1252 eorum
3027 1201 3219 1255 eodem
3238 1202 3371 1270 jure
3398 1204 3694 1274 eademque

2099 1284 2213 1354 lege
2234 1286 2432 1340 eximie
2461 1287 2895 1357 pet-fruerentur.
2925 1291 3094 1346 Electi
3121 1301 3246 1346 sunt
3269 1309 3412 1364 ergo
3442 1296 3538 1364 qui
3571 1297 3694 1350 hanc

2098 1378 2272 1448 legem
2301 1389 2357 1433 et
2380 1380 2652 1450 justitiam
2681 1381 2930 1437 facerent
2956 1383 3102 1438 inter
3143 1386 3416 1441 abbatem
3462 1398 3521 1441 et
3549 1390 3697 1443 advo-

2099 1480 2320 1536 catum,
2362 1472 2661 1526 Secundum
2700 1466 2848 1544 jura'
2876 1475 3119 1544 priorum
3169 1487 3224 1532 et
3275 1487 3692 1534 antecessoru

2100 1577 2343 1627 suorum,
2369 1579 2534 1633 super
2563 1564 2826 1635 reliquias
2853 1576 3170 1622 sanctorum
3197 1569 3623 1634 conﬁrmarent,
3649 1583 3694 1625 et

2099 1663 2288 1723 postea
2319 1653 2530 1710 Treviri
2561 1657 2614 1711 in
2645 1659 2931 1726 praesentia
2981 1660 3370 1729 episcoporum
3440 1662 3692 1717 Eberardi

2036 1793 2071 1821 ἢ
2101 1745 2461 1814 Trevirensis,
2491 1747 2763 1804 Liutbaldi
2794 1750 3252 1821 Moguntiacensis
3272 1794 3290 1818 ,
3339 1753 3696 1811 Adalhernnis

411 1828 629 1887 petnmn
667 1835 1012 1892 permaneat,
1046 1843 1208 1882 manu
1249 1830 1487 1899 propria,
1538 1842 1594 1885 ut
1633 1833 1822 1888 subtus
1852 1806 1995 1890 vidc-
2029 1806 2074 1860 Β
2100 1838 2417 1906 Mettensis,
2475 1849 2530 1894 et
2575 1841 2858 1897 Deoderici
2912 1843 3275 1900 Virdunensis
3327 1847 3602 1916 episcopi,
3645 1861 3690 1900 et

413 1920 523 1978 tur,
553 1916 991 1984 corroborantes,
1020 1921 1189 1974 nostri
1231 1921 1392 1990 sigilli
1436 1922 1790 1992 impressione
1831 1927 1996 1997 jussi-

411 2020 532 2060 mus
566 2006 807 2078 insigniri
851 2028 864 2064 :
898 2025 1062 2080 quam
1099 2013 1144 2067 Si
1196 2014 1317 2083 quis
1350 2015 1646 2088 infringere
1679 2021 1993 2084 tentaverit,

411 2097 504 2151 Dei
540 2101 926 2171 omnipotentis
963 2107 1243 2175 sanctique
1284 2107 1430 2162 Petri
1473 2118 1528 2164 ct
1573 2111 1812 2164 omnium
1867 2127 1994 2166 san-

409 2196 620 2244 ctorum
649 2192 890 2250 incurrat
916 2197 1050 2252 iram
1074 2241 1088 2266 ,
1131 2209 1186 2253 et
1217 2210 1270 2254 ut
1304 2201 1532 2257 violator
1564 2213 1763 2258 nostrae
1792 2204 1994 2260 consti-

410 2277 634 2333 tutionis
666 2283 852 2350 perdat
879 2286 1216 2342 advocatiam
1264 2289 1442 2355 illam,
1483 2293 1729 2361 sciatque
1757 2310 1814 2348 se
1846 2310 1995 2348 com-

301 2367 315 2380 '
409 2367 724 2436 positurum
755 2377 870 2428 auri
904 2379 1175 2447 purissimi
1211 2381 1376 2437 libras
1408 2393 1646 2449 centum,
1677 2395 1875 2440 nostrae
1904 2402 1994 2441 ca-

409 2474 572 2514 mera:
601 2465 970 2536 medietatem,
1009 2471 1417 2543 arChiepiscopo
1461 2474 1689 2530 alteram
1730 2479 1984 2532 medieta-

409 2557 538 2604 tem.

482 2639 723 2712 Signum,
757 2656 886 2714 etc.,
915 2659 969 2702 ut
1001 2667 1180 2721 supra.

1105 2761 1291 2822 XXIII.

409 2843 653 2925 Diploma
696 2851 932 2908 lleinrici
957 2854 1051 2910 HI
1082 2874 1175 2925 pro
1201 2857 1259 2913 S.
1294 2859 1603 2916 Maximino.
1635 2893 1705 2903 —-
1734 2864 1994 2920 Adversus

459 2921 761 2987 advocatos,
790 2940 1009 2994 quorum
1030 2921 1147 2997 juri
1175 2939 1221 2982 et
1251 2930 1534 2999 privilegiis
1557 2933 1748 2988 limites
1770 2937 1935 3003 ponit.
1971 2987 1975 2992 .

407 3007 716 3080 [Maurum
745 3014 920 3086 Ampi.
958 3017 1171 3074 Collect.
1214 3019 1290 3086 ll,
1317 3021 1456 3088 452,
1487 3035 1556 3077 ex
1587 3040 1688 3080 ms.
1725 3024 1787 3080 S.
1824 3026 1992 3081 Maxi-

1106 3111 1255 3166 mini.
1267 3111 1284 3183 j
1339 3113 1341 3115 ·

475 3192 531 3246 in
563 3195 781 3251 nomine
811 3207 1012 3254 sanctm
1056 3211 1110 3256 et
1143 3201 1449 3259 individua:
1488 3204 1786 3264 Trinitatis.
1820 3208 1982 3263 Πειδ-

403 3297 580 3346 mcus,
609 3285 788 3340 divina
822 3287 1034 3345 favente
1068 3290 1378 3360 clementia,
1411 3296 1776 3354 Romanorum
1818 3300 1984 3370 impe-

402 3364 554 3430 ratOr
581 3377 874 3448 Augustus.
1195 3385 1197 3387 ’
1481 3388 1485 3391 ’
1555 3388 1560 3392 ’
1593 3408 1615 3446 1

472 3466 530 3520 Si
565 3469 814 3526 ecclesiis
849 3473 933 3528 vel
961 3475 1224 3532 coenobiis
1251 3477 1436 3534 divino
1469 3480 1633 3536 cultui
1662 3483 1984 3554 mancipatis

401 3555 629 3638 alicujus
657 3563 942 3632 patrocinii
975 3565 1056 3621 vel
1088 3562 1416 3626 defensionis
1441 3571 1693 3627 solatium
1720 3573 1983 3632 adversus
2031 3583 2034 3586 ’

403 3649 744 3706 insolentiam
772 3655 1099 3723 perﬁdorum
1130 3659 1547 3728 prwbuerimus,
1583 3663 1848 3720 divinitus
1887 3682 1985 3722 nos

402 3742 742 3796 remunerari
769 3747 956 3812 procul
983 3747 1146 3802 dubio
1174 3749 1464 3807 credimus.
1499 3753 1840 3823 Quapropter
1868 3770 1985 3809 om-

401 3831 552 3884 nium
577 3843 780 3887 sancta:
810 3835 901 3890 Dei
931 3837 1190 3893 Ecclesiae
1213 3841 1475 3909 ﬁdelium,
1505 3854 1611 3899 tam
1635 3847 1981 3916 praesentium

400 3937 563 3990 quam
608 3922 910 3980 futurorum
955 3932 1254 3999 (emperiat
1282 3933 1578 4002 sagacitas,
1613 3938 1848 4006 qualiter
1885 3954 1984 3994 nos

398 4015 470 4070 ob
502 4017 796 4072 remedium
826 4021 1016 4076 anima:
1044 4033 1244 4079 nostra:
1264 4036 1316 4080 et
1345 4031 1743 4097 progenitorum
1772 4044 1984 4089 nostro-

401 4122 542 4171 rum,
568 4108 874 4166 iutcrventu
903 4113 1065 4169 etiam
1095 4117 1431 4172 charissima:
1452 4124 1765 4178 contectalis
1791 4137 1983 4182 nostra:

398 4196 624 4268 Agnetis
653 4200 1290 4276 impcratricisaugustze,
1316 4211 1601 4280 nostrique
1629 4212 1721 4266 ﬁlii
1748 4215 1982 4272 dilectis-

399 4291 523 4346 simi
561 4292 795 4349 lleinrici
828 4295 893 4349 IV
927 4299 1042 4369 (15)
1075 4301 1238 4371 regis,
1265 4303 1511 4359 crebram
1540 4317 1595 4362 et
1621 4308 1980 4379 importunam

397 4383 795 4449 querimoniam
808 4380 1126 4448 TheoderiCi
1143 4395 1358 4451 abbatis
1373 4398 1604 4454 ccenobii
1625 4398 1682 4454 S.
1701 4399 1978 4458 Maximini

399 4475 630 4546 benigne
664 4481 1021 4551 suscepimus,
1047 4495 1102 4540 et
1133 4501 1318 4542 coram
1348 4489 1595 4548 ﬁdelibus
1631 4495 1830 4550 nostris
1856 4496 1978 4551 dili-

397 4575 591 4636 genter
612 4569 985 4641 discussimus,
1013 4577 1080 4632 de
1101 4580 1514 4642 multisscilicet
1531 4586 1973 4655 oppressionibus

396 4673 535 4728 quas
562 4659 765 4716 familia
797 4664 852 4719 S.
881 4666 1498 4742 Maximinipatiebatur
1525 4690 1555 4728 a
1587 4678 1876 4732 comitibus
1920 4689 1975 4733 et

402 4750 706 4819 advocatis,
737 4756 871 4812 adeo
893 4759 1054 4814 etiam
1082 4772 1141 4816 ut
1163 4764 1438 4819 videretur
1459 4766 1711 4822 destituta
1737 4771 1974 4840 antiquis

398 4841 626 4912 legibus,
664 4855 719 4901 et
752 4863 861 4903 non
903 4853 1055 4920 quasi
1102 4855 1300 4925 regalis
1340 4857 1570 4914 abbatia:
1615 4859 1838 4922 familia,
1882 4866 1975 4920 sed

397 4941 456 4987 ut
486 4936 701 5004 propria
727 4938 1110 4998 advocatorum
1146 4945 1342 5000 ancilla
1387 4958 1529 5003 esset
1569 4951 1621 5004 in
1658 4954 1973 5010 servitutem

401 5027 524 5080 reda
532 5037 636 5083 cta.

475 5123 624 5178 Unde
669 5136 977 5182 nostrorum
1015 5131 1240 5188 consilio
1282 5134 1579 5190 amicorum
1619 5139 1977 5206 praecipiendo

399 5215 764 5286 decrevimus,
834 5229 890 5275 et
946 5237 1130 5278 coram
1210 5225 1402 5296 legatis
1469 5231 1669 5285 nostris
1735 5231 1974 5288 Bertolto

472 5408 778 5497 (l3).An.no
812 5415 948 5471 1054
971 5419 1258 5497 Henricus,
1293 5423 1507 5480 Henrici
1539 5425 1602 5480 Ill
1634 5427 1979 5497 imperatoris

401 5481 564 5565 ﬁlius,
581 5482 1017 5565 Aquisinnregem
1038 5481 1406 5549 liornanorum
1437 5497 1688 5553 intinctus
1712 5481 1822 5565 est,
1845 5481 1978 5555 teste

399 5553 686 5621 Sigeberto
722 5556 774 5609 in
811 5553 1014 5613 Chron.

473 5623 588 5696 (14)
626 5623 921 5683 Hunnones
950 5641 1102 5686 erant
1135 5634 1404 5704 quoddam
1443 5639 1855 5708 magistratuum
1885 5658 1973 5714 ge-

399 5711 522 5747 DNS.

474 5765 588 5838 (l5)
631 5767 990 5825 Scaramanni
1046 5783 1199 5829 erant
1247 5777 1544 5835 servientes
1593 5797 1686 5836 seu
1743 5784 1975 5840 ministri

2098 1929 2326 1984 aliorum
2392 1931 2696 2001 principum
2767 1940 3079 1988 nostrorum
3137 1933 3297 2002 juxta
3373 1937 3692 2006 petitionem

2096 2021 2338 2089 praedicti
2386 2023 2603 2077 abbatis
2649 2032 2995 2079 sacramento
3038 2028 3510 2083 corroborarent.
3563 2030 3694 2084 Coa-

2097 2109 2370 2164 ﬁrmatum
2407 2111 2592 2180 itaque
2621 2121 2707 2167 est
2732 2127 2922 2168 eorum
2960 2126 3338 2185 sacramento,
3374 2120 3514 2187 quia
3540 2122 3690 2177 advo-

2095 2212 2249 2258 catus
2303 2203 2520 2260 i'amiliae
2568 2206 2746 2271 illius,
2801 2207 2908 2262 nisi
2947 2216 3030 2262 ter
3081 2210 3135 2263 in
3181 2225 3334 2265 anno
3384 2213 3442 2266 in
3490 2214 3688 2270 abbatia

2095 2293 2362 2363 placitare
2400 2309 2508 2349 non
2547 2293 2761 2349 debeat.
2793 2294 3066 2367 Quidquid
3102 2308 3290 2354 autem
3327 2301 3443 2359 illis
3494 2303 3692 2372 placitis

2095 2386 2328 2457 quisque
2356 2401 2481 2440 reus
2503 2385 2854 2452 vaticaverit,
2889 2387 3114 2443 arbitrio
3142 2390 3369 2444 abbatis
3400 2402 3459 2446 et
3483 2409 3687 2448 suorum

2093 2474 2506 2544 praepositorum
2549 2483 2605 2528 et
2658 2475 2961 2532 villicorum
3015 2479 3325 2534 secundum
3373 2483 3597 2552 culpam
3643 2495 3687 2540 et

2094 2579 2253 2634 posse
2293 2564 2717 2636 uniuscujusque
2760 2566 2998 2622 hominis
3035 2568 3215 2633 cedat,
3254 2579 3318 2624 et
3344 2572 3477 2627 dua:
3523 2586 3688 2636 partes

2094 2655 2296 2722 abbati,
2333 2656 2490 2710 tertia
2547 2657 2814 2712 advocato
2861 2658 3038 2712 cedat.
3093 2659 3162 2713 Et
3209 2660 3258 2714 si
3310 2661 3522 2732 aliquis
3565 2665 3688 2719 forte

2091 2746 2305 2816 culpam
2330 2745 2459 2800 furti
2487 2745 2569 2801 vel
2597 2745 2885 2802 seditionis
2915 2747 3204 2815 inciderit,
3235 2761 3295 2805 et
3323 2751 3502 2807 abbas
3526 2754 3595 2807 ob
3619 2770 3688 2807 re-

2091 2838 2378 2892 bellionem
2419 2839 2742 2905 temeritatis
2767 2839 3097 2895 advocatum
3128 2845 3479 2909 accerserit,
3516 2864 3583 2901 ex
3609 2861 3686 2900 eo-

2092 2928 2214 2983 dem
2243 2929 2405 2984 vadio
2431 2928 2612 2984 abbati
2651 2930 2772 2984 dua:
2811 2939 3017 3000 partes,
3051 2930 3327 2988 advocato
3367 2937 3538 2990 tertia
3573 2953 3688 3006 pro-

2090 3017 2313 3072 veniat:
2347 3019 2421 3072 ita
2453 3027 2629 3072 tamen
2671 3018 2719 3072 si
2761 3019 3060 3084 advocatus
3091 3036 3122 3074 a
3171 3023 3328 3092 regia
3361 3040 3534 3078 manu
3563 3026 3688 3079 ban-

2093 3125 2221 3164 num
2256 3111 2514 3180 suscepit,
2564 3110 2726 3166 aliter
2773 3111 2828 3165 in
2859 3113 3079 3167 abbatia
3110 3113 3383 3182 placitare
3409 3132 3523 3171 non
3561 3133 3689 3186 prae-

2090 3209 2287 3255 sumat.
2347 3200 2661 3258 Servientes
2719 3217 2849 3258 vero
2898 3204 2991 3272 qui
3047 3206 3426 3274 przebendarii
3493 3219 3549 3262 et
3605 3210 3687 3278 qni

2087 3291 2348 3348 fratribus
2403 3294 2543 3348 infra
2593 3295 2894 3354 claustrum
2945 3299 3218 3363 serviunt,
3274 3301 3365 3354 vel
3417 3303 3514 3370 qui
3565 3302 3687 3356 foris

2087 3381 2155 3438 ad
2200 3393 2386 3439 curtes
2425 3385 2728 3456 dagescalci
2775 3387 3062 3453 dicuntur,
3104 3389 3239 3458 nulli
3285 3391 3561 3447 advocato
3603 3411 3686 3447 ne-

2085 3486 2192 3541 que
2222 3472 2334 3544 (14)
2381 3473 2645 3529 Ιιυηηοιιί··
2677 3474 3018 3544 subjaceant,
3081 3479 3177 3552 sed
3235 3489 3462 3535 tantum
3515 3483 3686 3536 abbati

2085 3575 2310 3632 ejusque
2331 3567 2638 3634 prtepositis
2658 3567 3076 3640 quibuscunque
3092 3569 3270 3640 culpis
3294 3575 3681 3642 respondeant.

2084 3653 2543 3735 Advocatus'qui
2600 3658 2860 3728 bannum~
2902 3675 2934 3714 a
2995 3662 3145 3730 regia
3196 3679 3367 3718 manu
3427 3666 3682 3735 suscepit,

2085 3745 2332 3813 proxima
2374 3729 2460 3800 die
2489 3731 2612 3816 post
2642 3747 2840 3803 festum
2880 3748 2940 3803 S.
2976 3749 3254 3825 Maaimiui
3291 3769 3467 3823 super
3495 3729 3680 3824 pridi:

2077 3844 2140 3904 et
2175 3838 2442 3908 mancipia
2479 3853 2668 3894 eorum
2715 3841 2806 3911 qui
2847 3840 2964 3912 (15)
3009 3847 3364 3899 scaramanni
3413 3847 3682 3912 dicuntm,

2087 3926 2176 3981 illa
2211 3927 2324 3983 sola
2355 3929 2464 3994 die,
2497 3929 2545 3986 si
2588 3929 2881 3999 jejunium,
2927 3934 3015 3989 vel
3063 3934 3286 3992 celebre
3327 3937 3564 4004 festum,
3598 3949 3680 3993 aut

2085 4018 2400 4075 Dominicus
2438 4018 2555 4077 dies
2605 4021 2712 4076 non
2755 4021 2942 4089 fuerit,
2998 4025 3320 4095 placitabit;
3380 4029 3473 4082 sin
3511 4040 3678 4083 autem

2076 4109 2317 4180 jejunus,
2352 4111 2527 4180 prima
2557 4122 2806 4180 sonante,
2840 4115 3104 4185 placitum
3148 4117 3406 4183 intrabit,
3435 4131 3493 4174 et
3520 4136 3678 4190 usque

2072 4203 2147 4277 ad
2181 4202 2370 4258 horam
2407 4220 2606 4259 nonam
2639 4205 2768 4262 illud
2809 4209 3032 4271 tenebit,
3082 4222 3270 4280 postea
3309 4226 3447 4268 vero
3482 4215 3674 4267 nullum

2081 4295 2282 4352 diutius
2317 4297 2391 4352 ibi
2427 4306 2573 4352 stare
2600 4314 2793 4370 cogere
2835 4303 3070 4372 poterit;
3104 4316 3156 4357 et
3181 4304 3452 4374 quidquid
3493 4307 3568 4360 ibi
3595 4322 3677 4360 ac-

2080 4387 2348 4457 quisieril,
2375 4387 2492 4442 dua:
2518 4397 2703 4458 partes
2730 4390 2962 4458 abbatis,
2983 4396 3142 4449 tertia
3170 4395 3292 4464 ejus
3319 4397 3432 4450 erit
3455 4397 3676 4451 nullam-

2080 4492 2186 4545 que
2235 4477 2402 4530 alium
2450 4485 2574 4547 post
2625 4493 2684 4534 se
2729 4495 2932 4551 ponere
2981 4494 3276 4552 prmsumet
3327 4487 3424 4555 qui
3460 4498 3675 4542 vocetur

2079 4569 2517 4637 postadvocatus.
2547 4568 2750 4625 Eadem
2789 4586 2920 4626 vero
2950 4573 3037 4628 die
3072 4574 3242 4628 abbas
3271 4574 3368 4645 ipsi
3403 4577 3676 4631 advocate

2066 4633 2356 4717 servitium
2404 4659 2559 4715 dabit
2603 4663 2739 4719 duos
2791 4665 3004 4719 modios
3051 4667 3210 4736 panis
3254 4633 3394 4737 (l6),
3458 4668 3673 4724 frizkin-

2063 4743 2173 4826 gas
2201 4773 2252 4811 IV
2280 4767 2340 4813 et
2364 4774 2528 4814 unam
2559 4773 2736 4811 amam
2765 4757 2898 4810 viui.
2937 4755 2996 4811 Si
3025 4759 3273 4814 ecclesiae
3302 4760 3473 4815 homo
3507 4763 3672 4816 inter-

2077 4850 2253 4906 fectus
2291 4851 2469 4918 fuerit,
2503 4861 2556 4906 et
2588 4851 2754 4923 abbas
2782 4860 2876 4904 aut
2911 4850 3134 4907 .rillicus
3158 4853 3276 4923 ejus
3305 4854 3374 4908 ab
3404 4854 3668 4908 homicida

2079 4941 2415 5012 wiregildum
2441 4922 2663 5011 exigere
2691 4941 2914 5010 poterit,
2939 4949 3108 4997 totum
3134 4922 3216 4997 sui
3236 4943 3377 5014 juris
3404 4946 3550 4998 erit:
3580 4945 3659 4998 sin

2081 5040 2260 5086 autem
2315 5033 2635 5087 advocatum
2687 5046 2910 5087 necesse
2966 5030 3133 5088 fuerit
3187 5035 3662 5099 accersirc,tertia

2079 5139 2210 5195 pars
2246 5125 2402 5180 cedet
2439 5126 2488 5180 ei
2536 5125 2882 5196 potestativa.
2927 5125 3033 5179 Per
3081 5127 3358 5182 abbatiam
3408 5128 3663 5197 placitam

2082 5218 2315 5287 hospitia
2348 5216 2428 5273 vel
2458 5217 2682 5273 servitia
2711 5233 2740 5271 a
2773 5217 2994 5272 rusticis
3031 5218 3275 5288 exigere,
3316 5219 3658 5289 petitionibus

2196 5457 2339 5494 cum.
2750 5466 2757 5476 ⁴

2075 5441 2767 5590 Jl'lllibgnlltzrisltingamseu
2801 5510 3118 5590 frisciugam
3151 5511 3242 5590 alii
3275 5511 3536 5590 vituluma
3565 5509 3652 5590 alii

2081 5583 2597 5659 porcumadultum,
2629 5583 2718 5659 alii
2746 5581 3043 5653 porcellum
3074 5598 3169 5637 seu
3200 5581 3367 5659 fetum
3399 5583 3536 5649 porci
3565 5589 3653 5659 agt

2081 5651 2217 5716 ovis,
2252 5653 2340 5706 alii
2381 5669 2607 5724 pernam
2640 5651 3098 5723 intc'rpretantm';
3129 5669 3234 5724 qua
3281 5655 3346 5708 de
3383 5666 3502 5706 tore
3539 5651 3650 5702 \id!

2081 5725 2359 5794 Cangium.
