3838 6322
76 393 200 454 ΗΠ

1417 373 1762 433 "mineus
1791 344 1852 427 ut
1893 372 2026 427 IMP.

3202 356 3334 411 {IIS

73 524 317 586 gravare,
355 516 413 562 et
451 519 643 575 pecora
676 517 861 557 eorum
909 509 1001 554 aut
1041 497 1332 571 palel'ridos
1377 494 1565 550 tollere
1598 501 1652 546 et
1681 490 1727 546 Α
1759 489 1956 541 tionem
1990 487 2053 540 de
2088 483 2271 537 Rocca
2296 480 2361 546 de
2412 478 2561 541 Cori,
2595 490 2716 532 cum
2744 473 2857 532 suis
2896 471 3255 544 pertinentiis,
3278 479 3334 525 et

2036 578 2045 586 .
2483 585 2486 586 ,
2809 566 3081 586 “LM”-
3132 566 3192 586 λ,
3247 579 3299 586 λη

76 602 307 658 redditus
339 600 409 653 ab
434 596 587 665 iipsis
628 604 974 662 extorquere,
1022 601 1129 644 tam
1162 588 1452 644 comitibus
1485 600 1646 655 quam

74 692 345 749 advocatis
393 686 718 745 omnimodis
746 684 1014 753 imperiali
1065 680 1393 736 auctoritate
1428 676 1652 732 interdi-

76 791 257 844 cimus.
303 786 367 839 Et
418 791 474 837 ut
518 788 716 835 nostra:
759 775 1140 847 praeceptionis
1178 774 1248 828 de
1284 772 1369 827 his
1400 769 1652 826 omnibus

78 886 221 939 ﬁrma
249 886 498 934 servetur
536 871 856 932 auctoritas,
906 883 1068 923 manu
1113 865 1329 936 propria
1373 862 1653 935 sublerﬁr-

78 974 335 1029 movimus
365 976 422 1022 et
463 964 624 1035 sigilli
652 962 824 1017 nostri
868 959 1223 1029 impressione
1267 953 1513 1025 insigniri
1538 932 1655 1021 jus-

79 1071 253 1122 simus.

145 1158 363 1225 Signum
391 1150 569 1206 domui
604 1146 857 1213 lleiurici;
888 1144 1403 1215 tertiinomanorum
1434 1141 1658 1210 impera-

80 1252 197 1304 toris
234 1246 481 1315 Augusti.
1644 1202 1670 1255 ί

144 1339 495 1396 Gebebardns
542 1337 658 1408 (l7)
708 1335 995 1405 episcopus
1042 1341 1097 1386 et
1144 1327 1499 1385 ca‘nccllarins
1544 1339 1661 1378 vtce

82 1433 382 1487 Wezclonis
433 1428 830 1500 archiepiscopi
880 1437 934 1482 et
982 1420 1453 1480 archicancellarii
1510 1434 1661 1472 reco—

85 1541 254 1595 guevn.

784 1609 974 1665 XXIV.

92 1728 322 1783 lleiurici
352 1727 451 1782 111
480 1727 637 1794 regis,
690 1734 736 1779 et
781 1723 837 1777 11
889 1718 1239 1794 imperatoris,
1267 1715 1525 1794 diploma,
1562 1728 1665 1780 quo

157 1799 346 1852 clerum
408 1785 867 1851 V'olaiei'ranutttrt
903 1785 1025 1862 jure
1073 1790 1317 1862 condiunt
1370 1785 1665 1862 eximit...“

162 1869 403 1921 Ecclesia:
454 1866 810 1919 Volaterrana:
838 1852 1014 1917 oninia
1042 1860 1185 1913 illius
1205 1859 1333 1927 jura
1358 1874 1419 1909 ac
1451 1852 1666 1925 privile-

162 1941 235 1989 oia
262 1938 563 1989 conﬁrmat.
1128 1968 1133 1969 ν

156 1947 235 2010 gia
262 1947 563 1992 conﬁrmat.

690 2026 867 2096 (Anno
890 2022 1074 2093 lose.)

368 2120 708 2192 [Munnonn
739 2117 911 2185 Antiq.
942 2111 1094 2177 Ital.,
1121 2111 1211 2172 lll,
1240 2107 1388 2179 641.]

161 2216 215 2271 In
241 2217 457 2269 nomine
487 2219 687 2269 sanctae
714 2218 768 2263 et
798 2205 1086 2261 individua:
1124 2202 1425 2257 Trinitatis.
1461 2199 1677 2254 ﬂamm-

101 2326 206 2371 cus,
232 2308 430 2361 divina:
456 2302 672 2375 pietatis
709 2297 1057 2354 ordinatione
1099 2294 1369 2349 secundus
1406 2292 1676 2346 Ronnano—

106 2416 210 2456 rnm
236 2401 531 2470 Augustus.

169 2493 237 2545 Ea
257 2490 571 2547 conditione
596 2500 778 2541 curam
826 2478 996 2535 nostri
1023 2476 1187 2532 ofﬁcii
1232 2475 1391 2531 nobis
1417 2472 1677 2529 divinitus

111 2585 444 2639 commissam
468 2581 767 2644 credimus,
804 2583 1079 2645 quatenus
1121 2571 1174 2624 in
1210 2567 1421 2624 cunctis
1450 2564 1679 2635 negotiis

110 2676 259 2730 diviui
309 2675 526 2729 timoris
582 2672 754 2728 zelum
813 2686 1029 2739 semper
1056 2680 1168 2737 prze
1208 2660 1381 2717 oculis
1418 2659 1681 2712 habentes

114 2768 185 2822 sic
230 2767 588 2824 sollicitemur
613 2765 681 2819 de
711 2762 967 2818 mundani
1017 2757 1165 2828 regni
1206 2751 1585 2822 dispositione,
1622 2756 1684 2801 ut

114 2872 225 2916 ante
244 2862 448 2930 Regem
480 2872 667 2927 regum
693 2855 868 2911 securi
894 2852 1175 2908 veniamus
1198 2848 1251 2901 in
1286 2841 1556 2899 reddenda
1589 2854 1681 2892 ra-

116 2956 266 3008 tione.
315 2954 659 3022 Quapropter
705 2962 828 3003 cum
879 2944 1123 2999 omnium
1171 2937 1538 3007 snbjectorum
1586 2944 1683 2982 nos

116 3055 308 3116 Oportet
346 3059 539 3101 curam
571 3055 752 3112 agere,
799 3037 1150 3092 ecclesiarum
1208 3039 1386 3083 tamen
1416 3022 1685 3094 praecipue

118 3152 330 3207 Quarum
357 3135 513 3191 salva
542 3109 918 3187 incolumitate
966 3127 1091 3180 dum
1123 3121 1305 3176 divino
1333 3112 1499 3171 cultui
1536 3109 1686 3165 debi-

122 3186 230 3207 πη-
250 3186 330 3191 ____
357 3186 467 3191 η-.
490 3186 512 3188 ,_
545 3186 553 3187 ,

120 3236 221 3281 tum
266 3226 518 3288 solvitur,
550 3222 876 3277 Christiana:
924 3214 1201 3284 religionis
1250 3205 1532 3275 integritas
1559 3216 1683 3255 con-
1712 3186 1753 3241 (ἶ

120 3324 369 3369 servatur.
426 3306 707 3379 Quocirca
737 3307 989 3363 omnibus
1035 3310 1240 3356 sancta:
1284 3296 1378 3351 Dei
1411 3290 1684 3353 Ecclesiae,

121 3408 420 3477 nostrisque
450 3402 718 3464 ﬁdelibus,
746 3406 931 3453 notum
979 3408 1099 3448 esse
1122 3390 1369 3444 volumus
1403 3396 1512 3439 tam
1545 3396 1687 3451 prte-

122 3471 347 3553 sentibus
377 3510 547 3568 quam
598 3491 819 3555 futuris,
849 3486 1084 3558 qualiter
1112 3481 1304 3544 Wido,
1335 3482 1537 3531 sanctae
1562 3471 1689 3527 Vol.

125 3594 365 3646 terrensis
417 3586 675 3643 Ecclesiae
715 3583 1021 3652 episcopus,
1059 3586 1299 3629 nostram
1349 3564 1690 3622 clementiam

127 3681 265 3746 adiit,
291 3696 459 3751 super
503 3677 758 3733 comitem
790 3673 1138 3740 reliquosque
1165 3660 1364 3735 publici
1408 3656 1547 3727 juris
1595 3656 1697 3708 Ini-

127 3774 315 3829 nistros
340 3771 715 3829 miserabilem
743 3762 1138 3839 querimoniam
1180 3770 1370 3829 agens,
1412 3751 1554 3821 quod
1598 3748 1698 3802 sub

129 3867 405 3921 occasione
427 3864 677 3936 exigendi
700 3860 863 3930 juris,
897 3856 1124 3911 clericos
1151 3860 1205 3907 et
1255 3845 1487 3902 fatiiulos
1516 3840 1701 3896 Eccle-
1793 3871 1803 3877 -

1752 3952 1757 3957 ι
1791 3936 1920 3985 .cus,
1945 3918 2126 3971 divina
2174 3913 2390 3967 favente
2414 3906 2730 3971 clementia,
2759 3902 3125 3979 Romanorum
3155 3895 3389 3964 impera-

132 3958 236 4022 sire,
270 3958 514 4027 aliosque
541 3969 702 4026 super
727 3964 929 4007 terram
958 3946 1212 4003 Ecclesiae
1240 3951 1446 3999 stantes
1466 3938 1703 4011 graviter

135 4043 402 4116 allligeudo
430 4045 752 4117 inquietant,
776 4050 831 4096 et
861 4039 1178 4109 dignitatem
1215 4042 1413 4088 sancta:
1448 4027 1705 4084 Ecclesia:

136 4136 566 4195 indecentissime
620 4136 989 4191 inhonestant.
1023 4130 1152 4201 Ejus
1202 4129 1383 4196 itaque
1410 4119 1704 4178 miserabili

139 4232 483 4295 querimonias
518 4244 705 4285 aurem
739 4233 939 4280 nostra:
985 4221 1203 4292 pietatis
1253 4218 1594 4275 adhibentes,
1644 4211 1710 4262 de

143 4320 385 4378 Ecclesize
416 4322 736 4377 liberatione
778 4316 1087 4379 statuimus,
1128 4328 1196 4367 ne
1241 4308 1469 4380 perﬁdia
1494 4306 1710 4373 iniquo-

146 4428 253 4467 rum
280 4415 557 4471 hominum
587 4411 813 4466 ulterius
838 4423 959 4462 eam
1005 4407 1104 4461 sub
1140 4403 1382 4474 qualibet
1429 4397 1715 4453 occasione

146 4502 451 4562 lacerandos
482 4505 942 4576 permitteremus.
993 4501 1305 4553 lnterventu
1335 4495 1516 4561 itaque
1539 4488 1717 4559 Agne-

150 4593 213 4647 tis
265 4607 465 4651 nostrae
514 4595 724 4651 dilectae
772 4590 1116 4653 contectalis,
1162 4594 1217 4641 et
1244 4582 1499 4653 Opizonis
1546 4578 1716 4633 nostri

149 4688 472 4751 cancellarii,
500 4685 858 4742 concedimus
893 4680 1152 4752 praedicto
1182 4676 1458 4747 episcopo,
1501 4671 1721 4739 suisque

152 4781 545 4837 successoribus
578 4778 808 4833 clericos
864 4786 921 4830 et
974 4771 1230 4836 fanmlos,
1275 4768 1517 4834 aliosque
1560 4775 1723 4830 super

155 4878 340 4927 terram
374 4868 483 4928 suae
515 4870 771 4927 Ecclesiae
808 4867 1179 4923 inhabitantes
1206 4862 1259 4916 in
1308 4875 1403 4914 sua
1432 4863 1722 4928 potestate,

155 4970 209 5015 ut
234 4963 386 5021 liceat
406 4980 529 5020 eum
552 4972 678 5017 ante
714 4977 772 5016 se
795 4973 1012 5015 causam
1044 4969 1226 5026 agere,
1264 4960 1318 5007 et
1348 4942 1444 5020 per
1468 4946 1723 5003 ducllium

158 5054 386 5120 qualibet
408 5056 565 5127 legali
592 5052 857 5110 sententia
882 5050 1029 5103 litem
1081 5046 1329 5107 delinire,
1362 5040 1602 5097 omnium
1630 5037 1727 5090 ho-

163 5144 353 5203 niinum
382 5157 587 5204 remota
631 5143 1077 5201 contradictione.
1104 5139 1372 5193 Praeterea
1400 5131 1579 5188 omnia
1609 5144 1729 5198 quae

164 5235 407 5293 Adelmns
435 5239 588 5293 bona:
635 5234 909 5290 memoriae
954 5248 1075 5286 cum
1120 5244 1290 5284 uxore
1319 5242 1413 5281 sua
1446 5239 1542 5294 per
1562 5222 1727 5276 char—

168 5328 318 5383 tulam
348 5331 637 5387 oblationis
680 5326 1014 5383 Volterrensi
1061 5322 1317 5379 Ecclesiae
1344 5316 1599 5380 contulit,
1622 5314 1729 5367 sci-

170 5414 287 5472 licet
321 5422 599 5478 castellum
628 5421 695 5475 de
720 5418 1039 5481 Pulliciano,
1064 5431 1185 5469 cum
1233 5408 1563 5467 monasterio
1591 5404 1732 5458 San-

171 5510 236 5560 cti
277 5511 540 5584 Sepulcri,
574 5512 804 5581 aliisque
855 5507 1223 5580 pertinentiis,
1274 5512 1329 5567 et
1358 5499 1639 5557 castellum
1671 5496 1737 5549 de

174 5598 580 5671 Monteacutulo,
608 5620 729 5660 cum
761 5602 874 5658 suis
910 5597 1275 5671 pertinentiis,
1324 5604 1381 5649 et
1410 5608 1564 5648 suam
1614 5602 1739 5659 por-

242 5715 353 5785 (Π)
393 5716 611 5773 Scilicet
660 5710 1086 5785 Eichstadiensis
1123 5705 1220 5785 _qni
1271 5716 1380 5785 tu_m
1414 5707 1533 5782 erat
1568 5698 1737 5785 regina

179 5766 427 5845 cancellis
438 5766 796 5851 etnec—nsiliis,
826 5782 1021 5853 quique
1049 5766 1298 5835 defuncto
1319 5772 1483 5829 Leoni
1506 5783 1655 5840 papae
1672 5766 1740 5820 IX

1754 596 1872 636 eam
1906 578 2207 650 portionem
2256 588 2418 642 quam
2466 570 2759 640 praedictus
2799 566 3085 637 episcopus
3127 566 3194 618 de
3244 579 3334 616 ca-

1754 662 1912 727 stello
1944 670 2009 723 de
2032 665 2378 735 Montcgabro
2414 659 2719 730 acquisivit,
2754 673 2848 713 seu
2902 655 3161 725 quidquid
3182 670 3330 725 pra:-

1754 767 1895 821 dicta
1919 760 2149 817 ecclesia
2202 758 2253 811 in
2277 754 2500 810 castello
2533 754 2599 806 de
2628 750 2857 806 Casallia
2889 748 3128 812 tenebat,
3155 756 3210 800 et
3247 746 3335 813 ju-

1756 860 1988 913 dicatum
2015 852 2156 923 quod
2191 848 2309 918 Ugo
2354 844 2647 900 Cttnizonis
2682 841 2821 896 ﬁlius
2856 840 3124 910 pnedictze
3163 838 3336 893 eccle-

1756 952 1849 1007 site
1880 948 2026 1009 fecit,
2050 955 2103 999 et
2125 942 2305 998 omnia
2352 954 2471 1008 qua:
2498 936 2606 991 Deo
2647 940 2922 989 annuente
2943 935 3131 986 eadem
3157 929 3334 984 eccle-

1758 1041 1836 1096 sia
1883 1038 2022 1106 iuste
2062 1044 2115 1090 ct
2166 1030 2409 1101 lcgaliter
2457 1026 2747 1080 admodum
2798 1023 3125 1091 acquireret,
3155 1030 3335 1077 nostra

1758 1128 2065 1201 praeceptali
2111 1122 2434 1179 auctoritate
2460 1119 2619 1173 dicta:
2673 1114 2916 1170 ecclesim
2965 1114 3339 1168 conﬁrmando

1760 1222 2084 1283 stabilimus,
2110 1232 2175 1271 eo
2205 1213 2453 1270 videlicet
2480 1209 2670 1264 ordine
2717 1215 2776 1260 ut
2826 1205 3002 1259 tmllus
3033 1205 3162 1266 dux,
3197 1219 3341 1256 mar-

1762 1316 1904 1377 chio,
1931 1325 2114 1366 comes
2156 1323 2249 1363 seu
2300 1304 2552 1374 qnmlibet
2595 1315 2784 1376 magna
2817 1312 3087 1365 parvaque
3114 1310 3341 1364 persona

1764 1406 2074 1478 praedictam
2102 1400 2386 1456 ecclesiam
2413 1395 2493 1450 vel
2520 1393 2802 1464 episcopos
2836 1404 2932 1459 per
2961 1398 3202 1455 tempora
3235 1391 3344 1441 Deo

1770 1501 1926 1553 dante
1962 1494 2157 1548 ibidem
2190 1490 2468 1545 ordinatos
2498 1487 2563 1540 de
2593 1483 2847 1538 oumibus
2896 1496 3016 1551 quae
3067 1496 3227 1550 supra
3271 1479 3345 1532 le-

1768 1597 1986 1658 guntur,
2038 1581 2324 1639 disvestire
2363 1592 2457 1634 seu
2484 1576 2771 1631 molestare
2800 1580 3111 1642 praesumat.
3148 1571 3202 1626 Si
3226 1572 3347 1639 quis

1769 1679 1934 1750 igitur
1990 1674 2147 1745 lmjus
2200 1682 2400 1728 nostra:
2459 1665 2766 1724 donationis
2814 1672 2869 1718 et
2925 1663 3347 1720 conﬁrmationis

1769 1776 2095 1841 praeceptum
2146 1764 2351 1819 violare
2407 1760 2826 1832 prtesumpserit,
2887 1764 3175 1826 componat
3231 1752 3350 1808 auri

1772 1861 1960 1932 optimi
1988 1860 2157 1913 libras
2179 1864 2419 1918 centum,
2453 1853 2805 1906 medietatem
2847 1862 3078 1903 camera:
3126 1852 3348 1911 nostrae,

1771 1960 1827 2007 et
1857 1951 2199 2004 medietatem
2226 1946 2337 2015 jam
2400 1943 2559 1998 dicta:
2606 1941 2869 2006 ecclesiae,
2913 1937 3134 2006 suisque
3184 1942 3355 1989 recto-

1774 2042 1944 2095 ribus.
1996 2038 2148 2105 Quod
2184 2046 2240 2091 ut
2273 2035 2460 2089 verius
2514 2035 2789 2095 credatur,
2842 2028 3261 2098 diligentiusque
3285 2025 3352 2077 ab

1773 2132 2024 2187 omnibus
2080 2130 2420 2189 observetur,
2467 2139 2628 2178 manu
2674 2122 2890 2191 propria
2920 2115 3356 2180 roborantes,si—

1776 2224 1901 2295 gillo
1926 2229 2112 2276 nostro
2137 2220 2241 2273 hoc
2268 2226 2596 2288 praeceptum
2630 2213 2874 2283 insigniri
2901 2211 3179 2282 jussimus.

1849 2312 2073 2383 Signum
2118 2310 2297 2362 domui
2337 2306 2573 2361 Heiurici
2622 2304 2840 2358 secundi
2875 2301 3229 2356 Romanorum
3256 2297 3387 2349 im-'

1775 2407 2029 2479 peratoris
2056 2402 2299 2474 Augusti.
2952 2390 2953 2393 “

1849 2498 2016 2568 Opizo
2040 2491 2398 2550 cancellarius
2427 2490 2547 2545 vice
2594 2484 2911 2543 Hcrimanni
2967 2478 3358 2550 archiepiscopi

1779 2598 1833 2647 et
1862 2584 2347 2663 archicancellarii.
2556 2602 2557 2605 η
2834 2598 2837 2601 λ
3032 2592 3035 2597 ν

1786 2690 1791 2691 ⁷
1852 2661 2051 2737 Actum
2096 2694 2163 2733 xv
2194 2674 2466 2732 Kalendas
2490 2672 2640 2736 Julii,
2685 2684 2826 2724 anno
2858 2664 3153 2721 Dominicze
3187 2661 3366 2716 lucar-

1782 2774 2016 2831 ‘nationis
2075 2768 2232 2833 l052,
2283 2779 2424 2820 anno
2477 2772 2658 2817 autem
2717 2758 2897 2814 domui
2932 2753 3169 2810 Heinrici
3222 2749 3365 2805 tertii

1783 2865 1926 2932 regis
1970 2859 2193 2917 secundi
2237 2854 2601 2927 imperatoris,
2643 2846 2999 2906 ordinationis
3047 2842 3163 2912 ejus
3213 2854 3366 2904 xxrv,

1785 2955 1997 3027 imperii
2028 2970 2104 3008 vl.

1854 3052 2050 3101 Actum
2081 3043 2351 3111 Turengo,
2381 3038 2632 3093 feliciter.
2662 3034 2854 3089 Amen.

1930 3139 2236 3209 Sequuntur
2263 3135 2413 3203 signa
2443 3127 2771 3184 notariorum
2794 3123 2883 3194 qui
2911 3119 3288 3187 descripserunt
3311 3128 3375 3167 ea:

2000 3228 2315 3285 authentico.

1996 3329 2000 3333 '
2492 3310 2662 3367 XXV.
2708 3336 2711 3339 -

1792 3417 1843 3471 11
1851 3416 2078 3471 einricus
2102 3413 2237 3466 inter
2262 3424 2403 3477 reges
2434 3406 2639 3467 tertius,
2660 3401 2797 3453 inter
2814 3390 3378 3477 Augustosrsecund'us,

1868 3492 2001 3540 bona
2028 3501 2088 3538 ac
2132 3457 2638 3550 juracaunctasuo'
2667 3457 2923 3549 pracepio
2969 3463 3245 3550 conﬁrmat
3278 3457 3381 3511 Ec~

1818 3594 1819 3597 η
1870 3557 2040 3611 οιεδὶιυ
2090 3532 2424 3613 ννὲνεειιεηδὶ,
2462 3532 2677 3613 ejusque
2729 3540 2966 3607 episcopo
3003 3532 3272 3602 Gregorio.

2394 3635 2588 3705 (Anno
2618 3628 2811 3699 1054.)

2082 3731 2414 3806 [Μυηλτοιιῃ
2446 3718 2809 3792 ΑηιίᾳηΙιαιη
2837 3715 2923 3789 γι,
2950 3710 3102 3783 519.]

1874 3829 1929 3882 ln
1956 3800 2175 3881 nomine
2197 3827 2406 3888 sancta:
2428 3824 2483 3883 et
2511 3809 2801 3871 individua:
2831 3803 3134 3875 Trinitatis.
3167 3800 3387 3856 Hermu-

1792 4023 1892 4066 .tor
1920 4011 2217 4079 Augustus.
2676 4046 2677 4049 η

1879 4071 2221 4167 ρυίιι-ηυιιυε
2264 4101 2420 4157 extra
2452 4088 2750 4159 Ecclesiam
2808 4081 2988 4138 salvus
3028 4081 3206 4147 potest
3252 4071 3386 4135 ﬁeri,

1813 4204 2156 4260 consequens
2179 4194 2262 4242 cst
2298 4194 2356 4239 ut
2376 4181 2747 4250 unusquisque
2778 4172 3007 4228 ﬁdeliter
3064 4168 3316 4235 laborans
3341 4162 3393 4215 in

1815 4300 1947 4355 agro
1974 4283 2067 4336 Dei
2099 4280 2216 4336 sine
2274 4273 2677 4331 intermissione
2731 4263 3006 4321 incumbat
3063 4259 3397 4312 incremento

1819 4372 2205 4432 ecclesiastica:
2239 4368 2337 4423 rei.
2369 4366 2588 4422 Certum
2626 4370 2710 4416 est
2737 4354 3030 4426 enimquia
3085 4351 3226 4405 sicut
3252 4345 3399 4402 exal—

1823 4479 1968 4523 tatur
1995 4472 2166 4519 mater
2186 4460 2425 4517 omnium
2450 4455 2764 4517 viventium,
2800 4452 2871 4506 ita
2922 4459 3173 4501 crescunt
3196 4454 3402 4495 merces

1797 4558 2064 4613 onmium
2094 4554 2197 4609 sibi
2257 4534 2631 4606 servientium.
2664 4545 3003 4612 Quapropter
3030 4535 3403 4591 universorum

1822 4648 2061 4717 ejusdem
2088 4645 2346 4709 ﬁdelium,
2377 4650 2484 4695 tam
2509 4636 2856 4708 praesentium
2903 4644 3064 4700 quam
3100 4626 3403 4680 futurorum

1825 4749 2034 4805 noverit
2056 4745 2319 4809 charitas,
2361 4740 2504 4812 quod
2549 4753 2646 4793 nos
2670 4730 3057 4791 ecclesiasticis
3078 4724 3409 4798 profectibus

1827 4842 2226 4903 incumbentes,
2259 4852 2321 4889 ac
2353 4831 2716 4889 dilectissimae
2744 4835 2942 4881 nostra:
2967 4820 3211 4891 conjugis
3238 4817 3382 4884 impe

1829 4937 2063 4998 ratricis,
2090 4948 2185 4987 seu
2209 4926 2513 4985 charissitni
2532 4921 2701 4978 nostri
2725 4919 2817 4973 ﬁlii
2852 4916 2993 4986 regis
3018 4909 3253 4967 lleinriei
3280 4921 3405 4977 pre-

1831 5031 1985 5086 cibus
2012 5025 2230 5095 pietatis
2260 5035 2421 5075 aures
2470 5011 2965 5071 accommodantes,
3003 5019 3100 5074 per
3128 4997 3414 5072 pra‘sentis

1804 5119 2083 5193 praecepti
2135 5113 2326 5170 stabile
2383 5111 2782 5165 ﬁrmamentum
2837 5106 3039 5154 sanctae
3088 5088 3415 5148 Vercellensi

1835 5213 2088 5271 Ecclesia!
2111 5207 2519 5264 conﬁrmamus,
2555 5195 2736 5253 omnia
2794 5192 2933 5247 bona
2959 5187 3137 5257 quiete
3187 5181 3414 5238 tenenda

1836 5324 1899 5362 ac
1928 5303 2155 5376 paciﬁce
2186 5300 2239 5354 in
2271 5306 2531 5351 reternum
2556 5287 2804 5351 fruenda,
2834 5296 2954 5353 quae
2974 5288 3164 5335 sancto
3190 5272 3420 5342 Eusebio

1838 5400 1967 5454 olim
1998 5394 2193 5450 collata
2225 5397 2353 5446 sunt
2382 5405 2411 5441 a
2440 5383 2644 5440 nostris
2670 5370 3164 5450 przedecessoribns
3206 5363 3423 5434 regibus

1840 5491 1922 5545 vel
1953 5482 2394 5557 imperatoribus,
2422 5492 2516 5533 seu
2560 5472 2970 5544 quibuscunque
3019 5460 3286 5516 ﬁdelibus.
3315 5454 3423 5510 Sed

1841 5593 1902 5637 ut
1950 5549 2166 5634 mentes
2212 5573 2449 5629 ﬁdelium
2477 5568 2688 5640 plenius
2740 5560 3027 5633 gaudeant,
3058 5549 3424 5624 etpraedoncs

1848 5694 2175 5815 subroggt‘qs
2204 5694 2283 5744 est
2333 5676 2593 5742 summus
2619 5674 2878 5750 pontifex,
2926 5668 3111 5724 Victor
3145 5665 3207 5730 ll,
3251 5665 3426 5719 dictus

1848 5780 1987 5815 anno
2086 5780 2170 5815 Ov).
3017 5792 3022 5798 .

1847 5780 1987 5819 anno
2020 5780 2170 5815 IUOO.
