3838 6322
436 314 566 370 Ιῑί9

1684 312 1950 368 NONUM.
1994 313 2265 368 DlPLOM.

3570 325 3684 377 “‘30

429 442 645 485 cunnus
696 444 754 484 se
792 428 1119 489 custodiant,
1170 425 1563 480 \‘erccllcnsem
1593 429 1933 494 comitatum,
1957 438 2012 481 ct
2047 432 2092 488 Α
2189 429 2377 483 Actum
2410 430 2711 502 Magunliu',
2741 432 2792 487 in
2823 434 2914 489 Dei
2962 437 3181 491 nomine
3220 436 3471 492 feliciter.
3512 440 3683 498 Amen.

435 522 474 577 S
514 531 649 577 nct:e
674 521 895 590 Agathae
915 535 1035 572 cum
1061 518 1305 573 districto
1328 527 1383 571 et
1417 517 1636 582 telonio,
1670 535 1734 575 ac
1764 520 2012 575 universa

435 614 643 685 publica
676 614 949 667 functione
971 610 1050 663 vel
1077 610 1485 675 cxactione,ant
1502 612 1861 667 redhibitione
1884 628 2012 667 con-

438 708 714 760 tirmann's
776 704 1095 759 Eusebiana:
1154 702 1416 759 ecclesiaa.
1475 702 1744 757 Buriclam
1794 704 2015 774 insuper

434 813 556 850 tum
580 796 725 850 onmi
765 813 861 851 sua
893 797 1223 867 integritate,
1279 795 1329 849 id
1360 803 1445 850 est
1465 795 1733 859 Vernade,
1763 795 2008 861 Clavasa,

435 885 735 954 lledolium,
788 886 1150 953 Galienicum,
1192 886 1609 951 Ponderianum,
1660 886 1960 941 Muliariam
1995 927 2010 950 ,

435 976 775 1042 Andurnum,
830 978 1146 1042 Cisidulam,
1194 977 1511 1042 Coracodio,
1566 977 1617 1030 in
1667 976 1867 1041 Monte,
1915 975 2013 1033 Ce-

436 1067 753 1133 risdianam,
808 1084 928 1124 cum
965 1070 1111 1124 omni
1144 1084 1238 1124 sua
1295 1068 1625 1138 integritate,
1656 1068 2011 1139 Sextegnum,

438 1159 805 1223 Ilovisindam,
857 1160 1037 1216 Monte
1095 1161 1366 1218 Cutimali.
1405 1160 1746 1223 Pcdrorium,
1800 1170 2011 1213 curtem

434 1267 647 1321 quoque
696 1252 1056 1308 Vet'ccllensis
1091 1255 1326 1309 civitatis
1373 1268 1495 1305 cum
1525 1252 1777 1307 omnibus
1799 1251 1864 1305 ad
1889 1266 2009 1305 eam

435 1344 827 1413 pertinentibus
861 1387 875 1410 ,
934 1345 1269 1402 Carcuellatn
1325 1347 1377 1401 in
1434 1346 1750 1409 Ondevico,
1799 1352 2007 1399 curtem

435 1437 735 1490 (lausanam
765 1478 780 1502 ,
832 1448 1040 1493 curtem
1092 1438 1317 1504 Cavalli,
1361 1440 1631 1494 abbatiam
1686 1438 1873 1492 Sancti
1915 1436 2015 1489 Mi-

434 1528 641 1583 chaelis
668 1530 733 1583 de
763 1529 1051 1595 Laucetlio,
1082 1530 1492 1595 Firminianam,
1520 1540 1727 1585 curtem
1762 1530 2009 1601 Regiam,

434 1636 598 1688 quam
625 1621 853 1677 llorlum
902 1626 1208 1690 nominant,
1246 1640 1368 1679 cum
1426 1632 1536 1679 tota
1576 1623 1930 1679 silva.Mialda
1956 1632 2011 1676 et

432 1711 684 1783 lt'ulgilio,
717 1722 773 1769 ct
805 1730 927 1769 cum
955 1716 1206 1771 omnibus
1236 1716 1405 1771 curtis
1434 1726 1488 1771 et
1524 1716 1663 1770 villis
1706 1732 1826 1770 cum
1873 1715 2010 1769 valle

2784 564 2976 620 XXVI.

2118 668 2394 725 flciurtcus
2418 670 2443 723 Ι
2455 666 2511 724 II
2533 688 2641 731 rex,
2665 674 2949 739 imperator
2971 670 2994 726 1
3005 671 3054 740 I,
3072 674 3376 733 Arimanm’s
3394 679 3689 737 Mantuanis

2422 742 2552 810 jura
2586 759 2648 797 cc
2694 745 3045 799 immunitates
3083 748 3385 815 conﬁrmat.

2716 860 2893 931 (Anno
2925 860 3107 931 1055.)

2404 970 2735 1041 [Morinos],
2770 972 2948 1042 Antiq.
2984 974 3112 1029 Ital.
3141 976 3235 1040 ιν,
3264 976 3385 1049 15.]

2185 1057 2240 1112 ln
2266 1062 2482 1116 nomine
2529 1074 2730 1118 sancta:
2757 1073 2811 1117 et
2864 1065 3155 1122 individua:
3201 1066 3521 1124 Trinitatis.
3550 1070 3693 1127 lius-

2116 1169 2288 1218 ntcus,
2317 1154 2498 1209 divina
2527 1155 2743 1212 favente
2792 1156 3102 1226 clementia,
3132 1161 3517 1217 Romanorum
3545 1166 3692 1235 impe-

2117 1257 2264 1303 rator
2284 1250 2580 1321 Augustus.

2184 1341 2239 1394 Si
2269 1342 2620 1410 petitionibus
2643 1342 2883 1397 fidelium
2910 1354 3219 1399 nostrorum
3243 1346 3416 1415 jnstis
3472 1356 3529 1401 et
3556 1351 3697 1400 ratio-

2114 1431 2378 1487 nabilibus
2406 1432 2716 1497 annuimus,
2745 1443 2801 1488 et
2831 1435 3186 1490 necessitates
3215 1437 3479 1503 injustas,
3513 1439 3698 1492 violen-

2114 1529 2303 1587 tasque
2332 1520 2713 1589 oppressiones
2751 1523 3048 1577 secundum
3090 1524 3397 1593 imperialis
3440 1528 3691 1581 excelle!»

2114 1610 2201 1663 tia:
2230 1609 2468 1664 debitum
2501 1610 2870 1676 sublevamus,
2920 1628 2949 1666 a
2982 1614 3092 1668 Deo
3136 1616 3388 1669 omnium
3442 1619 3697 1672 bonorum

2112 1712 2631 1771 recompensatore,
2688 1705 2941 1758 meritam
2993 1706 3415 1761 retributionem
3485 1708 3699 1762 feliciter

430 1803 564 1857 Elivi
593 1823 605 1857 :
641 1804 865 1861 Puntem
902 1807 1064 1861 etiam
1095 1806 1405 1877 Notingum,
1434 1823 1592 1876 quem
1618 1807 1877 1878 Notingus
1900 1809 2009 1877 epT-

2121 1794 2408 1863 adepturos
2466 1795 2579 1849 fore
2618 1811 2925 1865 speramus.
2985 1795 3165 1862 Quare
3204 1799 3466 1852 omnium
3518 1811 3698 1853 sancta

429 1912 627 1968 scapus
687 1900 904 1970 quidem
960 1901 1320 1956 Vcrcellensis
1376 1900 1635 1956 Ecclesia:
1689 1901 2011 1956 mirabiliter

432 2002 597 2057 super
626 2004 749 2043 eum
772 1990 1065 2060 equitando
1091 1990 1338 2058 legaliter
1374 1991 1614 2059 recepit:
1646 1990 2007 2061 Languscum,

430 2091 636 2135 eurtem
657 2082 723 2136 de
754 2082 1069 2137 Antimiano
1098 2099 1219 2136 cum
1244 2083 1494 2137 omnibus
1515 2084 1629 2136 suis
1647 2084 2008 2152 pertinentiis,

428 2187 624 2237 aquam
660 2170 726 2226 de
772 2172 973 2240 Sicida,
999 2190 1192 2243 aquam
1223 2174 1288 2227 de
1329 2174 1518 2239 Servo,
1548 2190 1744 2245 aquam
1782 2174 1846 2229 de
1888 2173 2011 2228 llel—

402 2298 405 2301 -
430 2262 543 2315 lero
592 2278 715 2317 cum
742 2265 985 2334 utrisque
1022 2267 1152 2335 ripis
1174 2281 1202 2317 a
1229 2265 1347 2318 loco
1400 2265 1489 2318 ubi
1520 2276 1815 2320 nascuntur
1842 2280 2009 2334 usque

431 2353 487 2405 in
515 2352 744 2418 Padum,
783 2372 978 2424 aquam
1008 2357 1137 2411 Padi
1167 2373 1288 2412 cum
1324 2359 1566 2426 utrisque
1599 2358 1726 2428 ripis
1751 2373 1779 2410 a
1802 2356 2008 2411 Liomia

431 2455 599 2510 usque
622 2441 691 2494 ad
721 2442 930 2511 plebem
950 2445 1167 2512 Marom,
1193 2461 1388 2515 aquam
1414 2448 1478 2501 de
1498 2447 1659 2500 Duria
1683 2462 1805 2501 cum
1839 2447 2007 2500 utris-

428 2544 534 2597 que
568 2530 700 2598 ripis
752 2547 782 2583 a
844 2532 1003 2587 Petra
1055 2550 1241 2604 grossa
1287 2551 1457 2604 usque
1499 2536 1551 2589 in
1595 2535 1838 2589 Padum:
1871 2536 2010 2589 Con-

429 2623 580 2687 sado,
608 2621 923 2688 Matoscum,
954 2624 1229 2691 Caudelle,
1272 2626 1529 2692 Trevere,
1567 2626 1790 2691 Clevoli,
1824 2625 2009 2681 Sulza-

430 2724 563 2778 tum,
606 2713 957 2783 Silva-salva,
1009 2718 1293 2774 castellum
1337 2720 1569 2786 Quirini,
1627 2731 1834 2776 eurtent
1875 2720 2009 2774 Tor-

427 2804 569 2858 celli.
598 2805 723 2861 lltrc
769 2809 951 2863 omnia
1002 2808 1355 2866 Vercellcnsis
1388 2812 1628 2867 Ecclesia
1664 2813 1719 2867 in
1749 2823 2007 2869 aeternum

429 2895 643 2963 habeat,
688 2913 810 2952 cum
861 2900 1114 2956 omnibus
1157 2903 1385 2971 publicis
1428 2904 1716 2970 districtis,
1764 2906 2006 2968 intratis,

431 2985 713 3042 teloneis..
733 3028 745 3041 .
775 3029 823 3044 ..
852 3030 865 3044 .
917 2994 1299 3049 communibus
1322 3035 1337 3059 ,
1390 2996 1785 3062 venationibus,
1834 2997 2007 3066 porti-

428 3078 547 3179 bus,
579 3079 921 3148 molendinis,
941 3082 1216 3139 montibus
1240 3094 1294 3139 et
1327 3086 1579 3153 vallibus,
1602 3088 1837 3179 alpibus,
1880 3089 2008 3143 aedi-
2037 3118 2080 3179 ρ

430 3170 589 3235 liciis,
614 3173 901 3243 mancipiis
930 3174 1210 3245 utriusque
1242 3191 1424 3243 sexus,
1460 3179 1634 3249 aquis,
1687 3178 1879 3244 vineis,
1918 3194 2008 3233 ca-

429 3261 603 3331 pellis,
636 3264 829 3332 pratis,
853 3266 1091 3335 pascuis,
1120 3266 1292 3334 silvis,
1341 3269 1497 3337 aquis
1522 3284 1896 3339 aquarumque
1918 3270 2008 3325 de-

427 3354 699 3419 cursibus,
750 3355 909 3411 cultis
940 3364 993 3409 et
1024 3355 1261 3412 incultis.
1294 3357 1360 3411 Et
1390 3358 1610 3429 insuper
1629 3359 1854 3429 speciali
1899 3359 2008 3413 edi-

422 3453 514 3499 cto
537 3446 811 3501 sancimus
841 3456 902 3502 ut
942 3449 996 3503 in
1042 3450 1293 3505 omnibus
1315 3464 1477 3518 supra
1525 3448 1822 3504 nominatis
1845 3448 2007 3503 terris

428 3536 608 3591 nullus
660 3539 972 3593 mortalium
1031 3550 1331 3596 mercatum
1391 3548 1684 3610 praasumat
1735 3540 2007 3603 insistere,

426 3636 518 3680 aut
546 3628 849 3684 districtum
876 3631 957 3685 vel
984 3632 1250 3687 teloneum
1279 3641 1371 3686 aut
1395 3632 1628 3698 fodrum,
1654 3646 1747 3687 seu
1772 3631 2007 3699 aliquam

428 3716 695 3781 publicam
718 3717 1132 3776 functionem.ac
1156 3722 1569 3777 redhibitionem
1582 3720 2010 3791 exigere,neque

431 3803 781 3870 piscationem
825 3818 919 3863 aut
946 3812 1287 3866 venationem
1330 3826 1607 3877 exercere,
1640 3811 1744 3865 nisi
1773 3811 1840 3865 ad
1887 3827 2010 3880 pro-

430 3893 630 3949 fectum
664 3896 747 3951 vel
775 3900 839 3953 ad
866 3902 1141 3969 proprium
1167 3904 1256 3973 jus
1288 3904 1457 3974 ipsius
1484 3905 1747 3959 ecclesize.
1780 3903 2011 3970 Quicun—

429 4003 537 4057 que
560 3982 690 4058 ergo
719 3990 844 4045 huic
871 4001 1071 4047 nostra:
1118 3995 1517 4050 conlirmationi
1549 3995 1884 4061 contraierit,
1913 4010 2009 4049 no-

422 4091 558 4135 strae
586 4081 886 4151 majestatis
939 4100 1066 4139 reus
1110 4086 1233 4140 erit.
1266 4086 1492 4153 insuper
1523 4085 1669 4139 mille
1696 4085 1863 4139 libras
1891 4085 2007 4138 auri

430 4188 489 4225 se
540 4174 968 4241 compositurum
1029 4176 1283 4243 noverit,
1338 4176 1681 4231 medietatem
1744 4175 2008 4245 imperiali

429 4276 681 4327 camerae,
704 4272 759 4317 et
791 4265 1140 4320 medietatem
1170 4265 1413 4320 ecclesia:
1458 4266 1545 4319 cui
1593 4265 1893 4319 molestiam
1924 4266 2008 4318 in-

432 4352 638 4407 tulerit.
679 4354 832 4420 Quod
867 4366 924 4409 ut
978 4356 1188 4411 ﬁrmius
1226 4356 1489 4412 habeatur
1523 4365 1578 4412 et
1603 4356 1913 4425 diligentius
1941 4356 2010 4410 ab

2116 1886 2206 1939 Dei
2238 1885 2517 1951 Ecclesia),
2542 1896 2961 1954 nostrorumque
2989 1886 3227 1941 ﬁdelium
3259 1897 3373 1941 tam
3400 1888 3697 1943 futurorum

2112 1993 2272 2046 quam
2312 1977 2659 2045 praesentium
2712 1977 2979 2032 industria
3036 1978 3251 2033 noverit
3293 1980 3544 2047 qualiter
3569 1980 3701 2033 ιιιη.

2116 2067 2261 2121 tuani
2289 2070 2438 2123 cives
2464 2076 2708 2123 nostram
2739 2069 2991 2122 adierunt
3030 2067 3413 2133 clementiam,
3448 2086 3581 2125 suas
3617 2072 3700 2125 mi-

2112 2155 2285 2209 serias
2314 2164 2369 2208 et
2399 2156 2683 2211 diuturnas
2712 2156 3097 2226 oppressiones
3140 2168 3576 2227 conquerentes.
3610 2160 3701 2214 lies

2112 2259 2239 2298 vero
2264 2245 2472 2315 magnis
2505 2260 2693 2300 eorum
2736 2247 3153 2302 necessitatibus
3181 2250 3611 2315 compatientes,
3642 2256 3703 2305 ob

2113 2334 2474 2389 interventum
2519 2336 2885 2391 dilcctissima:
2914 2335 3159 2407 conjugis
3209 2349 3424 2393 nostra:
3483 2339 3699 2410 impera-

2114 2424 2263 2479 tricis
2290 2425 2537 2495 Agnetis,
2581 2437 2636 2481 et
2684 2436 2910 2496 propter
2965 2429 3369 2484 incrementum
3414 2429 3514 2484 ﬁlii
3546 2434 3698 2485 nos'ri

2110 2516 2443 2581 charissimi,
2477 2516 2717 2571 Heinrici
2772 2518 3027 2573 videlicet
3067 2521 3248 2588 quarti
3315 2522 3495 2587 regis,
3528 2534 3700 2575 nostra

2113 2607 2371 2676 imperiali
2395 2609 2719 2663 auctoritate
2743 2624 2933 2665 omnes
2955 2612 3374 2680 superstitiosas
3393 2616 3703 2669 exactiones

2112 2708 2167 2753 et
2198 2699 2531 2769 importnitas
2556 2700 2844 2756 violentias
2867 2702 3109 2757 funditus
3154 2703 3423 2772 deinceps
3448 2705 3555 2757 illis
3583 2706 3702 2756 abo-

2113 2788 2321 2855 lendas,
2382 2799 2439 2845 ct
2489 2791 2749 2845 radicitus
2785 2794 3186 2861 exstirpandas,
3230 2810 3323 2849 mo
3363 2795 3414 2849 is
3462 2797 3705 2850 omnibus

2110 2880 2451 2935 decernimus
2494 2889 2549 2935 et
2600 2882 3008 2936 conﬁrmamus.
3049 2882 3371 2939 Statuentes
3428 2886 3597 2939 etiam
3652 2898 3703 2937 ut

2110 2969 2255 3023 nulla
2281 2986 2476 3041 magna
2526 2987 2801 3043 parvaque
2839 2988 3070 3042 persona
3103 2975 3399 3043 praedictos
3433 2977 3605 3039 cives,
3633 2978 3702 3029 vi-

2112 3061 2308 3117 delicet
2362 3076 2706 3130 eremannos,
2742 3065 2795 3118 in
2842 3064 3062 3118 Mantua
3110 3066 3334 3121 civitate
3372 3067 3701 3131 habitantes,

2112 3153 2178 3208 de
2202 3153 2312 3208 suis
2337 3155 2602 3224 personis,
2633 3156 2748 3211 sive
2787 3156 2853 3211 de
2902 3155 3117 3211 illorum
3157 3157 3338 3211 servis
3385 3170 3445 3211 et
3474 3158 3701 3218 ancillis.

2112 3241 2194 3295 vel
2236 3242 2304 3297 de
2340 3243 2525 3299 liberis
2578 3244 2909 3309 hominibus,
2967 3244 3022 3298 in
3084 3258 3275 3298 eorum
3332 3247 3701 3301 residentibus

2113 3342 2280 3398 terra,
2308 3333 2393 3388 vel
2440 3334 2507 3389 de
2553 3335 2851 3400 eremania,
2895 3344 2950 3389 et
2998 3336 3381 3391 communibus
3427 3339 3613 3401 rebus
3641 3343 3701 3393 al

2109 3426 2422 3494 praedictam
2487 3426 2765 3482 civitatem
2832 3427 3281 3497 pertinentibus,
3338 3446 3409 3485 ex
3482 3442 3703 3503 utraque

2108 3524 2264 3583 parte
2288 3514 2527 3571 ﬂuminis
2575 3516 2756 3572 Mincii
2787 3518 2928 3582 sitis,
2956 3518 3074 3573 sive
3117 3518 3186 3572 de
3213 3521 3528 3588 beneficiis,
3560 3525 3699 3580 libel-

2109 3607 2280 3673 lariis,
2310 3609 2591 3678 precariis,
2615 3624 2709 3665 seu
2740 3611 2902 3665 etiam
2941 3610 3007 3664 de
3027 3612 3282 3667 omnibus
3323 3630 3520 3669 eorum
3549 3618 3701 3671 rein:

2111 3699 2397 3757 mobilibus
2423 3711 2477 3757 et
2517 3702 2886 3759 immobilibus
2906 3703 3051 3774 juste
3074 3706 3430 3775 conquisitis,
3458 3718 3516 3762 et
3562 3707 3699 3776 justc

2109 3793 2506 3859 conquerendis
2559 3793 2884 3863 inquietare,
2916 3796 3233 3862 molestare,
3263 3797 3564 3853 disvestire
3593 3801 3697 3852 sine

2110 3879 2266 3951 legali
2290 3879 2496 3949 judicio
2522 3895 2836 3952 praisumat.
2897 3885 3246 3956 Praecipimus
3278 3904 3513 3958 quoque
3554 3900 3610 3942 ut
3640 3890 3696 3941 li-

2109 3980 2227 4024 ceat
2250 3972 2501 4027 omnibus
2544 3973 2819 4043 praedictis
2842 3976 3050 4031 civibus
3096 3993 3291 4032 secure
3327 3980 3408 4032 ire
3439 3989 3499 4033 et
3531 3980 3696 4033 redire

2108 4064 2175 4118 ad
2209 4072 2448 4118 mercata
2475 4078 2659 4118 omnia
2687 4065 2802 4119 sive
2836 4082 2932 4135 per
2978 4076 3178 4120 terram
3212 4068 3331 4122 sive
3353 4084 3459 4138 per
3486 4085 3693 4139 aquam.

2110 4155 2543 4225 quandocunque
2568 4156 2859 4222 voluerint,
2888 4158 2960 4212 ita
2999 4158 3249 4212 videlicet
3308 4169 3366 4212 ut
3423 4177 3535 4214 nou
3580 4164 3693 4215 deat

2111 4245 2397 4315 ripaticum
2450 4260 2550 4301 nec
2598 4245 2869 4300 teloneum
2923 4248 2974 4300 in
3024 4245 3310 4312 Ravenna,
3353 4249 3409 4301 in
3444 4251 3690 4316 Argenta.

2108 4335 2162 4388 in
2196 4333 2466 4400 Ferraria,
2495 4334 2548 4388 in
2579 4333 2802 4392 Summo
2822 4336 2989 4401 Lacu,
3016 4344 3071 4390 et
3098 4351 3219 4389 eam
3249 4340 3688 4393 consuetudinem

429 4442 684 4497 omnibus
711 4443 1049 4509 observetur,
1084 4446 1186 4500 hoc
1217 4456 1548 4516 praeceptum
1577 4460 1643 4500 ex
1692 4454 1873 4500 nostra
1890 4443 2005 4512 jus-

2121 4429 2307 4481 bonam
2357 4437 2412 4482 ct
2453 4427 2656 4497 justam
2713 4429 2965 4493 habeant,
3020 4445 3183 4498 quam
3225 4432 3489 4501 qumlibet
3533 4432 3689 4484 uestri

429 4537 582 4590 (one
629 4534 852 4599 factum,
889 4538 1090 4593 nostris
1122 4538 1370 4592 manibus
1426 4538 1612 4593 subter
1662 4538 2010 4593 confirmavi-

430 4634 568 4689 mus,
602 4636 656 4681 ct
686 4629 843 4699 sigilli
875 4630 1045 4685 nostri
1102 4630 1457 4700 impressione
1510 4629 1736 4684 inferius
1766 4630 2009 4699 insigniri

424 4717 706 4786 jussimus,
752 4728 808 4773 et
855 4720 1116 4792 Gregorio
1171 4731 1356 4775 nostro
1386 4720 1720 4785 ﬁdelissimo,
1754 4721 1865 4775 Deo
1895 4721 2008 4774 dis-

432 4820 734 4880 pensante,
789 4812 1086 4883 episcopo,
1145 4813 1329 4868 Sancti
1383 4812 1602 4866 Eusebii
1650 4812 1874 4874 vicario,
1945 4813 2012 4865 ad

430 4912 744 4970 perpetuam
777 4917 963 4973 pacem
991 4919 1103 4959 sua:
1132 4904 1390 4960 Ecclesia:
1423 4906 1853 4961 conservandam
1884 4919 2014 4959 con-

433 4992 666 5049 tulimus.

502 5079 719 5151 Signum
745 5086 925 5139 domui
947 5085 1183 5141 Heiurici
1198 5088 1337 5142 tertii
1361 5088 1471 5158 (>3)
1496 5089 1628 5159 regis
1667 5088 2008 5142 invictissimi.

502 5171 837 5233 Guntherius
865 5179 1226 5235 cancellarius
1248 5180 1365 5236 vice
1396 5180 1709 5235 llerimanni
1733 5180 2012 5234 archican-

433 5262 635 5318 cellarii
664 5268 991 5338 recognovit.

504 5354 639 5411 Data
671 5373 738 5410 xv
766 5359 1038 5415 Kalendas
1062 5360 1393 5427 Decembris,
1423 5362 1718 5418 indictione
1750 5376 1844 5423 vn,
1871 5376 2012 5414 anno

435 5448 731 5504 Dominica:
782 5450 1177 5509 lncarnationis
1223 5454 1513 5510 millesimo
1565 5453 2013 5523 quinquagesimo

431 5550 653 5609 quarto,
678 5555 821 5599 anno
847 5556 1027 5600 autem
1056 5546 1241 5600 domni
1275 5543 1509 5601 lleinrici
1567 5546 1710 5599 tertii
1742 5546 1901 5614 regis,
1932 5560 2012 5599 sc-

436 5632 595 5685 rundi
628 5631 991 5702 imperatoris,
1020 5635 1378 5691 ordinationis
1402 5633 1517 5703 ejus
1543 5652 1692 5701 xxvi,
1716 5636 1862 5705 regni
1889 5650 2013 5688 vrro

435 5739 564 5786 aut,
595 5724 802 5793 imperii
828 5740 943 5777 vtu.

2119 4520 2331 4591 imperii
2356 4520 2549 4575 civitas
2594 4522 2819 4576 obtinet.
2852 4522 3168 4590 Quicunque
3192 4535 3372 4577 autem
3422 4524 3582 4592 hujus
3609 4537 3691 4573 ao-

2119 4622 2245 4667 stra:
2300 4613 2671 4668 concessionis
2715 4622 2771 4667 et
2804 4614 3235 4669 conﬁrmationis
3276 4610 3513 4669 violator
3539 4614 3689 4668 exsti-

2117 4704 2270 4768 terit,
2304 4711 2523 4757 centum
2576 4702 2741 4756 libras
2766 4703 2881 4756 auri
2925 4703 3114 4771 optimi
3157 4712 3473 4771 componat,
3505 4702 3689 4755 medic-

2117 4802 2281 4847 tatem
2311 4802 2509 4848 nostra:
2539 4808 2769 4848 camera:
2798 4791 3082 4862 imperiali,
3107 4801 3163 4846 et
3200 4792 3545 4846 medietatem
3566 4806 3685 4859 pne.

2117 4887 2274 4941 dictis
2300 4886 2528 4941 civibus.
2554 4885 2620 4939 Et
2651 4894 2709 4939 ut
2739 4886 2854 4939 haec
2877 4894 3077 4939 nostra:
3124 4883 3556 4939 conﬁrmationis
3606 4897 3677 4933 au-

2116 4979 2341 5034 ctoritas
2368 4978 2577 5033 stabilis
2599 4987 2764 5048 atque
2799 4976 2952 5031 firma
2983 4986 3325 5048 permaneat,
3362 4977 3503 5029 hanc
3543 4973 3683 5027 char-

2118 5080 2224 5124 tam
2258 5070 2382 5123 inde
2411 5070 2772 5139 conscriptam
2816 5085 2977 5122 mamt
3022 5068 3266 5138 pr0pria,
3298 5077 3353 5121 ut
3377 5064 3513 5120 infra
3545 5065 3681 5114 vidc-

2116 5176 2222 5231 tur,
2250 5165 2690 5226 corroborantes,
2744 5164 2901 5234 sigilli
2957 5164 3130 5218 nostri
3164 5163 3513 5229 impressione
3535 5158 3663 5227 jussi

2116 5274 2234 5313 mus
2260 5257 2522 5326 insigniri.

2187 5350 2403 5420 Signum
2434 5350 2609 5402 domui
2633 5347 2872 5401 Ileim‘ici
2898 5348 3036 5400 tertii
3070 5350 3203 5416 regis
3236 5344 3551 5399 invictissimi
3583 5337 3675 5389 Hoc

2115 5458 2390 5496 ntanorum
2421 5441 2751 5510 imperatoris
2781 5440 3024 5507 Augusti.

2184 5534 2512 5591 Guntherius
2558 5531 2911 5587 cancellarius
2964 5530 3078 5583 vice
3148 5524 3457 5581 llcrimanui
3506 5519 3675 5574 archi-

2117 5624 2419 5682 cancellarii
2454 5624 2783 5693 rCCOgnovit.

2185 5720 2301 5773 Dat.
2339 5733 2395 5771 ιιι
2425 5714 2601 5772 Nonas
2651 5714 2965 5770 Novembris
2994 5729 3135 5769 anno
3172 5712 3462 5767 DOminic-a:
3508 5706 3667 5759 lucar-
