3838 6322
401 315 412 325 _
470 259 606 313 nes

1705 263 1972 319 MONUM.
2019 265 2288 321 DIPLOM.

3612 287 3721 338 ιιζι

549 373 770 442 Signum
822 375 1000 427 «Iouini
1047 374 1282 428 Hcinrici
1328 375 1465 428 tertii
1519 379 1654 444 regis
1699 378 2042 444 invictissimi,
2077 387 2118 441 Α
2149 383 2248 437 sibi
2279 383 2526 438 abbatem
2560 401 2707 440 more
2733 389 2893 446 solito
2930 392 2995 445 de
3023 391 3139 461 ipsa
3164 398 3612 466 congregatione,
3645 423 3721 460 nec

465 464 679 517 secundi
711 463 1065 518 Romanorum
1105 467 1450 535 imperatoris.

547 553 840 610 Guuterius
896 557 1252 611 canrellarius
1299 557 1413 612 vice
1452 557 1731 611 llcrimani
1763 557 2044 613 archican-

465 646 669 701 cellarii
704 649 1020 716 recognovit

547 737 680 790 Data
713 754 806 796 ςιη
861 738 1130 793 Kalendas
1179 741 1542 810 Septembris,
1575 758 1716 796 anno
1750 743 2041 800 Dominicze

463 828 855 884 lucarnationis
878 829 1031 892 1053,
1056 831 1346 885 indictione
1370 849 1486 897 vm,
1522 849 1664 888 anno
1687 844 1865 888 autem
1892 836 2041 889 dom-

462 922 512 974 tti
547 920 784 989 Heinrici
815 923 955 976 tertii
989 923 1153 990 regis,
1191 924 1538 993 imperatoris
1580 935 1755 979 autem
1790 926 2038 989 secundi,

459 1013 821 1070 ordinationis
850 1015 971 1086 ejus
992 1032 1170 1080 xxv”,
1209 1017 1358 1088 regni
1388 1017 1605 1086 quidem
1656 1034 1794 1084 xvu,
1824 1019 2035 1089 imperii

457 1118 585 1159 γυνθ
615 1121 687 1159 IX.

542 1196 738 1250 Actum
800 1197 866 1251 ad
939 1196 1163 1251 Poulcm
1238 1197 1289 1252 in
1348 1197 1443 1252 Dei
1513 1199 1731 1254 nomine
1787 1199 2031 1255 feliciter.

453 1285 647 1342 Amen.-

1155 1441 1344 1496 XXIX:

459 1549 781 1621 Prircepmm
829 1555 1006 1627 (iouini
1050 1552 1280 1627 Iieinrici
1315 1552 1411 1627 III
1441 1551 1780 1627 imperator-is
1811 1556 2034 1627 Augusti

533 1618 994 1703 pro'lmonasterio
1067 1623 1383 1680 Prnmiensi.
1434 1618 1827 1703 -Ὲοηῇνῃὺι
1870 1618 2032 1698 ipsius

524 1693 794 1762 privilegia
825 1705 870 1746 et
901 1702 1268 1763 possessiones.
1653 1693 1660 1694 ί
1724 1693 1742 1718 ⁸·

1078 1809 1256 1878 (Anno
1283 1809 1465 1879 1056.)

450 1916 727 1988 (Manna.
798 1932 972 1988 Ampi.
1049 1920 1261 1974 Collect.
1317 1921 1413 1985 Ill,
1467 1922 1592 1986 445,
1642 1937 1707 1977 ex
1756 1904 2032 1981 chartario

1059 1989 1408 2062 Prumiensi.]

547 2101 601 2156 ln
633 2116 852 2156 nmmnc
894 2111 1095 2157 sancta:
1131 2112 1183 2157 et
1219 2104 1504 2159 individua:
1534 2105 1832 2162 Trinitatis.
1870 2108 2032 2163 "ElN-

448 2209 620 2255 ntcus,
647 2194 822 2247 divina
853 2194 1066 2250 favente
1090 2195 1400 2261 clementia,
1434 2212 1550 2252 rex.

521 2305 578 2359 Si
617 2321 745 2376 erga
783 2305 898 2361 loca
938 2307 1139 2362 divinis
1167 2308 1399 2362 cultibus
1427 2309 1732 2376 mancipata
1763 2325 1951 2364 curam
1978 2319 2034 2364 et

447 2397 780 2464 diligentiam
838 2397 1180 2462 adhibemus,
1224 2410 1508 2469 parentum
1573 2416 1637 2456 ac
1681 2404 2029 2458 decessorum

448 2497 753 2539 nostrormn
815 2487 1062 2541 instituta
1108 2505 1212 2542 non
1254 2489 1424 2544 solum
1472 2492 1771 2558 firmamus,
1819 2509 2035 2548 verum-

445 2575 611 2631 etiam
651 2587 996 2645 a::gmentare
1038 2580 1354 2648 satag’mus,
1386 2579 1435 2632 id
1490 2578 1642 2634 nobis
1695 2581 1746 2634 in
1813 2590 2031 2637 aeterna:

448 2667 903 2722 remunerationis
955 2669 1311 2725 retributione
1369 2671 1712 2740 profuturum
1760 2675 2032 2728 veraciter

445 2756 784 2810 confidimus.
820 2757 1158 2828 Quapropter
1181 2759 1433 2814 omnibus
1483 2771 1687 2815 sanctae
1719 2757 1812 2816 Dei
1846 2762 2031 2817 Eccle-

446 2848 541 2900 sia:
575 2848 877 2916 nostrisque
901 2848 1166 2911 fidelibus,
1203 2851 1560 2918 prmseutibus
1585 2851 1834 2906 videlicet
1867 2862 2028 2921 atque

444 2938 660 3002 futuris,
693 2940 966 3009 cognitum
1017 2956 1140 2996 esse
1178 2943 1424 2997 volumus
1480 2945 1738 3013 quoniam
1796 2946 2029 3016 inclytus

443 3050 506 3086 ac
534 3034 858 3089 venerabilis
885 3033 1155 3091 llobcrtus
1189 3036 1356 3090 abbas
1394 3036 1729 3092 Prumicnsis
1757 3048 2027 3094 monaste-

445 3124 534 3188 rii,
583 3126 724 3193 quod
777 3126 912 3179 diva:
973 3125 1249 3180 memoria:
1295 3125 1555 3195 Pippinus
1607 3129 1874 3196 quondam
1930 3145 2024 3183 rex

441 3213 774 3270 Francorum
799 3227 1051 3288 suggestu
1077 3224 1131 3272 et
1165 3233 1434 3273 consensu
1463 3217 1740 3275 Bcrtradae
1768 3219 2025 3291 Augusta:

440 3305 686 3376 conjugis
717 3322 849 3374 suae,
885 3308 936 3362 itt
968 3308 1175 3364 honore
1204 3309 1417 3365 Domini
1461 3311 1635 3366 nostri
1659 3309 1784 3366 Jesu
1822 3311 2021 3370 Christi

439 3396 662 3466 ejusque
712 3399 1066 3455 sanctissima:
1123 3399 1412 3456 Genitricis
1443 3402 1642 3467 Mariae,
1673 3404 1726 3458 in
1760 3403 1900 3475 juris
1941 3404 2022 3459 sui

439 3488 771 3558 proprietate
803 3505 832 3544 a
866 3489 1232 3546 fundamentis
1253 3494 1579 3559 construxit,
1608 3511 1713 3549 una
1745 3511 1868 3551 cum
1914 3495 2057 3552 θοι-.

437 3579 578 3648 legio
620 3583 1008 3637 monachorum
1065 3583 1166 3640 sub
1199 3596 1263 3637 eo
1311 3583 1633 3654 regulariter
1689 3585 2020 3655 degentium,

437 3670 573 3723 adiit
601 3671 911 3727 serenitatis
959 3682 1159 3728 nostra:
1205 3672 1578 3738 clementiam,
1633 3675 1937 3743 deprecans
1965 3685 2024 3731 ιιι

440 3770 787 3816 monumenta
843 3771 899 3817 et
949 3765 1300 3820 auctoritates
1361 3777 1715 3835 augustorum
1766 3766 1836 3821 ab
1882 3768 2020 3837 ipso,

438 3854 650 3909 scilicet
680 3854 904 3924 Pippino
938 3867 994 3912 et
1021 3857 1184 3920 infra,
1215 3874 1335 3928 qua:
1367 3874 1530 3928 super
1572 3866 1758 3912 tenore
1784 3875 1846 3914 ac
1874 3869 2019 3913 statu

437 3945 648 4015 praefati
683 3950 997 4002 monasterii
1029 3950 1141 4004 suis
1166 3951 1449 4019 prteceptis
1475 3959 1528 4004 et
1559 3950 1752 4004 edictis
1792 3944 2019 4005 robora-

439 4048 586 4107 runt,
599 4039 787 4094 eadem
809 4055 908 4094 nos
928 4042 1182 4095 innovare
1205 4051 1255 4095 et
1292 4041 1453 4111 regali
1469 4044 1789 4096 auctoritate
1805 4042 2021 4098 firmare

437 4134 614 4188 denuo
655 4133 1023 4204 dignarentur.
1055 4134 1297 4202 Quorum
1329 4134 1682 4203 petitionibus
1721 4133 2018 4190 libentissi-

437 4237 524 4279 me
555 4232 876 4290 annuentes,
909 4224 1290 4295 praapositique
1320 4224 1402 4278 sui
1452 4222 1814 4277 constantiam
1859 4221 1912 4277 in
1941 4223 2021 4278 di-

436 4315 576 4370 vinis
605 4315 849 4390 excubiis
890 4315 1216 4370 indefessam
1249 4314 1363 4370 fore
1391 4322 1804 4384 cognoscentes,
1833 4313 2019 4370 decre-

2145 471 2360 526 aliunde
2389 473 2684 544 recipiendi
2721 489 2987 536 rectorem
3017 483 3066 535 vi
3099 483 3181 536 vel
3214 493 3493 553 potestate
3524 489 3723 560 alicujus

2143 580 2418 634 persome;
2454 570 2546 623 sed
2579 569 2632 623 in
2660 573 2847 627 eadem
2877 573 3145 632 electione
3177 579 3364 650 vigeat
3399 596 3526 636 cum
3559 597 3720 642 uostm

2145 675 2408 716 consensu
2433 674 2598 732 atque
2637 667 2864 722 consilio
2893 672 3170 727 seniorum
3196 676 3265 729 de
3295 676 3412 745 ipsa
3441 693 3715 749 congrega-

2145 750 2289 804 tione
2319 754 2708 821 sapicntiorum
2759 760 3006 826 probitas
3043 777 3106 817 ac
3158 765 3388 822 humilis
3445 777 3719 840 Suggestio.

2145 838 2401 899 Volumus
2430 856 2717 914 praeterea,
2742 850 2928 920 sicque
2955 855 3418 920 decernimus,'ut
3447 838 3719 926 reg—villa,

2141 932 2311 1000 cella},
2369 943 2531 1005 atque
2560 942 2956 1008 possessiones,
3011 946 3065 999 in
3122 949 3560 1020 quibuscunque
3618 956 3717 1009 sita

2141 1025 2249 1078 sint
2301 1028 2613 1095 provinciis,
2646 1040 2699 1085 et
2735 1033 2958 1101 praelato
3005 1036 3238 1092 subdita:
3291 1041 3511 1095 debent
3535 1047 3716 1100 servire

2142 1115 2278 1180 loco,
2313 1119 2411 1173 sub
2454 1119 2766 1178 defensione
2794 1137 2996 1180 nostra:
3034 1129 3281 1185 tuitionis
3319 1141 3498 1201 atque
3525 1137 3715 1188 mundi-

2139 1208 2311 1264 burdo
2337 1211 2406 1263 ab
2446 1213 2591 1266 omni
2625 1217 2908 1273 exactione
2937 1234 3000 1274 ac
3046 1221 3394 1278 discussione
3431 1227 3714 1296 cnjnspia

2141 1297 2408 1355 immunes
2452 1310 2506 1356 et
2559 1303 2774 1361 intactae
2810 1323 3026 1379 semper
3063 1314 3394 1368 consistant.
3459 1315 3644 1372 Nullos
3674 1322 3716 1372 in

2139 1391 2218 1447 eis
2243 1408 2428 1449 comes
2460 1394 2574 1449 sive
2601 1397 3094 1471 aliquajttdiciaria
3136 1415 3405 1476 potestas,
3437 1424 3716 1480 eorumque

2137 1487 2330 1558 aliquis
2354 1490 2444 1560 qui
2475 1493 2860 1562 rempublicam
2887 1498 3272 1556 administrare
3297 1501 3539 1567 debent,
3563 1504 3714 1559 loco

2138 1580 2334 1635 habeat
2362 1584 2577 1638 tenendi
2614 1585 2944 1642 audientiam
2967 1590 3052 1645 vel
3081 1590 3369 1660 placitum,
3402 1595 3480 1648 ab
3503 1598 3583 1649 eis
3616 1599 3714 1651 exi-

2136 1669 2292 1737 gendi
2327 1669 2497 1736 freda,
2543 1675 2884 1743 paralredos,
2940 1678 3240 1746 coniectos,
3274 1684 3590 1746 vehiculos,
3635 1689 3714 1740 aii-

2136 1760 2437 1828 cujusmodi
2471 1765 2778 1833 requirendi
2829 1769 3064 1823 bannum
3096 1773 3179 1825 vel
3219 1773 3596 1844 heribannum
3623 1786 3711 1830 tam

2134 1867 2163 1905 a
2208 1854 2569 1911 servientibus
2622 1865 2677 1911 et
2718 1859 2948 1925 colonis,
2993 1863 3084 1932 qui
3140 1879 3239 1932 per
3288 1867 3492 1920 eadem
3535 1870 3711 1936 passi

2135 1945 2375 2000 resident
2425 1948 2720 2015 territoria,
2785 1967 2945 2016 quam
3002 1954 3169 2008 etiam
3224 1971 3254 2011 a
3309 1957 3512 2015 liberis
3553 1971 3608 2014 et
3655 1963 3710 2014 de

2135 2041 2342 2094 hisdem
2377 2042 2635 2097 beneficia
2685 2045 3032 2110 habentibus,
3063 2049 3189 2117 quia
3251 2050 3338 2106 sic
3399 2055 3624 2107 censuit
3660 2056 3715 2106 de

2133 2132 2212 2184 cis
2241 2129 2469 2185 Carolus
2496 2131 2710 2202 Pippini
2753 2134 2898 2190 ﬁlius
2942 2137 3242 2206 imperator
3272 2141 3582 2206 maximus,
3617 2158 3713 2197 om-

2135 2233 2340 2289 nesque
2367 2209 2504 2288 post-
2533 2236 2656 2276 eum
2705 2239 2879 2293 usqtte
2928 2226 2996 2280 ad
3023 2227 3137 2282 hmo
3188 2236 3442 2300 tempora
3489 2248 3642 2302 rcges
3669 2245 3713 2287 et

2133 2310 2366 2380 augusti.
2395 2311 2458 2364 Et
2483 2320 2544 2365 ttt
2572 2313 2740 2368 abbas
2759 2330 2887 2370 suos
2909 2317 3201 2374 advocatos
3225 2320 3434 2376 habeat
3456 2322 3712 2378 licentiam

2133 2403 2421 2469 statuendi,
2488 2405 2605 2459 sine
2637 2394 2807 2477 regis
2863 2413 3186 2479 praesentia,
3233 2413 3291 2466 in
3349 2415 3711 2487 cujuscunque

2133 2493 2348 2548 comitis
2369 2495 2588 2550 mallum
2638 2498 2887 2554 voluerit.
2916 2499 3187 2571 Quidquid
3217 2519 3353 2558 vero
3374 2504 3477 2572 jus
3524 2507 3634 2562 ﬁsci
3655 2511 3710 2561 de

2122 2576 2455 2654 sitpradictis
2497 2589 2658 2643 rebus
2707 2591 2774 2644 ad
2826 2594 3002 2660 regios
3052 2609 3182 2650 usus
3235 2596 3708 2668 ministrorumqae

2131 2671 2246 2739 ejus
2272 2675 2487 2745 exigere
2516 2679 2736 2747 poterit,
2766 2681 2832 2736 ad
2858 2683 3144 2737 luminaria
3171 2685 3425 2754 ejusdem
3457 2688 3706 2748 ecclesir,

2131 2779 2195 2819 ac
2223 2767 2589 2824 recreationcs
2640 2771 3018 2842 indigentium,
3067 2776 3212 2831 sicut
3249 2778 3322 2832 ab
3350 2781 3436 2834 eis
3480 2790 3562 2834 est
3597 2797 3709 2834 ena-

2133 2869 2367 2920 cessum,
2407 2866 2463 2913 et
2505 2860 2558 2912 in
2603 2863 2994 2932 sempiternum
3043 2868 3423 2923 concedimus.
3479 2870 3556 2926 De
3589 2871 3709 2923 telo-

2131 2945 2248 3002 neis
2274 2961 2492 3018 quoque
2520 2951 2730 3006 cunctis
2756 2955 2924 3008 etiam
2956 2957 3362 3026 occasionibus,
3409 2963 3707 3016 exactioi-

2131 3026 2250 3103 bus,
2284 3032 2735 3108 quemadmodum
2765 3056 2984 3101 constat
3031 3051 3363 3118 praefinitum
3418 3069 3452 3106 a
3480 3055 3709 3123 supradi-

2128 3129 2231 3183 ctis
2291 3131 2528 3201 regibus,
2596 3135 2960 3204 prrecipicndo
3015 3139 3389 3208 decernimus,
3467 3160 3538 3198 ne
3603 3147 3710 3213 quis

2128 3220 2348 3290 exigere
2375 3236 2670 3292 praesumat
2702 3227 2770 3282 ab
2796 3243 2986 3284 eorum
3017 3231 3284 3287 ministris
3306 3245 3360 3289 et
3391 3236 3604 3301 missis,
3630 3240 3708 3305 qni

2125 3311 2194 3366 ob
2223 3313 2467 3370 diversas
2498 3331 2690 3372 causas
2724 3334 2787 3375 ac
2832 3321 3188 3378 necessitates
3245 3325 3574 3382 discurrunt
3627 3344 3711 3398 per

2125 3405 2338 3462 diversa
2370 3407 2511 3477 loca,
2545 3411 2639 3465 sed
2677 3427 2852 3482 neque
2879 3414 2946 3470 ab
2997 3415 3105 3470 ullo
3130 3417 3200 3471 de
3253 3426 3364 3472 tota
3418 3419 3630 3475 familia
3657 3421 3707 3475 St

2127 3497 2424 3557 Salvatoris
2453 3502 2506 3556 in
2543 3503 2690 3558 nullo
2716 3515 2958 3561 mercato
2987 3509 3139 3579 regni
3187 3511 3396 3576 nostri,
3451 3525 3708 3584 portuque

2127 3589 2323 3655 navali,
2352 3591 2435 3645 vel
2466 3593 2657 3648 naulus
2695 3594 2780 3649 vel
2823 3595 3064 3652 teloneus
3115 3600 3460 3667 requiratur,
3506 3602 3707 3672 sintque

2125 3695 2340 3750 semper
2389 3690 2444 3737 et
2501 3685 2701 3755 ubique
2751 3687 2820 3741 ab
2873 3689 3181 3754 hujusmodi
3237 3695 3600 3748 exactoribus
3663 3706 3709 3748 et

2124 3774 2406 3827 exactione
2438 3775 2707 3831 immunes
2754 3785 2810 3832 et
2855 3779 3053 3843 securi,
3095 3795 3430 3852 quocunque
3477 3784 3706 3839 locorum

2123 3861 2345 3917 ditionis
2382 3873 2579 3919 nostra:
2622 3867 2898 3935 potuerint
2927 3871 3237 3937 pervenire.
3297 3871 3520 3928 Placuit
3552 3876 3705 3928 etiam

2124 3954 2255 4010 illud
2305 3955 2648 4025 interserere,
2699 3967 2761 4014 ut
2802 3961 2844 4015 si
2881 3962 3087 4032 aliquid
3113 3965 3300 4022 minus
3349 3969 3707 4038 reperiturde

2121 4046 2490 4116 imperialibus
2544 4050 2756 4114 edictis,
2813 4054 3201 4125 regalibusque
3263 4062 3587 4127 preme-ptis.
3635 4061 3706 4113 vel

2123 4134 2498 4195 instrumentis
2525 4141 2859 4211 chartarum,
2889 4159 2986 4214 per
3007 4160 3126 4214 quae.
3153 4147 3276 4203 loco
3304 4153 3629 4220 supradicto
3662 4163 3706 4204 et

2121 4228 2385 4284 nobilium
2420 4230 2547 4285 filiis
2593 4247 2680 4287 res
2715 4233 2799 4288 vel
2825 4235 3024 4305 praedia
3056 4237 3307 4308 lcgaliter
3336 4242 3456 4296 sint
3499 4242 3704 4302 collata.

2120 4320 2262 4390 quod
2291 4329 2400 4376 tum
2426 4325 2757 4381 crematione
2800 4328 3029 4384 incendii
3063 4331 3190 4386 facti
3222 4348 3324 4400 per
3352 4335 3706 4405 irruptiones

433 4409 610 4462 vimus
635 4407 708 4462 ita
741 4407 877 4473 fieri,
910 4415 966 4462 et
990 4406 1252 4476 jussimus
1278 4407 1380 4462 hoc
1423 4421 1660 4478 pratsens
1701 4406 2013 4462 muniminis
2045 4421 2091 4480 ι)
2119 4425 2473 4480 paganorum,
2504 4429 2597 4468 seu
2621 4414 2801 4484 aliqua
2845 4417 3199 4488 negligentia,
3232 4424 3321 4477 vel
3370 4427 3546 4480 nimia
3571 4437 3706 4482 vetn-

435 4498 602 4554 nostri
646 4498 914 4552 conscribi
955 4506 1306 4568 prmceptum,
1352 4515 1448 4568 per
1499 4500 1643 4570 quod
1683 4508 2014 4570 cognoscant

430 4607 622 4649 omnes
653 4592 746 4646 Dei
795 4591 980 4648 fideles
1013 4601 1068 4647 et
1104 4593 1275 4647 nostri
1327 4601 1431 4646 tam
1463 4590 1629 4646 futuri
1680 4608 1840 4662 quam
1884 4607 2018 4667 prac-

431 4693 637 4747 sentes,
683 4683 941 4752 quoniam
989 4682 1254 4753 quidquid
1303 4683 1370 4737 de
1426 4691 1569 4736 statu
1621 4683 1864 4752 prgedicti
1911 4683 2013 4738 loci

427 4785 865 4846 cunctarumque
917 4775 983 4830 ad
1011 4775 1161 4830 illtttn
1194 4775 1600 4846 pertinentium,
1637 4775 1874 4831 universi
1921 4778 2016 4830 de-

429 4884 678 4926 cessores
706 4869 875 4922 nostri
899 4867 1232 4922 scrcnissimi
1257 4868 1488 4937 Augusti
1517 4866 1726 4922 utiliter
1743 4867 2013 4936 perfecte-

407 4979 535 5032 .que
557 4968 874 5026 sanxerunt,
906 4960 956 5014 id
985 4976 1083 5031 pro
1115 4960 1353 5015 remedio
1378 4959 1547 5014 nostri
1574 4959 1746 5030 patris
1774 4959 2011 5015 Hciurici

431 5051 656 5108 secundi
713 5050 1080 5105 ltoazanorum
1121 5049 1464 5120 imperatoris
1498 5049 1754 5130 Augusti,
1777 5065 1876 5104 nec
1905 5065 2010 5104 non

429 5144 499 5198 ob
547 5143 915 5198 interventum
961 5152 1158 5196 nostra:
1188 5141 1524 5196 charissima:
1553 5140 1766 5208 matris,
1801 5141 2012 5196 scilicet

414 5238 654 5306 'Agnetis
682 5236 1043 5308 itnpcratricis
1073 5235 1346 5305 Augustae,
1382 5233 1758 5290 inconvulsum
1806 5249 1872 5290 ac
1900 5243 2012 5288 sta-

429 5326 538 5382 bile
568 5328 738 5382 modis
776 5329 1028 5383 onmibus
1061 5335 1285 5383 cunctas
1330 5341 1425 5395 per
1473 5329 1849 5383 successiones
1905 5343 2013 5382 ma-

429 5433 587 5478 nere.
617 5419 978 5474 decernimus.
1032 5419 1201 5493 Igitur
1251 5420 1545 5474 secundum
1596 5431 1924 5492 przcceptum
1955 5430 2012 5478 et

411 5508 668 5564 edictum
715 5508 1111 5577 praeclarissimi
1158 5508 1364 5578 praefati
1402 5511 1542 5580 regis
1604 5511 1836 5582 Pippini,
1892 5527 2008 5566 om-

403 5605 692 5671 .niumque
717 5615 1097 5656 successorum
1121 5601 1238 5669 ejus
1269 5611 1624 5672 augustorum
1655 5604 2006 5669 auctoritate,

429 5691 774 5764 privilegium
798 5692 868 5747 sit
914 5690 1196 5746 monachis
1219 5692 1462 5761 praedicti
1491 5695 1725 5752 coeuobii
1772 5694 2006 5766 eligendi

2120 4513 2261 4558 state
2333 4504 2608 4574 deperisse
2679 4509 2973 4579 probatur;
3032 4513 3212 4568 nullus
3271 4527 3472 4575 contra
3533 4522 3704 4575 loc

2118 4593 2266 4648 illum
2317 4597 2541 4665 ejusque
2603 4599 2883 4670 privilegia
2937 4602 3147 4672 aliquas
3211 4610 3580 4676 repetitiones
3633 4615 3702 4666 vel

2115 4684 2430 4740 occasiones
2468 4695 2688 4759 prepter
2713 4689 3016 4759 hujusmodi
3047 4709 3161 4748 rem
3190 4712 3415 4754 movere
3455 4703 3702 4769 deinceps

2093 4765 2434 4844 'prznsumat;
2465 4779 2558 4832 sed
2606 4781 2965 4853 quodcunque
2996 4784 3070 4838 illi
3117 4786 3240 4842 loco
3289 4794 3599 4848 secundum
3632 4797 3698 4849 le

2114 4879 2234 4933 gem
2264 4879 2293 4918 a
2318 4880 2640 4938 quocunque
2660 4869 2913 4924 collatum
2939 4882 3046 4938 est,
3069 4875 3335 4934 hactenus
3365 4882 3484 4936 sine
3514 4887 3700 4953 repet}-

2117 4954 2262 5008 tione
2299 4958 2560 5024 possedit,
2581 4957 2790 5029 jugiter
2830 4962 3034 5033 absque
3062 4971 3506 5027 contradictione
3535 4976 3697 5027 alicu-

2107 5049 2198 5120 jus
2241 5051 2538 5119 possideat,
2572 5064 2625 5108 et
2670 5055 2715 5108 si
2765 5056 2946 5126 aliqua
2995 5062 3197 5118 exinde
3225 5080 3328 5134 per
3378 5069 3694 5136 pravitatem

2112 5156 2404 5212 pravorum
2461 5143 2740 5199 hominum
2796 5157 2923 5202 sunt
2989 5151 3186 5208 educta
3235 5156 3349 5211 sive
3402 5159 3693 5218 subtracta.

2087 5225 2389 5303 repetendi
2423 5250 2485 5290 ea
2513 5235 2740 5292 liberam
2773 5241 2974 5296 habeat
3017 5242 3542 5302 facultatem.‘lnter
3591 5251 3691 5302 Im:

2112 5325 2363 5382 liberales
2392 5343 2606 5398 quoque
2635 5331 2974 5400 donationes,
2999 5343 3145 5405 quas
3173 5337 3490 5395 deccssores
3524 5344 3688 5395 nostri

2112 5431 2269 5488 reges
2315 5418 2433 5474 loco
2457 5421 2634 5475 eidem
2679 5423 3047 5492 contulerunt,
3097 5431 3372 5497 reperitur
3401 5433 3499 5485 hoc
3532 5431 3604 5485 ab
3626 5431 3691 5484 eis

2111 5525 2235 5565 esse
2286 5526 2625 5577 concessum,
2669 5525 2936 5582 quatenus
2979 5518 3025 5570 si
3089 5528 3334 5577 rectores
3385 5522 3502 5592 ejus
3573 5523 3689 5575 utile

2105 5602 2489 5672 iudicaverint,
2519 5614 2814 5660 mercatum
2854 5614 3100 5662 statuant
3144 5610 3200 5664 in
3246 5627 3577 5682 quocunque
3607 5627 3688 5682 po-

2113 5696 2328 5753 testatis
2361 5712 2468 5752 sua:
2501 5695 2619 5756 loco
2667 5697 2956 5769 voluerint,
2994 5702 3316 5772 propriique
3357 5706 3686 5763 numismstis
