3838 6322
140 317 282 370 H25

1342 307 1692 367 IlliNRlCUS
1732 312 1798 368 iV
1828 314 1966 369 IMP.

3267 292 3415 379 .1120

135 445 551 500 percussnram,
608 438 879 485 monetam
908 429 1166 485 videlicet
1222 427 1448 482 faciendi
1505 427 1728 490 ibidem,
1760 428 2014 490 Α11111105
2050 446 2240 500 preces
2270 431 2582 501 debitasqne
2633 433 2742 488 Deo
2772 431 2956 488 laudes
3013 435 3098 490 die
3149 447 3412 508 nocteque

127 538 206 575 ex
228 523 656 592 regiahabereut
676 522 1001 576 auctoritate
1025 521 1318 576 licentiam.
1349 519 1500 586 Quod
1526 528 1579 572 et
1606 533 1722 584 nos,

127 614 179 666 si
217 614 298 669 sic
343 614 510 670 abbas
560 614 926 668 necessarium
967 613 1206 675 duxerit,
1251 611 1481 667 libenter
1529 612 1723 664 ammi-

124 720 286 766 mus.
310 713 365 760 et
400 706 726 762 auctoritate
755 716 938 761 nostra
970 706 1311 770 roboramus,
1359 706 1540 776 sitque
1572 705 1721 760 locus

124 801 232 856 ille
286 803 736 873 prmclarissimus
787 804 886 858 sub
946 803 1232 866 tutamine,
1305 809 1359 855 et
1427 810 1725 856 cmumtate

125 905 344 950 nostra:
371 895 716 961 defensionis,
762 895 918 951 sicuti
972 894 1137 949 fuisse
1166 896 1425 964 probatur
1459 893 1558 946 sub
1603 908 1718 947 0m.-

126 987 296 1041 nium
340 987 430 1057 qui
478 997 603 1040 ante
649 1003 748 1041 nos
804 986 1022 1041 fuerunt
1100 1002 1285 1055 regum
1352 986 1596 1042 tuitione.
1659 986 1724 1040 Et.

121 1081 266 1148 quia
294 1095 386 1134 rex
405 1079 644 1143 L'telestis
671 1079 910 1148 ejusdem
940 1081 1040 1136 loci
1067 1079 1412 1149 peculiariter
1436 1097 1542 1134 non
1575 1080 1724 1135 dedi-

122 1176 336 1236 gnatur
362 1183 482 1223 esse
517 1185 815 1239 possessor,
872 1185 993 1224 cum
1028 1179 1173 1224 totus
1198 1169 1314 1238 ejus
1345 1170 1415 1224 sit
1463 1171 1612 1225 orbis
1635 1171 1718 1240 ip-

122 1260 362 1327 siusque
402 1260 700 1331 plenitudo,
747 1277 838 1316 rex
875 1271 1123 1318 terrenus
1158 1263 1210 1316 in
1242 1273 1499 1331 quantum
1556 1263 1721 1329 valet,

122 1349 206 1403 ad
235 1350 406 1406 vicem
459 1351 617 1421 hujus
647 1353 999 1422 infatigabilis
1033 1354 1246 1409 studeat
1274 1371 1394 1411 esse
1445 1355 1717 1423 defensor,

123 1449 406 1506 quatenus
455 1442 656 1496 milizes
683 1443 886 1498 Christi
941 1444 1072 1499 inibi
1122 1446 1379 1516 degentes
1413 1461 1512 1517 pro
1565 1449 1721 1504 nobis

123 1533 456 1600 1-1111011511110
493 1533 559 1586 ad
594 1550 690 1588 nos
716 1536 1134 1605 pertinentibus,
1168 1547 1329 1607 atque
1362 1539 1513 1609 regni
1547 1541 1718 1594 nostri

124 1634 510 1688 sratu,euncta
533 1627 694 1682 etiam
725 1629 778 1682 in
808 1637 916 1684 toto
942 1631 1074 1684 orbe
1091 1629 1278 1685 diffusa
1305 1632 1570 1697 Ecclesia,
1592 1649 1719 1686 con-

291 1781 593 1796 ᾑ-

600 1771 957 1782 -υ--υη-

600 1785 957 1798 ————

383 1924 390 1928 '
466 1913 529 1977 ε)
957 1821 1946 2101 gematin
2040 1925 2254 2106 IV)

1830 521 2144 590 persolvere
2183 524 2442 578 alacriter
2470 534 2698 580 certent.
2729 525 2796 580 Et
2829 534 2884 580 nl
2915 527 3029 582 hcce
3066 528 3410 585 liberalitatis

1829 621 2028 667 nostrae
2074 613 2339 671 institutio
2401 616 2696 672 firmiorem
2754 617 2808 672 in
2867 619 2958 673 Dei
3031 620 3250 675 nomine
3313 637 3409 692 per

1829 704 2008 758 omnia
2043 704 2222 758 futura
2256 717 2496 776 tempora
2534 710 2780 764 obtineat
2829 710 3206 776 stabilitatem,
3245 728 3408 766 manu

1830 807 2013 852 nostra
2075 799 2265 854 subtus
2321 816 2441 854 eam
2501 801 2854 865 firmavimus,
2918 803 3187 876 sigillique
3239 805 3410 860 nostri

1835 891 2193 961 impressione
2215 893 2481 960 jussimus
2511 894 2775 965 insigniri.

1904 981 2124 1049 Signum
2156 982 2336 1036 domui
2365 981 2600 1036 Iletnt'ici
2627 987 2802 1054 quarti
2836 987 2986 1056 regis.

1835 1063 1850 1074 ’
1901 1073 2226 1130 Wiuiterius
2269 1074 2626 1129 cauccllarius
2671 1076 2788 1130 vice
2825 1076 3095 1132 Luitboldi
3129 1077 3411 1133 archican-

1831 1171 2057 1238 eellarii,
2087 1169 2480 1240 archiepiscopi
2512 1170 2820 1240 recognovi.

1899 1265 2029 1320 Data
2069 1281 2244 1320 nonas
2287 1262 2618 1327 Decembris.
2659 1277 2802 1317 anno
2842 1261 3133 1319 Dominicm
3158 1261 3410 1316 lncarna—

1828 1361 1988 1414 tionis
2020 1359 2176 1424 l056,
2209 1359 2500 1413 indictione
2528 1373 2604 1423 Ix,
2645 1371 2790 1410 anno
2824 1365 3006 1412 autetn
3033 1356 3213 1414 domui
3247 1354 3412 1408 Hein-

1828 1452 1924 1506 rici
1947 1451 2014 1506 lV
2042 1451 2185 1521 regis
2207 1450 2445 1505 ordinat.
2479 1465 2563 1513 111,
2598 1448 2746 1518 regni
2787 1464 2824 1501 1.

1905 1545 2100 1598 Actum
2127 1542 2364 1598 Colonite
2393 1542 2444 1596 in
2470 1542 2562 1596 Dei
2589 1540 2806 1595 nomine
2836 1538 3086 1594 feliciter.
3121 1538 3317 1593 Amen.

2346 1771 2358 1884 ἰ
2378 1837 2496 1888 liti,"
2513 1849 2520 1862 1
2567 1840 2604 1876 ξ’(
2629 1847 2708 1880 ¹ι.¹ἷ“.
2807 1833 2842 1880 {‘1
2859 1841 2916 1877 ,λιι
2948 1838 2961 1862 .0
3000 1819 3062 1888 in“
3091 1853 3101 1872 ‘

2378 1833 2390 1842 '
2443 1837 2488 1856 *ι
2575 1840 2680 1860 *με
2813 1833 2884 1860 πμ
2948 1835 3048 1862 11.-ι

2567 1843 2620 1906 τ’.
2639 1853 2654 1876 ’·
2677 1865 2708 1880 “
2805 1847 3101 1914 f;'_?..'.-...j,..‘..‘

2991 1915 3008 1939 κ’

2365 1889 2506 2033 --ω-
2735 1899 2784 1909 μ.-
2805 1889 3168 1939 -_......-...:...rm.-

533 2129 758 2187 llUJUS
800 2082 1084 2186 NOMlNdS
1115 2129 1324 2185 INTER
1352 2113 1973 2198 REGES'QUARTUS,
2009 2079 2622 2188 INTER’AUGUSTOS
2662 2128 2964 2187 TERTIUS

1377 2269 1521 2350 (Au.
1569 2267 1966 2350 1036-1106.)

317 2349 1037 2566 HEINRICI
1133 2437 1351 2566 1v.
1457 2373 1782 2561 IMP.
1890 2427 3256 2567 CONSTITUTIONES

1053 2650 1283 2724 (Psun,
1319 2649 1552 2704 Monum.
1582 2645 1757 2702 Germ.
1787 2617 1932 2712 Μελ,
1965 2663 2090 2719 ιιρε.
2121 2657 2162 2700 1.
2195 2648 2256 2714 11,
2291 2665 2343 2720 p.
2375 2650 2489 2722 49.)

394 3102 396 3105 .
457 3061 768 3103 0011100105
797 3061 1242 3110 orrcuustucusts
1275 3046 1372 3116 (l).

670 3141 798 3210 (An.
831 3140 990 3204 l076,
1021 3140 1164 3210 Oct.)

160 3231 433 3286 Promisso
481 3229 717 3285 Heinrici
753 3232 908 3300 regis,
940 3247 1116 3300 quau;
1149 3231 1268 3299 fecit
1316 3229 1675 3284 Ilildebraudc

570 3317 743 3372 papw,
773 3301 862 3372 qui
887 3311 933 3356 et
965 3300 1270 3372 Gregorius.

198 3390 434 3446 Consilio
464 3389 701 3445 fidelium
730 3399 1038 3444 nostrorum
1077 3391 1407 3455 admonitus,
1433 3391 1546 3445 sedi
1581 3406 1710 3460 apo-

119 3483 334 3538 stolica:
375 3492 430 3538 et
481 3482 576 3537 tibi
629 3481 891 3552 Gregorio
916 3498 1067 3552 papa:
1110 3483 1346 3538 debitam
1372 3483 1425 3538 in
1459 3485 1712 3539 omnibus

117 3590 346 3630 servare
375 3573 739 3628 obedientiam
769 3573 1024 3644 promitto
1055 3574 1092 3639 ',
1117 3581 1169 3627 et
1194 3589 1526 3644 quaecunque
1579 3573 1714 3642 ejus-

119 3665 248 3721 dem
279 3664 424 3719 sedis
467 3663 552 3718 vel
601 3664 677 3718 lui
735 3664 956 3718 honoris
1003 3665 1290 3718 imminuto
1341 3679 1437 3734 per
1467 3680 1564 3720 nos
1590 3673 1708 3718 orta

117 3754 360 3818 videtur,
385 3751 578 3808 devota
604 3752 975 3808 satisfactione
1002 3753 1292 3808 emendare
1323 3753 1544 3808 curabo.
1575 3752 1709 3820 Quia

117 3864 256 3903 vero
286 3847 535 3918 graviora
567 3846 812 3918 quaedam
845 3847 910 3901 de
955 3846 1430 3915 nobisjactantur,
1480 3863 1596 3916 quae
1659 3847 1708 3900 in

91 3927 370 3997 eamdem
402 3941 582 3996 sedem
625 3949 679 3994 et
717 3949 864 3994 tuam
892 3939 1252 3994 reverentiam
1290 3939 1595 4004 statuerim,
1647 3955 1707 3994 ea

119 4047 364 4102 congruo
387 4041 626 4101 tempore
651 4032 671 4061 ’
708 4030 791 4084 vel
817 4031 1139 4086 innocentia:
1169 4028 1446 4102 suffragio,
1482 4032 1564 4087 vel
1590 4031 1710 4100 opi-

119 4121 331 4176 tulante
374 4121 514 4186 Deo,
575 4122 905 4192 expurgabo,
972 4121 1054 4176 vel
1105 4132 1214 4176 tum
1254 4122 1470 4177 demum
1500 4139 1598 4191 pro
1628 4123 1711 4176 his

118 4221 520 4282 competentem
543 4213 915 4283 paenitentiam
947 4212 1178 4268 libenter
1211 4215 1529 4284 amplectar.
1569 4213 1710 4270 Con-

119 4306 280 4359 decet
301 4313 478 4359 autem
506 4313 560 4360 et
597 4305 938 4359 sanctitatem
971 4315 1140 4370 tuam,
1170 4321 1234 4360 ea
1263 4322 1381 4376 qum
1421 4308 1485 4362 de
1515 4317 1564 4363 te
1591 4307 1706 4361 vul-

117 4406 250 4467 gata
279 4397 591 4451 scandalum
621 4397 862 4452 ecclesiae
908 4398 1146 4466 pariunt,
1204 4413 1309 4453 non
1340 4398 1701 4464 dissimulare,

119 4489 216 4542 sed
245 4497 451 4543 remoto
475 4505 504 4544 a
537 4488 748 4559 publica
798 4490 1131 4546 conscientia
1187 4500 1242 4544 et
1283 4491 1386 4545 hoc
1424 4492 1698 4562 scrupulo,

120 4579 484 4635 universalem
511 4589 618 4635 tam
641 4581 881 4636 ecclesiae
899 4597 1059 4650 quam
1080 4582 1226 4651 regni
1255 4582 1699 4652 tranquillitatem

117 4685 218 4739 per
250 4678 395 4724 tuam
428 4670 747 4725 saoientiam
771 4670 1024 4726 stabiliri.

641 4762 883 4818 Edictum
909 4779 1168 4838 generate.

129 4848 136 4855 ’
191 4853 236 4908 ll
293 4855 386 4909 Dei
415 4857 588 4927 gratia
626 4873 740 4923 rex,
767 4859 1208 4930 archiepiscopis,
1239 4860 1526 4931 episcopis,
1557 4878 1704 4918 mar-

1821 2947 2129 3011 chionibns,
2155 2947 2466 3013 comitibus,
2501 2955 2555 3001 et
2583 2948 2952 3020 cujuscunque
2985 2951 3262 3023 dignitatis
3307 2970 3401 3009 or»

1818 3038 1950 3104 dini,
1980 3040 2136 3094 bonae
2161 3053 2271 3094 sua:
2320 3040 2612 3095 voluntatis
2660 3041 2950 3111 gloriosam
3010 3045 3397 3114 dignationem.

1817 3128 1952 3196 Quia
1983 3131 2382 3204 mansuetudini
2407 3141 2605 3187 nostra:
2629 3143 2814 3187 contra
2847 3135 3029 3190 sedem
3051 3137 3398 3206 apostolicam

1815 3223 2039 3292 ejusque
2070 3224 2435 3276 venerandum
2466 3225 2754 3292 prtesulem
2794 3226 3052 3280 domuum
3077 3228 3396 3300 Gregorimn

1815 3327 2009 3381 papam
2043 3315 2110 3365 ab
2140 3311 2409 3380 aliquibus
2439 3313 2754 3382 subreptum
2783 3329 2906 3370 esse
2928 3315 3162 3372 fidelium
3195 3329 3400 3374 nostro-

1818 3421 1933 3459 rum
1963 3406 2306 3474 suggestione
2357 3407 2780 3476 recognovimus,
2832 3407 3032 3476 placuit
3066 3411 3220 3465 nobis
3255 3408 3400 3480 prio-

1816 3509 1931 3549 rem
1978 3497 2302 3552 sententiam
2351 3496 2553 3552 salubri
2595 3499 2826 3554 consilio
2877 3510 3110 3568 mutare,
3151 3510 3206 3556 et
3247 3513 3398 3556 more

1815 3595 2218 3642 antecessorum
2275 3589 2790 3658 progenitorumque
2853 3601 3158 3645 nostrorum
3221 3592 3396 3647 eidem

1815 3687 2179 3734 sacrosancta:
2201 3679 2315 3733 sedi
2339 3689 2392 3734 et
2413 3679 2506 3749 qui
2539 3680 2586 3735 01
2615 3695 2846 3750 praeesse
2866 3681 3220 3751 dignoscitur,
3245 3683 3398 3738 dom-

1815 3785 1884 3822 110
1913 3768 2176 3840 Gregorio
2203 3787 2374 3840 papte,
2407 3787 2503 3842 per
2532 3774 2712 3827 omnia
2741 3774 2975 3828 debitam
3005 3789 3224 3829 servare
3270 3775 3398 3831 obe-

1813 3861 2096 3930 dientiam,
2125 3864 2252 3919 etsi
2283 3866 2410 3934 quid
2465 3866 2516 3920 111
2573 3883 2694 3921 cum
2743 3868 2961 3937 gravius
3007 3878 3393 3938 praesumptum

1813 3961 1916 4016 est,
1945 3956 2273 4023 competenti
2326 3955 2702 4010 satisfactione
2735 3970 3084 4026 componere.
3141 3956 3395 4012 Volumus

1813 4052 2015 4110 autem,
2046 4053 2106 4098 ut
2140 4055 2196 4100 et
2241 4062 2334 4126 vos
2364 4047 2676 4101 serenitatis
2703 4058 2902 4103 nostra:
2929 4046 3176 4116 exemplo
3209 4048 3395 4102 admo-

1749 4176 1755 4184 .
1812 4133 1934 4198 uiti,
1957 4135 2250 4191 solemnem
2284 4137 2443 4193 beato
2484 4137 2646 4192 Petro
2674 4139 2899 4208 ejusque
2925 4137 3129 4192 vicario
3176 4137 3394 4191 satisfa-

1812 4227 2044 4282 ctionem
2073 4228 2328 4283 exhibere
2358 4244 2462 4282 non
2491 4229 2748 4284 dubitetis
2778 4229 2819 4294 ³,
2847 4238 2901 4283 01
2939 4228 3244 4297 quicunque
3276 4229 3392 4298 ejus

1812 4317 1988 4371 banuo
2033 4335 2090 4371 se
2139 4321 2390 4373 astrictos
2456 4319 2791 4390 intelligunt,
2849 4319 2917 4374 ab
2969 4319 3084 4387 ipso
3145 4317 3392 4374 videlicet

1811 4407 2007 4464 domno
2035 4425 2171 4480 papa
2202 4410 2467 4480 Gregorio
2491 4410 2806 4466 solenmiter
2841 4410 3043 4466 absolvi
3090 4409 3386 4466 elaborent.

2569 4502 2631 4556 11.

2195 4607 2501 4648 couvt-zu'rus
2534 4607 2862 4649 TRICINENSIS
2895 4593 2991 4663 (2).

2056 4683 2120 4737 lu
2144 4685 2362 4739 concilio
2393 4685 2628 4741 Heiurici
2664 4688 2990 4758 imperatoris
3021 4685 3138 4739 Ill.

1879 4777 2143 4844 Quoniam
2201 4795 2444 4838 sanctam
2500 4784 2592 4838 Dei
2643 4782 2928 4838 ecclesiam
2977 4798 3005 4834 a
3057 4781 3383 4852 paganorqu

1807 4873 2292 4940 persecutionibus,
2326 4875 2434 4930 Deo
2461 4874 2702 4944 juvante,
2729 4875 2954 4929 cessisse
2989 4874 3382 4944 cognoscimus,

1394 4979 1627 5035 VARl/E
1669 4981 2074 5042 LECTIONES.

190 5073 212 5106 ¹
241 5088 296 5143 p.
326 5088 370 5128 s.
403 5088 456 5127 0.
482 5072 537 5127 2.
615 5075 634 5105 ³
665 5075 921 5145 temporis
956 5075 1004 5128 1.
1143 5078 1402 5132 recusetis
1423 5080 1477 5132 2.
1509 5095 1512 5098 ·

1655 5192 1864 5250 NOTAE

188 5279 266 5352 (l)
298 5260 590 5334 Promissio
617 5279 758 5350 regis
786 5279 852 5334 de
881 5278 1187 5346 obedientia
1214 5295 1364 5349 papte
1377 5279 1690 5406 {imstauda
1724 5291 1772 5350 ι)
1799 5282 2058 5340 thedralis
2082 5279 2322 5336 ecclesia:
2355 5278 2662 5341 Parmensis
2684 5282 2751 5336 ab
2780 5281 2980 5334 1100100
3001 5277 3118 5334 Affo
3147 5288 3380 5348 reperta,

207 5351 443 5406 edictum
478 5354 544 5405 de
589 5359 799 5404 cassata
849 5351 899 5404 iu
958 5349 1277 5406 Gregorium
1309 5350 1369 5404 Vl
1425 5357 1690 5406 sententia
1803 5355 1965 5406 edidit
2013 5351 2291 5406 Canciaui.
2347 5360 2383 5402 t.
2427 5351 2492 5406 ν.
2529 5367 2580 5406 0.
2615 5352 2704 5406 45.
2750 5351 2848 5406 46ε
2903 5353 3042 5405 1111110
3069 5366 3156 5406 ea.
3187 5351 3380 5404 distin-

90 5349 170 5404 ’01
201 5349 443 5406 edictum
478 5354 544 5405 de
589 5359 799 5404 cassata
849 5351 899 5404 iu
958 5349 1277 5416 Gregorium
1309 5349 1396 5406 VII
1425 5357 1690 5410 sententia

113 5421 408 5491 conventui
435 5419 884 5491 Oppenheimeusi
917 5421 1236 5491 ascribeuda
1277 5435 1397 5477 esse
1423 5425 1692 5479 videntur.

115 5490 422 5546 Servantur
451 5489 502 5544 iu
523 5489 585 5559 ⁷1)
618 5491 800 5546 codice
824 5491 1099 5559 epistulari
1135 5489 1364 5547 Udalrici
1394 5493 1699 5550 Babenber-

114 5563 303 5632 gensis
334 5578 387 5615 u.
424 5561 525 5615 145
553 5571 608 5615 01
641 5561 740 5632 155
768 5570 936 5632 atque
958 5561 1012 5629 2)
1059 5563 1109 5614 in
1141 5562 1324 5616 codice
1375 5565 1520 5632 regio
1546 5563 1694 5619 Hau-

117 5631 392 5706 noverano
415 5632 510 5706 fol.
538 5633 694 5706 §5_e_t
717 5631 817 5697 54;
855 5631 1090 5685 edictum
1143 5646 1357 5703 quoque
1388 5633 1692 5706 Tegnagelli

114 5703 432 5758 Collectioui
459 5720 508 5773 p.
537 5702 642 5758 512
671 5702 928 5756 insertum
955 5713 1059 5758 est.

190 5776 268 5846 ('2)
297 5775 431 5831 Acta
459 5776 593 5840 haec,
624 5775 678 5829 iu
717 5774 1030 5829 membrana
1065 5775 1244 5830 saeculi
1278 5791 1330 5829 111
1358 5775 1561 5831 archivi
1607 5792 1696 5832 ca-

1803 5355 1965 5408 edidit
2013 5351 2291 5412 Caneiaui,
2347 5360 2383 5402 t.
2427 5351 2492 5412 ν,
2528 5367 2580 5420 p.
2615 5352 2704 5412 45,
2750 5351 2848 5412 46ς
2903 5353 3156 5420 111111οί00,
3187 5351 3381 5404 distin-

1803 5426 1982 5479 ctione
2010 5421 2226 5492 meliori,
2271 5419 2539 5485 instituta,
2583 5423 2954 5492 proponimus.
3009 5419 3166 5492 (Etas
3194 5435 3380 5492 eorum

1802 5510 1924 5549 cum
1959 5494 2161 5546 incerta
2187 5491 2277 5551 sit,
2307 5507 2368 5544 ea
2399 5490 2724 5561 expeditioni
2758 5492 2996 5546 lleinrici
3029 5490 3224 5544 Italica}
3247 5491 3378 5561 anni

1804 5564 1964 5627 1081,
1989 5577 2094 5632 qua
2121 5561 2418 5633 [lontanum
2444 5560 2547 5616 iter
2571 5578 2945 5633 aggressurus,
2966 5577 3087 5617 cum
3113 5560 3381 5630 episcopis

1804 5630 2118 5701 ueterisque
2142 5630 2530 5702 ,Langobardize
2572 5630 2898 5702 primoribus
2923 5633 2988 5687 de
3012 5633 3171 5686 rebus
3191 5647 3378 5686 eormn

1805 5705 2056 5760 tractavit
2087 5701 2411 5775 (Nouasnrl,
2448 5701 2586 5775 Vita’
2617 5701 2903 5768 Hermonis,
2936 5719 2984 5760 e.
3016 5703 3132 5775 2‘2),
3164 5703 3382 5773 potissi-

1804 5791 1949 5830 mum
1979 5773 2292 5832 ascribcuda
2321 5774 2651 5832 censuimus.
