3838 6322
402 219 522 272 lli?

1689 201 1872 258 MONU
1885 202 1950 256 11.
1995 198 2262 256 υ11¹1.031.

3547 191 3666 242 Ili!

393 329 555 385 nimis
582 324 867 380 dolendum
891 331 991 385 cst,
1023 317 1266 372 eamdem
1312 318 1502 370 ltnrttm
1553 315 1641 383 qui
1670 313 1979 368 Christiano
2011 317 2054 372 Α
2087 308 2394 364 admonitus
2467 307 2636 360 fuero.
2706 305 2828 359 llmc
2897 320 3081 358 omnia
3148 319 3247 373 per
3297 303 3487 358 decem
3515 317 3674 356 aunrs

394 428 688 475 censentur
739 415 954 470 nomine
1001 410 1268 465 attenuari
1314 406 1825 479 oppugnationibus.
1870 405 1980 459 Res

397 514 580 581 itaque
627 507 978 563 ecclesiarum
1019 513 1424 575 antecesserunt
1480 509 1786 554 nostrorum
1817 513 1980 568 opera

396 600 806 672 opulentissime
841 604 1145 666 congestas,
1181 592 1604 660 eormndemqne
1650 589 1870 643 solertia
1899 587 1981 640 in-

397 692 686 763 tegerrime
715 697 1081 747 conservatas,
1105 686 1216 755 jam
1256 699 1400 738 nunc
1437 684 1744 753 iniquorum
1770 689 1984 736 nostro—

398 802 515 840 rum
550 784 827 839 hominum
861 795 1023 850 opera
1076 777 1264 831 fraude
1309 785 1361 830 et
1395 775 1600 828 astncia
1650 781 1982 835 attenuatus,

397 878 513 932 fore
542 876 766 929 omnino
800 871 1169 942 conspicimus
1197 868 1508 938 dissipatas.
1534 867 1613 919 Ad
1657 864 1987 918 devastatio-

399 986 496 1026 nes
528 971 708 1038 itaque
735 965 1094 1021 ecclesiarum
1144 969 1372 1015 utuntur
1401 958 1681 1012 lihcllariis
1728 966 1882 1013 extra
1915 955 1988 1009 ls-

404 1076 522 1131 gem
551 1059 791 1128 scriptis,
834 1054 1118 1126 precariis,
1166 1050 1702 1112 commutationibus,
1742 1049 1793 1102 in
1826 1046 1988 1102 detri-

406 1162 587 1206 mento
642 1166 820 1204 rerum
870 1145 1360 1202 ecclesiasticarum
1414 1143 1592 1196 factis.
1651 1142 1887 1206 Quorum
1933 1147 1992 1190 nt

405 1253 581 1299 cesset
632 1241 869 1296 insolens
924 1239 1176 1306 impetus,
1219 1235 1455 1288 decrevit
1511 1241 1696 1285 sant-ta
1758 1229 1992 1300 synodus

406 1334 493 1389 cui
523 1330 765 1385 interfuit
811 1329 1001 1382 tertius
1031 1343 1122 1380 rex
1172 1324 1456 1378 Heinrirns
1490 1341 1501 1376 :
1543 1323 1615 1375 De
1646 1321 1666 1348 ⁸
1705 1322 1864 1376 Iebus
1900 1335 1994 1373 ec-

407 1424 696 1479 clesiarum
731 1420 992 1474 libellai-ia
1023 1417 1237 1486 penitus
1276 1415 1416 1468 nulla
1476 1413 1612 1475 ﬁeri,
1648 1412 1857 1480 jnssum
1912 1421 1998 1464 est

410 1517 727 1585 antiquitus,
761 1523 813 1567 et
840 1527 936 1565 nos
965 1511 1014 1564 id
1051 1511 1222 1579 ipsmn
1252 1509 1350 1561 sub
1393 1507 1738 1559 anathemate
1769 1502 1996 1556 interdi-

410 1612 603 1665 cimus.
637 1610 713 1663 De
749 1606 939 1661 hzcresi
971 1605 1294 1666 simoniaea;
1329 1617 1446 1669 qua:
1473 1600 1724 1670 quoniam
1767 1596 1998 1651 increvit

2083 399 2407 463 observabo,
2439 406 2668 467 excepto
2688 397 2732 451 si
2767 397 2818 450 in
2850 395 3198 466 expeditione
3248 404 3346 449 aut
3393 393 3449 446 in
3481 394 3672 446 hostem

2085 491 2198 543 iero
2265 504 2362 558 per
2425 496 2750 556 prreceptum
2806 485 2970 556 regis,
3030 485 3113 538 vel
3176 497 3345 553 super
3411 481 3670 535 inimicum

2087 581 2276 650 ipsius,
2311 588 2402 633 aut
2452 593 2615 647 super
2666 577 2816 630 illum
2865 577 2956 646 qui
2991 573 3304 644 hocjurare
3331 573 3571 630 noluerit
3597 585 3675 625 aut

2088 666 2290 720 factum
2322 664 2627 730 violaverit,
2658 663 2802 718 salva
2830 661 3086 716 fidelitate
3121 672 3176 716 et
3208 667 3492 734 przccepto
3529 659 3678 712 Heia-

2091 761 2186 815 rici
2222 761 2381 836 regis.

2536 1021 2846 1063 CONVEKTUS
2885 1021 3247 1062 ιιοῡωιτικυς.

2565 1123 2690 1193 (Αη.
2732 1122 2890 1188 lost,
2921 1122 3053 1177 Nov.
3079 1121 3196 1191 29.)

2135 1231 2353 1290 Littera:
2382 1233 2712 1305 imperatoris
2747 1234 2934 1316 quibus
2964 1234 3223 1305 prim-ipes
3252 1234 3327 1290 ad
3354 1248 3654 1290 conc-ill

2785 1315 2992 1358 invitat.

2168 1418 2456 1474 lleinricus
2482 1417 2576 1472 Dei
2615 1417 2786 1488 gratia
2815 1414 3189 1472 Romanorum
3245 1415 3560 1485 imperator
3602 1430 3685 1468 al-

2099 1521 2289 1580 gnstus
2312 1510 2376 1564 ll.
2409 1509 2430 1541 ⁸
2453 1507 2884 1578 Babenbergcnsi
2915 1507 3161 1564 ecclesia:
3179 1508 3456 1579 episcopo
3483 1507 3688 1577 gratim

2100 1615 2157 1659 et
2184 1619 2345 1657 omne
2378 1603 2598 1656 bonum.
2652 1601 2848 1656 Notum
2907 1607 2994 1654 est
3045 1601 3164 1664 tibi,
3216 1609 3441 1670 quanto
3473 1598 3688 1668 pericula

412 1703 614 1770 inepta.
645 1708 828 1754 sancta
857 1694 1132 1750 (IECI‘CVll'
1157 1695 1418 1762 synodus,
1465 1691 1664 1760 Illllllllll
1687 1688 1998 1759 episcopum
2038 1668 2076 1721 Β
2107 1708 2215 1752 [om
2253 1695 2478 1749 ﬂuctuat
2505 1694 2758 1758 ecclesia,
2789 1702 3028 1763 quantus
3057 1708 3213 1746 οτι-οι·
3236 1668 3320 1746 -ίη
3363 1693 3519 1746 omni
3544 1693 3694 1760 ευτεῇ

414 1791 876 1847 autecelesiarum
930 1785 1392 1841 consecrationem
1451 1792 1539 1834 aut
1584 1780 1868 1834 clericatus
1917 1779 2003 1832 vel

413 1885 661 1938 ordinem
693 1891 786 1936 aut
831 1881 1198 1940 diaconatum,
1240 1885 1332 1930 aut
1360 1874 1379 1910 '
1412 1873 1867 1945 pre-byteratum,
1910 1878 2004 1927 aut

413 1973 912 2029 commendationes
939 1969 1211 2033 altarium,
1265 1976 1356 2019 aut
1404 1965 1720 2018 traditiones
1751 1963 2006 2018 ecclesia-

415 2083 558 2133 rum,
599 2075 688 2119 aut
721 2063 985 2126 ahbatias,
1017 2071 1108 2116 aut
1138 2060 1519 2129 prmpositaras
1563 2057 1824 2118 vendere;
1851 2056 2007 2126 quis-

416 2160 538 2224 quis
606 2155 924 2212 conduxerit
994 2162 1088 2206 aut
1153 2151 1490 2216 vendiderit,
1559 2150 1850 2204 anathema
1915 2148 2005 2203 sit.

420 2250 558 2302 Fiat.

421 2341 496 2393 De
524 2351 779 2410 pru'cepto
815 2348 860 2391 et
896 2339 1052 2406 ﬁrma
1083 2337 1334 2404 ﬁdelitate
1371 2334 1606 2389 Ileiuriri
1662 2333 1796 2401 regis
1827 2343 2008 2386 contra

635 2429 1020 2497 deprwdatorcs
1043 2443 1104 2484 ac
1129 2425 1458 2479 sene/tutores
1484 2423 1625 2490 regni
1653 2423 1789 2490 ejus.

493 2521 574 2574 Ab
596 2520 699 2573 hac
729 2519 861 2572 hora
919 2519 970 2572 in
1004 2526 1162 2570 antea
1193 2516 1458 2585 adjuvabo
1491 2513 1800 2567 llcinricnm
1827 2526 2010 2580 regem

425 2613 514 2679 qui
549 2626 692 2664 nunc
721 2621 912 2679 regnat
951 2609 1002 2662 in
1045 2607 1221 2671 ltalia,
1248 2616 1302 2660 et
1328 2605 1545 2659 nuntios
1571 2602 1707 2670 ejus,
1738 2611 1792 2656 et
1843 2602 2013 2656 comi-

428 2713 508 2755 tes
536 2717 672 2770 quos
699 2702 812 2771 ipse
838 2701 902 2754 ad
941 2700 1042 2754 hoc
1067 2697 1290 2766 elegerit
1323 2697 1390 2750 ad
1433 2693 1701 2764 justitiam
1737 2700 1790 2746 et
1843 2691 2013 2762 legem

431 2792 756 2858 faciendam,
808 2792 1119 2860 dependens
1170 2789 1463 2844 sccnndmn
1501 2796 1706 2840 rectum
1751 2785 2014 2853 judicimn

427 2894 482 2938 et
510 2885 576 2938 de
619 2883 833 2937 cancris
861 2883 1020 2936 rebus
1049 2895 1181 2950 quas
1206 2879 1381 2935 facere
1403 2879 1488 2932 lex
1514 2876 1797 2946 prohibet;
1831 2875 1899 2928 de
1927 2875 2018 2930 be-

433 2974 642 3030 neﬁciis
685 2983 866 3027 autem
917 2971 1212 3026 secundum
1259 2981 1464 3025 rectum
1509 2969 1771 3038 judicium
1794 2985 2016 3040 compa-

2106 1789 2364 1852 Saxonia,
2395 1795 2707 1858 quantaque
2728 1784 3066 1854 desolatione
3094 1783 3301 1838 nobilis
3333 1783 3438 1840 illa
3463 1782 3695 1837 Helms

2105 1883 2321 1954 penitus
2340 1880 2642 1938 destruitur
2693 1878 2946 1944 ecclesia,
2999 1886 3054 1934 et
3111 1892 3218 1931 non
3251 1877 3440 1932 solum
3482 1876 3576 1938 ibi,
3619 1880 3695 1928 sed

2106 1983 2160 2029 et
2192 1974 2243 2027 in
2285 1972 2514 2028 diversis
2538 1971 2788 2042 partibus
2812 1970 3045 2025 ecclesia
3091 1969 3270 2024 nostri
3306 1968 3584 2022 dividitur
3618 1968 3698 2019 ia-

2106 2065 2265 2136 perii.
2307 2065 2474 2135 Igitur
2509 2063 2736 2119 consilio
2765 2071 3077 2118 nostrorum
3132 2060 3385 2116 ﬁdelium
3422 2059 3699 2113 statuimus

2110 2158 2223 2212 ﬁcri
2284 2156 2570 2226 Moguntina
2622 2155 2951 2224 colloquium
2995 2151 3052 2208 in
3103 2151 3395 2208 dominico
3449 2152 3538 2206 die
3593 2160 3699 2201 ante

2108 2249 2414 2318 proximum
2466 2245 2638 2301 sancti
2695 2245 2927 2298 Andreas
2979 2241 3202 2298 festum.
3257 2241 3405 2296 lluic
3449 2241 3697 2309 colloquio

2110 2352 2300 2392 omnes
2353 2335 2502 2406 regni
2542 2335 2816 2404 principes
2845 2327 3016 2388 nostri
3051 2332 3238 2387 ﬁdeles
3279 2331 3550 2386 intersint
3588 2332 3628 2394 ',
3653 2340 3696 2382 α

2111 2437 2372 2496 praeterea
2413 2441 2620 2492 omnes,
2651 2439 2886 2495 quorum
2915 2424 3075 2478 nobis
3099 2424 3251 2478 utilis
3274 2423 3598 2478 declaratur
3621 2435 3696 2475 aut

2116 2523 2247 2577 ﬁdes
2301 2528 2394 2574 aut
2429 2519 2636 2575 consilii
2668 2517 3026 2588 providentia.
3078 2516 3161 2571 Ad
3216 2515 3369 2586 quod
3426 2514 3612 2569 venire
3657 2526 3700 2566 Ic

2117 2628 2274 2682 quam
2307 2611 2493 2665 intime
2523 2624 2794 2680 rogamus,
2845 2609 2969 2678 quia
3019 2608 3337 2662 nullatenus
3387 2617 3504 2662 tam
3548 2605 3694 2659 ardua

2119 2707 2330 2776 negotia
2359 2704 2508 2774 regni
2555 2714 2609 2756 et
2641 2701 2837 2756 divisio
2876 2699 3120 2756 ecclesia:
3154 2698 3465 2754 coaduueri
3503 2699 3700 2767 ιιοιετὲι,

2118 2800 2234 2853 εἷπε
2292 2806 2380 2850 tua
2420 2795 2658 2848 maxima
2711 2793 2981 2862 sapientia
3037 2801 3094 2846 et
3130 2790 3368 2845 consilio
3394 2790 3620 2860 egregio
3659 2801 3702 2841 et

2121 2889 2244 2955 ﬁde,
2277 2904 2396 2958 quae
2427 2887 2692 2940 hactenus
2733 2885 2888 2939 nobis
2917 2883 3230 2953 frequenter
3261 2884 3316 2936 in
3373 2883 3702 2937 necessitati-

2121 2978 2220 3032 bus
2255 2987 2309 3032 ct
2363 2975 2667 3045 hujusmodi
2712 2971 3101 3029 coniroversiis
3154 2972 3348 3041 regni,
3411 2980 3580 3040 prout
3625 2986 3704 3023 ms

428 3071 593 3122 rium.
627 3066 879 3126 Furtum,
903 3065 1182 3127 schacum,
1215 3063 1298 3117 vel
1332 3063 1597 3133 rapinam,
1629 3071 1724 3117 aut
1752 3064 2012 3133 prmdam,
2045 3036 2088 3095 Ο
2123 3069 2392 3124 voluimus
2416 3076 2470 3122 ct,
2503 3082 2591 3122 res
2613 3073 2890 3135 exegerat,
2921 3071 3120 3133 praesto
3151 3062 3276 3116 fuit.
3308 3064 3394 3116 Ad
3448 3063 3590 3130 quod
3615 3064 3705 3115 cel.

428 3178 518 3216 me
554 3160 764 3214 sciente
815 3156 895 3210 vel
944 3173 1062 3210 mea
1109 3165 1300 3224 sponte
1348 3172 1452 3209 non
1495 3157 1687 3210 faciam
1732 3156 1870 3209 ultra
1923 3170 2018 3210 sex

429 3251 630 3306 solidos
657 3250 712 3302 in
739 3262 901 3302 anno.
935 3246 1264 3307 Incendium,
1321 3247 1402 3299 vel
1451 3245 1645 3300 saltum
1679 3245 1746 3299 ad
1797 3245 2018 3300 castella

430 3351 487 3396 et
513 3339 580 3394 ad
612 3341 820 3402 domos,
853 3353 960 3391 non
1000 3336 1213 3392 faciam.
1267 3335 1323 3391 Si
1366 3336 1504 3392 forte
1546 3337 1790 3391 evenerit
1836 3346 1893 3389 ut
1937 3335 2020 3389 fa-

431 3433 595 3496 ciam,
629 3431 768 3485 infra
793 3445 957 3484 unum
982 3445 1218 3484 mensem
1245 3429 1474 3500 idipsnm
1506 3431 1548 3484 si
1575 3438 1762 3499 potero
1779 3429 2018 3492 reddam;

435 3522 480 3576 si
512 3536 640 3576 vero
669 3521 897 3592 iilipsum
929 3520 1156 3574 reddere
1193 3535 1296 3574 non
1345 3528 1550 3590 potero,
1586 3519 1883 3574 secundum
1924 3520 2025 3576 hoc

437 3613 583 3681 quod
611 3612 843 3666 valuerit
871 3613 1176 3677 restituam,
1206 3612 1250 3666 si
1290 3611 1537 3681 accipere
1565 3613 1798 3668 voluerit
1845 3613 1890 3668 is
1937 3614 2025 3668 cui

439 3703 696 3772 damnum
746 3702 948 3756 illatum
1001 3702 1183 3758 fuerit.
1233 3699 1290 3756 Si
1333 3718 1429 3772 per
1457 3717 1630 3760 meam
1657 3703 1871 3772 culpam
1912 3703 2028 3757 ine-

442 3792 751 3845 mendatum
787 3797 1112 3848 remanserit
1156 3793 1294 3848 infra
1352 3810 1516 3850 unum
1559 3811 1826 3861 mensem,
1870 3796 2026 3866 juxta

443 3881 588 3950 Quod
633 3880 714 3935 lex
763 3883 1004 3951 praecipit
1055 3883 1377 3949 emendabo,
1427 3885 1472 3939 si
1501 3884 1743 3956 legaliter
1774 3887 2030 3939 invitatus

445 3972 619 4027 fuero.
660 3971 767 4027 llos
797 3988 926 4027 vero
959 3974 1207 4028 homines
1234 3976 1324 4042 qui
1358 3977 1461 4031 hoc
1498 3956 1810 4051 juramento
1850 3976 2031 4032 facere

446 4064 735 4128 noluerint,
766 4073 858 4118 aut
891 4064 1090 4118 factum
1123 4065 1446 4121 violaverint
1478 4069 1522 4132 ⁷,
1582 4067 1893 4122 Hei-nricum
1942 4084 2031 4124 re-

447 4170 590 4227 gem,
626 4165 718 4211 aut
741 4172 898 4211 suum
932 4166 1140 4211 certum
1172 4157 1418 4210 nuntium
1459 4166 1550 4211 aut
1584 4157 1896 4228 episcopum
1942 4167 2034 4213 aut

450 4249 704 4302 comitem
733 4247 824 4316 qui
872 4262 959 4302 me
1005 4249 1069 4301 ad
1111 4249 1213 4304 hoc
1258 4249 1562 4305 invitaverit
1615 4266 1711 4320 per
1740 4260 1942 4306 rectam
1973 4251 2034 4305 ﬁ-

449 4339 570 4394 dem
600 4339 866 4410 adjuvabo
895 4340 1202 4406 devastare,
1225 4343 1523 4396 secundum
1542 4353 1869 4415 prteceptum
1894 4345 2034 4417 regis

2123 3161 2362 3230 loquium
2389 3173 2577 3213 omnes
2629 3157 2873 3212 Saxones
2924 3154 3095 3210 nostri
3129 3155 3326 3210 ﬁdeles
3367 3156 3614 3216 venit-nt,
3637 3169 3705 3206 ro-

2123 3261 2312 3324 gantes
2341 3264 2705 3320 summopere,
2737 3263 2836 3303 nos
2858 3248 2909 3302 in
2944 3246 3244 3302 Saxoniam
3281 3247 3502 3311 venire,
3529 3256 3586 3299 et
3630 3246 3707 3298 luis

2125 3360 2292 3400 novos
2318 3357 2534 3399 errores
2572 3355 2922 3411 componere.
2977 3339 3257 3394 Metenscs
3305 3348 3499 3394 autem
3537 3354 3568 3392 ε
3604 3353 3710 3391 ωηο

2128 3435 2294 3491 trario
2330 3434 2512 3489 Metim
2567 3434 2805 3488 clamant
2855 3446 2955 3487 nos
3006 3432 3269 3492 transire,
3304 3443 3586 3502 quatenus
3623 3431 3710 3483 illic

2129 3527 2343 3582 tandem
2373 3541 2477 3596 pax
2502 3534 2558 3580 et
2580 3525 2846 3580 securitas
2875 3524 3128 3579 reddatur
3161 3522 3446 3577 ecclesim.
3473 3520 3580 3575 Nos
3600 3535 3710 3589 quo-

2129 3633 2254 3687 que,
2308 3618 2568 3672 invitante
2615 3615 3049 3686 archiepiscopo,
3086 3613 3334 3669 Colonia:
3389 3611 3711 3668 nativitatem

2131 3709 2344 3765 Domini
2397 3709 2726 3764 celebraturi
2783 3722 2996 3773 sumus,
3047 3715 3102 3762 et
3153 3706 3370 3761 idcirco
3422 3706 3710 3760 statuimus.

2130 3804 2232 3859 hoc
2254 3803 2580 3872 colloquium
2613 3811 2740 3858 ante
2771 3801 2912 3866 ﬁeri,
2943 3810 3003 3856 ut
3021 3799 3340 3870 hujusmodi
3366 3799 3716 3854 dissensiones

2133 3895 2282 3965 regni
2316 3895 2464 3966 prius
2484 3909 2958 3965 componeremus,
2989 3909 3153 3964 quam
3201 3908 3307 3948 nos
3354 3894 3410 3946 in
3443 3892 3714 3946 remotiora

2135 3985 2488 4042 transiremus
2514 3986 2648 4041 loca.
2683 3984 2790 4042 Sed
2829 3985 3032 4042 idcirco
3067 3984 3396 4056 praedictam
3436 3983 3716 4054 espmlitis-

2136 4090 2259 4132 nem
2290 4074 2616 4143 distulimus,
2649 4085 2917 4146 quatenus
2938 4074 3215 4130 communi
3241 4075 3499 4130 omnium
3525 4083 3718 4126 nostra-

2135 4183 2254 4222 rum
2286 4168 2530 4235 consilio,
2563 4185 2681 4238 qua:
2712 4169 2868 4224 nobis
2893 4168 3098 4239 agenda
3135 4167 3266 4231 sint,
3292 4167 3716 4221 considere-utut.

2136 4259 2275 4332 Ergo
2304 4276 2553 4332 rogamus
2593 4270 2643 4316 te
2668 4266 2767 4331 per
2798 4276 2940 4328 eam,
2973 4276 3078 4332 qua
3105 4267 3394 4330 compater
3423 4259 3584 4312 nobis
3610 4255 3715 4310 cle-

2138 4365 2258 4410 ctus
2283 4368 2365 4419 es,
2398 4354 2766 4420 dilectionem,
2823 4371 2891 4409 ne
2948 4363 2998 4409 te
3047 4353 3297 4424 corporis
3340 4352 3616 4422 :egritudo
3650 4353 3715 4398 vei

451 4444 545 4486 aut
573 4432 652 4486 sui
685 4433 820 4487 certi
855 4434 1050 4487 nuntii.
1104 4433 1179 4488 De
1231 4450 1318 4490 me
1363 4434 1478 4504 ipso
1499 4435 1714 4504 quidem
1745 4415 2038 4508 unicuique
2070 4415 2113 4470 D
2142 4415 2397 4516 qumlibet
2424 4446 2528 4502 alia
2561 4461 2648 4502 res
2677 4415 2957 4517 impediat,
2994 4447 3125 4518 quin
3148 4415 3228 4502 ad
3255 4415 3546 4520 praefatum
3573 4443 3717 4496 collo-

451 4524 751 4579 secundnm
779 4534 985 4580 rectum
1011 4524 1274 4593 judicium
1301 4525 1567 4594 justitiam
1592 4526 1788 4584 faciam
1819 4530 1884 4584 de
1907 4531 2040 4600 ipsis

452 4618 616 4671 rebus
639 4631 759 4685 qua:
807 4618 873 4672 ad
921 4617 1092 4688 legem
1142 4619 1444 4688 pertinent;
1473 4620 1541 4673 de
1585 4619 1863 4677 beneﬁciis
1914 4638 2041 4678 vero

455 4709 747 4765 secundum
767 4720 972 4766 rectum
999 4711 1261 4783 judicium
1287 4713 1650 4784 comparium,
1676 4714 1720 4770 si
1752 4730 1847 4786 per
1868 4715 2039 4784 legem

2145 4537 2329 4607 quium
2361 4545 2602 4608 tempore
2630 4545 2833 4592 statuto
2863 4537 3073 4602 venias,
3103 4545 3159 4592 et
3189 4537 3264 4592 ibi
3288 4537 3450 4610 juxta
3488 4549 3715 4603 magna:

2148 4628 2465 4698 sapientiam
2493 4636 2548 4682 et
2572 4627 2785 4683 solitam
2824 4628 2982 4684 ﬁdem
3017 4639 3168 4687 tuam
3193 4631 3260 4685 de
3295 4639 3487 4685 nostra
3511 4639 3567 4682 et
3591 4641 3714 4695 περι

2149 4719 2405 4788 utilitate,
2437 4733 2558 4791 qua:
2586 4720 2894 4776 necessaria
2925 4727 3070 4787 sunt,
3103 4720 3390 4777 nobiscum
3424 4721 3686 4792 disponas

1716 4962 1948 5019 VARle
1978 4963 2379 5026 LECTIONES.

532 5137 552 5169 ⁸
581 5139 652 5216 ita
679 5141 950 5216 distinxi;
995 5144 1250 5214 (ἱππί-ἰαιιὶ
1295 5147 1497 5200 habet:
1546 5147 1830 5205 lleinricus
1875 5149 2032 5204 de—
2070 5150 2208 5206 ﬁeri.
2240 5152 2457 5208 Jussum
2508 5183 2581 5194 —-
2633 5125 3009 5209 interdicimus
3065 5152 3132 5209 de
3169 5153 3388 5216 hatresi,
3437 5160 3544 5208 etc.
3614 5146 3709 5195 ’ἔτι

461 5212 721 5290 suppleti;
752 5211 1006 5290 (Iuniani
1031 5216 1135 5290 doc
1175 5211 1191 5270 ζ
1235 5255 1250 5271 .
1293 5255 1362 5290 .Δ.

464 5281 482 5308 ³
518 5281 788 5337 intersunt
810 5301 858 5339 ο.
909 5284 1196 5354 Vindobon,
1228 5299 1284 5343 et.
1306 5284 1612 5352 Goldast”.

1675 5222 1746 5275 ita
1776 5219 1974 5290 cepioni
2001 5220 2246 5312 lacuum
2275 5225 2415 5294 apud
2447 5222 2611 5284 cane.
2685 5227 2715 5257 ν·
2737 5225 3018 5282 violaverit
3036 5223 3209 5288 (ἔκηε.
3289 5225 3316 5256 ⁵
3340 5227 3376 5280 i.
3402 5241 3453 5288 ς.
3481 5219 3706 5282 [labem-
