3838 6322
82 367 204 424 H39

1320 345 1668 407 llENRICUS
1705 347 1790 404 IV.
1819 349 1950 403 IMP.

1645 460 1734 515 IV.

3177 324 3313 411 uso

1339 571 1566 611 manus
1594 565 1901 606 uocemus
1937 551 2032 620 (5).

1431 647 1556 714 (An.
1591 640 1751 703 1085,
1774 639 1951 708 vere.)

69 769 367 825 Constitutio
394 769 536 836 pacis
585 766 674 820 Dei
708 768 758 818 in
796 766 992 834 synodo
1026 763 1345 824 Coloniensi,
1379 777 1430 812 η.
1464 757 1630 821 1805,
1657 740 1704 794 Α
1738 748 1954 803 Henrici
1987 747 2083 836 li"
2123 749 2455 836 iqt'jmraloris
2501 755 2802 836 (οιξὲςξριιιίο
2845 759 2990 836 pacis
3024 757 3116 811 Dei
3148 761 3197 811 in
3221 779 3302 830 sy-

477 839 530 890 ά.
555 839 623 890 '20
650 836 830 905 aprilis
853 835 1205 904 promulgata.

132 931 416 984 Stotwtxus
461 937 658 981 sancta:
712 922 1045 979 Coloniensis
1082 921 1338 977 aecclesite
1368 919 1483 974 solo
1536 932 1634 972 no-

67 1023 196 1076 mine
243 1020 557 1088 episcOpus,
619 1017 956 1071 FRITHERICO
1025 1013 1283 1068 confratri
1339 1020 1395 1065 et
1451 1009 1634 1078 coepi-

65 1122 214 1175 scopo
268 1107 367 1179 (4),
416 1105 771 1159 voluntariam
836 1111 947 1156 tam
995 1101 1327 1156 devotissimi
1371 1098 1634 1154 oraminis

71 1213 216 1266 quam
235 1197 542 1250 serviminis
572 1196 652 1251 sai
681 1195 1090 1250 exbibitionem.

124 1285 248 1341 Cum
291 1287 492 1341 nostris
539 1285 866 1356 temporibus
895 1283 1034 1338 ultra
1068 1281 1284 1336 modum
1326 1281 1631 1335 tribulatio-

62 1377 206 1430 nibus
256 1375 529 1442 variisque
585 1374 848 1444 angustiis
891 1380 1074 1427 sancta
1122 1369 1364 1425 :ecclesia
1417 1371 1468 1423 in
1521 1369 1634 1423 suis

62 1466 302 1520 membris
325 1464 677 1533 allligeretur,
704 1465 837 1518 adeo
867 1471 925 1517 ut
967 1460 1334 1531 tranquillitas
1359 1469 1411 1514 et
1433 1474 1537 1529 pax
1565 1475 1630 1514 ex

62 1558 256 1627 integro
282 1557 686 1623 desperaretnr,
707 1551 1082 1622 compatiendo
1113 1557 1188 1603 tot
1219 1549 1485 1619 pressuris
1524 1557 1634 1604 tot-

61 1659 154 1713 que
175 1643 440 1713 periculis,
467 1643 755 1698 subvenire
777 1641 872 1706 illi,
891 1641 995 1694 Deo
1010 1638 1354 1710 propitiante,
1381 1640 1636 1694 tractavi-

65 1751 205 1797 mus;
239 1741 293 1787 ct
333 1735 436 1788 hoc
459 1733 674 1787 tandem
705 1732 778 1786 illi
809 1732 1106 1785 remedium
1157 1728 1381 1783 consilio
1425 1739 1636 1785 nostro-

66 1841 172 1879 rum
199 1825 433 1878 fidelium
475 1824 824 1893 providimus,
859 1832 918 1878 ut
960 1839 1148 1895 pacem
1195 1841 1355 1894 quam
1398 1825 1636 1895 peccatis

66 1916 248 1970 nostris
275 1916 618 1984 exigentibus
639 1915 956 1969 continuare
978 1932 1084 1970 non
1124 1920 1416 1986 potuimus,
1470 1918 1634 1972 inter-

65 2007 225 2060 missis
250 2006 443 2060 saltem
483 2007 672 2060 diebus
692 2013 953 2074 quantum
984 2007 1149 2061 nostri
1193 2007 1334 2074 juris
1385 2009 1484 2062 fuit
1535 2008 1634 2063 ali-

1981 818 2116 871 nodo
2147 817 2456 887 Moguntina
2499 840 2551 874 ιι.
2577 824 2713 877 1805
2735 817 3082 895 promulgata.

1806 907 1939 962 Cum
1993 908 2195 961 nostris
2237 909 2567 976 temporibus
2597 911 2736 966 ultra
2773 914 2986 968 modum
3019 917 3318 972 tribulatio-

1736 998 1892 1053 nibus
1913 1007 2096 1052 sancta
2130 997 2372 1052 Ecclesia
2425 997 2776 1070 amigeretur.
2810 1007 3183 1074 compatieudo
3238 1017 3316 1065 tot

1736 1090 2012 1160 pressaris
2048 1099 2234 1159 totque
2264 1092 2547 1161 periculis,
2574 1094 2865 1151 subvenire
2903 1097 3000 1164 illi,
3045 1099 3153 1154 Deo
3190 1116 3318 1170 pro-

1736 1180 1982 1249 piziante,
2012 1181 2385 1246 tractavimus,
2411 1190 2468 1235 ut
2490 1197 2677 1251 pacem
2692 1198 2849 1252 quam
2862 1188 3095 1255 peccatis
3118 1190 3318 1243 nostris

1735 1272 2076 1341 exigentibus
2127 1271 2446 1327 continuare
2488 1288 2591 1326 non
2645 1275 2936 1342 potuimus.
2992 1277 3316 1334 intermissis

1735 1361 1924 1416 saltem
1953 1361 2142 1415 diebus
2169 1362 2508 1430 aliquatenus
2529 1364 2998 1420 conﬁrmaremus.
3034 1368 3194 1422 Auno
3223 1369 3315 1423 do-

1736 1453 1935 1507 minice
1965 1453 2358 1507 incarnationis
2409 1453 2575 1517 1085,
2604 1455 2895 1510 indictione
2944 1456 2998 1523 8,
3051 1457 3162 1511 Deo
3208 1475 3320 1513 me-

1737 1546 1921 1620 diante
1952 1553 2056 1598 tam
2089 1545 2236 1598 clero
2261 1559 2423 1612 quam
2454 1545 2646 1613 populo
2695 1547 2810 1614 pari
2858 1549 3321 1604 consentientibus

1737 1646 1888 1699 voto,
1920 1635 2274 1690 constitutum
2302 1641 2406 1696 est,
2449 1643 2503 1686 ut
2535 1649 2562 1686 a
2595 1635 2771 1704 primo
2797 1635 2882 1690 (lie
2927 1639 3192 1693 adventus
3219 1640 3323 1694 Do-

1737 1724 1868 1778 mini
1897 1735 2070 1792 usque
2093 1723 2160 1777 ad
2187 1730 2436 1777 exactum
2470 1722 2610 1776 diem
2634 1723 2953 1791 epipbaniae,
3003 1734 3057 1780 et
3112 1725 3178 1779 ab
3239 1727 3322 1782 in-

1740 1822 1918 1868 trante
1947 1812 2342 1882 septuagesima
2367 1826 2536 1878 usque
2564 1811 2615 1865 in
2649 1820 2868 1868 octavas
2897 1821 3233 1882 pentecostes
3269 1825 3324 1870 et

1737 1919 1832 1974 per
1864 1912 2028 1958 totam
2054 1902 2198 1956 illam
2227 1903 2390 1967 diem,
2424 1902 2682 1971 omnique
2702 1901 2837 1958 feria
2869 1905 3056 1973 quinta
3077 1944 3093 1969 ,
3145 1915 3320 1971 sexta,

1735 1995 1981 2058 sabbato,
2014 1992 2284 2046 dominica
2317 1991 2425 2055 die,
2448 2006 2620 2062 usque
2647 1993 2714 2048 ad
2745 2001 2924 2048 ortum
2952 1995 3082 2050 solis
3121 2010 3321 2050 secun-

65 2098 309 2157 quatenus
329 2103 801 2158 recuperaremus.
831 2087 1078 2143 Fecimus
1106 2091 1250 2144 enim
1279 2092 1382 2147 hoc
1407 2100 1461 2145 et
1511 2108 1635 2161 pro-
1666 2090 1709 2149 B
1737 2083 1818 2138 (ιω
1848 2081 2017 2146 feria,
2053 2081 2230 2136 addita
2258 2079 2394 2135 feria
2413 2081 2456 2112 ¹⁰
2478 2089 2709 2149 (ιιιθιιιοτ
2729 2084 3324 2153 ῑεῐηρονυῐηνοῐηηῖίίυο

70 2181 295 2237 fecimus.
327 2181 658 2237 Convocatis
709 2181 871 2250 igitur
897 2181 1273 2244 parrochianis
1314 2182 1514 2237 nostris
1565 2183 1632 2237 ad

67 2273 284 2332 lezitime
311 2273 623 2325 condictum
655 2270 962 2335 concilium,
998 2271 1138 2341 quod
1165 2273 1398 2327 Coloniae
1429 2273 1482 2327 in
1513 2288 1636 2327 san-

71 2364 131 2415 cti
150 2362 287 2417 Petri
316 2363 566 2416 matriae
593 2363 835 2418 :ecclesia
885 2377 1025 2416 anno
1051 2363 1340 2419 Dominicze
1381 2363 1636 2418 lncarna-

72 2452 214 2505 tionis
245 2452 406 2516 1085,
446 2452 738 2507 indictione
774 2453 829 2517 6,
858 2451 925 2506 12
963 2452 1185 2507 Kalend.
1240 2453 1362 2509 Maii
1394 2455 1634 2510 habitum

69 2550 160 2603 ιεἰ,
189 2541 453 2595 ordinatis
490 2540 631 2602 aliis,
656 2543 795 2608 quod
826 2542 892 2597 de
920 2543 1002 2597 bis
1034 2541 1212 2598 facere
1235 2545 1598 2612 disposuimus
1619 2587 1632 2608 ,

72 2633 120 2683 ὶέι
165 2632 369 2700 publico
399 2632 622 2687 recitari
655 2631 900 2688 fecimus.
925 2633 1076 2700 Quod
1109 2645 1393 2706 postquam
1431 2638 1499 2692 ab
1517 2653 1636 2693 om-

78 2722 216 2776 n-bus
241 2723 576 2793 aliquamditt
628 2724 840 2779 diverso
892 2725 1052 2779 modo
1111 2735 1398 2782 tractatum
1449 2737 1533 2783 est
1581 2740 1637 2784 et

72 2819 422 2874 retractatum,
460 2813 570 2868 Deo
599 2813 869 2867 mediante
897 2812 949 2866 in
976 2828 1138 2867 unum
1169 2815 1383 2870 tandem
1407 2830 1636 2873 conven-

78 2909 173 2953 lnm
208 2911 302 2964 est,
331 2911 386 2957 et
420 2911 530 2956 tam
574 2902 721 2958 clero
749 2917 909 2972 quam
965 2903 1163 2974 populo
1197 2905 1315 2974 pari
1339 2915 1464 2960 voto
1509 2922 1638 2961 con-

75 2991 430 3056 sentientibus,
463 3007 569 3061 quo
604 2993 764 3047 modo
798 3001 851 3047 et
874 2994 1070 3061 quibus
1090 3009 1185 3064 per
1207 3011 1408 3052 annum
1437 2998 1637 3068 spaciis

73 3077 322 3134 observari
346 3081 540 3135 debeat
568 3081 905 3136 edocuimus.
925 3082 1187 3138 Videlicet
1209 3094 1267 3138 ut
1293 3100 1322 3140 a
1353 3087 1525 3155 primo
1550 3089 1637 3144 die

73 3170 307 3226 alventus
332 3172 548 3227 Domini
576 3187 745 3241 usque
798 3174 866 3228 ad
911 3182 1161 3229 exactura
1202 3177 1543 3248 epypbaaiee,
1581 3185 1638 3232 et

71 3260 128 3313 ab
161 3261 389 3318 intrante
421 3265 819 3333 septuagesima
845 3282 1014 3336 usque
1055 3268 1107 3322 in
1140 3277 1359 3322 octavas
1382 3279 1638 3340 penteco-

72 3359 186 3413 stes,
212 3360 262 3407 et
287 3370 382 3423 per
410 3363 574 3408 totam
603 3355 748 3410 illam
766 3357 926 3418 diem,
954 3367 1008 3412 et
1031 3370 1126 3426 per
1151 3372 1347 3412 annum
1376 3359 1523 3414 omni
1551 3360 1636 3416 die

1737 2172 2103 2244 apostolorum
2132 2172 2312 2239 vigilia
2344 2188 2464 2227 cum
2494 2172 2582 2228 die
2605 2175 2875 2241 sequenti,
2927 2176 3148 2245 insuper
3168 2176 3319 2229 omni

1737 2265 1824 2320 die
1852 2266 2110 2320 canonice
2156 2263 2599 2334 adjejtmandum
2654 2265 2736 2317 vel
2769 2264 3069 2320 feriandum
3119 2274 3323 2320 statuta

1736 2358 1821 2414 vel
1844 2355 2152 2422 statuenda,
2186 2357 2290 2411 hoc
2329 2355 2480 2423 pacis
2505 2357 2784 2410 decretum
2811 2365 3081 2423 teneatur,
3133 2367 3326 2425 quate-

1737 2462 1840 2502 nus
1865 2447 2176 2501 iterantium
2207 2444 2462 2513 domique
2490 2443 2825 2498 manentium
2883 2445 3194 2500 securitatis
3247 2446 3322 2499 sit

1741 2538 2009 2592 tutissima
2039 2535 2279 2598 traditio,
2312 2542 2372 2588 ut
2391 2534 2553 2588 cedes
2607 2541 2663 2586 et
2713 2533 2985 2597 incendia,
3031 2533 3229 2602 predas
3267 2542 3324 2588 et

1738 2628 1976 2683 assultus
2005 2642 2162 2681 nemo
2184 2627 2368 2691 faciat,
2400 2639 2560 2680 nemo
2582 2624 2725 2678 fuste
2747 2634 2840 2677 aut
2867 2623 3046 2694 gladio
3080 2632 3171 2678 aut
3221 2625 3323 2677 ali—

1738 2733 1847 2789 quo
1876 2731 2151 2772 armorum
2209 2730 2408 2787 genere
2459 2729 2787 2784 quemquam
2841 2714 3006 2783 ledat,
3057 2724 3112 2769 et
3162 2732 3323 2770 nemo

1738 2805 1984 2877 quamvis
2011 2805 2165 2874 culpa
2193 2803 2427 2859 faicosus
2453 2805 2520 2858 ab
2541 2805 2772 2857 adventu
2805 2803 3016 2857 Domini
3070 2819 3240 2872 usque
3269 2807 3321 2857 in

1737 2909 1960 2954 octavas
1985 2895 2292 2967 epiphanie,
2325 2905 2380 2949 et
2405 2911 2434 2949 a
2460 2896 2859 2964 septuagesima
2886 2909 3057 2964 usque
3086 2895 3139 2948 in
3173 2905 3322 2949 octa-

1737 3006 1834 3046 vas
1858 2999 2204 3062 pentecostes
2235 2987 2424 3043 tollere
2451 3002 2600 3042 arma
2620 2995 2930 3056 presumat,
2973 2996 3210 3052 scutum,
3239 2989 3322 3042 vel

1740 3080 1976 3152 gladium
2002 3079 2085 3134 vel
2113 3080 2356 3134 lanceam
2378 3076 2463 3132 vel
2493 3075 2864 3146 cujuscunque
2895 3085 3119 3147 prorSus
3148 3093 3326 3132 arma-

1741 3181 1877 3226 turae
1916 3170 2209 3226 sarcinam.
2241 3170 2503 3226 Similiter
2531 3170 2582 3223 in
2636 3169 2860 3238 reliquis
2913 3169 3128 3236 diebus,
3178 3172 3317 3226 idem

1738 3259 2028 3316 dominicis
2056 3261 2242 3331 quinta
2297 3269 2348 3314 et
2396 3267 2544 3314 sexta
2582 3257 2737 3322 feria,
2792 3258 3020 3314 sabbato
3065 3261 3320 3332 omnique

1738 3351 1921 3422 vigilia
1952 3351 2316 3420 apostolorum
2346 3367 2469 3405 cum
2509 3351 2596 3406 die
2643 3351 3017 3419 subsequenti,
3066 3361 3122 3407 et
3169 3356 3317 3408 omni

73 3419 315 3496 dominica
341 3443 591 3513 feriaqne
621 3453 800 3509 sexta,
828 3453 884 3499 et
915 3446 968 3498 in
996 3419 1243 3512 sabbato,
1291 3448 1470 3502 addita
1503 3464 1637 3518 qua-
1666 3419 1711 3482 Ο
1741 3419 1828 3496 die
1847 3443 1914 3496 ad
1934 3419 2285 3509 jejunandum
2322 3440 2435 3494 sive
2467 3439 2770 3494 feriandum
2805 3441 3066 3496 canonice
3115 3449 3321 3498 statuta

74 3536 180 3582 tuor
209 3537 506 3602 temporum
532 3533 688 3598 feria,
717 3536 1067 3605 omniumque
1103 3535 1472 3607 apostolorum
1500 3540 1638 3608 vigi-

75 3618 131 3671 lia
159 3635 272 3676 cum
302 3624 388 3678 die
445 3626 758 3692 subsecuta,
809 3627 1027 3696 insuper
1076 3626 1448 3684 indifferenter
1487 3632 1636 3685 ctnni

74 3706 148 3761 die
169 3712 424 3768 canonice
449 3715 514 3768 ad
541 3713 892 3782 ieiunandum
945 3716 1030 3771 vel
1075 3716 1378 3772 feriandum
1434 3728 1634 3774 statuta

73 3799 142 3850 vel
166 3803 468 3871 sumenda,
497 3805 598 3860 hoc
628 3806 776 3874 pacis
799 3806 1074 3862 decretum
1108 3817 1390 3874 teneatur;
1439 3820 1498 3864 ut
1545 3811 1635 3864 iti—

74 3902 103 3939 n
124 3889 368 3947 rentibus
395 3893 649 3962 domique
667 3897 1005 3950 manentibus
1035 3899 1341 3954 securitatis
1360 3907 1415 3954 et
1439 3901 1634 3969 quietis

74 3981 322 4036 tutissima
348 3984 427 4039 sit
455 3984 690 4050 traditio,
719 3993 776 4039 ut
797 3985 959 4041 cedes
993 3995 1048 4040 et
1070 3987 1339 4052 incendia,
1363 3989 1559 4058 predas
1579 3999 1637 4044 et

73 4071 292 4128 assultus
313 4090 479 4130 nemo
501 4075 684 4143 faciat,
709 4091 868 4132 nemo
889 4077 1032 4134 fuste
1051 4087 1105 4133 et
1121 4079 1298 4149 gladio
1319 4092 1412 4137 aut
1454 4082 1634 4152 aliquo

73 4174 327 4219 artum-um
371 4181 572 4236 genere
615 4183 942 4239 quemquam
994 4171 1178 4236 ledat,
1242 4183 1298 4228 et
1355 4183 1416 4228 ut
1477 4191 1635 4230 nemo

74 4253 244 4314 quavis
267 4255 422 4324 culpa
463 4255 697 4312 faicosus
736 4259 804 4312 ab
845 4258 1083 4315 adventu
1125 4261 1334 4317 Domini
1371 4279 1539 4333 usque
1581 4265 1634 4318 in

73 4346 274 4393 octavas
298 4340 616 4408 :epipbaniae
637 4351 692 4395 et
714 4357 743 4395 a
768 4345 1168 4412 septuagesima
1213 4361 1383 4415 usque
1415 4348 1466 4401 in
1487 4356 1641 4403 octa-

74 4440 159 4482 vas
195 4440 531 4498 pentecostes
577 4433 760 4489 tollere
819 4447 1108 4505 praesumat
1147 4453 1298 4493 arma
1323 4477 1338 4502 ,
1405 4449 1638 4505 scutum,

72 4519 308 4594 gladium,
335 4536 427 4581 aut
453 4527 716 4593 lanceam,
740 4530 822 4584 vel
847 4531 1230 4601 cujuscumque
1246 4547 1464 4601 prorsus
1488 4548 1639 4588 arma

1746 3534 1830 3590 vel
1855 3533 2160 3596 statuenda,
2189 3548 2294 3586 non
2326 3533 2449 3586 licet
2474 3547 2624 3585 arma
2649 3531 2790 3587 ferre
2821 3531 2921 3587 nisi
2954 3532 3108 3602 longe
3141 3534 3322 3588 eunti-

1739 3623 1863 3686 bus,
1887 3635 1950 3675 ea
1981 3631 2161 3676 tamen
2188 3622 2497 3677 conditione
2520 3631 2579 3676 ut
2602 3622 2733 3676 nulli
2764 3623 3007 3692 quolibet
3055 3625 3216 3680 modo
3246 3625 3322 3679 le-

1738 3714 1946 3769 sionem
1995 3714 2216 3769 inferat.
2261 3715 2317 3769 Si
2348 3730 2571 3770 necesse
2612 3716 2773 3771 fuerit
2820 3717 2978 3770 alicui
3018 3717 3153 3772 infra
3199 3734 3322 3790 spa-

1737 3807 1878 3860 cium
1919 3806 2187 3860 condictae
2207 3806 2355 3874 pacis
2383 3806 2434 3859 in
2466 3805 2632 3859 alium
2677 3805 2851 3860 locum
2903 3823 3014 3878 quo
3059 3823 3163 3877 pax
3217 3810 3322 3864 ista

1739 3909 1848 3950 non
1882 3895 2206 3950 observetur
2233 3895 2334 3961 ire,
2359 3909 2511 3950 arma
2537 3897 2705 3962 ferat,
2735 3897 2810 3952 ita
2837 3905 3012 3953 tamen
3057 3914 3125 3954 ne
3161 3899 3320 3956 alicui

1741 3995 1952 4053 noceat,
1977 3989 2078 4042 nisi
2113 3989 2479 4060 impugnetur,
2525 3997 2586 4044 ut
2629 4004 2688 4044 se
2735 3988 3013 4056 defendat,
3074 3975 3353 4048 reversus.

1743 4089 1922 4134 autem
1951 4081 2145 4134 iterum
2178 4095 2328 4134 arma
2353 4081 2604 4150 deponat.
2639 4079 2696 4136 Si
2721 4081 3011 4153 contigerit
3034 4091 3094 4136 ut
3124 4084 3322 4137 castel-

1741 4168 1851 4224 lum
1876 4170 2210 4234 obsideatur,
2238 4185 2333 4239 per
2359 4171 2474 4225 dies
2506 4171 2596 4240 qui
2654 4171 2792 4224 infra
2845 4185 3030 4239 pacem
3078 4185 3323 4240 compre-

1748 4261 1897 4316 hensi
1935 4269 2059 4316 sunt
2089 4261 2156 4314 ab
2187 4261 2588 4332 impugnatioue
2614 4270 2850 4327 cessent,
2877 4261 2979 4315 nisi
3003 4261 3322 4317 abobsessis

1741 4353 2126 4423 impuguentur
2157 4351 2197 4382 ”
2231 4360 2286 4407 et
2320 4367 2624 4422 repugnare
2644 4361 2929 4422 cogantur.

1814 4445 1880 4498 Et
1909 4461 1976 4499 ne
2001 4448 2112 4501 lucc
2135 4446 2283 4516 pacis
2310 4453 2513 4499 statuta
2545 4444 2767 4499 traditio
2810 4459 2840 4498 a
2872 4444 3060 4514 quavis
3088 4459 3317 4513 persona

1744 4533 1944 4601 inpune
1972 4535 2224 4601 violetur,
2257 4535 2324 4589 ab
2348 4533 2602 4588 omnibus
2639 4533 2782 4588 dicta
2813 4543 2900 4588 est
2923 4535 3211 4589 sententia.
3262 4536 3319 4588 Si

1347 4643 1576 4697 νΑιιιΑῑ
1619 4643 2016 4700 LECTIONES.

141 4750 178 4781 ¹⁰
203 4751 255 4805 ιτι
275 4753 349 4807 ria
382 4753 488 4807 lill.
519 4766 748 4822 quatuor
790 4761 968 4809 codex.
1049 4757 1087 4787 “
1127 4757 1465 4826 impugnetur
1486 4754 1601 4808 cod.

1561 4864 1794 4924 NOTIE.

138 4956 212 5024 (ὅ)
246 4957 531 5030 1ί1εῖηνίειιδ
590 4959 655 5014 lll
687 4962 997 5030 imperator,
1057 4963 1282 5017 testibus
1335 4960 1632 5015 Annalibus

75 5022 498 5100 Sangallensibns
521 5043 574 5086 et
597 5022 1145 5100 liabenbergensibus,
1167 5032 1474 5085 llermanno
1497 5031 1633 5084 Con-

77 5102 235 5171 tracto
265 5099 632 5171 etLamberto
678 5102 1223 5171 Aschal’naburgensi,
1278 5101 1329 5154 iu
1362 5110 1629 5154 conventu

75 5162 408 5240 Constantia),
433 5172 615 5226 babito
645 5185 787 5223 anno
823 5171 980 5233 1045,
1008 5162 1498 5240 pacembactenus
1546 5172 1630 5240 iu-_

75 5236 428 5309 auditamtam
459 5243 511 5294 in
544 5249 651 5294 tota
688 5240 878 5294 Suevia
903 5236 1061 5308 quam
1093 5241 1146 5294 in
1190 5239 1310 5294 aliis
1353 5239 1500 5309 regni
1548 5237 1628 5309 sui

77 5305 352 5381 provinciis
382 5325 476 5377 per
500 5311 739 5381 edictum
781 5305 941 5381 regiae
987 5325 1230 5365 censurae
1268 5305 1627 5381 confirmavit.

75 5370 226 5447 Qujus
267 5370 416 5430 teno'r
456 5395 578 5433 cum
619 5379 776 5433 hodie
828 5370 1011 5439 lateat,
1050 5394 1115 5433 eo
1152 5379 1320 5447 magis
1349 5377 1628 5447 gratulan-

76 5439 192 5494 dum
229 5453 309 5497 est
337 5448 400 5500 de
428 5449 815 5503 constitutione
841 5449 1076 5504 Heinrici
1105 5448 1194 5511 ιν,
1227 5439 1414 5502 Eadem
1449 5448 1515 5502 de
1547 5462 1626 5509 re,

78 5513 338 5590 annalista
362 5517 787 5590 Babenbergensi
817 5529 977 5590 teste,
1010 5521 1060 5572 in
1091 5519 1291 5590 synodo
1321 5517 1629 5590 Moguntin-

76 5583 235 5658 cettsi,
266 5587 448 5651 pritnis
478 5590 602 5641 anni
635 5583 771 5640 1085
802 5589 1076 5641 mensibus
1117 5583 1481 5658 promulgata.
1507 5585 1628 5658 Be-

77 5656 439 5728 perimuseam
471 5674 518 5728 a.
550 5658 682 5728 I853
713 5662 761 5709 iu
803 5660 986 5728 codice
1016 5657 1146 5710 bibl.
1176 5673 1287 5725 reg.
1313 5656 1623 5728 liabenber-

76 5721 245 5779 densis
279 5721 335 5775 S.
368 5727 633 5779 Ambrosii
677 5728 839 5780 libros
891 5727 962 5780 De
1010 5728 1195 5782 oiliciis
1239 5721 1622 5780 ministrorum

504 5822 770 5880 ι’,ιίιιοιη
802 5820 948 5879 CLI.

1739 4956 2057 5029 continente
2086 4959 2284 5013 sarculo
2331 4956 2660 5029 duodecimo
2682 4964 2982 5023 exaratam,
3026 4956 3248 5029 ejusque
3285 4979 3316 5018 e

1738 5026 1910 5098 latere
1939 5030 2377 5081 constitutionem
2410 5026 2563 5093 cujus
2595 5026 2661 5079 ad
2709 5041 2952 5098 normam
2995 5026 3181 5082 exacta
3210 5045 3311 5098 est,

1738 5097 1944 5170 scilicet
1970 5099 2159 5170 synodi
2198 5098 2534 5170 Coloniensis
2574 5098 2674 5170 sub
2720 5095 2990 5170 {figet}:in
3018 5095 3314 5170 archiepi;

1737 5180 1900 5235 sc0p0
1927 5165 2142 5228 habitae,
2175 5181 2238 5220 ex
2264 5166 2450 5222 codice
2472 5165 2649 5219 saecudi
2682 5168 2788 5235 xui,
2806 5166 2955 5235 Aolim
3002 5165 3313 5235 Altdingbo-
3341 5183 3343 5186 ‘

1736 5233 1894 5301 fensi,
1915 5236 2025 5302 jam
2054 5251 2182 5290 vero
2214 5237 2314 5290 viri
2344 5235 2626 5305 clarissimi
2660 5235 2721 5305 D.
2774 5233 2953 5305 Meyer
3000 5233 3333 5304 capitularis.

1736 5305 2226 5370 Pazlerborneusis,
2281 5306 2456 5359 denuo
2521 5303 2869 5372 descriptam
2905 5303 3331 5363 collocavimus..

1734 5374 2042 5448 Formulam
2064 5375 2388 5442 juramenti,
2419 5389 2538 5442 qua:
2566 5375 2618 5448 in
2649 5373 2837 5448 codice
2877 5373 3299 5448 Habenbergmsi
3327 5375 3330 5378 ί

1735 5445 2322 5508 desideratum-aestate
2369 5444 2643 5512 praeterita
2691 5442 2932 5512 Lugduni
2981 5442 3301 5500 Batavrirum

1733 5527 1801 5584 ex
1832 5515 2017 5568 codice
2051 5515 2178 5567 olim
2211 5511 2576 5566 Wertbinensi
2603 5511 2868 5584 smculim
2899 5513 3301 5584 exscripsimus,

1733 5583 1786 5636 in
1819 5599 1926 5652 quo
1953 5593 2007 5637 et
2036 5584 2233 5637 saeculo
2265 5599 2361 5636 xm
2391 5584 2584 5637 iterum
2626 5581 2891 5648 descripta
2923 5581 3168 5638 habetur.

1802 5651 1877 5715 (εἰ)
1905 5653 2309 5708 Monasteriensi
2360 5654 2451 5718 qui
2495 5667 2540 5704 a.
2574 5652 2712 5705 1801
2755 5651 2906 5704 obiit.
2961 5654 3213 5708 Scbaten.
3261 5653 3301 5706 Ι.

1731 5722 1847 5775 61⁸2.

2789 5815 2861 5871 336
