3838 6322
450 299 585 355 “5|

1768 290 2039 347 NONUM.
2086 291 2358 349 DIPLOM.

3591 295 3698 349 lli!

446 426 585 472 tura:
608 412 898 469 sarcinam.
924 410 980 466 lu
1006 409 1227 480 reliquis
1248 426 1377 466 vero
1400 410 1610 476 diebus,
1645 411 1695 465 id
1726 423 1809 467 est
1851 416 1903 467 in
1937 415 2031 467 do-
2060 414 2104 468 A
2132 413 2266 469 liber
2295 417 2376 471 vel
2410 415 2604 472 nobilis
2626 431 2745 471 eam
2771 415 3077 480 violaverit,
3112 413 3253 469 idem
3286 413 3335 468 si
3380 408 3698 465 liotniciiium

444 506 660 562 minicis
683 512 735 559 et
760 504 793 558 6
838 503 1009 567 feriis,
1037 504 1290 572 omnique
1310 503 1675 572 apostolorum
1699 502 1877 571 vigilia
1898 518 2020 559 cum

445 599 534 654 die
555 598 943 661 subsecuta,.et
966 594 1113 650 omni
1144 595 1230 649 die
1253 596 1319 648 ad
1336 593 1690 665 ieiunandum
1711 596 1793 650 vel
1835 595 2030 650 ferian-

445 691 570 745 dum
594 696 790 743 statuta
814 687 899 741 vel
921 686 1227 751 statuenda,
1257 701 1407 739 arma
1440 684 1543 761 illis
1568 684 1709 741 ferre
1734 686 1938 751 licebit,
1963 700 2027 740 ea

447 787 626 832 tamen
650 775 957 833 conditione
990 784 1050 829 ut
1089 775 1221 830 nulli
1265 776 1509 844 quolibet
1557 776 1716 832 modo
1761 776 2022 832 lesioncm

442 866 700 923 inferant.
731 864 787 919 Si
821 879 1042 920 necesse
1073 862 1236 918 fuerit
1266 865 1424 919 alicui
1462 866 1601 919 intra
1628 866 1871 936 spacium
1899 881 2028 921 con-

444 957 572 1011 dita:
602 954 771 1024 pacis,
804 955 855 1009 id
877 964 961 1009 est
989 954 1056 1008 ab
1086 956 1317 1008 adventu
1347 954 1559 1009 Domini
1586 971 1757 1026 usque
1787 958 1851 1011 ad
1874 967 2025 1011 octa-

442 1066 536 1103 vas
564 1048 882 1118 aepiphania:
906 1057 958 1101 et
994 1062 1023 1100 a
1051 1048 1449 1117 septuagesima
1478 1064 1650 1117 usque
1699 1049 1751 1102 in
1801 1058 2026 1104 octavas

437 1150 806 1211 pentecostes,
842 1139 990 1193 exire
1036 1138 1105 1193 de
1146 1148 1331 1194 nostro
1385 1140 1699 1208 episcopatu
1752 1140 1806 1193 in
1859 1140 2022 1194 alium

437 1248 546 1303 quo
587 1232 689 1287 ista
721 1247 819 1301 pax
847 1244 953 1284 non
977 1239 1210 1294 tenetur,
1241 1246 1389 1285 arma
1421 1230 1594 1294 ferat,
1623 1231 1696 1283 ita
1734 1239 1915 1284 tamen
1955 1245 2025 1284 ne

437 1324 600 1379 alicui
636 1331 846 1384 noceat,
878 1322 981 1376 nisi
1006 1322 1051 1376 si
1075 1322 1401 1393 inpugnetur
1430 1331 1485 1376 ut
1511 1338 1569 1377 se
1602 1322 1873 1377 defendat.
1915 1323 2024 1377 Ile-

440 1428 628 1468 versus
652 1424 828 1467 antem
851 1413 902 1465 in
927 1412 1297 1481 episcopatum
1330 1420 1597 1475 nostrum,
1644 1412 1825 1465 statim
1869 1427 2023 1466 arma

435 1499 690 1570 deponat.
717 1501 771 1555 Si
791 1499 1075 1570 contigerit
1121 1510 1180 1555 ut
1209 1501 1403 1555 debeat
1441 1501 1677 1555 obsideri
1724 1502 2007 1556 castellum

434 1591 670 1660 aliquod,
696 1607 789 1661 per
828 1591 941 1645 dies
968 1591 1059 1659 qui
1096 1590 1236 1644 infra
1261 1606 1449 1660 pacem
1481 1593 1862 1661 comprehensi
1888 1601 2017 1647 sunt

433 1681 502 1733 ab
526 1680 934 1751 impugnationc
972 1689 1209 1747 cessent,
1235 1682 1336 1736 nisi
1359 1682 1427 1735 ab
1448 1681 1684 1736 obsessis
1702 1682 2019 1752 impugnen-

2135 506 2321 563 fecerit
2347 517 2440 563 aut
2468 508 2703 578 aliquem
2730 508 3123 572 vulneraverit,
3170 515 3267 560 aut
3323 503 3437 558 alio
3493 502 3698 571 quolibet

2130 600 2293 655 modo
2311 600 2688 664 delectaverit,
2712 600 2918 670 absque
2965 602 3009 632 ι’
3041 600 3192 654 omni
3256 603 3584 665 sumptuum
3632 604 3699 647 ut

2130 690 2426 745 amicorum
2478 691 2877 746 interventione
2922 692 3123 746 linibus
3154 688 3470 744 conﬁnium
3516 701 3697 738 suorum

2129 794 2192 835 ex
2208 782 2453 851 pellatur,
2486 792 2766 850 totumque
2794 784 3040 853 predium
3068 783 3186 852 eius
3207 781 3455 837 heredes
3504 777 3583 831 sui
3630 778 3683 829 tal

2128 872 2262 939 lant,
2296 875 2418 938 etsi
2444 873 2769 929 beneﬁcium
2801 874 3075 938 habuerit,
3131 872 3407 927 dominus
3456 868 3526 921 ad
3576 882 3699 934 quea

2128 966 2363 1035 pertinet
2391 966 2521 1021 illud
2550 964 3061 1036 accipiat..Si.vero
3091 964 3337 1018 heredes
3387 960 3478 1013 sui
3535 958 3697 1023 aliquid

2128 1054 2227 1120 illi,
2257 1067 2544 1126 postquam
2566 1056 2823 1126 expulsus
2848 1056 3028 1120 fuerit,
3049 1052 3369 1110 subsidium
3388 1060 3447 1103 et
3471 1060 3685 1103 susteaia

2125 1148 2303 1201 culum
2326 1148 2653 1217 impendisse
2674 1148 2877 1203 inventi
2894 1147 3095 1201 fuerint
3116 1156 3173 1201 ct
3201 1142 3483 1202 convicti,
3498 1141 3699 1209 predim

2126 1237 2232 1293 illis
2260 1239 2563 1304 auferatur,
2594 1247 2649 1293 et
2677 1239 2841 1308 regia:
2869 1238 3117 1308 dignitati
3149 1236 3536 1302 mancipetur.
3582 1231 3699 1295 Quod

2126 1330 2170 1385 si
2219 1345 2277 1384 se
2301 1331 2366 1404 de
2393 1329 2620 1403 objectis
2648 1314 2880 1400 purgare
2913 1328 3321 1388 voluerit.eum
3358 1325 3454 1385 l2,
3480 1324 3571 1391 qui
3593 1338 3698 1387 eque

2124 1421 2353 1488 nobiles,
2379 1436 2451 1481 ae,
2468 1420 2650 1485 liberi,
2668 1418 3029 1486 fuerintioret
3051 1418 3113 1471 ”.
3150 1416 3209 1470 Si
3238 1430 3457 1469 servus
3481 1413 3699 1466 occident

2124 1502 2424 1577 hominem,
2451 1511 2777 1574 decolletur;
2802 1511 2847 1564 si
2888 1507 3287 1569 vulneraverit,
3324 1519 3505 1559 manu
3549 1502 3698 1555 dextra

2126 1612 2433 1669 truncetur;
2463 1604 2506 1657 si
2545 1602 2653 1656 alio
2679 1600 2838 1657 modo
2870 1601 2952 1655 vel
2982 1614 3167 1669 pugno
3222 1597 3322 1651 vel
3376 1595 3565 1664 lapide
3608 1594 3698 1645 sin:

2124 1693 2265 1750 fuste
2294 1695 2376 1747 vel
2411 1692 2652 1761 quolibet
2710 1689 2869 1744 modo
2922 1686 3289 1761 percutienda
3350 1679 3698 1741 defectaven't,

432 1781 542 1836 tur,
590 1780 645 1826 et
668 1786 969 1841 repugnare
999 1780 1284 1842 cogantur.
1310 1773 1378 1827 Et
1411 1786 1480 1827 ne
1502 1773 1616 1827 haec
1637 1774 1788 1841 pacis
1815 1782 2014 1828 statuta

2124 1757 2446 1839 verberetur
2467 1790 2521 1834 et
2547 1757 2959 1850 decapilletur:
2984 1777 3041 1833 Si
3073 1789 3265 1830 autem
3302 1776 3398 1829 cui
3435 1773 3700 1839 imputatur

429 1863 649 1918 traditio
679 1878 708 1916 a
736 1863 927 1932 quavis
953 1876 1182 1932 persona
1215 1872 1418 1917 temere
1445 1872 1500 1918 et
1527 1860 2017 1931 impunevioletur,

428 1954 733 2024 huiusmodi
758 1954 1109 2010 violatoribus
1139 1955 1192 2008 in
1215 1970 1504 2010 commune
1537 1956 1605 2009 ab
1642 1956 1897 2011 omnibus
1937 1965 2021 2011 est

427 2047 626 2101 dictata
655 2046 943 2101 sententia.
980 2044 1037 2099 Si
1063 2045 1202 2100 liber
1227 2045 1312 2099 vel
1342 2044 1537 2111 nobilis
1563 2060 1681 2099 eam
1713 2045 2016 2113 violaverit,

428 2137 483 2190 id
522 2146 603 2190 est
633 2136 981 2190 homicidium
1006 2134 1197 2190 fecerit
1220 2145 1315 2191 aut
1360 2128 1596 2204 aliquem
1624 2135 2013 2199 vulneraverit,

427 2226 511 2281 vel
538 2226 777 2296 quolibet
825 2226 934 2279 alio
979 2226 1138 2280 modo
1177 2225 1572 2296 delectaverit,
1619 2227 1824 2295 absque
1870 2229 2017 2299 omni

428 2330 741 2389 sumptuum
798 2328 893 2371 aut
936 2310 1253 2372 amicorum
1297 2317 1695 2371 inlerveutione
1728 2332 1758 2371 a
1818 2318 2017 2373 ﬁnibus

428 2409 723 2462 conﬁnium
787 2423 1007 2462 suorum
1049 2407 1373 2475 expellatur,
1429 2416 1711 2477 totumque
1756 2410 2015 2478 praedium

426 2498 544 2568 eius
566 2500 795 2553 heredes
820 2499 901 2552 sui
927 2497 1137 2562 tollant,
1162 2505 1215 2550 et
1237 2497 1283 2551 si
1316 2497 1638 2552 beneﬁcium
1665 2498 1874 2561 habuit,
1925 2501 2020 2554 do-

426 2590 606 2646 minus
635 2590 702 2644 ad
730 2604 890 2657 quem
917 2589 1154 2658 pertinet
1176 2587 1303 2643 illttd
1327 2588 1569 2658 recipiat.
1605 2588 1663 2644 Si
1704 2606 1831 2645 vero
1854 2591 2015 2645 here-

426 2680 522 2735 des
542 2678 755 2748 aliquod
776 2678 871 2745 illi,
898 2688 1182 2748 postquam
1208 2677 1464 2748 expnlsns
1481 2677 1661 2745 fuerit,
1680 2688 2018 2735 sustentacu-

426 2770 536 2824 lum
561 2769 641 2824 vel
662 2769 909 2825 solatium
931 2768 1266 2838 impendisse
1305 2769 1508 2824 inventi
1539 2768 1756 2836 fuerint
1783 2780 1837 2826 et
1890 2787 2019 2827 con-

426 2862 578 2924 victi,
612 2861 870 2929 prendium
907 2842 1011 2914 illis
1034 2858 1313 2912 auferatur
1342 2868 1396 2913 et
1439 2860 1601 2929 regia:
1632 2860 1822 2915 ditioni
1865 2877 2017 2915 man-

425 2952 660 3021 cipetur.
692 2949 850 3016 Quod
872 2948 916 3003 si
960 2963 1018 3003 se
1063 2961 1293 3017 purgare
1339 2946 1405 3002 de
1451 2947 1682 3017 objectis
1720 2949 2009 3017 voluerint,

423 3056 547 3097 cum
579 3038 867 3095 duodecim
898 3038 991 3107 qui
1022 3052 1161 3107 eque
1183 3036 1392 3092 nobiles
1414 3038 1497 3092 vel
1523 3053 1661 3107 eque
1700 3037 1855 3094 liberi
1895 3040 2013 3096 fue-

424 3131 536 3187 rint
555 3129 758 3200 iurent.
792 3127 851 3184 Si
884 3142 1074 3184 servus
1094 3126 1353 3184 occiderit
1374 3128 1675 3195 hominem,
1694 3130 2010 3187 decolletur.

425 3221 486 3278 Si
509 3219 897 3285 vulneraverit,
926 3234 1090 3274 manu
1122 3219 1400 3289 puniatur.
1452 3218 1509 3274 Si
1563 3218 1670 3274 alio
1717 3221 1881 3275 modo
1932 3221 2016 3277 vel

425 3328 604 3386 pugno
633 3312 745 3368 sive
777 3312 916 3367 fuste
944 3310 1029 3365 vel
1060 3310 1235 3381 lapide
1262 3310 1617 3381 percutienda
1644 3311 2012 3381 defcctaverit,

422 3407 782 3466 detondcatur
803 3415 858 3461 et
884 3405 1215 3460 excorictnr.
1246 3404 1304 3459 Si
1332 3413 1512 3459 autem
1545 3403 1631 3458 cui
1662 3404 2016 3473 imputabitur

424 3516 482 3556 se
507 3496 1097 3569 innocentemprohare
1121 3496 1375 3559 voluerit,
1394 3493 1598 3563 iudicio
1622 3510 1776 3564 aquae
1806 3494 2015 3565 frigidae

425 3604 485 3645 se
513 3598 797 3660 expurget,
825 3589 897 3642 ita
940 3596 1119 3643 tamen
1151 3596 1212 3641 ιιι
1236 3588 1349 3657 ipse
1377 3596 1433 3641 et
1461 3586 1641 3641 nullus
1672 3586 1810 3641 alius
1829 3602 1927 3656 pro
1948 3602 2015 3642 eo

427 3681 480 3734 in
515 3694 712 3749 aquam
737 3678 1001 3732 mittatur.
1033 3678 1091 3734 Si
1118 3688 1299 3732 autem
1331 3676 1530 3732 timens
1560 3676 1852 3732 vindictam
1894 3692 2015 3747 qua:

428 3773 482 3825 in
514 3786 637 3825 eum
664 3771 862 3826 dictata
885 3779 969 3826 est
1003 3772 1298 3841 aufugerit,
1331 3780 1606 3842 perpetuae
1634 3773 2012 3827 excommuni-

428 3862 629 3915 cationi
660 3859 980 3928 subiacebit,
1033 3871 1090 3916 et
1135 3863 1187 3916 in
1230 3876 1580 3932 quocumque
1634 3862 1753 3917 loco
1799 3862 2012 3918 auditus

427 3952 614 4015 fuerit,
649 3950 937 4005 mittantur
962 3951 1085 4007 illuc
1116 3952 1330 4018 littera,
1362 3967 1459 4022 per
1485 3968 1622 4023 quas
1657 3953 2014 4019 denuncietur

428 4042 679 4097 omnibus
697 4041 843 4111 quod
865 4043 1373 4098 excommunicatus
1392 4051 1495 4108 est,
1528 4052 1583 4096 et
1612 4044 1757 4111 quod
1787 4058 1911 4099 cum
1944 4058 2011 4099 eo

426 4132 835 4190 communicare
866 4132 1000 4186 milli
1031 4131 1238 4188 licitum
1270 4142 1372 4187 est.
1410 4131 1528 4187 Non
1559 4133 1716 4188 debet
1743 4135 2010 4191 truncatio

426 4240 686 4280 manuum
716 4224 770 4279 in
802 4224 985 4294 pueris
1011 4224 1126 4279 ﬁeri
1153 4226 1244 4294 qui
1289 4224 1526 4279 nondum
1585 4224 1868 4281 duodecim
1918 4242 2013 4282 an-

427 4330 620 4369 norum
636 4322 837 4369 etatem
868 4313 1229 4384 impleverint,
1284 4314 1378 4368 sed
1402 4313 1453 4368 in
1491 4314 1596 4369 illis
1617 4314 1709 4383 qui
1762 4314 1830 4369 ab
1867 4324 2011 4371 etate

2122 1890 2181 1930 se
2205 1873 2543 1928 innocentem
2575 1872 2806 1941 prebare
2834 1869 3086 1932 voluerit,
3109 1866 3334 1935 iudicio
3350 1877 3504 1933 aque
3530 1860 3693 1930 frigide

2121 1981 2180 2021 se
2204 1971 2484 2033 expurget,
2517 1964 2591 2016 ita
2627 1971 2805 2016 tamen
2836 1970 2895 2015 ut
2920 1961 3039 2030 ipse
3060 1968 3114 2013 et
3138 1972 3317 2011 nemo
3360 1955 3513 2008 alius
3543 1970 3628 2022 pro
3649 1968 3697 2004 ω

2122 2054 2174 2106 iu
2197 2068 2393 2121 aquam
2420 2052 2694 2105 mittatur.
2719 2051 2777 2105 Si
2825 2059 3006 2121 autem
3035 2044 3544 2113 timens-judicium
3591 2041 3701 2109 quoi

2120 2145 2174 2199 in
2202 2160 2324 2199 eum
2366 2144 2625 2218 dietttum
2655 2151 2737 2197 est
2766 2140 3056 2209 aufugerit,
3090 2146 3389 2207 perpetua:
3414 2150 3701 2188 excommu-

2120 2236 2378 2291 nicationi
2407 2235 2702 2304 subiaceat,
2730 2242 2786 2287 et
2831 2232 2885 2285 in
2934 2242 3275 2298 quocunque
3332 2226 3465 2279 loco
3520 2224 3699 2276 auditus

2119 2328 2304 2391 fuerit,
2344 2327 2631 2379 mittantur
2681 2324 2807 2379 illuc
2863 2323 3039 2387 litere,
3098 2321 3319 2388 quibus
3377 2316 3604 2370 denunti
3636 2326 3701 2365 tur

2121 2421 2266 2476 illum
2291 2418 2812 2473 excommunicatum
2844 2429 2966 2489 esse
2996 2412 3229 2481 etquod
3291 2425 3431 2464 cum
3483 2424 3549 2461 eo
3598 2406 3701 2459 nulli

2119 2528 2522 2579 communicare
2567 2510 2747 2563 liceat.
2777 2505 2890 2559 Non
2916 2506 3075 2558 debet
3114 2502 3411 2557 truncatio
3474 2514 3700 2553 manuum

2120 2609 2173 2662 itt
2200 2606 2381 2676 pueris
2406 2603 2520 2660 fieri
2574 2599 2664 2668 qui
2690 2596 3155 2651 nondumetatetu
3198 2592 3513 2646 duodecim
3560 2604 3703 2641 anno—

2120 2712 2238 2750 rum
2300 2688 2677 2762 impleverint;
2742 2686 2787 2739 si
2839 2685 2930 2754 qui
2991 2683 3133 2737 hanc
3186 2681 3544 2750 transgressi
3582 2687 3705 2739 sunt,

2120 2786 2293 2858 pueri,
2327 2792 2531 2839 tantum
2560 2777 2878 2833 verberibus
2918 2776 3289 2843 castigentur.
3320 2772 3448 2825 Non
3490 2770 3706 2837 infringit

2117 2891 2326 2948 pacem,
2355 2876 2400 2931 si
2435 2875 2557 2943 quis
2585 2873 2988 2940 delinquentem
3022 2882 3243 2927 servum
3275 2865 3365 2919 vel
3399 2864 3703 2932 discipulum

2116 2968 2200 3022 vel
2226 2966 2468 3037 quolibet
2495 2965 2651 3029 modo
2680 2962 2783 3017 sibi
2810 2959 3113 3027 subiectum
3145 2958 3341 3027 scopis
3374 2956 3468 3010 vel
3502 2955 3706 3009 fustibus

2040 3090 2085 3151 ϐ
2118 3059 2234 3115 cedi
2257 3058 2502 3128 iusserit.
2535 3055 2818 3125 Excipitur
2840 3053 3022 3119 etiam
3065 3049 3135 3103 ab
3184 3050 3297 3103 hac
3340 3048 3505 3117 pacis
3526 3046 3706 3099 censu-

2118 3153 2346 3217 tutionc,
2377 3149 2421 3205 si
2457 3149 2710 3204 dominus
2733 3148 3028 3215 imperator
3065 3142 3288 3212 publice
3317 3139 3707 3208 expeditionem

2116 3242 2231 3297 ﬁeri
2252 3241 2477 3310 iusserit
2503 3251 2732 3311 propter
2756 3234 3093 3307 appetendos
3118 3234 3277 3303 regni
3315 3232 3597 3291 inimicos,
3637 3228 3705 3279 ιεὲ

2114 3335 2403 3390 concilium
2435 3332 2538 3388 sibi
2572 3330 2775 3386 habere
2802 3326 3098 3399 placuerit,
3138 3334 3372 3395 propter
3416 3321 3704 3389 diiudicata-

2116 3429 2212 3483 dos
2233 3426 2451 3497 iusticie
2480 3423 2842 3480 adversarios.
2882 3420 2997 3475 Non
3031 3418 3280 3473 violatur
3315 3431 3456 3486 pax,
3487 3416 3532 3468 si
3588 3414 3707 3465 ἰηιεο

2115 3521 2218 3574 ritu
2244 3520 2353 3574 dux
2384 3527 2478 3573 aut
2509 3519 2598 3571 alii
2629 3516 2856 3572 comites
2898 3512 2984 3567 vel
3013 3510 3265 3565 advocati
3297 3507 3383 3562 vel
3413 3508 3507 3575 qui
3545 3506 3701 3558 vicem

2116 3608 2331 3664 illorqu
2363 3607 2661 3678 funguntur
2686 3604 2885 3674 placita
2921 3600 3239 3665 habuerint,
3307 3608 3362 3651 et
3419 3596 3702 3651 secundum

2114 3703 2257 3775 quod
2285 3702 2367 3757 lex
2394 3701 2559 3756 habet
2585 3700 2639 3754 in
2668 3697 2817 3753 fures
2843 3695 3177 3764 etpredones
3203 3700 3263 3746 et
3286 3690 3434 3745 alios
3462 3695 3707 3742 nocentes

2109 3794 2311 3863 judicia
2341 3790 2709 3847 exercuerim.
2743 3786 3069 3843 Securitatis
3091 3783 3271 3854 gratia
3309 3781 3575 3835 omnibus
3598 3792 3707 3845 ρηλο

2115 3885 2271 3954 cipue
2295 3883 2514 3938 faicosis
2543 3880 2703 3950 huius
2724 3876 2992 3934 dominice
3018 3875 3172 3945 pacis
3213 3881 3431 3926 statuta
3462 3880 3551 3923 est
3605 3877 3704 3919 m~

2115 3975 2277 4041 dicio,
2305 3976 2402 4030 sed
2438 3989 2547 4029 non
2575 3982 2634 4027 ιιι
2680 3981 2804 4041 post
2836 3968 3107 4038 expletam
3154 3979 3349 4035 pacem
3408 3974 3605 4031 rapere
3658 3968 3703 4009 et

2114 4067 2329 4139 predari
2361 4080 2459 4135 per
2479 4063 2634 4119 villas
2657 4071 2713 4118 et
2738 4076 2834 4132 per
2853 4060 3042 4114 domos
3069 4058 3327 4116 audeant,
3373 4052 3508 4121 quia
3532 4064 3637 4119 que
3656 4048 3701 4097 in

2114 4159 2237 4216 illos
2267 4164 2560 4225 antequam
2589 4155 2690 4210 ista
2718 4160 2822 4223 pax
2856 4158 3194 4205 statueretur
3218 4146 3308 4200 lex
3342 4153 3403 4197 et
3439 4139 3699 4197 sententi:

2117 4250 2318 4305 dictata
2341 4257 2426 4304 est
2446 4244 2873 4316 diligentissime
2897 4239 3196 4302 tenebitur,
3220 4246 3284 4289 ut
3323 4236 3398 4290 ab
3425 4233 3700 4302 iniquitate

2114 4341 2490 4411 proibcantur,
2512 4338 2641 4408 quia
2667 4337 2981 4406 predatores
3009 4330 3063 4385 et
3092 4337 3449 4400 grassatores
3491 4326 3561 4378 ab
3611 4323 3701 4375 hac

427 4408 480 4501 id
512 4416 594 4501 es}
617 4422 646 4461 ³
669 4405 952 4501 dum?“
974 4406 1132 4461 ³¹¹¹¹ί⁵
1175 4406 1242 4501 ξω
1303 4404 1565 4473 majorem
1616 4418 2004 4476 pervenerum'
2042 4443 2087 4499 D
2116 4404 2295 4490 divina
2327 4446 2460 4501 pace
2475 4404 2547 4484 et
2563 4428 2631 4483 ab
2659 4404 2805 4482 omni
2834 4437 3059 4494 prorsus
3094 4418 3477 4487 excipiuntur.
3508 4414 3567 4469 Si
3592 4412 3701 4480 quis

424 4496 587 4553 Pueri
611 4507 787 4552 tamen
825 4496 869 4551 si
897 4496 1277 4567 pugnaverint,
1302 4497 1622 4551 verberibus
1647 4498 2004 4568 castigentur,

424 4596 480 4643 et
507 4602 537 4642 a
560 4588 845 4658 pugnando
870 4587 1268 4641 deterreantur.
1302 4586 1417 4640 Non
1450 4586 1580 4640 ledit
1609 4602 1798 4655 pacem
1825 4589 1868 4643 si
1887 4590 2009 4659 quis

426 4679 826 4750 delinquentem
855 4694 1072 4733 servum
1095 4677 1372 4742 sunm,ve|
1405 4676 1726 4747 discipulum
1762 4678 1843 4733 vel
1870 4695 2006 4748 quo-

423 4771 559 4826 libet
593 4770 753 4824 modo
781 4769 883 4825 sibi
934 4769 1212 4825 subditum
1260 4768 1440 4839 scopis
1491 4768 1575 4822 vel
1619 4768 1853 4825 fustibus
1887 4772 2006 4826 cedi

419 4862 664 4933 iusserit.
690 4861 972 4931 Excipitur
995 4860 1159 4915 etiam
1186 4862 1254 4915 ab
1283 4860 1385 4915 hac
1416 4860 1569 4929 pacis
1592 4861 2000 4929 constitutione,

423 4956 468 5010 si
503 4955 735 5009 domnus
763 4968 858 5010 rex
891 4952 1107 5022 publice
1149 4952 1550 5022 expeditionem
1594 4953 1711 5009 fleri
1735 4955 1959 5025 iusserit
1983 4998 1997 5023 ,

420 5054 643 5116 propter
697 5043 1029 5114 appetendos
1072 5044 1219 5113 regni
1266 5043 1537 5110 inimicos,
1582 5046 1666 5101 vel
1710 5047 1999 5102 concilium

421 5135 527 5191 sibi
550 5134 750 5189 habere
798 5132 1062 5202 placuerit
1102 5142 1325 5203 propter
1368 5134 1743 5204 diiudicandos
1770 5133 2007 5203 justiciae

431 5226 782 5280 adversarios.
816 5223 927 5278 Non
959 5225 1193 5278 violatur
1218 5240 1343 5294 pax,
1405 5228 1448 5281 si
1494 5226 1712 5281 interim
1762 5228 1865 5281 dux
1921 5228 2007 5281 vel

431 5309 525 5365 alit
549 5315 799 5378 comites,
825 5314 906 5368 vel
932 5315 1198 5379 advocati,
1232 5314 1315 5370 vel
1360 5316 1449 5385 qui
1492 5317 1610 5371 vice
1642 5316 1857 5371 illorum
1887 5317 2008 5371 futt-

431 5412 645 5476 guntnr,
701 5407 895 5476 placita
932 5408 1246 5472 habuerint,
1279 5416 1332 5463 et
1366 5410 1663 5464 secundum
1724 5411 1867 5479 quod
1915 5410 2003 5465 lex

2116 4524 2242 4581 huic
2271 4523 2360 4592 pie
2408 4518 2785 4576 constitutioni
2809 4514 3088 4571 contraire
3114 4511 3333 4571 nititur,
3377 4518 3443 4562 ut
3486 4520 3587 4560 nec
3614 4519 3697 4571 pr

2115 4631 2233 4671 cem
2266 4616 2378 4669 Deo
2405 4613 2727 4683 promittere
2752 4622 2853 4663 nec
2903 4606 3067 4660 etiam
3109 4603 3415 4658 observare
3455 4596 3692 4653 voluerit.

2115 4708 2336 4764 missam
2375 4706 2450 4760 illi
2482 4704 2662 4758 nullus
2682 4700 3109 4773 presbiterorum
3132 4704 3359 4749 cantare
3403 4696 3694 4761 prostituat.

2111 4808 2167 4854 et
2193 4798 2393 4853 nullam
2423 4795 2614 4851 salutis
2635 4807 2822 4847 curant
2853 4788 3142 4859 inpendat;
3174 4785 3218 4839 si
3249 4783 3563 4837 iniirtnetur
3588 4776 3695 4829 ιιιΙ-

2115 4889 2200 4944 lus
2233 4887 2668 4943 Christianorum
2692 4898 2815 4939 eum
2840 4882 3070 4935 visitare
3102 4885 3415 4948 presumat.
3434 4882 3491 4925 et
3509 4868 3693 4923 viatico

2110 4980 2277 5034 etiam
2304 4978 2357 5032 in
2396 4978 2523 5042 line,
2557 4973 2661 5028 nisi
2687 4971 2995 5041 resipiscat,
3022 4975 3229 5022 careat.
3272 4963 3332 5017 Si
3363 4962 3492 5031 quis
3521 4970 3689 5012 autem

2111 5048 2260 5122 illam
2286 5066 2402 5120 sive
2430 5066 2486 5118 in
2528 5060 2767 5133 presenti
2811 5068 3057 5127 tempore
3092 5056 3206 5109 sive
3263 5054 3316 5106 in
3378 5058 3685 5119 perpetuum

2114 5159 2255 5227 apud
2292 5164 2538 5225 posteros
2574 5160 2788 5207 nostros
2802 5148 3009 5204 violare
3033 5144 3453 5218 presuntpserit,
3482 5159 3510 5192 a
3539 5137 3689 5227 nobis

2114 5225 2619 5316 inrecnperabiliter
2664 5240 3169 5297 excomtnunicatus
3203 5246 3309 5290 est.
3372 5233 3489 5285 Non
3524 5225 3688 5291 magis

2111 5342 2165 5395 in
2197 5342 2454 5396 comitum
2482 5339 2563 5393 vel
2598 5338 2935 5392 tribunorum
2954 5334 3068 5387 sive
3102 5326 3470 5400 quorumlibet
3496 5332 3683 5391 inten-

2111 5442 2223 5488 tum
2258 5449 2420 5502 quain
2454 5433 2505 5486 in
2561 5431 2726 5485 totius
2768 5428 2950 5497 pepuli
3008 5422 3374 5478 communiter
3428 5418 3683 5485 potestate

1706 5583 1937 5639 VARI/Ii
1980 5584 2381 5642 LECTIONES.

431 5714 476 5746 "
516 5708 751 5780 altaeque
768 5728 812 5765 ε.
891 5715 932 5745 ³³
952 5714 1133 5782 jurcnt
1154 5732 1198 5766 c.
