3838 6322
87 323 252 382 ηδε-

1388 307 1740 365 HENRICUS
1779 308 1844 364 IV
1876 307 2005 362 IMP.
2039 316 2042 318 ‘

3195 307 3333 362 ΗΜ

85 437 334 495 ωηιξη
362 435 530 501 [ιη-ος,
553 442 608 491 ει
627 431 928 503 praedones,
957 426 1015 486 ει
1045 427 1184 484 alios
1206 433 1470 481 nocentes
1518 425 1662 496 judi-
1687 429 1736 487 Α
1766 430 2020 476 constare
2063 420 2370 484 sanximus,
2419 431 2478 474 ut
2506 416 2767 476 vindictas
2797 432 2958 489 supra
2990 431 3333 482 memoratas.

82 531 236 586 dicia
262 526 629 584 exercuerim.
655 518 982 578 Securitatis
1011 518 1191 590 gratia
1231 516 1487 572 omnibus
1528 530 1664 585 pra:—

83 621 250 689 cipue
281 617 496 673 faicosis
528 613 686 684 hujus
706 611 997 669 dominica:
1021 609 1174 680 pacis
1205 616 1406 664 statuta
1447 606 1665 661 traditio
1699 654 1702 656 _

86 720 196 775 est,
219 710 312 765 sed
333 723 438 762 non
479 715 677 776 utpost
703 703 973 774 expletam
1001 716 1188 770 pacem
1215 714 1405 769 rapere
1439 707 1494 752 et
1530 713 1666 766 μνω-

89 799 210 852 dari
239 813 334 868 per
363 795 514 850 villas
541 803 596 848 et
625 809 723 864 per
748 792 937 862 domos
964 791 1226 852 audeant,
1259 787 1388 857 quia
1438 802 1557 856 quae
1610 787 1666 841 in

83 889 214 942 illos
243 896 530 954 antequam
564 883 665 937 ista
694 897 794 952 pax
823 887 1156 936 statueretur
1197 878 1284 933 lex
1313 887 1368 933 et
1397 877 1666 933 sententia

79 959 295 1028 dictata
333 983 415 1027 est
438 971 677 1041 legitime
701 969 992 1032 tenebitur,
1033 965 1197 1021 ut‘ab
1222 965 1514 1036 iniquitate
1542 980 1667 1035 pro-

83 1066 406 1128 hibeantur,
430 1063 556 1132 quia
585 1060 920 1131 praedatores
965 1067 1020 1114 et
1065 1065 1405 1126 grassatores
1458 1056 1526 1110 ab
1565 1055 1670 1109 hac

82 1155 277 1207 divina
301 1164 356 1208 et
377 1153 444 1207 ab
457 1150 606 1206 omni
636 1164 858 1221 prorsus
889 1162 1021 1218 pace
1043 1146 1405 1216 excipiuntur.
1436 1143 1493 1199 Si
1549 1145 1670 1214 quis

84 1248 221 1301 huic
248 1248 347 1316 pia:
369 1243 694 1299 institutioni
722 1240 996 1297 contra-ire
1019 1239 1234 1304 nititur,
1261 1250 1324 1292 ut
1351 1251 1450 1292 nec
1481 1252 1669 1307 pacem

81 1355 220 1392 cum
251 1338 372 1391 aliis
405 1337 516 1390 Deo
539 1333 858 1405 promittere
912 1347 1012 1386 nec
1041 1333 1208 1385 etiam
1243 1329 1535 1386 observare
1578 1344 1671 1383 vo-

81 1433 279 1497 luerit,
310 1431 527 1485 missam
558 1427 633 1482 illi
689 1427 870 1481 nullus
903 1424 1332 1496 presbitcrorum
1385 1421 1440 1476 in
1485 1430 1672 1476 nostro

81 1525 409 1594 episcopatu
440 1529 667 1576 cantare
692 1526 1009 1588 prazsumat,
1034 1524 1091 1570 et
1113 1513 1315 1568 nullam
1342 1511 1535 1568 salutis
1579 1525 1674 1565 cu-

85 1633 213 1673 ram
260 1613 559 1684 impendat,
591 1611 721 1665 etsi
756 1607 1084 1669 infirmatur,
1136 1605 1317 1660 nullus
1361 1601 1674 1658 eutuChri-

87 1714 401 1768 stiauor‘um
429 1705 652 1761 visitare
674 1702 892 1766 audeat,
945 1715 1002 1756 et
1026 1699 1224 1753 viatico
1253 1697 1420 1752 etiam
1456 1696 1508 1749 in
1535 1695 1662 1761 line,

1764 515 2109 600 violatoribus
2137 524 2325 570 sancte
2356 513 2509 582 pacis
2539 511 2806 576 inferant;
2845 520 2900 565 et
2949 510 3053 566 hoc
3110 511 3333 581 diligen-

1769 604 1975 658 tissime
1999 604 2396 670 caveant,'uciu
2419 601 3002 672 pun3eadoamiciciam
3027 600 3112 656 vel
3131 600 3335 666 odium,

1767 695 1850 749 vel
1874 695 2017 750 aliud
2039 694 2181 764 quod
2195 694 2418 763 justitia:
2437 695 2768 749 contrarium
2796 694 2866 748 sit
2909 703 3212 756 exerceant,
3273 708 3334 746 nr

1768 785 1963 841 delicta
1982 785 2288 854 aliquorum
2313 784 2643 838 abscondant
2668 784 2762 838 sed
2782 784 2961 852 potius
2987 785 3042 838 iu
3067 784 3335 852 publicqu

1768 874 2065 945 proferant.
2095 872 2289 928 Nullus
2313 889 2410 942 pro
2443 873 2772 928 redimendis
2815 874 2907 943 qui
2953 873 3009 927 in
3057 873 3212 943 culpa
3243 874 3324 929 de-

1767 963 2021 1035 prehensi
2051 964 2264 1018 fuerant
2290 963 2574 1032 pecuniam
2607 964 2861 1034 accipiat.
2901 962 3240 1026 ,Mercatores
3287 967 3336 1020 in

1769 1053 1963 1109 itinere
1999 1069 2106 1123 quo
2128 1053 2494 1124 negotiantur,
2525 1052 2714 1108 rustici
2745 1053 2873 1107 dum
2907 1053 3144 1109 rusticali
3165 1057 3336 1124 operi,

1770 1146 1995 1211 arando,
2021 1145 2294 1210 fodiendo,
2324 1144 2600 1209 metendo,
2630 1152 2686 1198 et
2710 1143 2832 1198 aliis
2867 1144 3166 1213 huiusmodi
3215 1161 3343 1216 ope-

1771 1252 1889 1292 ram
1920 1237 2066 1301 dant,
2097 1237 2243 1292 omni
2277 1235 2366 1290 die
2399 1250 2585 1304 pacem
2614 1234 3141 1298 habeautJlulicres
3161 1247 3343 1290 autem

1771 1334 1828 1381 et
1857 1341 2046 1382 omnes
2071 1325 2243 1384 sacris
2289 1323 2572 1379 ordinibus
2613 1322 2883 1378 adtitulati
2921 1333 3178 1392 perpetua
3214 1339 3347 1393 pace

1773 1416 2049 1480 fruantur;
2074 1415 2128 1469 in
2159 1413 2406 1469 ecclesiis
2434 1428 2566 1468 vero
2611 1422 2666 1468 et
2690 1412 3042 1468 ecclesiarum
3066 1414 3350 1470 cimiteriis

1774 1509 1947 1564 honor
1974 1517 2030 1563 et
2064 1509 2370 1563 reverentia
2403 1507 2514 1562 Deo
2550 1508 2860 1576 prebeatur,
2896 1508 3027 1562 utsi
3060 1508 3186 1564 illuc
3220 1525 3350 1563 con-

1775 1599 1972 1671 fugerit
2004 1608 2199 1668 raptor
2225 1599 2307 1654 vel
2339 1598 2446 1664 fur,
2480 1598 2700 1652 minime
2723 1599 2988 1667 capiatur,
3019 1600 3113 1655 sed
3145 1601 3351 1654 tamdiu

1779 1689 1850 1746 ibi
1882 1689 2215 1753 obsideatur,
2248 1689 2421 1744 donec
2463 1688 2604 1744 fame
2635 1663 2862 1760 cogente
2911 1663 2981 1743 ad
3020 1691 3350 1746 deditionem

88 1805 144 1860 si
172 1818 280 1858 non
309 1783 604 1868 resipiscit,
633 1800 841 1849 careat.
871 1791 1091 1846 Summa
1113 1803 1242 1844 vero
1271 1788 1379 1841 Deo
1401 1784 1678 1855 promissa:
1711 1759 1752 1813 Β
1779 1789 2022 1850 cogatur.
2057 1778 2115 1834 Si
2142 1779 2336 1848 aliquis
2364 1759 2735 1833 defensionem
2761 1794 2879 1846 reo,
2909 1795 3061 1834 arma
3083 1821 3098 1844 ,
3123 1782 3348 1842 victum,

89 1895 270 1966 pacis,
295 1901 352 1947 et
383 1886 746 1945 communiter
801 1883 1147 1948 collaudata},
1188 1879 1290 1934 ista
1323 1878 1448 1942 erit,
1473 1884 1541 1943 ut
1590 1891 1677 1930 so-

89 1983 373 2042 lummodo
396 1996 500 2036 non
542 1977 746 2034 uestris
771 1974 1124 2045 temporibus,
1150 1971 1242 2027 sed
1273 1975 1327 2026 in
1359 1976 1676 2040 perpetumu

88 2079 244 2150 apud
272 2086 521 2147 posteros
541 2082 760 2131 nosnos
783 2068 1123 2130 observetur,
1154 2065 1278 2136 quia
1311 2063 1355 2118 si
1405 2061 1526 2130 quis
1553 2075 1676 2114 eam

93 2149 342 2230 irritare,
367 2163 455 2218 vel
502 2162 806 2222 destruere,
850 2166 946 2212 aut
997 2155 1202 2211 violare
1247 2149 1675 2223 presumpserit,

92 2265 217 2316 sive
249 2261 351 2315 hoc
378 2266 621 2325 tempore
669 2265 766 2305 seu
799 2248 890 2318 qui
929 2256 1053 2317 post
1083 2243 1282 2299 multos
1333 2255 1504 2296 annos
1530 2239 1676 2293 circa

93 2358 264 2411 finem
285 2350 448 2407 seculi
471 2348 778 2404 nasciturus
799 2342 924 2406 erit,
945 2356 974 2394 a
1000 2337 1165 2394 nobis.
1182 2330 1681 2403 inrecuperabilitcr

93 2443 603 2502 excommunicatus
635 2447 751 2504 est.
778 2433 894 2490 Non
949 2430 1121 2502 magis
1170 2429 1222 2482 in
1269 2427 1552 2488 comitum,
1588 2431 1681 2476 aut

96 2539 469 2597 tribunorum,
491 2529 575 2585 vel
605 2535 1092 2599 potentum,.quam
1139 2520 1192 2574 iu
1245 2518 1410 2571 totius
1439 2528 1708 2570 commu-.

97 2630 254 2683 uiter
291 2621 474 2695 populi
515 2625 786 2690 petestate
812 2623 868 2670 et
899 2610 1125 2668 arbitrio
1152 2606 1446 2678 constabit,
1475 2613 1534 2658 ut
1564 2603 1680 2656 vin-

1777 1873 1862 1930 vel
1896 1868 2078 1944 fugam
2106 1872 2287 1928 moliri
2310 1871 2730 1942 presumpserit,
2784 1871 2960 1941 equali
2987 1900 2992 1906 -
3015 1886 3166 1942 penae
3186 1907 3198 1930 -,
3213 1873 3353 1928 sicut

1779 1981 1904 2022 rcus
1933 1964 2254 2034 subiacebit.
2291 1964 2503 2026 Banuo
2529 1964 2697 2019 etiam
2739 1973 2922 2020 nostro
2954 1965 3352 2030 interdicimus,

1781 2070 1850 2110 uc
1875 2055 2070 2124 aliquis
2083 2054 2223 2109 sacri
2250 2052 2461 2110 ordinis
2478 2051 2638 2121 hujus
2663 2064 2864 2108 sanctae
2880 2054 3027 2122 pacis
3050 2063 3354 2124 transgres-

1779 2163 1868 2203 sor
1896 2148 2198 2210 convictus,
2224 2144 2403 2199 laicali
2426 2143 2660 2198 viudicm
2684 2145 2956 2213 puniatur,
2982 2145 3074 2199 sed
3101 2146 3355 2215 episc0po

1781 2248 2147 2309 presentetur.
2183 2237 2337 2292 Unde
2367 2235 2489 2290 laici
2519 2234 2871 2301 decollentur,
2904 2237 3027 2290 inde
3054 2236 3237 2292 clerici
3266 2237 3355 2290 de-

1784 2329 2112 2398 gradentur;
2143 2326 2285 2381 unde
2309 2325 2431 2380 laici
2453 2325 2858 2398 detrunceutur,
2890 2327 3013 2381 inde
3053 2326 3233 2382 clerici
3287 2326 3356 2380 ab

1788 2422 1982 2477 ciliciis
2013 2419 2440 2488 suspendantur;
2477 2427 2532 2474 et
2558 2432 2827 2476 consensu
2859 2415 3119 2479 laicorum
3147 2419 3356 2472 crebris

1780 2508 2001 2579 jejuniis
2029 2516 2084 2560 et
2105 2506 2423 2564 verberibus
2448 2520 2619 2574 usque
2640 2503 2707 2559 ad
2755 2503 3179 2560 satisfactionem
3207 2504 3349 2558 allli-

1785 2607 1997 2672 gantur.
2036 2598 2228 2650 Amen.
2381 2627 2385 2632 ›
2494 2612 2498 2615 '

97 2685 804 2785 dictas-superiusdictatas
829 2702 1179 2759 violatoribus
1202 2706 1401 2754 sancta:
1425 2694 1572 2766 pacis
1598 2691 1858 2770 inferant;
1886 2697 1941 2742 et
1965 2688 2068 2765 hoc
2119 2685 2528 2755 diligentissime
2575 2690 2820 2750 caveant,
2873 2703 2944 2742 ne
2995 2687 3047 2741 iu

97 2814 392 2891 puniendis
418 2807 741 2870 amiciciam,
769 2801 852 2857 vel
877 2801 1082 2864 odium,
1109 2796 1200 2851 vel
1225 2793 1368 2870 aliud
1393 2792 1533 2864 quod
1556 2788 1780 2860 justitia:
1803 2785 2138 2842 contrarium
2165 2783 2238 2838 sit
2261 2791 2575 2846 exerceant,
2605 2793 2685 2840 ne
2739 2781 2783 2841 si
2811 2779 3068 2840 abscondi

99 2877 332 2985 possunt
359 2906 554 2962 delicta
581 2902 883 2970 aliquorum
914 2893 1268 2977 abscondant,
1298 2879 1391 2947 scd
1418 2887 1679 2958 potiusin
1701 2882 1971 2954 publicum
1999 2880 2266 2936 deferant.
2294 2879 2601 2949 Nullus‘pro
2626 2877 2948 2932 redimendis
2974 2878 3066 2946 qui

100 2969 160 3066 in
188 3008 342 3077 culpa
370 2997 685 3072 deprehensi
712 2993 912 3050 fuerint
926 2975 1216 3062 pecuniam
1241 2986 1492 3056 accipiat,
1521 2999 1622 3038 nec
1648 2982 1832 3035 favore
1867 2977 2119 3048 quopiam
2149 2975 2444 3045 culpabiles
2469 2973 2726 3044 adjuvare
2750 2969 3065 3034 contendat,
3134 3037 3136 3040 _

104 3101 235 3170 quia
256 3098 344 3167 qui
363 3093 568 3156 fecerit,
593 3086 923 3144 intolerabile
945 3085 1135 3139 anian
1157 3097 1266 3137 suae
1287 3079 1548 3152 judicium
1575 3073 1824 3137 incurrit,
1885 3087 1950 3126 ac
1977 3087 2072 3141 per
2099 3084 2288 3124 omnes
2315 3068 2497 3123 fideles
2527 3066 2840 3122 meminisse
2864 3073 3073 3132 oportet
3109 3111 3111 3115 .

103 3210 217 3248 non
246 3190 444 3245 homini
475 3185 567 3241 sed
591 3185 704 3240 solo
729 3183 840 3237 Deo
867 3182 1004 3236 hanc
1029 3193 1217 3250 pacem
1252 3174 1570 3246 promissam
1595 3171 1780 3232 fuisse,
1805 3177 1859 3222 et
1887 3175 2041 3221 tanto:
2062 3163 2305 3220 tenacius
2335 3161 2651 3232 firmiusque
2683 3157 3073 3225 observandam

103 3287 524 3353 csse.Quocirca
551 3281 829 3335 universos
853 3279 1202 3333 obsecramus
1229 3273 1282 3327 in
1297 3270 1514 3326 Christo
1537 3276 1596 3321 ut
1621 3267 1720 3320 ista
1747 3263 1895 3335 pacis
1921 3261 2227 3317 necessaria
2254 3258 2457 3314 taxatio
2482 3254 2870 3312 inviolabiliter
2893 3257 3074 3308 custo4

103 3388 312 3449 diatnr,
342 3393 399 3437 ut
425 3383 468 3436 si
495 3381 617 3450 quis
665 3389 784 3436 eam
812 3379 1063 3446 deinceps
1089 3375 1290 3430 violare
1343 3365 1770 3445 praesumpserit,
1795 3362 2016 3446 omnino
2041 3376 2072 3413 a
2099 3340 2298 3415 sanctae
2323 3354 2591 3425 azcclesiaaz
2617 3353 2740 3407 filiis
2767 3358 3074 3418 sequestre-

107 3494 226 3543 tur,
251 3490 306 3535 et
331 3481 507 3534 banno
532 3471 1108 3537 excommunicationis
1135 3463 1578 3536 inrecupcrabilis
1604 3469 1658 3516 et
1693 3439 2041 3514 anathemate
2074 3470 2342 3511 mansurae
2383 3450 2701 3523 perditionis
2731 3448 3074 3515 dampnetur.

105 3574 164 3627 ln
196 3572 454 3628 (ecclesiis
484 3587 612 3627 vero
637 3581 692 3626 et
730 3569 1096 3626 azcclesiarum
1124 3545 1418 3621 cimeteriis
1445 3561 1616 3614 honor
1641 3567 1695 3613 et
1721 3551 2025 3626 reverentia
2053 3553 2164 3607 Deo
2191 3551 2518 3621 praebeatur,
2545 3556 2607 3600 ut
2636 3545 2692 3614 _si
2723 3542 2850 3597 illuc
2877 3537 3069 3594 confu-

106 3673 252 3744 gerit
276 3681 478 3741 raptor,
503 3671 585 3727 vel
614 3665 721 3734 fur,
750 3665 972 3723 minime
997 3662 1377 3725 interficiatur,
1407 3657 1491 3737 vel
1513 3655 1777 3726 capiatur,
1805 3651 1898 3736 sed
1927 3661 2034 3705 tam
2065 3648 2156 3703 diu
2184 3645 2318 3701 inibi
2364 3643 2698 3707 obsideatur,
2728 3637 2904 3692 donec
2931 3631 3078 3686 fame
3105 3659 3108 3662 ~

106 3781 344 3843 urgente
392 3758 823 3832 ad'deditiouem
852 3771 1096 3836 cogatur.
1130 3760 1189 3815 Si
1213 3758 1392 3827 aliqua
1421 3735 1653 3826 persona
1703 3769 1798 3810 reo
1828 3732 2020 3812 arma,
2078 3745 2303 3807 victum,
2352 3739 2434 3811 vel
2487 3738 2664 3806 fugam
2719 3729 2895 3787 moliri
2945 3743 3079 3797 pra:-

107 3865 428 3934 sumpserit,
456 3863 718 3938 aequalem
768 3875 983 3932 pamam
1008 3859 1147 3912 sicut
1175 3871 1297 3910 reus
1320 3853 1623 3908 sustinebit.
1650 3849 2057 3912 Clericosvero
2082 3831 2139 3897 et~
2160 3853 2350 3895 omnes
2371 3836 2471 3891 sub
2524 3833 2628 3895 hoc
2672 3829 2862 3886 ordine
2908 3824 3077 3878 vitam

2041 3935 2052 3938 _
2235 3928 2279 3938 .-
2342 3935 2351 3938 _
2517 3924 2528 3934 .
2735 3916 3051 3938 ,η--.-μηλ

105 3935 812 4038 degentes,'banuonostro
840 3950 1212 4007 interdicimus
1243 3945 1419 4000 laicali
1448 3943 1680 3998 vindicta
1707 3938 1909 4010 puniri,
1961 3935 2056 3989 sed
2101 3928 2394 3986 manifesto
2451 3923 2681 3978 crimine
2729 3916 3074 3988 deprehensi,

1591 4037 1616 4038 η
1864 4033 1874 4038 -
1939 4032 1952 4038 -
2044 4029 2056 4038 .
2127 4028 2138 4038 .
2179 4027 2190 4037 ι
2238 4024 2252 4038 ι
2400 4021 2608 4038 1-4."..-
2651 4013 2789 4038 ---ΛΑ
2842 4009 2960 4038 Ιιιέηἶ
2991 4011 3053 4038 ,Ιιι

103 4049 370 4118 episcopo
414 4030 652 4119 ipsorum
679 4055 1092 4121 pmsententur.
1121 4042 1277 4098 Unde
1302 4039 1421 4096 laici
1451 4037 1818 4100 decolleutur,
1863 4032 1986 4087 inde
2011 4027 2195 4084 clerici
2223 4021 2610 4096 degradentur;
2651 4013 2790 4069 unde
2841 4009 2960 4094 laici
2989 4011 3078 4064 de-

107 4153 452 4209 truncentur,
505 4145 632 4225 inde,
672 4144 855 4200 clerici
905 4144 971 4195 ah
999 4138 1187 4195 ofiiciis
1242 4133 1675 4206 suspendantur;
1723 4139 1778 4186 et
1823 4143 1946 4199 cum
1999 4134 2268 4181 consensu
2317 4115 2580 4172 laicorum
2624 4103 3081 4175 crcbrisjejuniis

101 4250 166 4294 et
217 4240 533 4297 verberibus
561 4238 818 4310 usquead
843 4234 1266 4311 satisfactionem
1295 4228 1617 4306 affligantur.

567 4386 928 4446 linamentum
960 4389 1102 4458 pacis
1129 4385 1262 4439 'Dei.

188 4507 274 4560 Ah
300 4508 525 4560 adventu
556 4502 764 4558 Domini
795 4489 963 4570 usque
989 4497 1371 4567 adproximam
1390 4493 1529 4547 diem
1553 4491 1690 4544 luna:

2144 4370 2213 4438 ὀἳ
2257 4367 2623 4421 Juramentum
2677 4357 2818 4428 pacis
2873 4352 2985 4406 Dei.

1867 4486 1946 4539 Ab
1975 4482 2204 4535 adventu
2221 4465 3032 4542 Dominiusquead-positurum
3062 4459 3202 4512 diem
3230 4459 3364 4509 Iunge

1797 4583 1918 4646 post
1942 4568 2310 4641 epiphaniam,
2364 4565 2492 4618 item
2544 4577 2575 4614 a
2607 4552 3028 4626 septuagesima
3075 4562 3243 4615 usque
3296 4546 3362 4597 ad

1797 4635 2046 4720 octavam
2073 4665 2436 4728 pentecostes,
2461 4661 2520 4706 ut
2544 4651 2596 4705 in
2627 4645 2878 4703 omnibus
2909 4639 3100 4710 vigiliis
3126 4646 3179 4691 et
3202 4635 3364 4690 feria-

1797 4754 1937 4809 libus
1965 4751 2114 4806 fcstis
2143 4757 2198 4802 et
2233 4746 2404 4800 tribus
2435 4743 2624 4798 diebus
2660 4741 2714 4793 in
2745 4735 2889 4790 oinui
2937 4731 3259 4800 septimana,
3289 4729 3364 4783 sci

1798 4845 1922 4898 licet
1957 4859 1986 4895 a
2019 4853 2243 4908 vespera
2264 4836 2473 4905 'quinta:
2533 4831 2682 4892 feriae
2727 4839 2898 4894 usque
2953 4822 3019 4876 ad
3067 4820 3360 4876 diluculum

1798 4932 2046 4989 secundae
2081 4928 2250 4991 ferias,
2298 4940 2400 4994 pax
2433 4923 2504 4978 sit
2531 4920 2763 4989 ubique,
2791 4917 2864 4972 ita
2909 4925 2966 4968 ut
3019 4928 3176 4968 nemo
3225 4912 3403 4986 ledat.

1799 5025 2311 5080 inimicum_suum.
2364 5015 2466 5081 Qui
2511 5011 2792 5074 occiderit,
2839 4995 3126 5076 capitalem
3175 5003 3366 5057 subeat

1799 5115 2152 5171 sentcneiam.
2184 5109 2284 5176 Qui
2315 5102 2699 5173 vulneraverit,
2730 5115 2949 5154 manum
3000 5094 3210 5165 perdat.
3265 5091 3366 5156 Qui

1803 5223 1981 5278 pugno
2012 5200 2362 5274 percusserit,
2387 5197 2432 5251 si
2461 5193 2655 5250 nobilis
2678 5199 2781 5256 est,
2813 5189 2949 5243 libra
2977 5191 3284 5253 componat.
3308 5181 3366 5235 Si

1804 5257 1973 5278 ιν-ο--ῗ
2012 5257 2032 5274 ,κ
2350 5257 2358 5262 .
3399 5257 3404 5264 ,

1802 5299 1958 5358 liher,
1996 5305 2090 5347 aut
2133 5287 2520 5352 ministerialis,
2567 5285 2750 5339 decem
2796 5279 3008 5336 solidis.
3051 5276 3108 5331 Si
3155 5288 3367 5339 servus,

1801 5398 1924 5442 cute
1948 5395 2000 5440 et
2027 5383 2255 5453 capillis.
2284 5379 2472 5434 Omnis
2499 5377 2713 5436 domus,
2747 5372 2925 5428 omnis
2980 5384 3128 5430 area.
3180 5381 3368 5452 pacem

1803 5477 1940 5533 infra
1961 5441 2111 5536 septa
2135 5488 2229 5527 sua
2253 5472 2445 5526 habeat
2466 5469 2698 5522 firmam.
2725 5462 2913 5518 Nullus
2939 5460 3177 5524 invadat,
3195 5441 3372 5510 nullus

1804 5567 2074 5634 effringet,
2103 5561 2280 5616 nullus
2303 5558 2440 5614 infra
2470 5555 2670 5624 positos
2698 5562 2904 5607 temere
2935 5547 3226 5618 inquirere,
3278 5552 3374 5596 aut
3401 5571 3405 5576 -

1806 5652 2066 5710 violenter
2088 5651 2394 5722 opprimere
2424 5655 2735 5715 pra‘sumat.
2791 5641 2892 5708 Qui
2942 5634 3371 5711 praisumpserit,

98 4607 243 4670 post
267 4593 815 4666 :cpyphauiam,item
867 4606 898 4643 a
948 4585 1344 4658 septuagesima
1403 4591 1574 4651 nsque
1624 4578 1719 4633 ad~

96 4665 365 4741 octavam
393 4691 755 4752 pentecostes,
785 4680 910 4733 item
941 4678 999 4731 iu
1019 4675 1269 4730 omnibus
1297 4665 1496 4742 vigiliis
1526 4677 1582 4723 et
1619 4666 1696 4721 fe-

97 4776 348 4833 rialibus
388 4772 562 4835 festis,
587 4781 642 4826 et
671 4770 842 4824 tribus
869 4767 1059 4820 diebus
1087 4765 1138 4818 in
1165 4761 1314 4818 onmi
1365 4759 1691 4829 septimana,

95 4869 331 4925 scilicet
353 4882 383 4920 a
409 4879 632 4934 vespera
656 4863 859 4932 quinta:
903 4857 1049 4913 feria:
1078 4862 1248 4924 usque
1285 4854 1352 4908 ad
1403 4851 1693 4908 diluculum

97 4960 376 5018 secunda:
403 4957 570 5023 ierim,
604 4943 707 5025 pax
732 4954 802 5009 sit
836 4951 1063 5019 ubique,
1115 4947 1188 5001 ita
1241 4955 1300 4999 ut
1346 4958 1506 4999 nemo
1555 4943 1698 4996 ledat

98 5051 402 5108 inimicum
428 5047 719 5114 suum.Qui
742 5042 1020 5106 occiderit,
1049 5037 1332 5108 capitalem
1359 5036 1552 5088 subeat
1577 5047 1700 5085 seu-

104 5145 369 5205 tcntiam,
389 5136 895 5208 Quivulneraverit,
921 5147 1138 5188 manum
1168 5129 1375 5198 perdat.
1391 5125 1492 5192 Qui
1521 5137 1698 5191 pugno

105 5232 473 5305 percusserit,
501 5231 546 5284 si
572 5227 765 5282 nobilis
790 5233 906 5288 est,
934 5223 1071 5276 libra
1119 5224 1423 5288 componat.
1457 5215 1512 5268 Si
1565 5212 1700 5266 lilwr.

109 5338 217 5381 aut
244 5323 627 5382 ministerialis,
651 5321 836 5374 decem
866 5315 1080 5380 solidis;
1121 5313 1164 5367 si
1211 5323 1422 5372 servus,
1477 5315 1598 5360 cute
1646 5313 1700 5357 et

111 5418 354 5485 capillis.
387 5414 576 5470 Omnis
613 5414 830 5473 domus,
883 5406 1058 5461 omnis
1107 5417 1256 5466 area,
1311 5412 1501 5468 pacem
1558 5393 1698 5448 infra

112 5518 280 5576 septa
321 5521 417 5559 sua
469 5503 664 5557 habeat
711 5502 941 5554 fit-tuam.
994 5492 1183 5548 Nullus
1227 5487 1468 5552 invadat,
1524 5484 1700 5539 nullus

111 5600 369 5666 efliugat,
402 5594 576 5648 nullus
603 5592 741 5646 infra
767 5589 971 5658 positos
1039 5595 1241 5638 temere
1278 5579 1562 5658 inquirere
1611 5582 1699 5627 aut

113 5664 397 5741 violenter
434 5685 736 5748 opprimere
763 5683 1071 5734 orzcsumat.
1112 5671 1212 5738 Qui
1275 5664 1701 5739 pra-sumpserit,
