3838 6322
555 281 692 335 1155

1891 277 2154 332 nomn.
2199 277 2466 332 ntrLou.
3579 297 3650 352 ,ιε

551 398 946 467 cujuscumque
994 394 1067 448 sit
1119 391 1466 458 conditionis,
1517 389 1696 462 capite
1739 391 2022 461 plectatur.
2076 391 2130 444 Si
2164 409 2210 465 Α
2239 390 2630 460 cujuscumque
2675 390 2744 444 sit
2779 389 3137 455 condicionis,
3189 394 3354 462 capite
3386 396 3585 465 plectatur.
3618 413 3649 467 ελ

553 487 768 558 fug-iens
793 485 985 554 aliquis
1019 483 1320 549 inimicum,
1378 482 1463 537 vel
1499 499 1658 538 suum
1709 482 1791 537 vel
1837 481 2134 551 cujuslibet

553 587 764 648 septum
791 575 1095 635 intraverit,
1123 588 1348 627 securus
1373 573 1504 627 inibi
1539 573 1628 627 sit.
1679 573 1782 640 Qui
1813 572 1892 626 vel
1921 573 2131 626 hastam

551 669 635 723 vel
655 666 922 737 quidlibet
955 679 1230 718 armorum
1259 664 1400 718 ultra
1430 680 1610 734 sepem
1637 673 1758 734 post
1785 680 1906 718 eum
1957 664 2134 718 immi-

550 759 708 822 serit,
736 771 952 810 manum
977 754 1188 823 perdat.
1220 754 1554 825 Cuicumque
1578 771 1704 810 vero
1731 755 1950 810 violatio
1974 755 2133 824 hujus

548 852 698 922 pacis
723 849 977 922 imposita
1002 847 1164 902 fuerit
1193 858 1249 902 et
1278 848 1391 916 ipse
1422 849 1719 918 negaverit,
1770 847 1814 902 si
1869 848 2133 918 ingenuus

548 951 633 997 est
702 948 796 994 aut
861 939 1044 1002 liber,
1101 939 1386 992 duodecim
1435 939 1678 1007 probatis
1743 952 1803 992 se
1845 946 2128 1006 expurget.

550 1031 606 1088 Si
637 1045 846 1096 servus,
868 1028 1104 1088 tamlito
1134 1043 1294 1096 quam
1329 1029 1722 1092 ministerialis,
1749 1027 1950 1096 judicio
1979 1043 2132 1097 aqua:

548 1124 786 1194 frigidae,
813 1122 884 1175 ita
909 1120 1120 1174 scilicet
1145 1129 1201 1173 ut
1227 1119 1455 1188 ipsemet
1479 1119 1530 1172 in
1557 1135 1753 1188 aquam
1787 1120 2052 1172 mittatur.
2074 1120 2129 1173 Si

549 1215 752 1269 l3urtum
784 1211 1067 1274 acciderit,
1087 1220 1193 1264 aut
1230 1210 1438 1279 rapina,
1465 1219 1556 1263 aut
1589 1210 1790 1264 bellum
1820 1211 2016 1278 patriae
2046 1212 2132 1264 in-

548 1305 776 1376 gruerit,
801 1315 856 1358 et
875 1303 1082 1357 clamor
1108 1317 1256 1355 more
1275 1301 1466 1370 patria:
1492 1309 1719 1355 exortus
1745 1301 2128 1366 fuerit,armati

547 1412 739 1453 omnes
768 1396 1140 1464 insequantur,
1187 1402 1243 1447 ct
1281 1393 1331 1446 in
1360 1394 1536 1448 eundo
1557 1402 1609 1446 et
1636 1394 1912 1447 redeundo
1940 1407 2127 1462 pacem

548 1489 919 1558 unusquisque
975 1485 1188 1540 habeat.
1243 1485 1342 1550 Qui
1392 1500 1524 1540 vero
1580 1487 1782 1552 absque
1835 1483 2127 1538 incvitabili

548 1584 871 1637 necessitate
893 1594 950 1634 se
977 1578 1326 1642 subtraxerit,
1353 1579 1396 1631 si
1429 1577 1730 1647 principum
1755 1587 1911 1631 terrae
1937 1577 2130 1646 aliquis

546 1681 649 1737 est,
690 1673 874 1726 decem
921 1669 1120 1734 libras,
1157 1669 1200 1723 si
1250 1668 1443 1723 nobilis
1489 1668 1744 1738 quinque,
1787 1668 1829 1723 si
1863 1669 1998 1722 liber
2036 1678 2128 1724 aut

544 1851 836 1924 persolvat,
871 1860 963 1904 aut
990 1859 1170 1904 cutem
1201 1857 1256 1903 et
1293 1849 1518 1917 capillos
1547 1850 1750 1918 perdat.
1780 1850 1879 1916 Qui
1913 1852 2142 1904 excom-'

545 1945 880 2000 municatum
931 1942 1017 1997 vel
1059 1942 1391 2012 quibuslibet
1434 1943 1725 1998 sceleribus
1773 1943 2124 2011 dampnatnm

544 2033 723 2088 sciens
743 2030 1028 2099 receperit,
1065 2038 1118 2084 et
1145 2037 1331 2082 contra
1359 2027 1502 2097 leges
1532 2027 1616 2081 vel
1647 2027 1857 2081 divinas
1899 2028 1981 2080 vel
2024 2029 2126 2082 hu-

543 2138 732 2177 manas
759 2119 1080 2182 defenderit,
1104 2119 1424 2174 sententiam
1457 2119 1695 2172 damnati
1727 2118 1977 2173 defensor
1997 2119 2128 2172 sub-

543 2221 651 2268 cat.
701 2210 900 2266 Viatori
951 2209 1241 2279 hospitium
1303 2223 1461 2263 nemo
1519 2209 1764 2279 deneget.
1809 2207 2125 2264 Necessaria

544 2303 588 2357 si
622 2302 798 2361 habet,
827 2316 982 2368 atquo
1030 2298 1131 2353 sibi
1168 2299 1351 2367 precio
1401 2299 1624 2363 vendat;
1655 2297 1700 2352 si
1731 2313 1836 2352 non
1880 2299 2064 2363 habet,
2095 2317 2123 2352 a

543 2394 736 2448 vicinis
761 2395 850 2462 qui
898 2395 1098 2448 habent
1127 2393 1315 2447 eadem
1363 2392 1718 2446 conventione
1762 2397 2028 2462 acquirat.
2069 2394 2122 2447 Si

543 2483 834 2553 hospitium
863 2483 1139 2552 negaverit
1157 2491 1211 2536 et
1236 2483 1543 2537 necessaria
1574 2482 1808 2537 vendere
1830 2484 1912 2538 vel
1945 2485 2128 2553 acqui-

543 2587 666 2627 rere
695 2572 1010 2642 neglexerit,
1035 2571 1353 2642 magistrum
1379 2571 1519 2626 villae
1551 2572 1724 2626 viator
1752 2573 2003 2642 appellat,
2035 2574 2125 2643 qui

541 2663 854 2720 convocatis
882 2663 1090 2718 civibus
1117 2663 1231 2718 suis
1261 2671 1446 2734 rogata
1487 2674 1768 2735 negantem
1794 2665 1860 2719 ad
1890 2680 2127 2734 praesens

541 2755 918 2825 deeapillatum
943 2753 1206 2808 excoriet.
1245 2753 1434 2808 Viator
1468 2754 1510 2808 si
1542 2754 1878 2822 importunus
1903 2756 2126 2810 exstite-

541 2847 642 2912 rit,
696 2855 752 2901 et
795 2844 1101 2901 violentiam
1152 2845 1206 2899 in
1255 2845 1490 2914 hospitio
1526 2845 1865 2912 excreuerit,
1918 2845 2126 2900 vicinos

539 2955 670 2997 suos
697 2939 891 3009 hospes
919 2947 1210 3004 convocet,
1263 2937 1516 3008 injuriam
1556 2937 1865 3002 denunciet,
1895 2952 2122 3005 quorum

540 3032 764 3089 consilio
793 3030 1217 3086 satisfactionem
1259 3030 1438 3100 exigat
1467 3037 1524 3085 et
1560 3029 1806 3098 recipiat.
1847 3028 2051 3095 Quibus
2077 3030 2120 3084 si

2237 480 2448 551 fugiens
2475 481 2669 550 aliquis
2698 482 3001 547 inimicum,
3032 482 3115 536 vel
3171 498 3320 537 suum
3370 489 3439 541 vel
3475 494 3653 558 ουῇυςίίῑει

2237 584 2446 642 septum
2477 575 2784 639 intraverit,
2804 589 3030 630 securus
3057 575 3188 629 inibi
3216 577 3299 629 sit.
3334 576 3418 643 Qui
3451 585 3512 636 vel
3533 587 3654 649 tum

2237 666 2320 720 vel
2347 665 2612 735 quidlibet
2640 680 2918 719 armorum
2950 664 3094 718 ultra
3149 680 3326 734 sepem
3369 679 3467 736 post
3485 687 3568 724 eum
3601 677 3655 726 ia-

2236 757 2466 821 miserit,
2492 772 2709 810 manum
2738 756 2948 824 perdat.
2997 755 3336 824 Cuicumque
3389 774 3490 813 vero
3527 762 3658 818 violati.
3752 759 3753 784 ³

2233 844 2394 913 hujus
2449 847 2600 914 pacis
2659 845 2890 916 inposita
2939 845 3102 900 fuerit
3157 855 3211 899 et
3259 847 3366 914 ipse
3405 854 3658 917 negaverim
3752 849 3753 854 “

2235 938 2498 1006 ingenuus
2525 947 2606 993 est
2632 939 2749 992 sive
2782 936 2920 992 liber
2974 947 3078 1002 est,
3132 937 3400 992 duodecim
3439 941 3604 1007 probatis
3630 962 3659 999 κ

2232 1037 2521 1098 expurget;
2552 1029 2598 1082 si
2622 1044 2831 1092 servus,
2862 1037 2972 1082 tam
2991 1029 3099 1081 leto
3125 1043 3287 1097 quam
3313 1029 3660 1100 ministerialis}

2230 1121 2373 1175 dicio
2400 1137 2553 1191 aquae
2578 1121 2806 1190 frigidae,
2824 1120 3135 1189 ita.scilicct
3162 1128 3222 1173 ut
3249 1120 3354 1188 ipse
3371 1134 3473 1172 mox
3497 1120 3533 1172 in
3552 1137 3661 1192 aqua

2233 1213 2496 1265 mittatur.
2525 1211 2582 1266 Si
2607 1212 2809 1265 lurlum
2838 1211 3102 1265 acciderit
3128 1220 3224 1264 aut
3248 1211 3443 1279 rapina,
3464 1222 3532 1266 aut
3551 1214 3661 1268 bellua
3754 1219 3755 1240 λ

2232 1303 2420 1371 patria}
2447 1303 2734 1371 ingruerit,
2749 1317 2804 1356 et
2825 1303 3034 1357 clamor
3064 1317 3218 1356 more
3239 1305 3412 1370 patria:
3435 1315 3591 1357 exortus
3603 1307 3664 1359 ine-

2231 1397 2320 1460 rit,
2349 1395 2544 1448 armati
2575 1409 2764 1449 omnes
2797 1395 3175 1464 insequantur,
3208 1402 3263 1448 et
3301 1395 3349 1448 in
3375 1401 3516 1455 euntlti
3542 1412 3577 1454 et
3603 1405 3667 1453 mt-

2229 1481 2405 1536 eundo
2434 1483 2802 1552 unusquisque
2827 1497 3013 1546 pacem
3049 1481 3267 1536 habeat.
3315 1482 3406 1548 Qui
3431 1501 3531 1540 rem
3553 1489 3668 1557 alique

2231 1571 2522 1626 inevitabili
2575 1574 2897 1628 necc5sitate
2931 1587 2992 1626 se
3040 1572 3385 1638 subtraxeri',
3410 1576 3449 1629 si
3483 1577 3668 1645 principa-

2232 1671 2386 1715 ιρι-τω
2415 1663 2608 1732 aliquis
2629 1673 2712 1717 est
2741 1663 2927 1718 decem
2952 1661 3142 1727 libras,
3186 1663 3230 1717 si
3259 1665 3438 1720 nobilis
3456 1667 3667 1736 quinqueti
3756 1684 3757 1702 ξ

547 1759 916 1818 ministerialis
942 1760 1098 1824 duas,
1124 1759 1169 1814 si
1202 1759 1296 1813 lito
1323 1767 1414 1811 aut
1439 1773 1629 1813 servus
1651 1759 1890 1829 quinque
1928 1759 2124 1815 sol‘dos
2162 1775 2200 1829 ιι
2229 1753 2365 1808 liber
2387 1763 2482 1807 aut
2506 1755 2868 1809 ministerialis
2888 1755 3043 1819 duas.
3065 1756 3112 1810 si
3132 1771 3330 1812 servus
3345 1758 3669 1828 autlitoquinqac
3756 1763 3757 1766 “

2229 1843 2428 1896 Solitlos
2458 1844 2747 1913 persolvat,
2778 1853 2868 1898 aut
2894 1854 3069 1900 cutem
3117 1855 3177 1900 et
3223 1847 3428 1916 capillos
3453 1850 3669 1916 pcrdaLQu

2227 1935 2750 1990 cxconnnunieatutn
2775 1937 2857 1990 vel
2877 1937 3211 2004 quibuslibet
3237 1938 3498 1995 sceleribus
3515 1941 3670 2009 dampn-

2230 2031 2340 2076 tmn
2368 2024 2544 2079 sciens
2575 2026 2839 2095 receperit
2882 2037 2938 2081 et
2965 2037 3156 2082 contra
3201 2027 3341 2099 leges
3374 2031 3444 2084 vel
3469 2031 3670 2084 dii'iltasld

2228 2115 2490 2170 humanas
2519 2115 2837 2171 dell‘enderit
2875 2116 2940 2182 ³⁷⁵,
2971 2119 3312 2173 seuteneiam
3347 2120 3538 2174 damnati
3566 2121 3671 2175 delea-

2226 2222 2317 2262 sor
2349 2209 2558 2263 subeat.
2601 2208 2802 2263 Viatori
2834 2225 2996 2264 nemo
3030 2211 3334 2282 hospicium
3356 2213 3669 2281 denegetpetes-
3758 2199 3759 2234 ξ

2225 2300 2366 2353 saria
2393 2301 2437 2355 si
2467 2301 2649 2368 habet,
2683 2317 2835 2372 aequo
2867 2303 2965 2358 sibi
3009 2305 3212 2374 prtecio
3238 2306 3447 2370 vendat;
3475 2305 3511 2360 si
3538 2305 3672 2359 noiib-

2227 2391 2339 2458 bet,
2371 2407 2399 2446 a
2435 2392 2624 2447 vicinis
2653 2395 2743 2463 qui
2787 2395 2983 2450 habent
3025 2395 3219 2450 eadem
3258 2398 3563 2452 conventione
3583 2399 3669 2462 aqui-

2227 2496 2331 2539 rat.
2375 2484 2434 2539 Si
2475 2485 2776 2555 hospicium
2825 2488 3098 2558 negaverit
3140 2497 3198 2542 et
3240 2489 3510 2544 necessaria
3539 2489 3667 2542 ream

2227 2579 2308 2633 vel
2344 2581 2596 2648 aiuirere
2639 2580 2956 2652 neglexerit,
2990 2583 3312 2654 magistrum
3346 2583 3468 2636 villa:
3491 2583 3668 2645 Vialqu-

2225 2673 2406 2740 pcllet,
2434 2674 2526 2744 qui
2557 2675 2864 2730 convocatis
2895 2676 3102 2732 civibus
3126 2678 3174 2709 ¹⁵
3204 2677 3316 2732 suis
3356 2676 3529 2747 quesita
3558 2688 3673 2744 negas-

2227 2771 2333 2816 tem
2364 2765 2432 2818 ad
2462 2778 2702 2834 praesens
2746 2765 3125 2834 deeapillatum
3173 2768 3422 2823 excoriet.
3454 2767 3584 2819 Viator
3605 2778 3676 2817 rem

2225 2854 2269 2908 si
2320 2854 2657 2925 importunus
2696 2858 2966 2912 exstiterit
3005 2866 3061 2912 et
3099 2859 3412 2914 violenciam
3453 2859 3495 2910 in
3531 2855 3676 2924 hosne»

2224 2947 2556 3012 exercuerit,
2586 2947 2793 3003 vicinos
2838 2963 2966 3004 suos
3009 2949 3214 3019 hospes
3256 2960 3501 3010 convocet,
3524 2946 3675 3013 injuriae

2227 3037 2534 3102 denunciet,
2563 3053 2792 3107 quorum
2821 3039 3048 3095 consilio
3072 3040 3479 3094 satisfactionem
3507 3037 3626 3107 exigat
3648 3047 3677 3086 ει

540 3128 710 3181 viator
740 3139 844 3179 non
875 3122 1227 3193 acquievcrit,
1259 3129 1319 3175 ut
1349 3131 1534 3189 raptor
1567 3120 1908 3189 dampnetur.
1937 3117 2124 3172 Viator
2151 3110 2192 3168 C
2228 3128 2468 3198 recipiat.
2502 3127 2707 3196 Quibus
2739 3131 2783 3185 si
2825 3130 2998 3185 viator
3031 3146 3138 3186 non
3172 3132 3472 3202 aquieverit,
3503 3140 3545 3182 ut
3574 3137 3677 3193 raptat

537 3218 580 3273 si
610 3232 832 3272 necesse
870 3215 1142 3280 habuerit,
1171 3217 1306 3270 duos
1339 3214 1390 3269 in
1431 3211 1926 3282 agrmmanipulos,
1957 3220 2050 3265 aut
2078 3211 2123 3266 si

537 3307 764 3362 multum
797 3316 929 3371 tres,
957 3308 1110 3375 equis
1145 3305 1255 3360 suis
1293 3303 1467 3369 tollat,
1493 3317 1628 3373 quos
1663 3302 1714 3355 iu
1745 3302 1932 3357 eodem
1970 3316 2120 3370 agro,

536 3406 630 3452 aut
656 3397 709 3452 in
748 3397 992 3468 proxima
1021 3395 1142 3450 villa
1185 3397 1455 3463 tlepascat.
1508 3391 1711 3447 l’ascua
1747 3399 2046 3460 pratorum,
2069 3400 2123 3445 et

535 3504 716 3559 poma,
759 3487 936 3544 nullus
984 3487 1284 3559 prohibeat.
1320 3485 1622 3555 Fugitivum
1670 3497 1884 3538 servum
1945 3480 2122 3535 nullus

534 3581 836 3650 prohibeat.
885 3579 989 3647 Qui
1036 3577 1356 3640 defenderit,
1401 3591 1616 3647 plenam
1659 3573 1866 3645 fugitivi
1907 3573 2117 3627 subeat.

535 3670 636 3738 Qui
664 3673 906 3727 convicia
930 3671 983 3726 in
1009 3671 1171 3726 alium
1200 3669 1422 3734 dixerit,
1460 3670 1503 3724 si
1545 3668 1699 3723 miles
1723 3666 1928 3722 baculis
1976 3664 2118 3720 anul-

536 3769 700 3823 tetur,
728 3762 773 3816 si
797 3762 1033 3816 rusticus
1050 3761 1225 3832 scopis
1251 3761 1578 3815 excorietur.

606 3849 707 3904 Hie
751 3851 876 3906 linis
917 3852 1230 3922 juramenti.
1291 3851 1420 3918 Qua:
1468 3865 1598 3905 vero
1657 3856 1978 3920 sequuntur,
2020 3861 2116 3903 ore

533 3940 777 3994 omnium
806 3940 1020 3995 laudata
1051 3949 1105 3996 et
1133 3941 1186 3996 iu
1214 3957 1404 3996 manus
1427 3943 1800 4012 episcoporum
1828 3939 2113 4008 promissa,

533 4039 590 4084 et
639 4031 821 4086 banno
885 4032 1138 4085 roborata
1190 4040 1335 4086 sunt.
1387 4031 1443 4085 ln
1497 4030 1643 4085 omni
1682 4030 1830 4100 pacis
1879 4037 2117 4099 tempore

532 4119 814 4190 prtedicto,
856 4120 1038 4177 nullus
1081 4137 1231 4176 arma
1283 4120 1444 4188 ferat,
1497 4120 1600 4178 nisi
1650 4120 1737 4175 illa
1791 4135 1951 4191 quam
1993 4135 2116 4190 pre

531 4211 853 4283 scripsimus
880 4215 1177 4268 necessitas
1202 4214 1403 4284 exigat.

1297 4347 1362 4403 V.

1008 4455 1164 4494 curua
1196 4454 1501 4496 uocumma
1538 4441 1638 4510 (5).

954 4531 1088 4602 (An.
1158 4532 1333 4599 Hoc,
1388 4533 1516 4588 Dec.
1565 4533 1684 4601 es.)

598 4625 889 4683 HEINRICUS
918 4626 1008 4681 Dei
1034 4627 1206 4697 gratia
1240 4626 1540 4695 intperaror
1578 4633 1858 4695 angustus,
1889 4623 2115 4694 Tegrin—

527 4719 671 4775 sensi
699 4718 876 4772 abbati
908 4719 1137 4787 gratiam
1164 4729 1219 4772 et
1244 4732 1404 4772 omne
1432 4719 1655 4772 bonum.

595 4806 882 4878 Comperto
925 4823 1096 4878 nuper
1141 4809 1281 4878 apud
1329 4823 1430 4863 nos
1477 4805 1678 4860 domini
1721 4806 1998 4875 apostolici
2045 4807 2104 4861 C.

525 4900 696 4968 obitu,
726 4899 1000 4971 principes
1025 4899 1116 4969 qui
1154 4899 1436 4956 nobiscum
1477 4906 1653 4963 erant,
1697 4897 2104 4962 consuluerunt,

2225 3219 2566 3288 ἀθιιιρηθῑυνο
2593 3220 2899 3293 Fugitivum
2927 3238 3143 3278 servum
3185 3222 3361 3277 nullus
3397 3221 3600 3275 defendat.
3623 3218 3674 3281 QJ
3762 3218 3763 3260 1

2223 3309 2544 3379 defenderit,
2574 3327 2768 3382 penam
2805 3313 3012 3385 fugitivi
3052 3315 3268 3370 subeat.
3303 3313 3466 3368 Viator
3492 3312 3525 3364 si
3547 3323 3679 3363 nenec

2224 3401 2493 3472 habuerit,
2523 3405 2656 3460 duos
2691 3405 2744 3460 in
2773 3421 2901 3477 agro
2929 3407 3260 3477 manipulos,
3287 3418 3376 3461 aut
3412 3406 3449 3459 si
3483 3404 3517 3435 ¹⁶
3541 3403 3677 3455 multa!

2223 3502 2353 3561 tres,
2385 3497 2539 3565 equis
2577 3497 2690 3552 suis
2739 3497 2907 3561 tollat,
2936 3514 3072 3568 quos
3114 3500 3170 3553 in
3216 3501 3397 3554 eodem
3437 3512 3540 3566 agro
3566 3505 3624 3546 aut
3651 3493 3676 3540 in

2221 3587 2466 3654 proxima
2517 3587 2641 3642 villa
2695 3588 2970 3657 depascat.
3023 3588 3232 3644 Pascna
3293 3599 3530 3659 pratorum
3577 3583 3678 3636 nullus

2220 3683 2520 3750 prohibeat.
2563 3681 2664 3750 Qui
2709 3683 2952 3739 convicia
3000 3684 3053 3738 in
3093 3684 3261 3738 alium
3291 3683 3486 3746 dixerit,
3511 3681 3543 3735 si
3575 3678 3677 3734 milia.

2220 3771 2425 3828 baculis
2448 3773 2724 3837 multetur,
2752 3773 2798 3828 si
2823 3774 3057 3829 rusticus
3079 3775 3262 3844 sc0pis
3286 3775 3568 3828 verberetur.

2296 3862 2394 3918 ilic
2420 3863 2543 3918 linis
2561 3864 2872 3934 juramenti.
2921 3864 3049 3931 Quae
3103 3881 3237 3922 vero
3274 3877 3550 3935 sequuntur,
3583 3857 3676 3913 orer

2222 3953 2462 4009 omnium
2513 3951 2722 4008 laudata
2772 3955 2835 4019 ³⁸,
2882 3972 2977 4027 per
3017 3973 3208 4011 manus
3265 3957 3581 4026 episcoporuln
3610 3962 3677 4016 llHL

2223 4044 2413 4109 missa,
2453 4055 2508 4100 et
2538 4045 2717 4100 banno
2748 4045 2998 4102 roborata
3031 4048 3074 4079 ’θ
3101 4057 3252 4103 sunt.
3302 4047 3355 4102 In
3383 4046 3425 4077 ³³
3448 4041 3561 4098 omni
3594 4036 3678 4106 pacis

2223 4146 2462 4207 tempore
2490 4137 2746 4207 praedicto
2779 4137 2954 4192 nullus
2995 4154 3146 4193 arma
3184 4138 3344 4204 ferat,
3376 4137 3466 4192 nisi
3495 4133 3561 4188 illa
3583 4141 3676 4198 qm

2221 4239 2461 4295 praesens
2492 4241 2670 4281 rerum
2698 4227 2992 4283 necessitas
3021 4229 3063 4258 "
3095 4229 3319 4311 exlgatz

2216 4367 2277 4412 ut
2301 4359 2566 4415 universis
2587 4359 2920 4431 principibus
2945 4361 3152 4416 curiam
3190 4361 3478 4432 generalem
3510 4358 3550 4412 iu
3580 4346 3674 4407 naui

2216 4446 2428 4502 Domini
2481 4449 2620 4518 apud
2682 4449 3008 4520 Moguntiam
3081 4451 3462 4516 indiceremus,
3509 4456 3676 4517 quatenus

2214 4550 2400 4589 eorum
2430 4538 2702 4592 communi
2727 4539 2952 4594 consilio
2975 4539 3216 4594 Romana
3246 4532 3397 4596 sedes
3420 4538 3677 4593 ordiuetucﬁ

2215 4625 2573 4682 reformandte.
2618 4629 2840 4684 unitatis
2889 4630 3293 4696 ecclesiasticae,
3328 4648 3438 4701 qnze
3470 4629 3590 4695 longo
3614 4622 3674 4686 l1”

2143 4703 2189 4762 Ι)
2217 4727 2457 4786 tempore
2483 4719 2864 4775 miserabiliter
2886 4721 3055 4776 scissa
3086 4731 3188 4788 est,
3227 4723 3362 4776 ratio
3385 4722 3593 4790 capiatur.
3611 4713 3674 4774 Qu

2216 4808 2282 4862 de
2311 4823 2366 4862 re
2390 4811 2674 4874 monendo,
2703 4812 2939 4882 rogando
2960 4821 3015 4866 et
3038 4813 3395 4882 praecipiendo
3425 4811 3673 4865 debitaum'

2214 4900 2370 4955 nobis
2414 4900 2574 4957 [idem
2636 4903 3051 4972 diligentissime
3094 4906 3454 4970 convenimus,
3501 4911 3559 4966 ut,
3598 4897 3675 4949 sit-3

1817 5033 2051 5088 VARIAE.
2091 5031 2499 5090 LECTIONES.

597 5131 642 5163 "’
663 5129 993 5187 deﬂenderet
1037 5147 1174 5184 corr.
1225 5129 1539 5184 dell'endcrit
1569 5128 1749 5181 codex.

526 5201 568 5232 "
594 5202 730 5256 deest
774 5203 829 5256 in
887 5219 935 5255 ε.
1032 5201 1073 5232 ⁸⁸
1102 5202 1182 5254 hic
1224 5200 1346 5269 ﬁnis
1397 5201 1557 5268 copia:
1596 5197 1776 5252 δαναιίὶ
1804 5193 1977 5248 XIII.

524 5282 577 5324 at
607 5271 879 5343 legendum
903 5282 956 5326 ut
983 5274 1038 5326 in
1054 5270 1361 5340 juramenlo
1391 5272 1516 5323 anni
1547 5269 1708 5323 1081.

1831 5125 1882 5196 ‘f
1901 5124 2111 5196 vicibus
2157 5123 2349 5187 codex;
2391 5137 2443 5179 (ιι
2476 5128 2623 5196 copia
2663 5146 2765 5182 sec.
2819 5126 2993 5182 XIII.
3024 5129 3250 5184 civibus.

2077 5194 2119 5224 η
2159 5195 2374 5248 robrata
2415 5199 2531 5250 cod.

3329 5129 3370 5160 ιι
3396 5143 3478 5182 τοι
3518 5124 3669 5176 obseura.

2627 5199 2795 5252 "vero
2842 5200 3134 5253 obscurior.
3229 5202 3277 5231 “
3318 5203 3388 5252 ita
3416 5198 3500 5266 legi
3525 5191 3671 5247 rillcllr.

2047 5351 2276 5408 NOTAE.

597 5459 672 5527 (5)
696 5458 926 5512 Litteras
966 5460 1030 5513 ad
1073 5477 1190 5514 eam
1225 5461 1562 5516 iuvitatorias
1592 5462 1652 5514 Β.
1686 5461 1788 5516 Pez
1818 5463 1869 5516 in
1898 5463 2094 5518 Codice

521 5529 662 5602 plpl.
692 5528 762 5602 _l|,
793 5529 960 5602 p._47,
990 5544 1058 5582 ex
1079 5531 1672 5602 codicefl‘egernseensi
1713 5533 1966 5601 vulgavit,
2000 5535 2094 5588 sed

521 5598 774 5671 llcinrico
807 5598 970 5671 \'l__et_
994 5613 1135 5671 anno
1166 5599 1298 5671 1191
1333 5598 1614 5669 perperam
1658 5598 1930 5671 ascripsit,
1970 5619 2090 5659 eum

475 5723 480 5730 ,
521 5670 732 5725 nonnisi
772 5671 838 5725 ad
877 5667 1183 5723 lleinricum
1223 5669 1289 5723 ιγ
1319 5667 1376 5723 et
1415 5667 1612 5725 annum
1657 5667 1818 5738 MOU,
1869 5688 1978 5742 quo
2028 5674 2094 5729 ad

2202 5466 2360 5540 linem
2390 5477 2642 5540 vergente
2683 5469 2936 5525 Clemens
2964 5471 3027 5524 ΙΙΙ
3058 5485 3194 5539 papa
3228 5469 3492 5524 defunctus
3509 5471 3582 5519 est.
3599 5469 3668 5540 Pf‘"

2201 5538 2384 5609 tmere
2401 5537 2558 5606 posse
2585 5541 2886 5594 videantur.
2916 5537 3296 5609 Imperatorem
3343 5554 3403 5593 eo
3439 5551 3552 5609 anno
3573 5537 3664 5609 "fit:

2203 5598 2579 5728 lletndiomini
2639 5598 3273 5681 Mogttntimcclebrasse
3331 5625 3394 5663 ex
3453 5598 3664 5660 Dodcdtim‘

2242 5693 2481 5734 ISCIIIIUS.

2261 5693 2481 5731 SCIIIIUS.
