3838 6322
95 391 208 445 “37

1397 379 1745 436 IIENRICUS
1785 379 1848 433 IV
1884 377 2016 432 IMP.

3187 379 3320 434 “58

95 505 238 557 Deum
260 507 309 552 et
339 509 541 566 pacem,
568 495 941 551 Christianam
980 495 1318 551 dilecﬁonem
1345 508 1559 565 quoque
1588 501 1642 547 et
1670 498 1714 554 Α
1746 491 2048 562 paciantur.
2099 489 2430 546 Mercatores
2458 500 2512 547 et
2542 491 2794 562 agricola:
2836 505 3022 562 pacem
3052 490 3319 560 habeant;

88 590 291 660 gratiam
314 592 546 640 nostram
574 599 755 650 curas,
784 589 850 640 ad
877 586 1188 656 praedictam
1215 587 1421 640 curiam
1454 585 1640 638 venire

91 680 214 734 utilia
241 676 537 732 dissimules
565 677 870 739 occasione,
899 676 1041 731 nulla
1066 677 1449 747 praetermittas
1482 691 1643 731 occu-

86 770 298 840 patione.
327 767 427 821 Pro
450 775 599 821 certo
627 767 883 831 moveris,
907 766 1050 835 quod
1073 767 1218 821 hunc
1245 765 1486 822 laborem
1513 765 1643 820 nulli

84 860 362 928 principum
404 857 765 923 remittemus,
794 856 993 912 nullius
1034 857 1086 911 in
1128 857 1232 912 hoc
1263 856 1643 928 negligentiam

82 962 224 1016 aquo
253 946 429 1000 animo
459 945 798 1002 suﬂ‘ercmus.

812 1035 879 1090 Vl

527 1143 686 1182 curus
721 1143 1030 1183 IIOGUNTINA
1064 1127 1170 1197 (6).

552 1218 678 1289 (An.
721 1218 878 1282 nos,
907 1217 1035 1272 Jan.
1068 1218 1146 1287 6.)

454 1306 768 1362 Constitutio
796 1308 940 1376 pacis
973 1305 1252 1376 generalis.

133 1395 283 1449 Anno
309 1393 378 1447 ab
405 1392 778 1448 incarnatione
807 1391 1017 1446 Domini
1050 1390 1189 1446 1105
1227 1389 1513 1446 lleinricus
1543 1391 1650 1445 im-

72 1493 278 1553 perator
302 1482 587 1554 Mogontiaa
613 1495 803 1552 pacem
834 1496 934 1536 sua
969 1496 1131 1536 manu
1163 1481 1398 1536 ﬁrmavit
1423 1489 1478 1536 cl.
1499 1482 1654 1536 insti-

73 1575 182 1640 tuit,
224 1582 280 1627 et
317 1570 712 1641 archiepiscOpi
755 1578 812 1624 et
855 1570 1092 1640 episcopi
1139 1571 1376 1640 propriis
1407 1569 1655 1626 manibus

72 1664 438 1717 ﬁrmaverunt.
473 1660 642 1716 Filius
680 1661 824 1730 regis
852 1661 1055 1731 juravit
1097 1668 1152 1716 et
1197 1661 1456 1732 primates
1492 1662 1658 1716 totius

69 1753 240 1822 regni,
295 1752 498 1816 duces,
553 1751 918 1816 marchiones,
973 1751 1203 1808 comites
1253 1760 1309 1806 et
1355 1752 1445 1806 alii
1493 1767 1656 1820 quam

1743 584 1920 638 nullus
1947 583 2170 638 omnino
2217 599 2314 654 pro
2343 585 2456 640 sola
2498 600 2662 640 causa
2693 584 2939 656 pecuniae
2965 585 3231 654 capiatur.
3267 587 3324 642 Si

1744 677 1865 748 quis
1909 677 2223 747 praedictam
2269 691 2458 744 pacem
2495 676 2802 749 infregerit,
2834 691 3052 730 manum
3098 677 3330 746 perdere

1746 769 1924 824 debet.
1972 767 2029 823 Si
2065 768 2189 836 quis
2235 755 2543 838 inculpatus
2589 768 2754 823 fuerit
2785 782 2882 837 pro
2934 767 3077 821 furto
3107 767 3193 822 vel
3231 782 3330 837 pro

1747 858 1924 927 aliqua
1962 857 2119 928 culpa
2159 857 2315 912 istius
2362 868 2636 926 corruptae
2681 858 2851 928 pacis,
2895 858 2982 913 ille
3008 859 3059 911 in
3089 873 3196 927 quo
3228 875 3330 927 pax

1748 956 2002 1016 corrupta
2034 958 2120 1002 est
2139 936 2312 1000 vadat
2339 946 2406 1001 ad
2435 947 2779 1017 parrochiam
2811 947 3046 1002 accusati
3085 957 3138 1002 et
3187 947 3332 1002 dicat

1749 1039 1943 1107 populo
1973 1055 1988 1092 :
2040 1036 2139 1090 Ille
2181 1036 2255 1090 Ν.
2297 1037 2353 1090 in
2404 1037 2503 1090 hac
2539 1053 2594 1091 re
2631 1037 2859 1106 corrupit
2894 1038 3193 1107 pacem..."
3227 1053 3327 1091 me.

1751 1125 1818 1180 Et
1843 1126 1933 1181 det
1970 1124 2071 1181 sibi
2105 1124 2353 1179 inducias
2385 1127 2482 1195 per
2511 1124 2925 1196 quatuordecim
2955 1125 3090 1179 dies.
3129 1125 3186 1179 Si
3226 1139 3334 1180 non

1751 1215 2004 1271 habuerit
2027 1214 2307 1286 justiciam
2335 1213 2477 1269 infra
2499 1213 2912 1284 quatuordecim
2942 1213 3077 1279 dies,
3099 1213 3335 1269 secundo

1752 1305 2058 1360 inducietur
2109 1304 2212 1359 sibi
2263 1319 2362 1374 per
2403 1304 2814 1374 quatuordecim
2872 1302 3015 1371 dies,
3067 1313 3122 1359 et
3171 1304 3337 1360 tercio

1752 1396 1842 1450 det
1873 1396 1973 1451 sibi
2007 1395 2254 1450 inducias
2281 1409 2380 1464 per
2421 1395 2834 1464 quatuordecim
2881 1396 3030 1462 dies;
3077 1403 3132 1450 et
3163 1395 3206 1450 si
3257 1395 3340 1449 in-

1755 1485 2004 1556 culpatus
2047 1485 2114 1539 ad
2154 1485 2583 1540 satisfactionem
2636 1500 2742 1540 non
2798 1486 3028 1551 venerit,
3101 1500 3229 1541 reus
3269 1484 3342 1540 sit

1757 1586 2025 1648 corruptae
2067 1579 2238 1649 pacis.
2275 1577 2402 1633 Haec
2440 1593 2545 1649 pax
2582 1578 2710 1634 hinc
2748 1592 2923 1647 usque
2968 1579 3170 1647 pascha
3215 1586 3271 1634 et
3308 1591 3340 1630 a

1756 1669 2006 1739 proximo
2044 1669 2248 1740 pascha
2301 1683 2473 1738 usque
2512 1668 2581 1724 ad
2619 1682 2854 1738 sequens
2893 1667 3093 1738 pascha
3127 1682 3342 1737 perma-

1760 1776 1889 1816 nere
1912 1761 2091 1826 debet,

66 1844 234 1899 multi.
267 1844 389 1898 Dux
410 1841 594 1898 Welfo
615 1851 673 1898 et
700 1843 809 1897 dux
831 1841 1103 1898 Pertolfus
1120 1851 1177 1898 et
1205 1843 1314 1898 dux
1344 1841 1653 1901 Fridericus
1686 1846 1729 1900 Β
1829 1850 1890 1906 Si
1936 1851 2060 1920 quis
2083 1849 2284 1904 'minus
2328 1864 2490 1920 quam
2539 1850 2818 1921 sexaginta
2867 1848 3074 1904 denarii
3125 1846 3346 1903 valeant

59 1935 378 2004 juraverunt
405 1934 638 1989 eandem
682 1948 877 2003 pacem
908 1949 1083 2004 usque
1111 1934 1178 1988 ad
1217 1933 1574 1991 PentecOSten
1607 1944 1661 1988 et

64 2027 183 2080 inde
225 2041 324 2094 per
371 2035 611 2096 quatuor
649 2039 843 2080 annos.
887 2024 1230 2092 Juraverunt,
1283 2027 1422 2092 dico,
1473 2042 1660 2097 pacem

61 2116 379 2178 asccclesiis,
415 2116 650 2184 clericis,
687 2118 992 2186 monachis,
1041 2117 1220 2184 laicis,
1247 2117 1659 2185 mercatoribus,

67 2203 389 2261 mulieribus
412 2221 484 2262 ne
519 2207 570 2260 vi
594 2208 893 2278 rapiantur,
918 2206 1138 2263 Judaeis.

125 2294 513 2352 Juramenlum
557 2298 665 2354 tale
688 2307 776 2354 est
801 2317 814 2353 :
1605 2352 1611 2359 .

126 2386 327 2443 Nullus
362 2388 598 2460 alicujus
643 2391 855 2445 domum
886 2391 1143 2446 hostiliter
1184 2392 1434 2460 invadat],
1463 2410 1554 2449 nec
1583 2395 1666 2450 in-

57 2477 237 2531 cendio
269 2479 528 2543 devastet,
565 2481 741 2536 nullus
781 2482 1008 2551 aliquem
1048 2486 1221 2554 capiat
1259 2496 1470 2557 propter
1507 2504 1665 2557 pecu-

60 2568 221 2634 niam,
247 2585 346 2622 nec
387 2569 646 2636 vulneret,
691 2588 782 2626 nec
810 2574 1088 2643 percutiat,
1123 2591 1215 2629 nec
1259 2577 1560 2645 interﬁciat.
1600 2576 1668 2630 El

55 2657 97 2709 si
122 2659 239 2728 quis
263 2661 368 2713 Itoc
399 2659 610 2728 fecerit,
633 2662 810 2717 oculos
850 2665 928 2719 vel
954 2681 1168 2719 manum
1212 2669 1438 2722 amittat.
1469 2668 1526 2723 Si
1550 2671 1668 2740 quis

50 2766 165 2802 eum
209 2751 542 2820 defenderit,
590 2756 808 2809 eandem
855 2771 1060 2826 pinnam
1095 2758 1350 2826 patiatur.
1395 2758 1456 2814 Si
1492 2761 1546 2814 in
1579 2779 1671 2816 ca-

51 2853 217 2895 strum
243 2845 474 2914 fugerit,
505 2861 598 2914 per
621 2857 723 2900 tres
747 2847 857 2902 dies
885 2849 1147 2902 obsessum
1175 2868 1207 2902 a
1238 2851 1670 2921 conjuratoribus

49 2932 426 3000 disperdatur.
456 2931 515 2986 Si
542 2935 657 3003 quis
686 2937 922 3006 effugerit
947 2938 1043 2991 hoc
1058 2939 1342 3007 judicium,
1365 2941 1670 3012 bene/icium

50 3022 96 3073 si
143 3023 343 3092 habet",
409 3025 658 3079 dominus
702 3043 829 3080 suus
874 3027 975 3082 sibi
1017 3028 1256 3097 auferat,
1298 3032 1670 3101 patrimonium

47 3117 269 3185 cognati
295 3117 391 3170 sui
419 3117 502 3169 illi
528 3117 792 3186 auferant.
825 3117 882 3174 Si
919 3121 1034 3190 quis
1063 3121 1265 3190 furtum
1293 3122 1470 3192 fecerit
1499 3125 1672 3179 valens

1763 1943 1997 2008 furetur,
2044 1943 2314 2014 depiletur
2342 1954 2398 1998 et
2429 1942 2599 2014 virgis
2643 1942 2974 2010 excorietur,
3014 1951 3070 1997 et
3107 1941 3160 1995 in
3193 1949 3346 1994 utra-

1762 2051 1869 2107 que
1898 2035 2115 2090 maxilla
2160 2033 2308 2089 ferro
2349 2049 2522 2104 usque
2552 2035 2621 2090 ad
2660 2034 2851 2089 dentes
2874 2040 3085 2088 uratur.
3135 2031 3191 2086 Si
3226 2030 3348 2100 quis

1765 2127 2040 2196 sexaginta
2075 2124 2326 2179 denarios
2363 2123 2447 2180 vel
2473 2123 2595 2193 plus
2636 2138 2797 2192 quam
2827 2123 3108 2194 sexaginta
3140 2121 3346 2177 denarii

1767 2219 1987 2287 valeant
2028 2217 2258 2281 furetur,
2300 2232 2494 2272 manus
2543 2216 2593 2271 ei
2639 2217 2942 2272 abcidatur.
2983 2213 3134 2269 Hanc
3161 2227 3349 2284 pacem

1769 2310 2142 2380 unusquisque
2187 2317 2313 2362 ante
2350 2307 2655 2378 proximum
2697 2306 2891 2361 festum
2939 2312 3141 2359 sancta:
3171 2302 3352 2356 Maria:

1767 2401 1928 2456 debet
1957 2401 2166 2470 jurare,
2204 2397 2289 2452 vel
2326 2412 2447 2451 cum
2475 2397 2784 2467 juramento
2829 2403 3034 2465 septem
3077 2392 3352 2448 veracium

1769 2504 1880 2545 sua:
1911 2486 2247 2544 condicionis
2278 2485 2518 2540 virorum
2548 2485 2710 2540 debet
2749 2499 2808 2539 se
2853 2497 3181 2554 expurgare,
3209 2479 3354 2550 quod

1771 2581 1886 2650 ipse
1918 2595 2026 2634 non
2073 2577 2306 2632 audierit
2336 2578 2404 2630 ab
2438 2576 2618 2647 aliquo
2646 2576 2789 2630 hanc
2831 2589 3018 2646 pacem
3048 2587 3170 2628 esse
3204 2571 3358 2641 jura-

1773 2681 1914 2738 tam;
1953 2670 2046 2740 qui
2085 2670 2192 2725 hoc
2228 2684 2337 2723 non
2385 2666 2577 2722 fecerit
2624 2681 2845 2722 manum
2889 2665 3102 2736 perdat.
3145 2662 3202 2718 Si
3237 2661 3358 2731 quis

1771 2762 2076 2834 corruperit
2103 2761 2260 2816 istam
2308 2774 2518 2829 pacem,
2567 2768 2621 2814 et
2671 2755 2943 2829 aufugerit
2983 2763 3040 2811 et
3073 2754 3244 2809 latere
3267 2768 3360 2806 vo-

1773 2855 1941 2910 luerit
1985 2854 2156 2908 donec
2186 2851 2290 2906 ista
2320 2866 2425 2922 pax
2473 2849 2773 2916 transierit,
2820 2848 2866 2903 si
2911 2845 3237 2919 quandoque
3275 2857 3361 2897 re-

1772 2959 1963 3000 versus
1990 2942 2172 3010 fuerit,
2199 2938 2426 2996 eandem
2462 2954 2656 3011 penam
2702 2938 2973 3008 paciatur,
3000 2951 3162 3006 quam
3201 2932 3360 2988 modo

1771 3037 1883 3108 pati
1924 3036 2170 3091 deberet.
2201 3033 2257 3088 Si
2289 3033 2410 3104 quis
2451 3033 2684 3088 noluerit
2723 3031 2913 3102 jurare
2958 3025 3360 3084 dicens:Nulli

1779 3146 1958 3194 noceo,
1994 3145 2088 3184 nec
2116 3129 2391 3199 quisquam
2440 3137 2587 3183 nocet
2617 3125 2784 3180 mihi!
2824 3133 2879 3179 et
2913 3123 3005 3194 qui
3039 3122 3216 3178 sciens
3245 3135 3364 3176 cor-

45 3207 285 3276 quinque
315 3207 529 3261 solidos
570 3207 646 3263 vel
685 3209 823 3278 plus,
873 3210 1051 3266 oculos
1086 3213 1164 3267 vel
1193 3229 1407 3268 manum
1445 3215 1671 3270 amittat.
1701 3195 1746 3256 Ο
1780 3227 2053 3289 ruptorem
2103 3195 2257 3288 pacis
2306 3219 2516 3288 paverit
2564 3216 2649 3270 vel
2701 3215 2968 3284 receperit
3019 3213 3104 3268 vel
3157 3221 3364 3267 tutatus

44 3295 105 3349 Si
157 3296 384 3364 furtum
437 3298 751 3353 commiserit
782 3300 956 3354 valens
1004 3302 1176 3356 minus
1204 3304 1430 3375 quinque
1457 3307 1672 3372 solidos,

43 3387 275 3455 capillos
305 3388 532 3443 amittat
557 3398 604 3442 et
638 3390 791 3458 virgis
822 3391 1038 3445 cedatur
1065 3401 1113 3446 et
1143 3394 1350 3463 furtum
1379 3396 1594 3459 reddat;
1626 3407 1673 3451 et

41 3485 88 3536 si
117 3492 203 3536 ter
226 3484 344 3538 tale
369 3485 579 3553 furtum
604 3485 807 3554 fecerit,
837 3488 910 3540 vel
935 3491 1174 3558 rapinam
1203 3491 1368 3546 tercia
1392 3493 1521 3556 vice,
1550 3506 1671 3544 ocu-

42 3573 122 3629 los
149 3575 236 3629 vel
267 3592 508 3630 manum
533 3576 761 3629 amittat.
786 3577 844 3631 Si
884 3580 939 3632 in
969 3581 1048 3634 via
1072 3583 1354 3636 occurrerit
1385 3582 1476 3635 tibi
1503 3583 1677 3636 inimio

41 3679 136 3718 cus
158 3673 324 3730 luas,
371 3665 424 3718 si
452 3665 619 3733 possis
661 3663 740 3718 illi
787 3682 990 3733 nocere,
1032 3686 1255 3736 noceas;
1299 3671 1345 3724 si
1388 3671 1578 3741 fugerit
1620 3672 1676 3725 in

41 3756 273 3811 domum
301 3757 396 3812 vel
419 3759 478 3812 in
503 3764 700 3811 curtem
727 3755 980 3828 alicujus,
1019 3760 1198 3816 illesus
1237 3773 1462 3816 maneat.

110 3848 240 3905 Hoc
261 3850 606 3919 jurainento
635 3865 861 3910 utuntur
890 3854 1048 3909 amici
1077 3853 1220 3924 regis
1250 3868 1346 3922 pro
1370 3861 1546 3918 scuto,
1571 3852 1676 3907 ini-

41 3941 207 3997 micis
233 3959 390 3998 vero
421 3958 765 4015 nequaquam
794 3945 1035 4016 prodest.

421 4033 737 4092 Consiitutio
784 4037 929 4107 pacis
980 4033 1339 4106 provincialis.

109 4125 286 4182 Talis
324 4141 445 4196 pax
473 4125 656 4195 iurata
687 4136 770 4182 est
809 4143 838 4180 a
877 4127 1013 4181 duce
1041 4124 1324 4180 Friderico
1352 4131 1407 4180 et
1438 4139 1468 4178 a
1499 4123 1682 4179 multis

41 4219 402 4283 comitibus,
454 4220 709 4290 episcopo
755 4219 1081 4292 Augustensi
1128 4226 1185 4273 et
1232 4218 1520 4274 Eistetensi
1569 4218 1684 4287 epi-

41 4324 220 4380 scopo
274 4317 344 4364 et
387 4309 676 4377 utriusque
710 4310 984 4380 prioribus
1029 4309 1514 4364 consentientibus.
1559 4308 1682 4364 Cle-

42 4401 138 4455 ~ici
197 4412 266 4456 et
322 4399 585 4456 ecclesia:
623 4409 677 4456 et
711 4401 976 4456 eimiteria
1026 4409 1080 4454 et
1126 4401 1277 4454 dotes
1315 4399 1682 4454 tecclesiarum

43 4506 246 4546 iacem
313 4491 590 4554 habeant,
648 4490 899 4545 similiter
951 4504 1142 4544 omnes
1197 4489 1445 4544 homines
1495 4503 1680 4558 pacem

45 4585 310 4639 iubeant
372 4583 431 4637 in
473 4583 744 4652 domibus,
790 4592 847 4638 et
875 4584 929 4637 in
978 4581 1218 4651 quolibet
1260 4580 1512 4646 aediﬁcio,
1537 4591 1592 4636 et
1623 4581 1675 4636 in

41 4676 224 4730 :uriis
272 4674 470 4729 etiam
527 4673 668 4728 infra
717 4674 988 4744 legitimas
1033 4687 1190 4727 areas
1235 4671 1494 4726 domuum
1543 4686 1679 4740 quas

41 4773 376 4821 iovestele
408 4763 568 4834 vulgo
597 4780 888 4829 vocamus,
917 4765 1034 4819 sive
1063 4763 1173 4819 sint
1214 4771 1380 4833 septa:
1408 4778 1504 4818 seu
1532 4761 1677 4817 nulla

42 4877 170 4932 cpe
215 4862 364 4918 sint.
413 4859 782 4915 circumdatae.
811 4857 1083 4931 .‘Mulieres
1123 4855 1321 4912 nullius
1362 4855 1677 4912 violentiam

1715 4549 1759 4602 D

1779 3308 1961 3374 fuerit,
1995 3307 2078 3360 vel
2109 3322 2206 3376 pro
2256 3307 2483 3378 pecunia
2537 3305 2621 3360 vel
2667 3305 2850 3374 aliquo
2900 3303 3057 3357 modo
3107 3301 3366 3371 aufugere

1777 3415 1898 3453 eum
1927 3398 2256 3468 permiserit,
2282 3398 2510 3452 eandem
2537 3411 2728 3468 penam
2755 3410 2916 3466 quam
2954 3391 3362 3462 violatorpacis

1778 3488 1963 3542 subire
1987 3487 2167 3542 debet.
2200 3485 2256 3538 Si
2291 3487 2414 3556 quis
2443 3494 2734 3556 corruptor
2757 3483 2908 3554 pacis
2937 3480 3224 3552 aufugerit,
3258 3481 3366 3536 dux

1779 3575 1865 3632 vel
1915 3590 2101 3630 comes
2149 3576 2234 3631 vel
2273 3576 2590 3640 advocatus,
2635 3572 2720 3628 vel
2768 3571 2998 3641 quilibet
3041 3579 3221 3624 rector
3266 3569 3367 3623 sub

1779 3665 1936 3734 cujus
1963 3667 2226 3738 regimine
2255 3668 2409 3738 prius
2439 3665 2641 3731 fuerat,
2680 3663 2884 3735 prmdia
2915 3659 3194 3717 violatoris
3219 3657 3369 3728 pacis

1780 3757 1990 3813 auferat
2034 3766 2088 3813 et
2137 3759 2382 3814 obtineat
2431 3765 2539 3811 tam
2601 3757 2692 3810 diu
2739 3769 2903 3825 quam
2947 3753 3036 3808 diu
3082 3758 3369 3820 corruptor

1779 3852 1929 3923 pacis
1954 3852 2123 3918 vivat,
2153 3859 2208 3906 et
2240 3861 2363 3921 post
2390 3848 2728 3920 corruptoris
2761 3846 2912 3916 pacis
2947 3852 3178 3900 mortem
3209 3842 3370 3897 here-

1781 3945 2006 4000 ditatem
2041 3945 2271 4000 heredes
2313 3941 2430 4012 ejus
2473 3948 2860 4010 assequantur.
2891 3935 3152 3992 Dominus
3187 3941 3369 3987 autem

1781 4048 1812 4088 a
1855 4049 1964 4104 quo
2011 4033 2277 4089 beneﬁcia
2317 4032 2549 4088 violator
2600 4030 2754 4101 pacis
2798 4026 3069 4092 obtinuit,
3095 4021 3371 4090 ,beneﬁcia

1782 4127 2016 4184 auferat.
2067 4127 2124 4182 Si
2166 4134 2456 4197 corruptor
2485 4125 2637 4195 pacis
2667 4137 2726 4178 se
2759 4121 2812 4176 in
2853 4119 3034 4188 aliqua
3067 4113 3374 4170 municione

1783 4219 2149 4283 absconderit,
2199 4217 2290 4273 ille
2333 4217 2386 4272 in
2435 4231 2541 4285 quo
2585 4229 2688 4284 pax
2734 4211 2840 4266 fuit
2887 4215 3164 4277 corrupta,
3209 4202 3373 4262 faciat

1785 4313 1928 4378 apud
1953 4309 2208 4380 populum
2231 4307 2740 4377 proclamationem,
2760 4311 2817 4359 et
2837 4305 3195 4373 persequatur
3218 4309 3371 4349 reum

1784 4413 1880 4468 per
1913 4414 2078 4452 unum
2107 4398 2247 4452 diem
2286 4405 2341 4451 et
2384 4411 2483 4465 per
2513 4402 2749 4462 noctem,
2787 4400 2843 4449 et
2870 4405 2992 4445 cum
3026 4386 3221 4458 populo
3251 4400 3371 4439 mu-

1786 4491 2056 4546 nicionem
2102 4489 2350 4544 obsideat
2375 4503 2472 4558 per
2518 4495 2630 4542 tres
2659 4485 2777 4540 dies
2802 4492 2858 4539 et
2887 4495 2988 4552 per
3016 4491 3125 4534 tres
3150 4485 3367 4541 noctes;

1787 4594 1843 4639 et
1878 4584 1923 4640 si
1956 4583 2196 4638 municio
2225 4581 2523 4654 expugnari
2560 4594 2666 4635 non
2696 4583 2879 4648 potest
2904 4572 3047 4628 infra
3083 4580 3193 4624 tres
3232 4569 3367 4633 dies,

1786 4674 1894 4727 dux
1932 4673 2018 4729 vel
2058 4687 2240 4730 comes
2267 4687 2390 4727 cum
2431 4669 2728 4739 majoribus
2773 4667 2842 4721 ad
2869 4659 3252 4720 destruendum
3279 4672 3371 4710 ca-

1785 4765 1999 4820 stellum
2024 4765 2340 4821 advocetur.
2384 4763 2442 4818 Si
2469 4762 2594 4832 quis
2626 4775 2749 4815 cum
2777 4757 2986 4827 laqueis
3015 4753 3097 4809 vel
3123 4766 3245 4807 cum
3276 4762 3370 4818 pe-

1788 4855 1930 4923 dica,
1956 4871 2118 4924 quam
2145 4855 2307 4927 vulgo
2331 4854 2505 4910 druch
2525 4850 2782 4916 dicimus,
2805 4845 3077 4904 silvestria
3104 4857 3134 4897 a
3153 4837 3373 4895 nimalia

1408 5030 1637 5088 VARIAE
1673 5029 2078 5089 LECTIONES.

99 5115 155 5146 ³³
191 5109 315 5167 in?

1605 5187 1834 5245 ΝΟΤᾸΕ.

96 5295 201 5366 (6)
229 5287 520 5366 Algpales
552 5289 848 5358 Augustani
877 5288 1099 5366 inﬁgat]:
1130 5284 1267 5366 bibl.
1286 5281 1468 5352 'regia‘.
1496 5281 1686 5336 Mona-

49 5355 273 5427 ciisis,
316 5355 663 5416 Heinricunf
697 5376 840 5413 anno
871 5359 1007 5414 Ηυὸ
1037 5355 1320 5427 Mogontia;
1348 5367 1692 5427 commoran-

41 5457 175 5505 em,
238 5423 312 5488 i'n
371 5428 674 5505 Epiphania
706 5446 947 5505 regnum
979 5443 1076 5505 per
1120 5423 1535 5505 quadriennium
1567 5438 1691 5505 curn

41 5493 441 5563 ura'menlo'
461 5493 732 5570 paciﬁcari
768 5493 1152 5570 constituisse,
1174 5493 1692 5570 cunctisquehgratia

42 5597 127 5638 ua
166 5563 542 5638 carentibus
573 5570 861 5625 commissa
899 5568 1168 5622 dimisisse
1213 5565 1452 5638 tradunt.
1480 5563 1692 5618 Consti-

41 5636 309 5705 utionis
347 5637 479 5708 ejus
509 5651 711 5696 textum
755 5639 865 5706 jam
897 5638 1232 5707 deperditum
1275 5651 1376 5704 ope
1403 5636 1692 5689 documen-

41 5732 247 5775 orum
308 5726 460 5767 mox
497 5709 938 5778 subscqucutium
975 5708 1544 5778 supplcrchcmtamur,
1573 5719 1693 5771 qua:

42 5812 68 5846 ι
133 5785 404 5844 codice
447 5783 570 5837 bibl.
601 5775 759 5851 regia:
799 5775 1152 5845 MonacenSis,
1191 5776 1318 5834 olim
1359 5775 1689 5846 Augustano,

1797 5284 2061 5338 lsidorum
2109 5281 2182 5335 De
2211 5286 2335 5333 ortu
2385 5285 2439 5331 et
2484 5274 2632 5330 obitu
2675 5273 2895 5328 Patrum
2927 5267 3136 5349 Veteris
3159 5275 3213 5321 et
3240 5264 3376 5349 Novi

1798 5352 2136 5408 Testamenti
2183 5350 2493 5419 continente
2526 5355 2572 5400 s‘.
2608 5361 2682 5419 rx,
2725 5357 2885 5419 manu
2915 5347 3373 5419 _s.uxttineun_t'ts,

1799 5423 2136 5492 marginibus
2180 5418 2411 5492 ascripta
2461 5415 2783 5470 invenimus.
2834 5411 3102 5492 Exrhibent
3156 5411 3376 5492 notitias

1801 5478 2008 5548 tumvde
2039 5505 2168 5559 pace
2197 5489 2248 5542 in
2282 5478 2533 5560 universo
2567 5500 2729 5560 regno
2755 5491 2979 5560 statuta,
3010 5478 3376 5560 tum.de.p_ace

1800 5564 1946 5618 inter
1967 5550 2236 5632 principes
2260 5557 2544 5632 nonnullos
2569 5550 2784 5610 Stlevia:
2807 5561 2856 5607 et
2883 5550 3200 5632 Franconiae
3217 5550 3371 5632 inita.

1799 5623 2648 5704 Appendicis'l_oco_subjicimus
2702 5639 2891 5704 pacem
2956 5623 3009 5676 in
3043 5623 3373 5704 episcopatu

1800 5697 2195 5760 Constauticusi
2219 5716 2248 5754 a
2287 5698 2605 5755 Gcbebardo
2631 5697 2882 5766 episcopo
2907 5697 3250 5749 constitutam
