3838 6322
133 394 278 449 illi

1485 391 1831 449 lIENRlCUS
1868 395 1933 449 IV
1958 394 2091 449 IMP.

3276 396 3410 451 1112

126 508 232 560 dio
261 508 431 562 beata:
465 506 737 561 memoria:
780 506 949 576 patris
976 507 1143 562 nostri
1187 506 1424 561 lleinrici
1460 507 1601 562 tertii
1634 521 1723 561 re-
1753 509 1800 568 A
1825 506 1991 576 judex
2014 502 2259 577 publicus
2284 508 2365 561 vel
2389 506 2615 576 quilibet
2643 522 2707 562 ex
2732 504 3017 575 jndiciaria
3052 514 3319 587 potestate
3356 511 3409 564 in

125 596 221 661 gis
241 636 257 659 ,
281 597 499 651 secundi
534 596 896 651 Romanorum
925 597 1265 667 imperatoris
1290 597 1539 666 Augusti,
1570 607 1625 653 et
1650 598 1719 654 ob

127 686 497 741 interventum
523 686 731 743 dilecta:
762 688 948 743 matris
978 698 1177 743 nostrae
1213 688 1453 758 Agnetis,
1485 690 1718 759 impera-

126 774 290 829 tricis
317 775 589 846 Auguste,
636 790 736 831 nec
776 791 879 830 non
908 777 976 831 ob
1004 777 1319 847 petitionem
1361 788 1418 833 et
1467 779 1717 834 devotum

123 881 199 919 ac
224 865 379 920 ﬁdele
410 866 689 920 servitium
718 866 1015 930 Adalberti,
1049 854 1373 925 venerabilis
1413 858 1716 925 Hamabur-

120 958 319 1025 gensis
363 956 617 1013 Ecclesia:
667 959 1092 1028 archiepiscopi,
1146 975 1267 1031 qua:
1295 970 1380 1017 est
1408 971 1715 1018 constructa

119 1049 185 1102 in
239 1040 498 1105 honorem
542 1049 726 1106 Sancti
774 1050 1072 1108 Salvatoris
1103 1062 1158 1108 et
1206 1054 1557 1110 sanctissimae
1600 1055 1718 1125 ejus

118 1139 413 1205 genitricis
441 1139 624 1194 Maria:
658 1141 904 1211 virginis,
931 1144 1221 1213 quemdam
1250 1144 1420 1200 nostri
1440 1144 1580 1214 juris
1620 1148 1716 1203 c'o-

120 1229 415 1294 mitatum,
449 1231 658 1287 scilicet
685 1232 736 1285 in
771 1234 926 1303 pagis
971 1235 1217 1304 l‘lunesga
1248 1245 1303 1290 et
1329 1235 1532 1307 Fivilga
1552 1278 1566 1300 ,
1593 1252 1713 1292 cum

119 1321 321 1374 eodem
358 1320 481 1395 jure
514 1324 774 1393 omnique
828 1325 1081 1392 utilitate,
1130 1341 1291 1396 quam
1339 1338 1715 1403 antecessores

118 1414 304 1467 nostri
335 1414 641 1469 habuerunt
667 1416 751 1471 vel
776 1417 882 1473 ullo
917 1419 1075 1473 modo
1099 1420 1152 1473 in
1185 1419 1424 1477 futurum
1456 1423 1579 1477 inde
1616 1439 1714 1493 po-

120 1506 262 1559 terit
296 1509 614 1577 provenire,
653 1509 719 1564 ad
751 1524 906 1564 usum
934 1510 1175 1580 ejusdem
1214 1512 1468 1569 Ecclesia:
1500 1514 1551 1568 in
1584 1529 1712 1584 pro-

114 1594 304 1663 prium
335 1597 650 1653 tradidimus
671 1608 725 1654 et
752 1600 1190 1658 condonavimus.

194 1685 421 1755 insuper
470 1686 633 1741 etiam
680 1688 852 1743 cidem
895 1692 1299 1762 archiepiscopo
1345 1692 1614 1748 licentiam
1659 1703 1713 1749 et

115 1786 449 1846 potestatem
497 1780 863 1836 concessimus
913 1782 963 1835 in
1022 1783 1208 1837 eodem
1274 1784 1530 1839 comitatu
1579 1786 1712 1842 duos

115 1877 397 1922 mercatus
420 1870 804 1938 constituendi,
834 1888 997 1927 unum
1023 1874 1271 1930 videlicet
1296 1877 1347 1930 in
1382 1875 1711 1943 Winclteim,

112 1965 176 2009 et
198 1955 428 2012 alterum
453 1959 508 2013 in
530 1959 929 2027 Gerleviswert,
961 1980 1082 2039 cum
1117 1946 1347 2022 monetis
1381 1976 1433 2022 et
1462 1960 1709 2036 teloncis',

116 2054 234 2097 tam
281 2047 330 2099 in
374 2064 511 2117 aqua
545 2065 705 2117 quam
750 2052 800 2104 in
844 2061 986 2107 terra
1020 2062 1073 2108 et
1111 2055 1163 2109 in
1194 2057 1341 2110 omni
1373 2039 1712 2115 districtione

112 2152 246 2204 qua:
295 2137 361 2190 ad
410 2138 584 2194 forum
634 2151 688 2195 et
738 2145 938 2211 regiam
985 2147 1215 2215 pertinet
1252 2156 1603 2215 potestatem,
1636 2152 1708 2207 ita

111 2224 338 2293 quidem
375 2236 435 2279 ut
456 2228 815 2295 nullusjudex
846 2242 939 2286 aut
966 2244 1189 2289 exactor
1218 2236 1299 2291 vel
1322 2237 1429 2291 ulla
1454 2239 1554 2292 alia
1584 2256 1708 2309 per-

112 2328 275 2377 sona,
309 2324 505 2381 prmter
534 2316 745 2372 libitum
772 2320 1010 2388 praedicti
1048 2324 1475 2396 archiepiscopi,
1508 2331 1707 2398 regiam

114 2412 363 2457 nostram
413 2408 753 2463 traditionem
816 2410 1071 2469 invadere
1123 2424 1217 2468 aut
1270 2416 1478 2472 irritant
1531 2404 1710 2477 facere

111 2503 413 2561 presntnat.
1082 2502 1087 2509 “

193 2576 347 2632 lianc
382 2588 558 2634 autem
602 2583 947 2640 traditionem
980 2587 1069 2641 tali
1105 2566 1312 2647 ratione
1351 2594 1705 2663 firmavimus,

118 2675 180 2719 nt
207 2667 461 2735 praefatus
498 2672 935 2744 archiepiscopus
980 2687 1036 2733 et
1081 2694 1422 2739 successores
1468 2686 1612 2742 illius
1640 2689 1708 2744 de

114 2762 522 2826 pnenominatis
568 2766 730 2821 rebus
794 2768 1019 2824 liberam
1070 2772 1322 2845 deinceps
1388 2788 1704 2846 potestatem

113 2849 356 2905 habeant
382 2855 618 2921 tenendi,
642 2856 724 2911 vel
752 2859 1010 2928 quidquid
1039 2862 1143 2916 illis
1167 2864 1232 2918 ad
1265 2880 1417 2920 usum
1451 2868 1707 2926 Ecclesia:

110 2946 503 3012 prenominatze
524 2947 783 3016 placuerit
808 2951 928 3006 inde
948 2952 1201 3009 faciendi.
1219 2956 1284 3011 Et
1304 2967 1363 3011 ut
1386 2959 1497 3014 haec
1520 2971 1705 3017 nostra

111 3031 318 3099 regalis
344 3036 558 3090 traditio
579 3038 788 3094 stabilis
810 3048 862 3093 et
890 3042 1199 3098 ineonvulsa
1221 3046 1366 3101 omni
1390 3062 1705 3117 permaneat

108 3136 251 3187 aevo,
285 3121 421 3178 hanc
448 3125 690 3182 chartam
734 3129 855 3185 inde
881 3134 1241 3203 conscriptam
1275 3151 1436 3191 manu
1462 3136 1699 3211 propria,

109 3223 173 3266 ιιι
208 3214 345 3269 infra
376 3218 607 3301 videtur,
647 3216 1013 3293 roborantes,
1046 3228 1207 3299 sigilli
1261 3232 1428 3285 nostri
1476 3233 1702 3303 impres-

106 3314 268 3362 sione
288 3314 549 3377 jussimus
579 3314 846 3386 insigniri.
890 3382 893 3383 ν
1088 3378 1093 3383 _

184 3397 321 3452 Data
350 3416 424 3456 vn
454 3401 721 3460 Kalendas
766 3406 912 3477 Maii,
941 3425 1085 3467 anno
1122 3410 1417 3469 Dominica:
1444 3414 1700 3471 incarna-

62 3528 67 3531 .
107 3490 277 3544 tionis
308 3479 471 3560 1057,
506 3495 795 3552 indictione
820 3517 851 3554 x
872 3541 886 3567 ,
926 3518 1069 3559 anno
1099 3515 1279 3561 autem
1323 3507 1506 3564 domui
1539 3508 1702 3567 llein-

104 3583 209 3635 rici
240 3581 306 3636 IV
338 3587 477 3655 regis
499 3588 857 3646 ordinationis
896 3593 1075 3661 tertio,
1106 3596 1254 3666 regni
1282 3598 1475 3668 primo.

184 3675 654 3763 ActtnnM‘XSrede.
685 3681 738 3763 lu
768 3683 860 3740 Dei
887 3687 1105 3743 nomine
1134 3688 1385 3747 feliciter.
1408 3692 1602 3749 Amen.

310 3757 451 3764 μὴν
500 3757 510 3760 ⁷
688 3759 729 3767 Μ
876 3773 940 3831 ll.

215 3855 558 3931 Priuilegium
585 3880 679 3933 pro
716 3865 933 3920 ecclesia
966 3868 1027 3923 S.
1059 3868 1205 3925 Petri
1236 3870 1589 3930 Mindonensi.

711 3954 890 4026 (Anno
915 3958 1096 4028 1059.)
1416 4014 1417 4017 η

290 4038 564 4110 [Emunn,
598 4040 729 4098 God.
758 4045 977 4115 diplom.
1005 4047 1266 4121 Westph.,
1287 4066 1342 4121 p.
1370 4052 1515 4125 ιη]

174 4129 232 4183 In
275 4132 492 4188 nomine
532 4144 737 4190 sancta:
765 4145 813 4190 et
866 4137 1154 4195 individua:
1185 4140 1487 4210 Trinitatis,
1531 4143 1696 4201 "BIN-

93 4240 281 4289 ntcus,
313 4226 492 4280 divlua
520 4220 739 4285 favente
766 4230 1073 4298 clementia,
1106 4248 1222 4289 rex.

174 4312 438 4397 Omnibus
485 4314 685 4397 Christi
726 4320 1006 4391 nostrique
1054 4322 1301 4380 ﬁdelibus
1345 4336 1452 4381 tam
1497 4328 1695 4386 futuris

90 4406 671 4472 quam.pra:sentibus
721 4418 907 4464 notum
959 4427 1079 4468 esse
1127 4408 1399 4481 volumus,
1461 4421 1695 4487 qualiter

94 4492 413 4591 ligilbertus
447 4497 733 4568 cpiscopus
775 4510 977 4557 sanctre
1027 4503 1394 4563 Mindonensis
1435 4510 1689 4567 Ecclesia:
1717 4534 1767 4591 ι)

93 4586 154 4639 in
192 4584 397 4639 honore
443 4590 617 4645 sancti
670 4590 813 4646 Petri
863 4594 1226 4664 apostolorum
1268 4600 1525 4669 principis
1553 4618 1686 4658 cou-

89 4682 323 4727 structze
345 4674 399 4728 in
432 4685 668 4731 nostram
699 4680 1241 4749 attulitprmsentiam
1264 4684 1491 4754 piissimi
1517 4692 1685 4745 nostri

91 4764 371 4833 genitoris
413 4766 648 4841 lleinriCi
689 4770 1032 4839 imperatoris
1079 4775 1306 4847 Augusti
1339 4788 1681 4836 exeterorum-

89 4872 208 4926 que
240 4867 638 4915 antecessorum
680 4874 987 4919 nostrorum
1029 4881 1217 4938 regum
1264 4870 1347 4925 vel
1390 4872 1682 4943 imperato-

89 4964 222 5002 rum
254 4948 488 5019 scripta,
519 4952 570 5005 in
600 4953 798 5021 quibus
828 4956 1220 5023 continebatur,
1262 4961 1492 5031 qualiter
1517 4952 1685 5034 ipsius

89 5041 338 5111 przet‘ata:
380 5043 634 5101 Ecclesia:
670 5061 756 5101 res
799 5063 921 5103 cum
962 5051 1210 5108 omnibus
1247 5054 1300 5109 in
1349 5056 1480 5125 ipsis
1522 5060 1684 5115 rebus

88 5135 519 5191 consistentibus
548 5138 600 5192 in
633 5138 845 5208 illorum
882 5152 1198 5211 receperunt
1243 5148 1678 5206 mundiburdium

88 5241 158 5284 ac
180 5225 569 5296 defensionem,
584 5240 941 5303 precatusque
959 5243 1040 5288 est
1056 5237 1399 5292 serenitatem
1420 5250 1680 5309 nostram,
1726 5296 1731 5301 ,

88 5328 151 5372 ιιι
180 5320 284 5375 hoc
315 5320 486 5387 ipsum
518 5338 546 5374 a
571 5331 768 5378 nostra:
793 5326 1091 5394 imperialis
1114 5330 1394 5396 potestatis
1418 5344 1681 5389 consensu

88 5413 211 5465 ﬁeri
268 5428 372 5465 non
424 5429 817 5471 recusaremus.
857 5416 964 5472 Nos
991 5428 1170 5471 autem
1202 5421 1273 5474 ob
1306 5437 1546 5479 amorem
1586 5426 1682 5481 Dei

88 5511 406 5571 nostraeque
448 5506 643 5560 anima:
683 5508 978 5562 remedium
1009 5526 1108 5565 nec
1136 5527 1241 5566 non
1267 5528 1365 5582 pro
1392 5498 1681 5587 regnorum

90 5601 407 5648 nostrorum
440 5594 765 5661 stabilitate,
797 5600 1255 5666 prtedecessorum
1289 5614 1594 5660 nostrorum
1626 5617 1683 5662 et

90 5692 352 5753 paternos
385 5699 565 5739 mores
593 5696 878 5755 sequentes
905 5699 958 5745 et
986 5691 1100 5760 ejus
1136 5692 1454 5763 benignitati
1491 5688 1678 5751 assert-4

92 5776 315 5839 tientes,
362 5775 431 5829 ita
479 5776 594 5831 ﬁeri
626 5778 980 5848 decrevimus,
1013 5783 1385 5851 praecipientes
1419 5795 1477 5842 ut
1506 5788 1679 5847 nullus

1822 597 2082 652 ecclesias
2108 606 2200 650 aut
2230 597 2345 651 loca
2368 596 2449 652 vel
2475 612 2636 667 agros
2660 613 2754 651 seu
2786 595 3022 666 reliquas
3043 596 3410 665 possessiones

1814 686 1926 754 jam
1959 688 2115 744 dictae
2139 687 2428 753 Ecclesia,
2458 703 2594 756 quas
2624 704 2765 742 nunc
2802 687 2938 741 infra
2975 688 3231 742 ditionem
3258 687 3406 757 regni

1822 781 1989 836 nostri
2023 780 2233 853 legibus
2256 780 2511 850 possidet,
2537 780 2619 834 vel
2650 794 2769 849 qua:
2791 779 3044 848 deinceps
3069 780 3122 833 in
3144 779 3269 848 jura
3291 777 3411 846 ejus

1820 868 1999 922 divina
2030 869 2203 939 pietas
2230 868 2460 923 voluerit
2494 870 2719 937 augeri,
2767 870 2833 923 ad
2883 883 3073 923 causas
3111 868 3409 922 audiendas

1818 958 1902 1013 vel
1924 957 2073 1012 frcda
2094 957 2381 1028 exigenda,
2408 957 2715 1013 mansiones
2740 956 2825 1012 vel
2855 957 3084 1026 paradas
3111 956 3407 1023 faciendas,

1819 1058 1913 1104 aut
1971 1048 2317 1118 ﬁdejussores
2356 1047 2653 1115 tollendos,
2700 1057 2795 1103 aut
2828 1050 3072 1104 homines
3114 1049 3285 1119 ipsius
3308 1048 3409 1103 Ec-

1818 1141 2017 1207 clesite,
2047 1140 2264 1197 francos
2289 1142 2490 1197 liberos
2517 1148 2574 1196 et
2594 1140 2990 1196 ecclesiasticos
3017 1128 3212 1197 litones
3240 1140 3411 1196 maalo

1817 1249 1960 1289 mam
2003 1234 2085 1290 vel
2118 1248 2304 1290 servos
2350 1232 2636 1307 cujuslibet
2681 1232 3002 1286 conditionis
3046 1228 3139 1287 seu
3191 1232 3404 1287 colonosB

1816 1332 2006 1377 contra
2038 1323 2303 1378 rationem
2333 1322 2739 1392 distringendos
2775 1336 2875 1377 nec
2912 1318 3048 1377 ullas
3095 1321 3399 1377 redhibitio-

1817 1430 1912 1469 nes
1934 1415 2016 1469 vel
2047 1414 2284 1485 jillicitas
2307 1415 2621 1470 occasiones
2651 1414 3006 1484 requirendus
3038 1412 3143 1467 ullo
3169 1427 3402 1482 unquam

1818 1513 2059 1574 tempore
2080 1496 2285 1575 ingredi
2314 1508 2507 1560 audeat
2537 1513 2629 1558 aut
2652 1504 2886 1559 bannum
2911 1504 3025 1559 sive
3049 1503 3402 1558 heribannum

1808 1612 1910 1671 seu
1952 1612 2015 1651 ea
2064 1611 2183 1666 quas
2226 1611 2388 1665 supra
2443 1605 2741 1667 memorata
2786 1605 2913 1651 sunt
2955 1594 3159 1649 abillis
3192 1594 3401 1664 penitus

1815 1688 2034 1759 exigere
2064 1696 2376 1757 praesumat.
2420 1685 2740 1740 Hominibus
2770 1700 2985 1757 quoque
3012 1686 3185 1741 cidem
3219 1685 3381 1741 :eccle

1817 1778 1910 1835 sia:
1954 1778 2335 1855 t‘atnnlantibus
2372 1777 2686 1847 prtetlictum
2725 1770 3161 1831 mundiburdium
3199 1775 3389 1830 consti-

1744 1844 1788 1902 Β
1820 1851 2047 1930 tuimus,
2092 1878 2152 1924 ut
2196 1844 2588 1924 etiamreoram
2643 1866 2783 1921 nulla
2824 1866 3108 1934 judiciaria
3138 1872 3401 1935 potestate

1813 1958 2213 2022 examinentur,
2239 1958 2337 2012 nisi
2372 1972 2557 2011 eorum
2592 1956 2848 2027 episcopo
2873 1967 2925 2011 et
2953 1956 3226 2010 advocatis
3256 1954 3401 2022 ejus,

1813 2065 1949 2118 quos
1988 2048 2226 2118 ejusdem
2279 2048 2534 2104 Ecclesia:
2566 2049 2851 2119 episcopus
2886 2048 3129 2119 elegerit.
3182 2047 3398 2119 Insuper

1812 2140 1975 2194 etiam
2024 2141 2261 2195 bannum
2316 2149 2559 2195 nostrum
2605 2150 2661 2195 et
2701 2151 2969 2195 monetam
3023 2142 3400 2211 teloneumque

1813 2232 1927 2286 sive
1954 2232 2235 2287 macellum
2267 2232 2541 2301 publicmn
2572 2232 2642 2287 ibi
2668 2233 2907 2287 construi
2943 2232 3132 2299 licere,
3164 2244 3217 2286 et
3245 2233 3374 2302 quid

1810 2322 1939 2391 quid
1976 2324 2043 2376 ad
2099 2332 2340 2377 nostram
2403 2331 2725 2393 potestatem
2775 2323 3046 2392 pertinere
3099 2325 3399 2390 videbatur,

1810 2412 1985 2467 eidem
2041 2412 2298 2469 Ecclesia:
2350 2413 2699 2477 donavimus,
2750 2414 3008 2483 quidquid
3060 2406 3188 2470 vero
3241 2416 3399 2469 ﬁscus

1809 2488 2005 2558 exinde
2045 2518 2267 2572 sperare
2309 2504 2578 2573 potuerit,
2607 2518 2706 2573 pro
2731 2515 2933 2559 aeterna
2967 2494 3400 2558 remuneratione

1808 2596 2081 2665 praedicta:
2108 2596 2365 2652 Ecclesia:
2386 2596 2454 2650 ad
2482 2596 2744 2665 stipendia
2774 2580 3067 2666 pauperum
3095 2604 3150 2650 et
3173 2596 3397 2650 lumina-

1778 2687 1890 2750 ,ria
1918 2689 2288 2744 concinnanda
2319 2690 2719 2755 concessimus,
2771 2696 2827 2743 ct
2874 2704 2972 2757 per
3011 2702 3069 2744 se
3116 2688 3399 2759 episcopus

1807 2794 1930 2835 cum
1969 2781 2222 2837 onmibus
2268 2781 2431 2837 rebus
2465 2782 2580 2836 suis
2608 2790 2793 2835 nostro
2819 2779 3049 2835 ﬁdeliter
3074 2789 3259 2850 pareat
3300 2782 3394 2835 im-

1806 2873 1980 2941 perio,
2020 2881 2075 2927 et
2101 2872 2201 2927 sub
2230 2882 2415 2926 nostra
2449 2880 2661 2927 constet
2696 2870 3034 2935 defensione,
3076 2870 3154 2924 uti
3191 2879 3398 2924 caetera:

1807 2978 2095 3033 regnorum
2130 2972 2441 3018 nostrorum
2470 2961 2713 3018 ecclesia:
2738 2970 2792 3017 et
2819 2960 3095 3032 episcopi,
3128 2969 3398 3029 quatenus

1807 3051 1981 3124 ipsum
2024 3052 2328 3123 fratresque
2351 3052 2589 3121 ejusdem
2633 3052 2733 3107 loci
2781 3068 2877 3122 pro
2918 3052 3073 3107 nobis
3118 3050 3397 3105 dominum

1729 3180 1774 3243 Ο
1806 3144 2001 3200 melius
2041 3153 2095 3199 et
2123 3143 2328 3217 jugiter
2354 3159 2515 3199 orare
2560 3143 2811 3219 delectet.
2855 3142 3235 3199 Cuncessimus
3264 3157 3396 3211 quo.

1807 3250 1913 3305 que
1960 3234 2191 3299 eisdem
2224 3234 2489 3292 fratribus
2540 3234 2810 3289 licentiam
2866 3234 3095 3303 eligendi
3150 3235 3293 3289 inter
3338 3248 3396 3287 se

1805 3333 2075 3393 pastorem
2103 3323 2326 3394 dignum
2355 3333 2410 3377 et
2436 3321 2708 3389 idoneum,
2734 3322 2882 3376 salvo
2915 3332 3093 3376 tamen
3120 3322 3261 3391 regis
3283 3323 3395 3376 sive

1802 3414 2149 3485 imperatoris
2169 3427 2461 3470 consensu.
2492 3413 2559 3467 Et
2584 3422 2643 3467 ut
2672 3413 2787 3467 haec
2818 3422 3001 3467 nostra
3036 3412 3231 3482 regalis
3263 3426 3394 3467 con-

1804 3504 2040 3560 ﬁrmatio
2062 3504 2271 3560 stabilis
2304 3512 2358 3559 et
2389 3503 2705 3559 ineonvulsa
2734 3502 2882 3557 omni
2912 3510 3228 3572 permaneat
3255 3515 3388 3565 aevo,

1800 3595 1941 3650 hanc
1962 3594 2205 3649 chartam
2236 3594 2363 3650 inde
2398 3592 2669 3650 conscribi
2709 3607 2980 3662 manuque
3017 3591 3230 3662 propria
3273 3606 3393 3645 eor-

1802 3686 2123 3741 rohorantes
2170 3684 2330 3756 sigilli
2376 3685 2549 3741 nostri
2579 3684 2935 3750 impressione
2966 3683 3228 3753 jussimus
3257 3683 3390 3738 insi-

1796 3774 1956 3845 gniri.

1873 3865 2097 3936 Signum
2125 3867 2305 3922 damni
2329 3866 2570 3921 Heinrici
2596 3865 2773 3937 quarti
2794 3867 2951 3936 regis.
2984 3864 3069 3937 (ι.
3094 3864 3192 3937 Μ.)

1868 3959 2223 4017 Gebchardus
2259 3959 2619 4017 cancellarius
2648 3960 2767 4015 vice
2803 3958 3070 4030 Liutpaldi
3102 3958 3388 4015 archican-

1795 4046 2000 4106 cellarii
2029 4052 2335 4123 recognovi.

1867 4141 2002 4197 Data
2042 4152 2125 4197 est
2155 4158 2208 4195 vt
2250 4141 2369 4195 Kal.
2410 4139 2571 4212 Aug.,
2616 4155 2761 4194 anno
2808 4140 3100 4195 Dominica:
3129 4139 3387 4223 [acarna-

1798 4234 1961 4290 tionis
1993 4233 2152 4298 1059,
2179 4233 2475 4287 indictione
2501 4248 2609 4298 xu,
2643 4246 2785 4285 anno
2812 4240 2990 4285 autem
3030 4230 3385 4286 ordinationis

1797 4322 1978 4382 domui
2014 4324 2083 4392 ll,
2110 4325 2288 4394 quarti
2323 4325 2464 4394 regis
2491 4340 2566 4391 γι,
2592 4321 2741 4394 regni
2770 4338 2898 4377 vero
2925 4338 3008 4377 tn.

1867 4418 2060 4473 Actum
2083 4415 2263 4472 Polide
2288 4417 2340 4471 in
2360 4406 2462 4472 Dei
2494 4416 2713 4470 nomine
2741 4414 2989 4471 feliciter.
3016 4412 3208 4467 Amen.

1987 4596 2323 4669 l’rivilegium
2350 4614 2445 4669 pro
2476 4596 2714 4652 Ecclesia
2747 4594 3186 4650 Padcrborncmi.

2391 4687 2572 4758 (Anno
2596 4685 2780 4753 1064.)

1953 4777 2196 4851 [Ennium
2216 4818 2231 4843 ,
2263 4776 2395 4833 Cod.
2424 4777 2642 4847 diplom.
2674 4776 2936 4845 Westph.,
2973 4774 3197 4849 ρ.118.]

1822 4862 1914 4923 ’ῐιι
1957 4871 2175 4925 nomine
2220 4879 2422 4925 sancta:
2464 4878 2520 4924 et
2554 4867 2843 4922 individua
2888 4865 3189 4933 Trinitatis,
3214 4867 3377 4922 llus-

1790 4978 1963 5029 ntcvs,
1994 4965 2175 5020 divina
2202 4963 2422 5018 favente
2444 4960 2751 5023 clementia,
2782 4974 2901 5015 rex.

1859 5056 2128 5123 Quantum
2165 5057 2327 5127 regia:
2357 5053 2704 5110 liberalitatis
2724 5061 2810 5108 est
2842 5052 2909 5107 ad
2947 5067 3075 5107 usus
3125 5051 3375 5107 Ecclesia:

1789 5166 1874 5206 res
1899 5149 1982 5203 vel
2023 5148 2369 5204 hzereditates
2392 5149 2618 5211 donare,
2650 5154 2860 5200 tantum
2898 5145 3059 5215 regite
3100 5145 3375 5215 dignitatis

1786 5253 1839 5299 et
1871 5242 2258 5298 benevolentia:
2287 5254 2410 5296 esse
2454 5238 2701 5294 consistit
2730 5238 2927 5293 donata
2964 5245 3217 5307 perpetua
3241 5253 3374 5306 pace

1786 5335 2073 5405 stabilique
2104 5332 2227 5401 jure
2262 5330 2607 5398 conﬁrmare,
2645 5347 2715 5386 ne
2759 5330 2955 5401 quibus
2997 5322 3193 5400 gaudet
3236 5331 3372 5385 bene

1785 5426 1977 5495 partis,
2007 5438 2245 5494 unquam
2275 5422 2454 5478 doleat
2483 5420 2639 5492 pejus
2669 5421 2908 5477 amissis.
2936 5420 3091 5477 Unde
3113 5421 3368 5475 omnibus

1784 5516 1983 5573 Christi
2027 5514 2332 5585 nostrisque
2372 5513 2635 5580 ﬁdelibus,
2669 5522 2776 5568 tam
2818 5513 3014 5568 futuris
3043 5528 3203 5584 quam
3233 5528 3370 5583 pra:-

1784 5604 2046 5668 sentibus,
2094 5612 2279 5658 notum
2311 5618 2433 5658 esse
2460 5601 2738 5669 volumus,
2763 5602 2999 5673 qualiter
3028 5616 3127 5656 nos
3154 5618 3185 5656 χ
3213 5616 3370 5656 man-

1784 5714 1873 5755 sos
1903 5699 1955 5753 in
1985 5697 2110 5752 villa
2129 5697 2323 5751 Ersten
2353 5696 2529 5765 dicta,
2559 5697 2611 5751 in
2641 5711 2779 5768 pago
2801 5695 3046 5768 Engeren
3065 5735 3080 5759 ,
3114 5694 3166 5748 in
3198 5695 3366 5750 comi-

1787 5798 1898 5846 tatu
1948 5796 2125 5845 autem
2168 5787 2319 5847 Osolt
2358 5789 2575 5847 comitis
2615 5789 2770 5859 sitos,
2819 5802 2957 5858 quos
3015 5785 3364 5843 dilectissima
