  <div class='ocr_page' id='page_1' title='image "/cluster/home/n/w/nwhite01/storage/ocr_20150623/151/hvd.32044015473796/577.png"; bbox 0 0 3838 6322; ppageno 0'>
   <div class='ocr_carea' id='block_1_1' title="bbox 466 304 603 360">
    <p class='ocr_par' dir='ltr' id='par_1_1' title="bbox 466 304 603 360">
     <span class='ocr_line' id='line_1_1' title="bbox 466 304 603 360; baseline -0.022 0"><span class='ocrx_word' id='word_1_1' title='bbox 466 304 603 360; x_wconf 66' lang='grc'><strong>1113</strong></span> 
     </span>
    </p>
   </div>
   <div class='ocr_carea' id='block_1_2' title="bbox 1771 298 2359 355">
    <p class='ocr_par' dir='ltr' id='par_1_2' title="bbox 1771 298 2359 355">
     <span class='ocr_line' id='line_1_2' title="bbox 1771 298 2359 355; baseline -0.005 -3"><span class='ocrx_word' id='word_1_2' title='bbox 1771 298 1961 355; x_wconf 75' lang='grc' dir='ltr'>ΜΟΝΙ]</span> <span class='ocrx_word' id='word_1_3' title='bbox 1974 299 2037 352; x_wconf 86' lang='lat' dir='ltr'>.\l.</span> <span class='ocrx_word' id='word_1_4' title='bbox 2085 298 2335 353; x_wconf 74' lang='lat' dir='ltr'>DIPLOM</span> <span class='ocrx_word' id='word_1_5' title='bbox 2347 338 2359 348; x_wconf 95' lang='lat'>.</span> 
     </span>
    </p>
   </div>
   <div class='ocr_carea' id='block_1_3' title="bbox 3605 302 3711 355">
    <p class='ocr_par' dir='ltr' id='par_1_3' title="bbox 3605 302 3711 355">
     <span class='ocr_line' id='line_1_3' title="bbox 3605 302 3711 355; baseline 0.009 -1"><span class='ocrx_word' id='word_1_6' title='bbox 3605 302 3711 355; x_wconf 65' lang='grc'><strong>1118</strong></span> 
     </span>
    </p>
   </div>
   <div class='ocr_carea' id='block_1_4' title="bbox 465 411 3713 487">
    <p class='ocr_par' dir='ltr' id='par_1_4' title="bbox 465 411 3713 487">
     <span class='ocr_line' id='line_1_4' title="bbox 465 411 3713 487; baseline -0 -19"><span class='ocrx_word' id='word_1_7' title='bbox 465 425 638 468; x_wconf 89' lang='lat' dir='ltr'>mater</span> <span class='ocrx_word' id='word_1_8' title='bbox 680 422 859 468; x_wconf 82' lang='lat' dir='ltr'>nostra</span> <span class='ocrx_word' id='word_1_9' title='bbox 906 414 1084 484; x_wconf 75' lang='lat' dir='ltr'>Agnes</span> <span class='ocrx_word' id='word_1_10' title='bbox 1122 414 1431 482; x_wconf 86' lang='lat' dir='ltr'>imperatrix</span> <span class='ocrx_word' id='word_1_11' title='bbox 1484 414 1717 482; x_wconf 70' lang='lat' dir='ltr'>Augusta</span> <span class='ocrx_word' id='word_1_12' title='bbox 1754 416 1822 468; x_wconf 84' lang='lat' dir='ltr'>ob</span> <span class='ocrx_word' id='word_1_13' title='bbox 1867 430 2042 469; x_wconf 90' lang='lat' dir='ltr'>reme-</span> <span class='ocrx_word' id='word_1_14' title='bbox 2072 421 2116 476; x_wconf 74' lang='grc' dir='ltr'><strong>Λ</strong></span> <span class='ocrx_word' id='word_1_15' title='bbox 2147 412 2382 468; x_wconf 84' lang='lat' dir='ltr'>Scaletin</span> <span class='ocrx_word' id='word_1_16' title='bbox 2424 411 2674 467; x_wconf 90' lang='lat' dir='ltr'>videlicet</span> <span class='ocrx_word' id='word_1_17' title='bbox 2698 422 2754 466; x_wconf 88' lang='lat' dir='ltr'>et</span> <span class='ocrx_word' id='word_1_18' title='bbox 2786 412 3028 476; x_wconf 83' lang='lat' dir='ltr'>Palisiol,</span> <span class='ocrx_word' id='word_1_19' title='bbox 3083 429 3210 466; x_wconf 89' lang='lat' dir='ltr'>cum</span> <span class='ocrx_word' id='word_1_20' title='bbox 3242 414 3505 469; x_wconf 73' lang='lat' dir='ltr'>omnibus</span> <span class='ocrx_word' id='word_1_21' title='bbox 3542 432 3713 487; x_wconf 60' lang='grc' dir='ltr'>δβνερ.</span> 
     </span>
    </p>
   </div>
   <div class='ocr_carea' id='block_1_5' title="bbox 463 506 2041 575">
    <p class='ocr_par' dir='ltr' id='par_1_5' title="bbox 463 506 2041 575">
     <span class='ocr_line' id='line_1_5' title="bbox 463 506 2041 575; baseline -0.001 -14"><span class='ocrx_word' id='word_1_22' title='bbox 463 507 609 561; x_wconf 88' lang='lat' dir='ltr'>dium</span> <span class='ocrx_word' id='word_1_23' title='bbox 640 507 831 560; x_wconf 65' lang='lat' dir='ltr'>anima:</span> <span class='ocrx_word' id='word_1_24' title='bbox 856 522 965 560; x_wconf 75' lang='lat' dir='ltr'>sua:</span> <span class='ocrx_word' id='word_1_25' title='bbox 994 515 1048 559; x_wconf 88' lang='lat' dir='ltr'>et</span> <span class='ocrx_word' id='word_1_26' title='bbox 1083 506 1276 560; x_wconf 68' lang='lat' dir='ltr'>animae</span> <span class='ocrx_word' id='word_1_27' title='bbox 1303 506 1471 574; x_wconf 90' lang='lat' dir='ltr'>patris</span> <span class='ocrx_word' id='word_1_28' title='bbox 1502 506 1670 560; x_wconf 88' lang='lat' dir='ltr'>nostri</span> <span class='ocrx_word' id='word_1_29' title='bbox 1706 506 1807 575; x_wconf 67' lang='lat' dir='ltr'>piaa</span> <span class='ocrx_word' id='word_1_30' title='bbox 1836 522 2041 561; x_wconf 85' lang='lat' dir='ltr'>memo-</span> 
     </span>
    </p>
   </div>
   <div class='ocr_carea' id='block_1_6' title="bbox 465 596 2042 665">
    <p class='ocr_par' dir='ltr' id='par_1_6' title="bbox 465 596 2042 665">
     <span class='ocr_line' id='line_1_6' title="bbox 465 596 2042 665; baseline 0.001 -16"><span class='ocrx_word' id='word_1_31' title='bbox 465 599 557 651; x_wconf 76' lang='lat' dir='ltr'>ria:</span> <span class='ocrx_word' id='word_1_32' title='bbox 592 597 823 651; x_wconf 88' lang='lat' dir='ltr'>lleinrici</span> <span class='ocrx_word' id='word_1_33' title='bbox 860 597 1200 665; x_wconf 77' lang='lat' dir='ltr'>imperatoris</span> <span class='ocrx_word' id='word_1_34' title='bbox 1236 596 1490 665; x_wconf 79' lang='lat' dir='ltr'>Augusti,</span> <span class='ocrx_word' id='word_1_35' title='bbox 1522 611 1621 651; x_wconf 86' lang='lat' dir='ltr'>nec</span> <span class='ocrx_word' id='word_1_36' title='bbox 1660 615 1763 653; x_wconf 91' lang='lat' dir='ltr'>nou</span> <span class='ocrx_word' id='word_1_37' title='bbox 1813 599 1881 651; x_wconf 93' lang='lat' dir='ltr'>ob</span> <span class='ocrx_word' id='word_1_38' title='bbox 1926 597 2042 652; x_wconf 88' lang='lat' dir='ltr'>lon-</span> 
     </span>
    </p>
   </div>
   <div class='ocr_carea' id='block_1_7' title="bbox 461 687 2038 756">
    <p class='ocr_par' dir='ltr' id='par_1_7' title="bbox 461 687 2038 756">
     <span class='ocr_line' id='line_1_7' title="bbox 461 687 2038 756; baseline 0.001 -18"><span class='ocrx_word' id='word_1_39' title='bbox 461 702 663 755; x_wconf 78' lang='lat' dir='ltr'>gzevam</span> <span class='ocrx_word' id='word_1_40' title='bbox 693 688 858 739; x_wconf 83' lang='lat' dir='ltr'>vitam</span> <span class='ocrx_word' id='word_1_41' title='bbox 904 696 1139 740; x_wconf 84' lang='lat' dir='ltr'>nostram</span> <span class='ocrx_word' id='word_1_42' title='bbox 1178 688 1404 754; x_wconf 77' lang='lat' dir='ltr'>vitzeque</span> <span class='ocrx_word' id='word_1_43' title='bbox 1442 687 1727 756; x_wconf 88' lang='lat' dir='ltr'>tranquilla</span> <span class='ocrx_word' id='word_1_44' title='bbox 1762 695 2038 756; x_wconf 88' lang='lat' dir='ltr'>tempora,</span> 
     </span>
    </p>
   </div>
   <div class='ocr_carea' id='block_1_8' title="bbox 460 775 2038 831">
    <p class='ocr_par' dir='ltr' id='par_1_8' title="bbox 460 775 2038 831">
     <span class='ocr_line' id='line_1_8' title="bbox 460 775 2038 831; baseline 0.002 -4"><span class='ocrx_word' id='word_1_45' title='bbox 460 777 719 831; x_wconf 73' lang='lat' dir='ltr'>fratribus</span> <span class='ocrx_word' id='word_1_46' title='bbox 742 775 1152 829; x_wconf 84' lang='lat' dir='ltr'>Podclbrnnnen</span> <span class='ocrx_word' id='word_1_47' title='bbox 1183 775 1293 829; x_wconf 90' lang='lat' dir='ltr'>Deo</span> <span class='ocrx_word' id='word_1_48' title='bbox 1322 777 1374 829; x_wconf 92' lang='lat' dir='ltr'>in</span> <span class='ocrx_word' id='word_1_49' title='bbox 1403 775 1641 829; x_wconf 72' lang='lat' dir='ltr'>Ecclesia</span> <span class='ocrx_word' id='word_1_50' title='bbox 1674 776 1886 830; x_wconf 72' lang='lat' dir='ltr'>Sancta:</span> <span class='ocrx_word' id='word_1_51' title='bbox 1924 775 2038 830; x_wconf 82' lang='lat' dir='ltr'>Ma-</span> 
     </span>
    </p>
   </div>
   <div class='ocr_carea' id='block_1_9' title="bbox 460 865 2039 935">
    <p class='ocr_par' dir='ltr' id='par_1_9' title="bbox 460 865 2039 935">
     <span class='ocr_line' id='line_1_9' title="bbox 460 865 2039 935; baseline 0 -15"><span class='ocrx_word' id='word_1_52' title='bbox 460 869 553 920; x_wconf 59' lang='lat' dir='ltr'>riae</span> <span class='ocrx_word' id='word_1_53' title='bbox 603 866 893 935; x_wconf 88' lang='lat' dir='ltr'>Sanctique</span> <span class='ocrx_word' id='word_1_54' title='bbox 920 866 1120 921; x_wconf 86' lang='lat' dir='ltr'>Liborii</span> <span class='ocrx_word' id='word_1_55' title='bbox 1148 865 1472 921; x_wconf 89' lang='lat' dir='ltr'>confessoris</span> <span class='ocrx_word' id='word_1_56' title='bbox 1499 867 1883 931; x_wconf 79' lang='lat' dir='ltr'>servientibus,</span> <span class='ocrx_word' id='word_1_57' title='bbox 1916 881 2039 921; x_wconf 90' lang='lat' dir='ltr'>cum</span> 
     </span>
    </p>
   </div>
   <div class='ocr_carea' id='block_1_10' title="bbox 457 957 2039 1028">
    <p class='ocr_par' dir='ltr' id='par_1_10' title="bbox 457 957 2039 1028">
     <span class='ocr_line' id='line_1_10' title="bbox 457 957 2039 1028; baseline -0.001 -16"><span class='ocrx_word' id='word_1_58' title='bbox 457 959 708 1013; x_wconf 89' lang='lat' dir='ltr'>omnibus</span> <span class='ocrx_word' id='word_1_59' title='bbox 739 958 1100 1028; x_wconf 92' lang='lat' dir='ltr'>appendiciis,</span> <span class='ocrx_word' id='word_1_60' title='bbox 1134 959 1236 1012; x_wconf 93' lang='lat' dir='ltr'>hoc</span> <span class='ocrx_word' id='word_1_61' title='bbox 1263 966 1346 1012; x_wconf 91' lang='lat' dir='ltr'>est</span> <span class='ocrx_word' id='word_1_62' title='bbox 1379 957 1660 1026; x_wconf 90' lang='lat' dir='ltr'>utriusque</span> <span class='ocrx_word' id='word_1_63' title='bbox 1694 972 1857 1013; x_wconf 84' lang='lat' dir='ltr'>sexus</span> <span class='ocrx_word' id='word_1_64' title='bbox 1888 972 2039 1011; x_wconf 86' lang='lat' dir='ltr'>man-</span> 
     </span>
    </p>
   </div>
   <div class='ocr_carea' id='block_1_11' title="bbox 456 1047 2038 1119">
    <p class='ocr_par' dir='ltr' id='par_1_11' title="bbox 456 1047 2038 1119">
     <span class='ocr_line' id='line_1_11' title="bbox 456 1047 2038 1119; baseline -0.001 -16"><span class='ocrx_word' id='word_1_65' title='bbox 456 1049 646 1118; x_wconf 88' lang='lat' dir='ltr'>cipiis,</span> <span class='ocrx_word' id='word_1_66' title='bbox 689 1050 837 1119; x_wconf 85' lang='lat' dir='ltr'>agris</span> <span class='ocrx_word' id='word_1_67' title='bbox 863 1089 877 1114; x_wconf 93' lang='lat'>,</span> <span class='ocrx_word' id='word_1_68' title='bbox 919 1048 1089 1119; x_wconf 82' lang='lat' dir='ltr'>pratis</span> <span class='ocrx_word' id='word_1_69' title='bbox 1118 1088 1132 1113; x_wconf 93' lang='lat'>,</span> <span class='ocrx_word' id='word_1_70' title='bbox 1176 1048 1406 1117; x_wconf 79' lang='lat' dir='ltr'>pascuis,</span> <span class='ocrx_word' id='word_1_71' title='bbox 1439 1048 1607 1112; x_wconf 82' lang='lat' dir='ltr'>silvis,</span> <span class='ocrx_word' id='word_1_72' title='bbox 1638 1047 2038 1114; x_wconf 81' lang='lat' dir='ltr'>venationibus,</span> 
     </span>
    </p>
   </div>
   <div class='ocr_carea' id='block_1_12' title="bbox 458 1138 2038 1209">
    <p class='ocr_par' dir='ltr' id='par_1_12' title="bbox 458 1138 2038 1209">
     <span class='ocr_line' id='line_1_12' title="bbox 458 1138 2038 1209; baseline 0.002 -19"><span class='ocrx_word' id='word_1_73' title='bbox 458 1138 634 1209; x_wconf 85' lang='lat' dir='ltr'>molis,</span> <span class='ocrx_word' id='word_1_74' title='bbox 666 1139 1005 1200; x_wconf 88' lang='lat' dir='ltr'>molendinis,</span> <span class='ocrx_word' id='word_1_75' title='bbox 1037 1140 1196 1193; x_wconf 91' lang='lat' dir='ltr'>terris</span> <span class='ocrx_word' id='word_1_76' title='bbox 1223 1138 1380 1192; x_wconf 86' lang='lat' dir='ltr'>cultis</span> <span class='ocrx_word' id='word_1_77' title='bbox 1406 1146 1461 1191; x_wconf 91' lang='lat' dir='ltr'>et</span> <span class='ocrx_word' id='word_1_78' title='bbox 1484 1138 1730 1202; x_wconf 87' lang='lat' dir='ltr'>incultis,</span> <span class='ocrx_word' id='word_1_79' title='bbox 1756 1139 1858 1193; x_wconf 92' lang='lat' dir='ltr'>viis</span> <span class='ocrx_word' id='word_1_80' title='bbox 1882 1150 1936 1193; x_wconf 88' lang='lat' dir='ltr'>et</span> <span class='ocrx_word' id='word_1_81' title='bbox 1960 1140 2038 1192; x_wconf 92' lang='lat' dir='ltr'>in-</span> 
     </span>
    </p>
   </div>
   <div class='ocr_carea' id='block_1_13' title="bbox 456 1228 2037 1298">
    <p class='ocr_par' dir='ltr' id='par_1_13' title="bbox 456 1228 2037 1298">
     <span class='ocr_line' id='line_1_13' title="bbox 456 1228 2037 1298; baseline 0.002 -20"><span class='ocrx_word' id='word_1_82' title='bbox 456 1228 583 1291; x_wconf 91' lang='lat' dir='ltr'>viis,</span> <span class='ocrx_word' id='word_1_83' title='bbox 614 1230 847 1281; x_wconf 77' lang='lat' dir='ltr'>exitibus</span> <span class='ocrx_word' id='word_1_84' title='bbox 889 1238 941 1281; x_wconf 92' lang='lat' dir='ltr'>ct</span> <span class='ocrx_word' id='word_1_85' title='bbox 993 1229 1277 1292; x_wconf 82' lang='lat' dir='ltr'>reditibus,</span> <span class='ocrx_word' id='word_1_86' title='bbox 1322 1228 1561 1298; x_wconf 74' lang='lat' dir='ltr'>quzcsitis</span> <span class='ocrx_word' id='word_1_87' title='bbox 1594 1238 1649 1282; x_wconf 91' lang='lat' dir='ltr'>et</span> <span class='ocrx_word' id='word_1_88' title='bbox 1677 1229 2037 1297; x_wconf 76' lang='lat' dir='ltr'>inquirendis,</span> 
     </span>
    </p>
   </div>
   <div class='ocr_carea' id='block_1_14' title="bbox 456 1318 2038 1389">
    <p class='ocr_par' dir='ltr' id='par_1_14' title="bbox 456 1318 2038 1389">
     <span class='ocr_line' id='line_1_14' title="bbox 456 1318 2038 1389; baseline 0.003 -19"><span class='ocrx_word' id='word_1_89' title='bbox 456 1318 509 1371; x_wconf 91' lang='lat' dir='ltr'>in</span> <span class='ocrx_word' id='word_1_90' title='bbox 556 1320 831 1389; x_wconf 90' lang='lat' dir='ltr'>proprium</span> <span class='ocrx_word' id='word_1_91' title='bbox 876 1320 1124 1385; x_wconf 82' lang='lat' dir='ltr'>tradidit;</span> <span class='ocrx_word' id='word_1_92' title='bbox 1168 1335 1297 1385; x_wconf 85' lang='lat' dir='ltr'>nos,</span> <span class='ocrx_word' id='word_1_93' title='bbox 1329 1320 1575 1386; x_wconf 85' lang='lat' dir='ltr'>inquam,</span> <span class='ocrx_word' id='word_1_94' title='bbox 1618 1318 1789 1374; x_wconf 90' lang='lat' dir='ltr'>eidem</span> <span class='ocrx_word' id='word_1_95' title='bbox 1838 1330 2038 1374; x_wconf 64' lang='lat' dir='ltr'>sanctae</span> 
     </span>
    </p>
   </div>
   <div class='ocr_carea' id='block_1_15' title="bbox 456 1409 2036 1480">
    <p class='ocr_par' dir='ltr' id='par_1_15' title="bbox 456 1409 2036 1480">
     <span class='ocr_line' id='line_1_15' title="bbox 456 1409 2036 1480; baseline 0.001 -19"><span class='ocrx_word' id='word_1_96' title='bbox 456 1409 550 1461; x_wconf 75' lang='lat' dir='ltr'>Dei</span> <span class='ocrx_word' id='word_1_97' title='bbox 583 1410 982 1480; x_wconf 78' lang='lat' dir='ltr'>congregationi</span> <span class='ocrx_word' id='word_1_98' title='bbox 1012 1410 1393 1479; x_wconf 86' lang='lat' dir='ltr'>perpetualitcr</span> <span class='ocrx_word' id='word_1_99' title='bbox 1413 1410 1872 1475; x_wconf 90' lang='lat' dir='ltr'>conﬁrmavimus,</span> <span class='ocrx_word' id='word_1_100' title='bbox 1904 1420 1958 1465; x_wconf 91' lang='lat' dir='ltr'>et</span> <span class='ocrx_word' id='word_1_101' title='bbox 1981 1410 2036 1464; x_wconf 91' lang='lat' dir='ltr'>in</span> 
     </span>
    </p>
   </div>
   <div class='ocr_carea' id='block_1_16' title="bbox 455 1498 2038 1569">
    <p class='ocr_par' dir='ltr' id='par_1_16' title="bbox 455 1498 2038 1569">
     <span class='ocr_line' id='line_1_16' title="bbox 455 1498 2038 1569; baseline 0.002 -18"><span class='ocrx_word' id='word_1_102' title='bbox 455 1508 716 1552; x_wconf 71' lang='lat' dir='ltr'>mternum</span> <span class='ocrx_word' id='word_1_103' title='bbox 750 1498 1177 1554; x_wconf 83' lang='lat' dir='ltr'>contradictione</span> <span class='ocrx_word' id='word_1_104' title='bbox 1228 1509 1430 1552; x_wconf 90' lang='lat' dir='ltr'>remota</span> <span class='ocrx_word' id='word_1_105' title='bbox 1476 1498 1716 1552; x_wconf 92' lang='lat' dir='ltr'>omnium</span> <span class='ocrx_word' id='word_1_106' title='bbox 1757 1498 2038 1569; x_wconf 88' lang='lat' dir='ltr'>possiden-</span> 
     </span>
    </p>
   </div>
   <div class='ocr_carea' id='block_1_17' title="bbox 455 1588 2037 1659">
    <p class='ocr_par' dir='ltr' id='par_1_17' title="bbox 455 1588 2037 1659">
     <span class='ocr_line' id='line_1_17' title="bbox 455 1588 2037 1659; baseline 0.003 -17"><span class='ocrx_word' id='word_1_107' title='bbox 455 1590 553 1643; x_wconf 87' lang='lat' dir='ltr'>dos</span> <span class='ocrx_word' id='word_1_108' title='bbox 582 1590 966 1653; x_wconf 83' lang='lat' dir='ltr'>concessimus,</span> <span class='ocrx_word' id='word_1_109' title='bbox 989 1605 1051 1643; x_wconf 89' lang='lat' dir='ltr'>ea</span> <span class='ocrx_word' id='word_1_110' title='bbox 1082 1588 1328 1643; x_wconf 74' lang='lat' dir='ltr'>videlicet</span> <span class='ocrx_word' id='word_1_111' title='bbox 1352 1589 1558 1643; x_wconf 88' lang='lat' dir='ltr'>ratione</span> <span class='ocrx_word' id='word_1_112' title='bbox 1589 1600 1646 1643; x_wconf 92' lang='lat' dir='ltr'>ut</span> <span class='ocrx_word' id='word_1_113' title='bbox 1666 1590 1903 1659; x_wconf 66' lang='lat' dir='ltr'>praedicti</span> <span class='ocrx_word' id='word_1_114' title='bbox 1928 1590 2037 1646; x_wconf 89' lang='lat' dir='ltr'>fra-</span> 
     </span>
    </p>
   </div>
   <div class='ocr_carea' id='block_1_18' title="bbox 458 1678 2036 1748">
    <p class='ocr_par' dir='ltr' id='par_1_18' title="bbox 458 1678 2036 1748">
     <span class='ocr_line' id='line_1_18' title="bbox 458 1678 2036 1748; baseline 0.003 -18"><span class='ocrx_word' id='word_1_115' title='bbox 458 1688 567 1732; x_wconf 83' lang='lat' dir='ltr'>tres</span> <span class='ocrx_word' id='word_1_116' title='bbox 606 1678 827 1731; x_wconf 85' lang='lat' dir='ltr'>liberam</span> <span class='ocrx_word' id='word_1_117' title='bbox 872 1679 997 1733; x_wconf 90' lang='lat' dir='ltr'>inde</span> <span class='ocrx_word' id='word_1_118' title='bbox 1036 1687 1359 1748; x_wconf 86' lang='lat' dir='ltr'>potestatem</span> <span class='ocrx_word' id='word_1_119' title='bbox 1404 1680 1640 1733; x_wconf 87' lang='lat' dir='ltr'>habeant</span> <span class='ocrx_word' id='word_1_120' title='bbox 1686 1679 1932 1746; x_wconf 91' lang='lat' dir='ltr'>tenendi,</span> <span class='ocrx_word' id='word_1_121' title='bbox 1982 1682 2036 1735; x_wconf 93' lang='lat' dir='ltr'>in</span> 
     </span>
    </p>
   </div>
   <div class='ocr_carea' id='block_1_19' title="bbox 2146 502 3711 573">
    <p class='ocr_par' dir='ltr' id='par_1_19' title="bbox 2146 502 3711 573">
     <span class='ocr_line' id='line_1_19' title="bbox 2146 502 3711 573; baseline -0.004 -14"><span class='ocrx_word' id='word_1_122' title='bbox 2146 503 2301 559; x_wconf 92' lang='lat' dir='ltr'>diciis</span> <span class='ocrx_word' id='word_1_123' title='bbox 2333 502 2465 565; x_wconf 88' lang='lat' dir='ltr'>suis,</span> <span class='ocrx_word' id='word_1_124' title='bbox 2514 511 2567 557; x_wconf 89' lang='lat' dir='ltr'>et</span> <span class='ocrx_word' id='word_1_125' title='bbox 2591 504 2853 573; x_wconf 87' lang='lat' dir='ltr'>quidquid</span> <span class='ocrx_word' id='word_1_126' title='bbox 2881 505 2948 557; x_wconf 90' lang='lat' dir='ltr'>ad</span> <span class='ocrx_word' id='word_1_127' title='bbox 3000 504 3180 572; x_wconf 88' lang='lat' dir='ltr'>ipsum</span> <span class='ocrx_word' id='word_1_128' title='bbox 3212 504 3401 559; x_wconf 87' lang='lat' dir='ltr'>locum</span> <span class='ocrx_word' id='word_1_129' title='bbox 3436 508 3588 565; x_wconf 83' lang='lat' dir='ltr'>emit.</span> <span class='ocrx_word' id='word_1_130' title='bbox 3613 525 3711 563; x_wconf 69' lang='grc' dir='ltr'>εει-</span> 
     </span>
    </p>
   </div>
   <div class='ocr_carea' id='block_1_20' title="bbox 2146 589 3713 657">
    <p class='ocr_par' dir='ltr' id='par_1_20' title="bbox 2146 589 3713 657">
     <span class='ocr_line' id='line_1_20' title="bbox 2146 589 3713 657; baseline 0.006 -15"><span class='ocrx_word' id='word_1_131' title='bbox 2146 597 2252 644; x_wconf 89' lang='lat' dir='ltr'>tam</span> <span class='ocrx_word' id='word_1_132' title='bbox 2282 591 2486 645; x_wconf 80' lang='lat' dir='ltr'>scilicet</span> <span class='ocrx_word' id='word_1_133' title='bbox 2511 589 2578 646; x_wconf 91' lang='lat' dir='ltr'>de</span> <span class='ocrx_word' id='word_1_134' title='bbox 2608 592 2867 647; x_wconf 81' lang='lat' dir='ltr'>Amblava</span> <span class='ocrx_word' id='word_1_135' title='bbox 2898 603 2955 647; x_wconf 91' lang='lat' dir='ltr'>et</span> <span class='ocrx_word' id='word_1_136' title='bbox 2996 592 3250 657; x_wconf 89' lang='lat' dir='ltr'>Tumbis,</span> <span class='ocrx_word' id='word_1_137' title='bbox 3293 609 3324 647; x_wconf 84' lang='lat' dir='ltr'>a</span> <span class='ocrx_word' id='word_1_138' title='bbox 3359 597 3563 649; x_wconf 85' lang='lat' dir='ltr'>comite</span> <span class='ocrx_word' id='word_1_139' title='bbox 3605 602 3713 652; x_wconf 73' lang='lat' dir='ltr'>bot-</span> 
     </span>
    </p>
   </div>
   <div class='ocr_carea' id='block_1_21' title="bbox 2144 682 3714 753">
    <p class='ocr_par' dir='ltr' id='par_1_21' title="bbox 2144 682 3714 753">
     <span class='ocr_line' id='line_1_21' title="bbox 2144 682 3714 753; baseline 0.006 -19"><span class='ocrx_word' id='word_1_140' title='bbox 2144 682 2281 735; x_wconf 81' lang='lat' dir='ltr'>frido</span> <span class='ocrx_word' id='word_1_141' title='bbox 2321 682 2387 736; x_wconf 92' lang='lat' dir='ltr'>de</span> <span class='ocrx_word' id='word_1_142' title='bbox 2445 682 2683 751; x_wconf 85' lang='lat' dir='ltr'>Eingeis,</span> <span class='ocrx_word' id='word_1_143' title='bbox 2726 683 2808 737; x_wconf 92' lang='lat' dir='ltr'>vel</span> <span class='ocrx_word' id='word_1_144' title='bbox 2846 684 2987 753; x_wconf 90' lang='lat' dir='ltr'>quod</span> <span class='ocrx_word' id='word_1_145' title='bbox 3029 685 3093 738; x_wconf 88' lang='lat' dir='ltr'>de</span> <span class='ocrx_word' id='word_1_146' title='bbox 3133 684 3283 740; x_wconf 92' lang='lat' dir='ltr'>bono</span> <span class='ocrx_word' id='word_1_147' title='bbox 3314 686 3569 741; x_wconf 71' lang='lat' dir='ltr'>ecclesiae</span> <span class='ocrx_word' id='word_1_148' title='bbox 3611 704 3714 743; x_wconf 77' lang='lat' dir='ltr'>coa-</span> 
     </span>
    </p>
   </div>
   <div class='ocr_carea' id='block_1_22' title="bbox 2143 770 3711 843">
    <p class='ocr_par' dir='ltr' id='par_1_22' title="bbox 2143 770 3711 843">
     <span class='ocr_line' id='line_1_22' title="bbox 2143 770 3711 843; baseline 0.006 -19"><span class='ocrx_word' id='word_1_149' title='bbox 2143 772 2434 825; x_wconf 87' lang='lat' dir='ltr'>cambiavit</span> <span class='ocrx_word' id='word_1_150' title='bbox 2471 770 2817 843; x_wconf 88' lang='lat' dir='ltr'>Wendegias,</span> <span class='ocrx_word' id='word_1_151' title='bbox 2850 784 2906 828; x_wconf 91' lang='lat' dir='ltr'>et</span> <span class='ocrx_word' id='word_1_152' title='bbox 2947 773 3395 829; x_wconf 86' lang='lat' dir='ltr'>Corvuoroimon</span> <span class='ocrx_word' id='word_1_153' title='bbox 3427 779 3633 832; x_wconf 75' lang='lat' dir='ltr'>abbatis</span> <span class='ocrx_word' id='word_1_154' title='bbox 3668 781 3711 833; x_wconf 71' lang='grc' dir='ltr'>Ξ.</span> 
     </span>
    </p>
   </div>
   <div class='ocr_carea' id='block_1_23' title="bbox 2142 859 3717 933">
    <p class='ocr_par' dir='ltr' id='par_1_23' title="bbox 2142 859 3717 933">
     <span class='ocr_line' id='line_1_23' title="bbox 2142 859 3717 933; baseline 0.004 -20"><span class='ocrx_word' id='word_1_155' title='bbox 2142 859 2449 927; x_wconf 84' lang='lat' dir='ltr'>Maximini,</span> <span class='ocrx_word' id='word_1_156' title='bbox 2498 863 2619 916; x_wconf 87' lang='lat' dir='ltr'>data</span> <span class='ocrx_word' id='word_1_157' title='bbox 2675 862 2797 915; x_wconf 87' lang='lat' dir='ltr'>villa</span> <span class='ocrx_word' id='word_1_158' title='bbox 2851 864 3192 919; x_wconf 78' lang='lat' dir='ltr'>Astebroana</span> <span class='ocrx_word' id='word_1_159' title='bbox 3251 865 3378 919; x_wconf 72' lang='lat' dir='ltr'>loro</span> <span class='ocrx_word' id='word_1_160' title='bbox 3423 871 3717 933; x_wconf 58' lang='lat' dir='ltr'>conamur,</span> 
     </span>
    </p>
   </div>
   <div class='ocr_carea' id='block_1_24' title="bbox 2141 952 3720 1027">
    <p class='ocr_par' dir='ltr' id='par_1_24' title="bbox 2141 952 3720 1027">
     <span class='ocr_line' id='line_1_24' title="bbox 2141 952 3720 1027; baseline 0.001 -22"><span class='ocrx_word' id='word_1_161' title='bbox 2141 953 2258 1007; x_wconf 88' lang='lat' dir='ltr'>sine</span> <span class='ocrx_word' id='word_1_162' title='bbox 2308 952 2488 1022; x_wconf 88' lang='lat' dir='ltr'>aliqua</span> <span class='ocrx_word' id='word_1_163' title='bbox 2528 952 2825 1009; x_wconf 85' lang='lat' dir='ltr'>infractura</span> <span class='ocrx_word' id='word_1_164' title='bbox 2856 966 3071 1009; x_wconf 85' lang='lat' dir='ltr'>maneat</span> <span class='ocrx_word' id='word_1_165' title='bbox 3116 957 3542 1012; x_wconf 85' lang='lat' dir='ltr'>inconvulsum.</span> <span class='ocrx_word' id='word_1_166' title='bbox 3605 962 3720 1027; x_wconf 71' lang='lat' dir='ltr'>0m.</span> 
     </span>
    </p>
   </div>
   <div class='ocr_carea' id='block_1_25' title="bbox 2141 1040 3724 1115">
    <p class='ocr_par' dir='ltr' id='par_1_25' title="bbox 2141 1040 3724 1115">
     <span class='ocr_line' id='line_1_25' title="bbox 2141 1040 3724 1115; baseline 0.006 -22"><span class='ocrx_word' id='word_1_167' title='bbox 2141 1040 2286 1094; x_wconf 91' lang='lat' dir='ltr'>niam</span> <span class='ocrx_word' id='word_1_168' title='bbox 2318 1056 2450 1096; x_wconf 89' lang='lat' dir='ltr'>vero</span> <span class='ocrx_word' id='word_1_169' title='bbox 2475 1044 2901 1112; x_wconf 64' lang='lat' dir='ltr'>praedecessores</span> <span class='ocrx_word' id='word_1_170' title='bbox 2929 1044 3096 1097; x_wconf 84' lang='lat' dir='ltr'>nostri</span> <span class='ocrx_word' id='word_1_171' title='bbox 3132 1061 3298 1114; x_wconf 74' lang='lat' dir='ltr'>reges</span> <span class='ocrx_word' id='word_1_172' title='bbox 3330 1047 3424 1099; x_wconf 88' lang='lat' dir='ltr'>vel</span> <span class='ocrx_word' id='word_1_173' title='bbox 3478 1047 3724 1115; x_wconf 62' lang='lat' dir='ltr'>imperabo-</span> 
     </span>
    </p>
   </div>
   <div class='ocr_carea' id='block_1_26' title="bbox 2145 1133 3721 1204">
    <p class='ocr_par' dir='ltr' id='par_1_26' title="bbox 2145 1133 3721 1204">
     <span class='ocr_line' id='line_1_26' title="bbox 2145 1133 3721 1204; baseline 0.006 -20"><span class='ocrx_word' id='word_1_174' title='bbox 2145 1146 2231 1186; x_wconf 89' lang='lat' dir='ltr'>res</span> <span class='ocrx_word' id='word_1_175' title='bbox 2279 1147 2389 1187; x_wconf 74' lang='lat' dir='ltr'>sua:</span> <span class='ocrx_word' id='word_1_176' title='bbox 2419 1133 2759 1190; x_wconf 86' lang='lat' dir='ltr'>auctoritatis</span> <span class='ocrx_word' id='word_1_177' title='bbox 2794 1133 3049 1189; x_wconf 90' lang='lat' dir='ltr'>ﬁrmitate</span> <span class='ocrx_word' id='word_1_178' title='bbox 3087 1135 3190 1204; x_wconf 86' lang='lat' dir='ltr'>ipsi</span> <span class='ocrx_word' id='word_1_179' title='bbox 3231 1134 3361 1189; x_wconf 90' lang='lat' dir='ltr'>loco</span> <span class='ocrx_word' id='word_1_180' title='bbox 3398 1138 3721 1195; x_wconf 60' lang='lat' dir='ltr'>sam-iterant</span> 
     </span>
    </p>
   </div>
   <div class='ocr_carea' id='block_1_27' title="bbox 2148 1222 3721 1292">
    <p class='ocr_par' dir='ltr' id='par_1_27' title="bbox 2148 1222 3721 1292">
     <span class='ocr_line' id='line_1_27' title="bbox 2148 1222 3721 1292; baseline 0.005 -17"><span class='ocrx_word' id='word_1_181' title='bbox 2148 1230 2208 1275; x_wconf 91' lang='lat' dir='ltr'>ut</span> <span class='ocrx_word' id='word_1_182' title='bbox 2233 1222 2523 1279; x_wconf 88' lang='lat' dir='ltr'>advocatus</span> <span class='ocrx_word' id='word_1_183' title='bbox 2550 1223 2790 1292; x_wconf 81' lang='lat' dir='ltr'>ejusdem</span> <span class='ocrx_word' id='word_1_184' title='bbox 2834 1224 3077 1279; x_wconf 74' lang='lat' dir='ltr'>ecclesia:</span> <span class='ocrx_word' id='word_1_185' title='bbox 3101 1225 3155 1278; x_wconf 93' lang='lat' dir='ltr'>in</span> <span class='ocrx_word' id='word_1_186' title='bbox 3188 1225 3459 1280; x_wconf 88' lang='lat' dir='ltr'>curtibus</span> <span class='ocrx_word' id='word_1_187' title='bbox 3483 1230 3550 1281; x_wconf 82' lang='lat' dir='ltr'>ad</span> <span class='ocrx_word' id='word_1_188' title='bbox 3576 1229 3721 1283; x_wconf 72' lang='lat' dir='ltr'>locum</span> 
     </span>
    </p>
   </div>
   <div class='ocr_carea' id='block_1_28' title="bbox 2140 1310 3699 1386">
    <p class='ocr_par' dir='ltr' id='par_1_28' title="bbox 2140 1310 3699 1386">
     <span class='ocr_line' id='line_1_28' title="bbox 2140 1310 3699 1386; baseline 0.006 -23"><span class='ocrx_word' id='word_1_189' title='bbox 2140 1310 2550 1379; x_wconf 86' lang='lat' dir='ltr'>respicientibus</span> <span class='ocrx_word' id='word_1_190' title='bbox 2589 1328 2695 1368; x_wconf 93' lang='lat' dir='ltr'>non</span> <span class='ocrx_word' id='word_1_191' title='bbox 2756 1323 3052 1383; x_wconf 68' lang='lat' dir='ltr'>praesumat</span> <span class='ocrx_word' id='word_1_192' title='bbox 3100 1329 3411 1368; x_wconf 87' lang='lat' dir='ltr'>mansuras</span> <span class='ocrx_word' id='word_1_193' title='bbox 3465 1327 3559 1369; x_wconf 82' lang='lat' dir='ltr'>aut</span> <span class='ocrx_word' id='word_1_194' title='bbox 3592 1332 3699 1386; x_wconf 74' lang='lat' dir='ltr'>para</span> 
     </span>
    </p>
   </div>
   <div class='ocr_carea' id='block_1_29' title="bbox 2140 1402 3723 1476">
    <p class='ocr_par' dir='ltr' id='par_1_29' title="bbox 2140 1402 3723 1476">
     <span class='ocr_line' id='line_1_29' title="bbox 2140 1402 3723 1476; baseline 0.004 -21"><span class='ocrx_word' id='word_1_195' title='bbox 2140 1413 2290 1455; x_wconf 76' lang='lat' dir='ltr'>iuras</span> <span class='ocrx_word' id='word_1_196' title='bbox 2332 1402 2535 1468; x_wconf 86' lang='lat' dir='ltr'>facere,</span> <span class='ocrx_word' id='word_1_197' title='bbox 2596 1404 2983 1459; x_wconf 88' lang='lat' dir='ltr'>redhibitiones</span> <span class='ocrx_word' id='word_1_198' title='bbox 3030 1404 3111 1459; x_wconf 85' lang='lat' dir='ltr'>vel</span> <span class='ocrx_word' id='word_1_199' title='bbox 3167 1403 3329 1459; x_wconf 75' lang='lat' dir='ltr'>(reda</span> <span class='ocrx_word' id='word_1_200' title='bbox 3377 1406 3619 1476; x_wconf 78' lang='lat' dir='ltr'>exigere,</span> <span class='ocrx_word' id='word_1_201' title='bbox 3654 1424 3723 1462; x_wconf 69' lang='lat' dir='ltr'>an</span> 
     </span>
    </p>
   </div>
   <div class='ocr_carea' id='block_1_30' title="bbox 2138 1494 3725 1565">
    <p class='ocr_par' dir='ltr' id='par_1_30' title="bbox 2138 1494 3725 1565">
     <span class='ocr_line' id='line_1_30' title="bbox 2138 1494 3725 1565; baseline 0.005 -19"><span class='ocrx_word' id='word_1_202' title='bbox 2138 1494 2396 1564; x_wconf 89' lang='lat' dir='ltr'>placitum</span> <span class='ocrx_word' id='word_1_203' title='bbox 2434 1503 2638 1561; x_wconf 89' lang='lat' dir='ltr'>tenere,</span> <span class='ocrx_word' id='word_1_204' title='bbox 2687 1504 2780 1549; x_wconf 90' lang='lat' dir='ltr'>aut</span> <span class='ocrx_word' id='word_1_205' title='bbox 2822 1494 3137 1565; x_wconf 84' lang='lat' dir='ltr'>parcl’redos</span> <span class='ocrx_word' id='word_1_206' title='bbox 3185 1510 3428 1550; x_wconf 85' lang='lat' dir='ltr'>sumere</span> <span class='ocrx_word' id='word_1_207' title='bbox 3486 1498 3607 1563; x_wconf 83' lang='lat' dir='ltr'>sibi,</span> <span class='ocrx_word' id='word_1_208' title='bbox 3636 1502 3725 1554; x_wconf 68' lang='lat' dir='ltr'>sine</span> 
     </span>
    </p>
   </div>
   <div class='ocr_carea' id='block_1_31' title="bbox 2139 1586 3723 1660">
    <p class='ocr_par' dir='ltr' id='par_1_31' title="bbox 2139 1586 3723 1660">
     <span class='ocr_line' id='line_1_31' title="bbox 2139 1586 3723 1660; baseline 0.002 -21"><span class='ocrx_word' id='word_1_209' title='bbox 2139 1586 2413 1656; x_wconf 90' lang='lat' dir='ltr'>permissu</span> <span class='ocrx_word' id='word_1_210' title='bbox 2446 1587 2657 1643; x_wconf 86' lang='lat' dir='ltr'>abbatis</span> <span class='ocrx_word' id='word_1_211' title='bbox 2689 1588 2770 1642; x_wconf 88' lang='lat' dir='ltr'>vel</span> <span class='ocrx_word' id='word_1_212' title='bbox 2820 1587 3113 1651; x_wconf 86' lang='lat' dir='ltr'>voluntate,</span> <span class='ocrx_word' id='word_1_213' title='bbox 3157 1587 3363 1641; x_wconf 88' lang='lat' dir='ltr'>eadem</span> <span class='ocrx_word' id='word_1_214' title='bbox 3396 1596 3460 1642; x_wconf 87' lang='lat' dir='ltr'>et</span> <span class='ocrx_word' id='word_1_215' title='bbox 3502 1606 3599 1644; x_wconf 85' lang='lat' dir='ltr'>nos</span> <span class='ocrx_word' id='word_1_216' title='bbox 3646 1592 3723 1660; x_wconf 70' lang='lat' dir='ltr'>ipsi</span> 
     </span>
    </p>
   </div>
   <div class='ocr_carea' id='block_1_32' title="bbox 2140 1678 3726 1749">
    <p class='ocr_par' dir='ltr' id='par_1_32' title="bbox 2140 1678 3726 1749">
     <span class='ocr_line' id='line_1_32' title="bbox 2140 1678 3726 1749; baseline 0.001 -16"><span class='ocrx_word' id='word_1_217' title='bbox 2140 1678 2321 1734; x_wconf 89' lang='lat' dir='ltr'>abbati</span> <span class='ocrx_word' id='word_1_218' title='bbox 2352 1679 2618 1735; x_wconf 89' lang='lat' dir='ltr'>ﬁrmando</span> <span class='ocrx_word' id='word_1_219' title='bbox 2644 1681 3074 1744; x_wconf 88' lang='lat' dir='ltr'>corroboramus,</span> <span class='ocrx_word' id='word_1_220' title='bbox 3104 1680 3404 1749; x_wconf 88' lang='lat' dir='ltr'>bannique</span> <span class='ocrx_word' id='word_1_221' title='bbox 3436 1682 3609 1735; x_wconf 87' lang='lat' dir='ltr'>nostri</span> <span class='ocrx_word' id='word_1_222' title='bbox 3647 1684 3726 1735; x_wconf 73' lang='lat' dir='ltr'>in-</span> 
     </span>
    </p>
   </div>
   <div class='ocr_carea' id='block_1_33' title="bbox 454 1762 3726 1841">
    <p class='ocr_par' dir='ltr' id='par_1_33' title="bbox 454 1762 3726 1841">
     <span class='ocr_line' id='line_1_33' title="bbox 454 1762 3726 1841; baseline 0 -18"><span class='ocrx_word' id='word_1_223' title='bbox 454 1770 647 1823; x_wconf 89' lang='lat' dir='ltr'>melius</span> <span class='ocrx_word' id='word_1_224' title='bbox 695 1770 1096 1835; x_wconf 89' lang='lat' dir='ltr'>commutandi,</span> <span class='ocrx_word' id='word_1_225' title='bbox 1156 1770 1239 1825; x_wconf 91' lang='lat' dir='ltr'>vel</span> <span class='ocrx_word' id='word_1_226' title='bbox 1280 1770 1538 1839; x_wconf 88' lang='lat' dir='ltr'>quidquid</span> <span class='ocrx_word' id='word_1_227' title='bbox 1580 1771 1643 1825; x_wconf 90' lang='lat' dir='ltr'>ad</span> <span class='ocrx_word' id='word_1_228' title='bbox 1696 1762 2112 1827; x_wconf 85' lang='lat' dir='ltr'>communean</span> <span class='ocrx_word' id='word_1_229' title='bbox 2142 1770 2409 1838; x_wconf 88' lang='lat' dir='ltr'>positione</span> <span class='ocrx_word' id='word_1_230' title='bbox 2446 1785 2514 1825; x_wconf 91' lang='lat' dir='ltr'>ne</span> <span class='ocrx_word' id='word_1_231' title='bbox 2540 1770 2791 1841; x_wconf 87' lang='lat' dir='ltr'>deinceps</span> <span class='ocrx_word' id='word_1_232' title='bbox 2834 1772 3122 1841; x_wconf 87' lang='lat' dir='ltr'>quisquam</span> <span class='ocrx_word' id='word_1_233' title='bbox 3164 1772 3289 1825; x_wconf 62' lang='lat' dir='ltr'>haec</span> <span class='ocrx_word' id='word_1_234' title='bbox 3324 1772 3541 1825; x_wconf 82' lang='lat' dir='ltr'>audeat</span> <span class='ocrx_word' id='word_1_235' title='bbox 3569 1773 3726 1825; x_wconf 76' lang='lat' dir='ltr'>infrin-</span> 
     </span>
    </p>
   </div>
   <div class='ocr_carea' id='block_1_34' title="bbox 453 1861 2040 1917">
    <p class='ocr_par' dir='ltr' id='par_1_34' title="bbox 453 1861 2040 1917">
     <span class='ocr_line' id='line_1_34' title="bbox 453 1861 2040 1917; baseline 0.001 -2"><span class='ocrx_word' id='word_1_236' title='bbox 453 1861 665 1915; x_wconf 89' lang='lat' dir='ltr'>illorum</span> <span class='ocrx_word' id='word_1_237' title='bbox 710 1862 997 1916; x_wconf 85' lang='lat' dir='ltr'>utilitatem</span> <span class='ocrx_word' id='word_1_238' title='bbox 1043 1862 1314 1917; x_wconf 90' lang='lat' dir='ltr'>voluerint</span> <span class='ocrx_word' id='word_1_239' title='bbox 1388 1861 1639 1917; x_wconf 80' lang='lat' dir='ltr'>faciendi.</span> <span class='ocrx_word' id='word_1_240' title='bbox 1698 1862 1767 1917; x_wconf 87' lang='lat' dir='ltr'>Et</span> <span class='ocrx_word' id='word_1_241' title='bbox 1819 1872 1879 1917; x_wconf 93' lang='lat' dir='ltr'>ut</span> <span class='ocrx_word' id='word_1_242' title='bbox 1925 1864 2040 1917; x_wconf 75' lang='lat' dir='ltr'>hazc</span> 
     </span>
    </p>
   </div>
   <div class='ocr_carea' id='block_1_35' title="bbox 452 1952 2040 2021">
    <p class='ocr_par' dir='ltr' id='par_1_35' title="bbox 452 1952 2040 2021">
     <span class='ocr_line' id='line_1_35' title="bbox 452 1952 2040 2021; baseline 0.001 -16"><span class='ocrx_word' id='word_1_243' title='bbox 452 1960 638 2005; x_wconf 91' lang='lat' dir='ltr'>nostra</span> <span class='ocrx_word' id='word_1_244' title='bbox 677 1952 871 2021; x_wconf 83' lang='lat' dir='ltr'>regalis</span> <span class='ocrx_word' id='word_1_245' title='bbox 916 1952 1259 2007; x_wconf 88' lang='lat' dir='ltr'>conﬁrmatio</span> <span class='ocrx_word' id='word_1_246' title='bbox 1308 1953 1423 2007; x_wconf 87' lang='lat' dir='ltr'>sive</span> <span class='ocrx_word' id='word_1_247' title='bbox 1480 1953 1697 2006; x_wconf 84' lang='lat' dir='ltr'>traditio</span> <span class='ocrx_word' id='word_1_248' title='bbox 1741 1952 1949 2008; x_wconf 82' lang='lat' dir='ltr'>stabilis</span> <span class='ocrx_word' id='word_1_249' title='bbox 1986 1962 2040 2007; x_wconf 85' lang='lat' dir='ltr'>et</span> 
     </span>
    </p>
   </div>
   <div class='ocr_carea' id='block_1_36' title="bbox 454 2043 2036 2114">
    <p class='ocr_par' dir='ltr' id='par_1_36' title="bbox 454 2043 2036 2114">
     <span class='ocr_line' id='line_1_36' title="bbox 454 2043 2036 2114; baseline 0 -17"><span class='ocrx_word' id='word_1_250' title='bbox 454 2043 767 2099; x_wconf 88' lang='lat' dir='ltr'>inconvulsa</span> <span class='ocrx_word' id='word_1_251' title='bbox 798 2046 943 2098; x_wconf 91' lang='lat' dir='ltr'>omni</span> <span class='ocrx_word' id='word_1_252' title='bbox 972 2054 1287 2114; x_wconf 88' lang='lat' dir='ltr'>permaneat</span> <span class='ocrx_word' id='word_1_253' title='bbox 1329 2054 1591 2113; x_wconf 85' lang='lat' dir='ltr'>tempore,</span> <span class='ocrx_word' id='word_1_254' title='bbox 1628 2045 1764 2100; x_wconf 85' lang='lat' dir='ltr'>hanc</span> <span class='ocrx_word' id='word_1_255' title='bbox 1792 2045 2036 2100; x_wconf 89' lang='lat' dir='ltr'>chartam</span> 
     </span>
    </p>
   </div>
   <div class='ocr_carea' id='block_1_37' title="bbox 453 2137 2033 2206">
    <p class='ocr_par' dir='ltr' id='par_1_37' title="bbox 453 2137 2033 2206">
     <span class='ocr_line' id='line_1_37' title="bbox 453 2137 2033 2206; baseline 0.001 -16"><span class='ocrx_word' id='word_1_256' title='bbox 453 2137 578 2191; x_wconf 90' lang='lat' dir='ltr'>inde</span> <span class='ocrx_word' id='word_1_257' title='bbox 627 2138 933 2202; x_wconf 87' lang='lat' dir='ltr'>conscribi,</span> <span class='ocrx_word' id='word_1_258' title='bbox 990 2151 1258 2206; x_wconf 88' lang='lat' dir='ltr'>manuque</span> <span class='ocrx_word' id='word_1_259' title='bbox 1311 2138 1527 2206; x_wconf 90' lang='lat' dir='ltr'>propria</span> <span class='ocrx_word' id='word_1_260' title='bbox 1581 2137 2033 2203; x_wconf 85' lang='lat' dir='ltr'>corroboran&#39;cs,</span> 
     </span>
    </p>
   </div>
   <div class='ocr_carea' id='block_1_38' title="bbox 452 2232 1768 2304">
    <p class='ocr_par' dir='ltr' id='par_1_38' title="bbox 452 2232 1768 2304">
     <span class='ocr_line' id='line_1_38' title="bbox 452 2232 1768 2304; baseline -0.001 -17"><span class='ocrx_word' id='word_1_261' title='bbox 452 2232 610 2299; x_wconf 78' lang='lat' dir='ltr'>sigilli</span> <span class='ocrx_word' id='word_1_262' title='bbox 639 2235 808 2288; x_wconf 90' lang='lat' dir='ltr'>nostri</span> <span class='ocrx_word' id='word_1_263' title='bbox 837 2234 1192 2303; x_wconf 88' lang='lat' dir='ltr'>impressione</span> <span class='ocrx_word' id='word_1_264' title='bbox 1208 2233 1469 2303; x_wconf 73' lang='lat' dir='ltr'>iussimus</span> <span class='ocrx_word' id='word_1_265' title='bbox 1499 2233 1768 2304; x_wconf 81' lang='lat' dir='ltr'>insigniri.</span> 
     </span>
    </p>
   </div>
   <div class='ocr_carea' id='block_1_39' title="bbox 523 2325 1838 2396">
    <p class='ocr_par' dir='ltr' id='par_1_39' title="bbox 523 2325 1838 2396">
     <span class='ocr_line' id='line_1_39' title="bbox 523 2325 1838 2396; baseline 0 -16"><span class='ocrx_word' id='word_1_266' title='bbox 523 2325 741 2395; x_wconf 79' lang='lat' dir='ltr'>Signum</span> <span class='ocrx_word' id='word_1_267' title='bbox 764 2329 943 2382; x_wconf 86' lang='lat' dir='ltr'>damni</span> <span class='ocrx_word' id='word_1_268' title='bbox 971 2326 1211 2381; x_wconf 77' lang='lat' dir='ltr'>Heinriri</span> <span class='ocrx_word' id='word_1_269' title='bbox 1238 2327 1414 2396; x_wconf 82' lang='lat' dir='ltr'>quarti</span> <span class='ocrx_word' id='word_1_270' title='bbox 1446 2327 1598 2395; x_wconf 81' lang='lat' dir='ltr'>regis.</span> <span class='ocrx_word' id='word_1_271' title='bbox 1630 2326 1713 2393; x_wconf 66' lang='lat' dir='ltr'>(L.</span> <span class='ocrx_word' id='word_1_272' title='bbox 1740 2325 1838 2394; x_wconf 83' lang='grc' dir='ltr'>Μ.)</span> 
     </span>
    </p>
   </div>
   <div class='ocr_carea' id='block_1_40' title="bbox 525 2416 2036 2487">
    <p class='ocr_par' dir='ltr' id='par_1_40' title="bbox 525 2416 2036 2487">
     <span class='ocr_line' id='line_1_40' title="bbox 525 2416 2036 2487; baseline 0.001 -16"><span class='ocrx_word' id='word_1_273' title='bbox 525 2416 851 2487; x_wconf 88' lang='lat' dir='ltr'>Sigchardus</span> <span class='ocrx_word' id='word_1_274' title='bbox 899 2418 1263 2473; x_wconf 90' lang='lat' dir='ltr'>cancellarius</span> <span class='ocrx_word' id='word_1_275' title='bbox 1299 2418 1414 2472; x_wconf 89' lang='lat' dir='ltr'>vice</span> <span class='ocrx_word' id='word_1_276' title='bbox 1457 2416 1709 2486; x_wconf 83' lang='lat' dir='ltr'>Sigefridi</span> <span class='ocrx_word' id='word_1_277' title='bbox 1755 2418 2036 2473; x_wconf 86' lang='lat' dir='ltr'>archican-</span> 
     </span>
    </p>
   </div>
   <div class='ocr_carea' id='block_1_41' title="bbox 454 2506 1003 2577">
    <p class='ocr_par' dir='ltr' id='par_1_41' title="bbox 454 2506 1003 2577">
     <span class='ocr_line' id='line_1_41' title="bbox 454 2506 1003 2577; baseline -0.002 -16"><span class='ocrx_word' id='word_1_278' title='bbox 454 2506 662 2561; x_wconf 89' lang='lat' dir='ltr'>ccllarii</span> <span class='ocrx_word' id='word_1_279' title='bbox 693 2508 1003 2577; x_wconf 82' lang='lat' dir='ltr'>recognovi.</span> 
     </span>
    </p>
   </div>
   <div class='ocr_carea' id='block_1_42' title="bbox 522 2598 1319 2670">
    <p class='ocr_par' dir='ltr' id='par_1_42' title="bbox 522 2598 1319 2670">
     <span class='ocr_line' id='line_1_42' title="bbox 522 2598 1319 2670; baseline -0.003 -17"><span class='ocrx_word' id='word_1_280' title='bbox 522 2600 655 2653; x_wconf 85' lang='lat' dir='ltr'>Data</span> <span class='ocrx_word' id='word_1_281' title='bbox 683 2613 779 2653; x_wconf 79' lang='lat' dir='ltr'>xm</span> <span class='ocrx_word' id='word_1_282' title='bbox 808 2598 925 2653; x_wconf 81' lang='lat' dir='ltr'>Kal.</span> <span class='ocrx_word' id='word_1_283' title='bbox 953 2598 1204 2670; x_wconf 80' lang='lat' dir='ltr'>Augusti.</span> <span class='ocrx_word' id='word_1_284' title='bbox 1245 2638 1259 2651; x_wconf 95' lang='lat'>.</span> <span class='ocrx_word' id='word_1_285' title='bbox 1302 2638 1319 2652; x_wconf 90' lang='lat'>.</span> 
     </span>
    </p>
   </div>
   <div class='ocr_carea' id='block_1_43' title="bbox 1194 2689 1281 2742">
    <p class='ocr_par' dir='ltr' id='par_1_43' title="bbox 1194 2689 1281 2742">
     <span class='ocr_line' id='line_1_43' title="bbox 1194 2689 1281 2742; baseline -0.011 0"><span class='ocrx_word' id='word_1_286' title='bbox 1194 2689 1281 2742; x_wconf 89' lang='lat' dir='ltr'>IV.</span> 
     </span>
    </p>
   </div>
   <div class='ocr_carea' id='block_1_44' title="bbox 451 2778 2034 2851">
    <p class='ocr_par' dir='ltr' id='par_1_44' title="bbox 451 2778 2034 2851">
     <span class='ocr_line' id='line_1_44' title="bbox 451 2778 2034 2851; baseline 0.002 -19"><span class='ocrx_word' id='word_1_287' title='bbox 451 2778 693 2847; x_wconf 78' lang='lat' dir='ltr'>Diploma</span> <span class='ocrx_word' id='word_1_288' title='bbox 720 2780 935 2834; x_wconf 84' lang='lat' dir='ltr'>Henrici</span> <span class='ocrx_word' id='word_1_289' title='bbox 959 2780 987 2851; x_wconf 77' lang='grc'>1</span> <span class='ocrx_word' id='word_1_290' title='bbox 1004 2780 1043 2833; x_wconf 88' lang='grc' dir='ltr'><strong><em>γ</em></strong></span> <span class='ocrx_word' id='word_1_291' title='bbox 1073 2781 1207 2850; x_wconf 80' lang='lat' dir='ltr'>regis</span> <span class='ocrx_word' id='word_1_292' title='bbox 1236 2780 1589 2834; x_wconf 81' lang='lat' dir='ltr'>Romanorum</span> <span class='ocrx_word' id='word_1_293' title='bbox 1612 2798 1704 2851; x_wconf 87' lang='lat' dir='ltr'>pro</span> <span class='ocrx_word' id='word_1_294' title='bbox 1718 2784 2034 2836; x_wconf 78' lang='lat' dir='ltr'>monasterio</span> 
     </span>
    </p>
   </div>
   <div class='ocr_carea' id='block_1_45' title="bbox 523 2850 2035 2920">
    <p class='ocr_par' dir='ltr' id='par_1_45' title="bbox 523 2850 2035 2920">
     <span class='ocr_line' id='line_1_45' title="bbox 523 2850 2035 2920; baseline 0.001 -17"><span class='ocrx_word' id='word_1_295' title='bbox 523 2850 1225 2919; x_wconf 77' lang='lat' dir='ltr'>Slabulensi.—Conﬁrmat</span> <span class='ocrx_word' id='word_1_296' title='bbox 1278 2853 1612 2920; x_wconf 85' lang='lat' dir='ltr'>antiquorum</span> <span class='ocrx_word' id='word_1_297' title='bbox 1655 2869 1831 2920; x_wconf 85' lang='lat' dir='ltr'>regum</span> <span class='ocrx_word' id='word_1_298' title='bbox 1878 2853 2035 2920; x_wconf 82' lang='lat' dir='ltr'>privi—</span> 
     </span>
    </p>
   </div>
   <div class='ocr_carea' id='block_1_46' title="bbox 522 2921 2033 2990">
    <p class='ocr_par' dir='ltr' id='par_1_46' title="bbox 522 2921 2033 2990">
     <span class='ocr_line' id='line_1_46' title="bbox 522 2921 2033 2990; baseline 0.001 -20"><span class='ocrx_word' id='word_1_299' title='bbox 522 2921 679 2986; x_wconf 87' lang='lat' dir='ltr'>legia,</span> <span class='ocrx_word' id='word_1_300' title='bbox 722 2922 1093 2975; x_wconf 79' lang='lat' dir='ltr'>advocatorum</span> <span class='ocrx_word' id='word_1_301' title='bbox 1125 2922 1476 2989; x_wconf 77' lang='lat' dir='ltr'>Oppressiones</span> <span class='ocrx_word' id='word_1_302' title='bbox 1505 2932 1663 2984; x_wconf 71' lang='lat' dir='ltr'>vetat,</span> <span class='ocrx_word' id='word_1_303' title='bbox 1699 2923 1949 2990; x_wconf 86' lang='lat' dir='ltr'>jubelque</span> <span class='ocrx_word' id='word_1_304' title='bbox 1978 2932 2033 2973; x_wconf 87' lang='lat' dir='ltr'>ut</span> 
     </span>
    </p>
   </div>
   <div class='ocr_carea' id='block_1_47' title="bbox 521 2990 2031 3055">
    <p class='ocr_par' dir='ltr' id='par_1_47' title="bbox 521 2990 2031 3055">
     <span class='ocr_line' id='line_1_47' title="bbox 521 2990 2031 3055; baseline 0.001 -13"><span class='ocrx_word' id='word_1_305' title='bbox 521 2990 723 3043; x_wconf 81' lang='lat' dir='ltr'>duobus</span> <span class='ocrx_word' id='word_1_306' title='bbox 778 2990 1130 3055; x_wconf 79' lang='lat' dir='ltr'>monasteriis,</span> <span class='ocrx_word' id='word_1_307' title='bbox 1170 2990 1463 3045; x_wconf 80' lang='lat' dir='ltr'>Stabulensi</span> <span class='ocrx_word' id='word_1_308' title='bbox 1509 3000 1556 3043; x_wconf 84' lang='lat' dir='ltr'>et</span> <span class='ocrx_word' id='word_1_309' title='bbox 1616 2990 2031 3055; x_wconf 80' lang='lat' dir='ltr'>Malmundario,</span> 
     </span>
    </p>
   </div>
   <div class='ocr_carea' id='block_1_48' title="bbox 520 3062 997 3116">
    <p class='ocr_par' dir='ltr' id='par_1_48' title="bbox 520 3062 997 3116">
     <span class='ocr_line' id='line_1_48' title="bbox 520 3062 997 3116; baseline 0.004 -3"><span class='ocrx_word' id='word_1_310' title='bbox 520 3062 705 3115; x_wconf 77' lang='lat' dir='ltr'>unicus</span> <span class='ocrx_word' id='word_1_311' title='bbox 727 3062 793 3115; x_wconf 81' lang='lat' dir='ltr'>sit</span> <span class='ocrx_word' id='word_1_312' title='bbox 820 3062 997 3116; x_wconf 77' lang='lat' dir='ltr'>abbas.</span> 
     </span>
    </p>
   </div>
   <div class='ocr_carea' id='block_1_49' title="bbox 1050 3150 1432 3221">
    <p class='ocr_par' dir='ltr' id='par_1_49' title="bbox 1050 3150 1432 3221">
     <span class='ocr_line' id='line_1_49' title="bbox 1050 3150 1432 3221; baseline 0 -17"><span class='ocrx_word' id='word_1_313' title='bbox 1050 3151 1227 3221; x_wconf 86' lang='lat' dir='ltr'>(Anno</span> <span class='ocrx_word' id='word_1_314' title='bbox 1250 3150 1432 3221; x_wconf 82' lang='grc'>1065.)</span> 
     </span>
    </p>
   </div>
   <div class='ocr_carea' id='block_1_50' title="bbox 732 3240 1749 3313">
    <p class='ocr_par' dir='ltr' id='par_1_50' title="bbox 732 3240 1749 3313">
     <span class='ocr_line' id='line_1_50' title="bbox 732 3240 1749 3313; baseline 0 -18"><span class='ocrx_word' id='word_1_315' title='bbox 732 3242 1035 3313; x_wconf 53' lang='lat' dir='ltr'>[Mannum</span> <span class='ocrx_word' id='word_1_316' title='bbox 1073 3241 1246 3312; x_wconf 75' lang='lat' dir='ltr'>Ampi.</span> <span class='ocrx_word' id='word_1_317' title='bbox 1300 3241 1512 3296; x_wconf 78' lang='lat' dir='ltr'>Collect.</span> <span class='ocrx_word' id='word_1_318' title='bbox 1543 3241 1605 3309; x_wconf 92' lang='lat' dir='ltr'>ll,</span> <span class='ocrx_word' id='word_1_319' title='bbox 1635 3240 1749 3312; x_wconf 89' lang='lat'>70.]</span> 
     </span>
    </p>
   </div>
   <div class='ocr_carea' id='block_1_51' title="bbox 515 3332 2033 3401">
    <p class='ocr_par' dir='ltr' id='par_1_51' title="bbox 515 3332 2033 3401">
     <span class='ocr_line' id='line_1_51' title="bbox 515 3332 2033 3401; baseline 0.002 -13"><span class='ocrx_word' id='word_1_320' title='bbox 515 3332 574 3388; x_wconf 83' lang='lat' dir='ltr'>In</span> <span class='ocrx_word' id='word_1_321' title='bbox 604 3335 821 3390; x_wconf 89' lang='lat' dir='ltr'>nomine</span> <span class='ocrx_word' id='word_1_322' title='bbox 854 3344 1056 3391; x_wconf 75' lang='lat' dir='ltr'>sancta:</span> <span class='ocrx_word' id='word_1_323' title='bbox 1084 3345 1137 3390; x_wconf 92' lang='lat' dir='ltr'>et</span> <span class='ocrx_word' id='word_1_324' title='bbox 1162 3335 1450 3390; x_wconf 74' lang='lat' dir='ltr'>individua:</span> <span class='ocrx_word' id='word_1_325' title='bbox 1479 3335 1785 3401; x_wconf 85' lang='lat' dir='ltr'>Trinitatis,</span> <span class='ocrx_word' id='word_1_326' title='bbox 1817 3335 2033 3391; x_wconf 74' lang='lat' dir='ltr'>[lemni-</span> 
     </span>
    </p>
   </div>
   <div class='ocr_carea' id='block_1_52' title="bbox 446 3427 1504 3494">
    <p class='ocr_par' dir='ltr' id='par_1_52' title="bbox 446 3427 1504 3494">
     <span class='ocr_line' id='line_1_52' title="bbox 446 3427 1504 3494; baseline 0.004 -13"><span class='ocrx_word' id='word_1_327' title='bbox 446 3442 563 3491; x_wconf 83' lang='lat' dir='ltr'>cus,</span> <span class='ocrx_word' id='word_1_328' title='bbox 595 3427 772 3482; x_wconf 88' lang='lat' dir='ltr'>divina</span> <span class='ocrx_word' id='word_1_329' title='bbox 810 3427 1024 3482; x_wconf 82' lang='lat' dir='ltr'>favente</span> <span class='ocrx_word' id='word_1_330' title='bbox 1055 3428 1358 3494; x_wconf 88' lang='lat' dir='ltr'>clementia,</span> <span class='ocrx_word' id='word_1_331' title='bbox 1390 3446 1504 3485; x_wconf 79' lang='lat' dir='ltr'>rex.</span> 
     </span>
    </p>
   </div>
   <div class='ocr_carea' id='block_1_53' title="bbox 521 3518 2016 3591">
    <p class='ocr_par' dir='ltr' id='par_1_53' title="bbox 521 3518 2016 3591">
     <span class='ocr_line' id='line_1_53' title="bbox 521 3518 2016 3591; baseline 0.003 -20"><span class='ocrx_word' id='word_1_332' title='bbox 521 3518 839 3574; x_wconf 88' lang='lat' dir='ltr'>Sublimitas</span> <span class='ocrx_word' id='word_1_333' title='bbox 900 3520 1095 3591; x_wconf 79' lang='lat' dir='ltr'>regalis</span> <span class='ocrx_word' id='word_1_334' title='bbox 1154 3522 1453 3591; x_wconf 61' lang='lat' dir='ltr'>prudentiae</span> <span class='ocrx_word' id='word_1_335' title='bbox 1500 3523 1611 3577; x_wconf 91' lang='lat' dir='ltr'>Deo</span> <span class='ocrx_word' id='word_1_336' title='bbox 1664 3522 2016 3577; x_wconf 85' lang='lat' dir='ltr'>servientium</span> 
     </span>
    </p>
   </div>
   <div class='ocr_carea' id='block_1_54' title="bbox 449 3609 2029 3685">
    <p class='ocr_par' dir='ltr' id='par_1_54' title="bbox 449 3609 2029 3685">
     <span class='ocr_line' id='line_1_54' title="bbox 449 3609 2029 3685; baseline 0.004 -25"><span class='ocrx_word' id='word_1_337' title='bbox 449 3609 567 3675; x_wconf 89' lang='lat' dir='ltr'>paci</span> <span class='ocrx_word' id='word_1_338' title='bbox 600 3625 663 3663; x_wconf 90' lang='lat' dir='ltr'>ac</span> <span class='ocrx_word' id='word_1_339' title='bbox 692 3611 858 3679; x_wconf 91' lang='lat' dir='ltr'>quieti</span> <span class='ocrx_word' id='word_1_340' title='bbox 897 3613 1226 3668; x_wconf 89' lang='lat' dir='ltr'>omnimodis</span> <span class='ocrx_word' id='word_1_341' title='bbox 1276 3614 1435 3669; x_wconf 85' lang='lat' dir='ltr'>debet</span> <span class='ocrx_word' id='word_1_342' title='bbox 1486 3614 1818 3685; x_wconf 88' lang='lat' dir='ltr'>prospicere.</span> <span class='ocrx_word' id='word_1_343' title='bbox 1880 3612 2029 3668; x_wconf 89' lang='lat' dir='ltr'>Unde</span> 
     </span>
    </p>
   </div>
   <div class='ocr_carea' id='block_1_55' title="bbox 447 3702 2024 3769">
    <p class='ocr_par' dir='ltr' id='par_1_55' title="bbox 447 3702 2024 3769">
     <span class='ocr_line' id='line_1_55' title="bbox 447 3702 2024 3769; baseline 0.003 -15"><span class='ocrx_word' id='word_1_344' title='bbox 447 3702 744 3769; x_wconf 89' lang='lat' dir='ltr'>comperiat</span> <span class='ocrx_word' id='word_1_345' title='bbox 766 3703 1008 3757; x_wconf 91' lang='lat' dir='ltr'>omnium</span> <span class='ocrx_word' id='word_1_346' title='bbox 1036 3703 1271 3759; x_wconf 87' lang='lat' dir='ltr'>ﬁdelium</span> <span class='ocrx_word' id='word_1_347' title='bbox 1302 3713 1610 3760; x_wconf 88' lang='lat' dir='ltr'>nostrormn</span> <span class='ocrx_word' id='word_1_348' title='bbox 1671 3714 1779 3759; x_wconf 91' lang='lat' dir='ltr'>tam</span> <span class='ocrx_word' id='word_1_349' title='bbox 1810 3702 2024 3758; x_wconf 91' lang='lat' dir='ltr'>futuro-</span> 
     </span>
    </p>
   </div>
   <div class='ocr_carea' id='block_1_56' title="bbox 449 3793 2027 3865">
    <p class='ocr_par' dir='ltr' id='par_1_56' title="bbox 449 3793 2027 3865">
     <span class='ocr_line' id='line_1_56' title="bbox 449 3793 2027 3865; baseline 0.004 -23"><span class='ocrx_word' id='word_1_350' title='bbox 449 3806 567 3843; x_wconf 90' lang='lat' dir='ltr'>rum</span> <span class='ocrx_word' id='word_1_351' title='bbox 600 3805 759 3858; x_wconf 83' lang='lat' dir='ltr'>quani</span> <span class='ocrx_word' id='word_1_352' title='bbox 796 3793 1145 3859; x_wconf 81' lang='lat' dir='ltr'>praesentium</span> <span class='ocrx_word' id='word_1_353' title='bbox 1193 3794 1481 3861; x_wconf 88' lang='lat' dir='ltr'>industria,</span> <span class='ocrx_word' id='word_1_354' title='bbox 1510 3796 1676 3865; x_wconf 85' lang='lat' dir='ltr'>quod,</span> <span class='ocrx_word' id='word_1_355' title='bbox 1708 3794 2027 3851; x_wconf 88' lang='lat' dir='ltr'>monasterii</span> 
     </span>
    </p>
   </div>
   <div class='ocr_carea' id='block_1_57' title="bbox 452 3879 2025 3953">
    <p class='ocr_par' dir='ltr' id='par_1_57' title="bbox 452 3879 2025 3953">
     <span class='ocr_line' id='line_1_57' title="bbox 452 3879 2025 3953; baseline 0.003 -19"><span class='ocrx_word' id='word_1_356' title='bbox 452 3879 694 3934; x_wconf 79' lang='lat' dir='ltr'>Stabulai</span> <span class='ocrx_word' id='word_1_357' title='bbox 720 3881 817 3934; x_wconf 89' lang='lat' dir='ltr'>sub</span> <span class='ocrx_word' id='word_1_358' title='bbox 844 3892 1025 3937; x_wconf 90' lang='lat' dir='ltr'>nostra</span> <span class='ocrx_word' id='word_1_359' title='bbox 1052 3883 1251 3937; x_wconf 87' lang='lat' dir='ltr'>ditione</span> <span class='ocrx_word' id='word_1_360' title='bbox 1282 3886 1371 3938; x_wconf 88' lang='lat' dir='ltr'>siti</span> <span class='ocrx_word' id='word_1_361' title='bbox 1406 3886 1751 3953; x_wconf 80' lang='lat' dir='ltr'>providentes</span> <span class='ocrx_word' id='word_1_362' title='bbox 1781 3886 2025 3951; x_wconf 88' lang='lat' dir='ltr'>utilitati,</span> 
     </span>
    </p>
   </div>
   <div class='ocr_carea' id='block_1_58' title="bbox 454 3970 2030 4041">
    <p class='ocr_par' dir='ltr' id='par_1_58' title="bbox 454 3970 2030 4041">
     <span class='ocr_line' id='line_1_58' title="bbox 454 3970 2030 4041; baseline 0.004 -17"><span class='ocrx_word' id='word_1_363' title='bbox 454 3971 506 4024; x_wconf 86' lang='lat' dir='ltr'>id</span> <span class='ocrx_word' id='word_1_364' title='bbox 558 3970 837 4025; x_wconf 90' lang='lat' dir='ltr'>obtinente</span> <span class='ocrx_word' id='word_1_365' title='bbox 900 3974 1038 4041; x_wconf 90' lang='lat' dir='ltr'>apud</span> <span class='ocrx_word' id='word_1_366' title='bbox 1097 3983 1336 4029; x_wconf 90' lang='lat' dir='ltr'>nostram</span> <span class='ocrx_word' id='word_1_367' title='bbox 1391 3977 1762 4032; x_wconf 88' lang='lat' dir='ltr'>celsitudinem</span> <span class='ocrx_word' id='word_1_368' title='bbox 1818 3979 2030 4032; x_wconf 87' lang='lat' dir='ltr'>abbatis</span> 
     </span>
    </p>
   </div>
   <div class='ocr_carea' id='block_1_59' title="bbox 449 4062 2027 4138">
    <p class='ocr_par' dir='ltr' id='par_1_59' title="bbox 449 4062 2027 4138">
     <span class='ocr_line' id='line_1_59' title="bbox 449 4062 2027 4138; baseline 0.006 -23"><span class='ocrx_word' id='word_1_369' title='bbox 449 4062 689 4132; x_wconf 88' lang='lat' dir='ltr'>ejusdem</span> <span class='ocrx_word' id='word_1_370' title='bbox 735 4062 867 4129; x_wconf 92' lang='lat' dir='ltr'>loci,</span> <span class='ocrx_word' id='word_1_371' title='bbox 918 4064 1124 4120; x_wconf 86' lang='lat' dir='ltr'>scilicet</span> <span class='ocrx_word' id='word_1_372' title='bbox 1171 4065 1518 4132; x_wconf 86' lang='lat' dir='ltr'>Theoderici,</span> <span class='ocrx_word' id='word_1_373' title='bbox 1572 4070 1905 4132; x_wconf 85' lang='lat' dir='ltr'>reverentia,</span> <span class='ocrx_word' id='word_1_374' title='bbox 1939 4085 2027 4138; x_wconf 87' lang='lat' dir='ltr'>pe—</span> 
     </span>
    </p>
   </div>
   <div class='ocr_carea' id='block_1_60' title="bbox 448 4152 2028 4229">
    <p class='ocr_par' dir='ltr' id='par_1_60' title="bbox 448 4152 2028 4229">
     <span class='ocr_line' id='line_1_60' title="bbox 448 4152 2028 4229; baseline 0.003 -22"><span class='ocrx_word' id='word_1_375' title='bbox 448 4161 593 4207; x_wconf 89' lang='lat' dir='ltr'>tente</span> <span class='ocrx_word' id='word_1_376' title='bbox 618 4152 806 4207; x_wconf 89' lang='lat' dir='ltr'>eodem</span> <span class='ocrx_word' id='word_1_377' title='bbox 843 4154 1036 4208; x_wconf 85' lang='lat' dir='ltr'>abbate</span> <span class='ocrx_word' id='word_1_378' title='bbox 1060 4153 1213 4221; x_wconf 82' lang='lat' dir='ltr'>juxta</span> <span class='ocrx_word' id='word_1_379' title='bbox 1265 4157 1609 4225; x_wconf 89' lang='lat' dir='ltr'>antiquorum</span> <span class='ocrx_word' id='word_1_380' title='bbox 1647 4172 1832 4226; x_wconf 88' lang='lat' dir='ltr'>regum</span> <span class='ocrx_word' id='word_1_381' title='bbox 1886 4157 2028 4229; x_wconf 90' lang='lat' dir='ltr'>Sigi-</span> 
     </span>
    </p>
   </div>
   <div class='ocr_carea' id='block_1_61' title="bbox 446 4240 2027 4314">
    <p class='ocr_par' dir='ltr' id='par_1_61' title="bbox 446 4240 2027 4314">
     <span class='ocr_line' id='line_1_61' title="bbox 446 4240 2027 4314; baseline 0.003 -19"><span class='ocrx_word' id='word_1_382' title='bbox 446 4242 608 4306; x_wconf 91' lang='lat' dir='ltr'>berti,</span> <span class='ocrx_word' id='word_1_383' title='bbox 656 4240 935 4308; x_wconf 91' lang='lat' dir='ltr'>llilderici,</span> <span class='ocrx_word' id='word_1_384' title='bbox 974 4242 1249 4310; x_wconf 83' lang='lat' dir='ltr'>Clodovei,</span> <span class='ocrx_word' id='word_1_385' title='bbox 1307 4244 1625 4314; x_wconf 86' lang='lat' dir='ltr'>Dagcberti,</span> <span class='ocrx_word' id='word_1_386' title='bbox 1656 4246 1746 4314; x_wconf 88' lang='lat' dir='ltr'>qui</span> <span class='ocrx_word' id='word_1_387' title='bbox 1784 4256 2027 4299; x_wconf 88' lang='lat' dir='ltr'>constru-</span> 
     </span>
    </p>
   </div>
   <div class='ocr_carea' id='block_1_62' title="bbox 444 4317 2027 4407">
    <p class='ocr_par' dir='ltr' id='par_1_62' title="bbox 444 4317 2027 4407">
     <span class='ocr_line' id='line_1_62' title="bbox 444 4317 2027 4407; baseline 0.003 -20"><span class='ocrx_word' id='word_1_388' title='bbox 444 4317 873 4389; x_wconf 37' lang='lat' dir='ltr'>ctores&#39;fueruut</span> <span class='ocrx_word' id='word_1_389' title='bbox 926 4334 1131 4404; x_wconf 79' lang='lat' dir='ltr'>praefati</span> <span class='ocrx_word' id='word_1_390' title='bbox 1186 4336 1310 4402; x_wconf 91' lang='lat' dir='ltr'>loci,</span> <span class='ocrx_word' id='word_1_391' title='bbox 1367 4353 1469 4392; x_wconf 92' lang='lat' dir='ltr'>nec</span> <span class='ocrx_word' id='word_1_392' title='bbox 1504 4352 1609 4391; x_wconf 90' lang='lat' dir='ltr'>non</span> <span class='ocrx_word' id='word_1_393' title='bbox 1637 4348 1692 4391; x_wconf 90' lang='lat' dir='ltr'>et</span> <span class='ocrx_word' id='word_1_394' title='bbox 1740 4338 2027 4407; x_wconf 86' lang='lat' dir='ltr'>imperato-</span> 
     </span>
    </p>
   </div>
   <div class='ocr_carea' id='block_1_63' title="bbox 445 4427 2102 4510">
    <p class='ocr_par' dir='ltr' id='par_1_63' title="bbox 445 4427 2102 4510">
     <span class='ocr_line' id='line_1_63' title="bbox 445 4427 2102 4510; baseline 0.001 -29"><span class='ocrx_word' id='word_1_395' title='bbox 445 4442 565 4481; x_wconf 85' lang='lat' dir='ltr'>rum</span> <span class='ocrx_word' id='word_1_396' title='bbox 593 4427 793 4493; x_wconf 82' lang='lat' dir='ltr'>Caroli,</span> <span class='ocrx_word' id='word_1_397' title='bbox 825 4428 1107 4493; x_wconf 84' lang='lat' dir='ltr'>Ludovici,</span> <span class='ocrx_word' id='word_1_398' title='bbox 1140 4428 1395 4483; x_wconf 88' lang='lat' dir='ltr'>Ottonutn</span> <span class='ocrx_word' id='word_1_399' title='bbox 1425 4432 1611 4495; x_wconf 86' lang='lat' dir='ltr'>trium,</span> <span class='ocrx_word' id='word_1_400' title='bbox 1646 4430 1904 4494; x_wconf 81' lang='lat' dir='ltr'>llcinrici,</span> <span class='ocrx_word' id='word_1_401' title='bbox 1932 4429 2025 4484; x_wconf 88' lang='lat' dir='ltr'>sed</span> <span class='ocrx_word' id='word_1_402' title='bbox 2056 4453 2102 4510; x_wconf 80' lang='grc' dir='ltr'>ο</span> 
     </span>
    </p>
   </div>
   <div class='ocr_carea' id='block_1_64' title="bbox 444 4518 2021 4590">
    <p class='ocr_par' dir='ltr' id='par_1_64' title="bbox 444 4518 2021 4590">
     <span class='ocr_line' id='line_1_64' title="bbox 444 4518 2021 4590; baseline -0.001 -17"><span class='ocrx_word' id='word_1_403' title='bbox 444 4527 499 4573; x_wconf 89' lang='lat' dir='ltr'>et</span> <span class='ocrx_word' id='word_1_404' title='bbox 522 4518 880 4574; x_wconf 77' lang='lat' dir='ltr'>serenissima:</span> <span class='ocrx_word' id='word_1_405' title='bbox 916 4519 1191 4575; x_wconf 72' lang='lat' dir='ltr'>memoria:</span> <span class='ocrx_word' id='word_1_406' title='bbox 1216 4521 1524 4575; x_wconf 83' lang='lat' dir='ltr'>Cbuouradi</span> <span class='ocrx_word' id='word_1_407' title='bbox 1561 4521 1909 4590; x_wconf 87' lang='lat' dir='ltr'>imperatoris</span> <span class='ocrx_word' id='word_1_408' title='bbox 1937 4520 2021 4573; x_wconf 88' lang='lat' dir='ltr'>avi</span> 
     </span>
    </p>
   </div>
   <div class='ocr_carea' id='block_1_65' title="bbox 446 4610 2021 4682">
    <p class='ocr_par' dir='ltr' id='par_1_65' title="bbox 446 4610 2021 4682">
     <span class='ocr_line' id='line_1_65' title="bbox 446 4610 2021 4682; baseline 0.001 -20"><span class='ocrx_word' id='word_1_409' title='bbox 446 4610 638 4675; x_wconf 90' lang='lat' dir='ltr'>nostri,</span> <span class='ocrx_word' id='word_1_410' title='bbox 671 4626 770 4665; x_wconf 90' lang='lat' dir='ltr'>nec</span> <span class='ocrx_word' id='word_1_411' title='bbox 792 4627 895 4665; x_wconf 87' lang='lat' dir='ltr'>n0u</span> <span class='ocrx_word' id='word_1_412' title='bbox 925 4612 1182 4682; x_wconf 86' lang='lat' dir='ltr'>genitoris</span> <span class='ocrx_word' id='word_1_413' title='bbox 1209 4613 1375 4666; x_wconf 91' lang='lat' dir='ltr'>nostri</span> <span class='ocrx_word' id='word_1_414' title='bbox 1411 4612 1510 4680; x_wconf 74' lang='lat' dir='ltr'>pizn</span> <span class='ocrx_word' id='word_1_415' title='bbox 1551 4613 1825 4666; x_wconf 63' lang='lat' dir='ltr'>memoriae</span> <span class='ocrx_word' id='word_1_416' title='bbox 1856 4612 2021 4665; x_wconf 87' lang='lat' dir='ltr'>Hein-</span> 
     </span>
    </p>
   </div>
   <div class='ocr_carea' id='block_1_66' title="bbox 447 4702 2022 4772">
    <p class='ocr_par' dir='ltr' id='par_1_66' title="bbox 447 4702 2022 4772">
     <span class='ocr_line' id='line_1_66' title="bbox 447 4702 2022 4772; baseline 0 -17"><span class='ocrx_word' id='word_1_417' title='bbox 447 4702 545 4755; x_wconf 88' lang='lat' dir='ltr'>rici</span> <span class='ocrx_word' id='word_1_418' title='bbox 584 4702 925 4771; x_wconf 87' lang='lat' dir='ltr'>imperatoris</span> <span class='ocrx_word' id='word_1_419' title='bbox 974 4703 1197 4771; x_wconf 79' lang='lat' dir='ltr'>Augusti</span> <span class='ocrx_word' id='word_1_420' title='bbox 1247 4704 1452 4757; x_wconf 86' lang='lat' dir='ltr'>saucita</span> <span class='ocrx_word' id='word_1_421' title='bbox 1492 4704 1908 4772; x_wconf 88' lang='lat' dir='ltr'>appendentium</span> <span class='ocrx_word' id='word_1_422' title='bbox 1940 4702 2022 4756; x_wconf 90' lang='lat' dir='ltr'>vel</span> 
     </span>
    </p>
   </div>
   <div class='ocr_carea' id='block_1_67' title="bbox 447 4793 2022 4863">
    <p class='ocr_par' dir='ltr' id='par_1_67' title="bbox 447 4793 2022 4863">
     <span class='ocr_line' id='line_1_67' title="bbox 447 4793 2022 4863; baseline 0 -17"><span class='ocrx_word' id='word_1_423' title='bbox 447 4793 766 4848; x_wconf 85' lang='lat' dir='ltr'>traditarum</span> <span class='ocrx_word' id='word_1_424' title='bbox 810 4809 985 4848; x_wconf 89' lang='lat' dir='ltr'>rerum</span> <span class='ocrx_word' id='word_1_425' title='bbox 1045 4795 1119 4847; x_wconf 91' lang='lat' dir='ltr'>illi</span> <span class='ocrx_word' id='word_1_426' title='bbox 1162 4796 1429 4860; x_wconf 69' lang='lat' dir='ltr'>ecclesiae,</span> <span class='ocrx_word' id='word_1_427' title='bbox 1476 4810 1505 4847; x_wconf 90' lang='lat' dir='ltr'>a</span> <span class='ocrx_word' id='word_1_428' title='bbox 1559 4805 1799 4863; x_wconf 85' lang='lat' dir='ltr'>tempore</span> <span class='ocrx_word' id='word_1_429' title='bbox 1852 4795 2022 4848; x_wconf 89' lang='lat' dir='ltr'>sancti</span> 
     </span>
    </p>
   </div>
   <div class='ocr_carea' id='block_1_68' title="bbox 445 4881 2022 4953">
    <p class='ocr_par' dir='ltr' id='par_1_68' title="bbox 445 4881 2022 4953">
     <span class='ocr_line' id='line_1_68' title="bbox 445 4881 2022 4953; baseline 0.001 -19"><span class='ocrx_word' id='word_1_430' title='bbox 445 4881 685 4953; x_wconf 67' lang='lat' dir='ltr'>[ientain</span> <span class='ocrx_word' id='word_1_431' title='bbox 735 4896 829 4949; x_wconf 85' lang='lat' dir='ltr'>per</span> <span class='ocrx_word' id='word_1_432' title='bbox 880 4883 1223 4939; x_wconf 90' lang='lat' dir='ltr'>succcdentia</span> <span class='ocrx_word' id='word_1_433' title='bbox 1270 4892 1528 4952; x_wconf 85' lang='lat' dir='ltr'>tempora,</span> <span class='ocrx_word' id='word_1_434' title='bbox 1589 4891 1762 4936; x_wconf 84' lang='lat' dir='ltr'>ratam</span> <span class='ocrx_word' id='word_1_435' title='bbox 1821 4898 2022 4951; x_wconf 71' lang='lat' dir='ltr'>praece-</span> 
     </span>
    </p>
   </div>
   <div class='ocr_carea' id='block_1_69' title="bbox 443 4974 2027 5046">
    <p class='ocr_par' dir='ltr' id='par_1_69' title="bbox 443 4974 2027 5046">
     <span class='ocr_line' id='line_1_69' title="bbox 443 4974 2027 5046; baseline 0.003 -20"><span class='ocrx_word' id='word_1_436' title='bbox 443 4974 683 5043; x_wconf 89' lang='lat' dir='ltr'>ptionem</span> <span class='ocrx_word' id='word_1_437' title='bbox 723 4974 1059 5031; x_wconf 89' lang='lat' dir='ltr'>ﬁrmavimus</span> <span class='ocrx_word' id='word_1_438' title='bbox 1109 4976 1272 5046; x_wconf 78' lang='lat' dir='ltr'>regali</span> <span class='ocrx_word' id='word_1_439' title='bbox 1313 4976 1634 5030; x_wconf 89' lang='lat' dir='ltr'>auctoritate</span> <span class='ocrx_word' id='word_1_440' title='bbox 1680 4988 1883 5030; x_wconf 71' lang='lat' dir='ltr'>nosua.</span> <span class='ocrx_word' id='word_1_441' title='bbox 1928 4976 2027 5030; x_wconf 81' lang='lat' dir='ltr'>Est</span> 
     </span>
    </p>
   </div>
   <div class='ocr_carea' id='block_1_70' title="bbox 446 5065 2025 5138">
    <p class='ocr_par' dir='ltr' id='par_1_70' title="bbox 446 5065 2025 5138">
     <span class='ocr_line' id='line_1_70' title="bbox 446 5065 2025 5138; baseline 0.002 -21"><span class='ocrx_word' id='word_1_442' title='bbox 446 5065 609 5135; x_wconf 88' lang='lat' dir='ltr'>igitur</span> <span class='ocrx_word' id='word_1_443' title='bbox 638 5074 819 5121; x_wconf 88' lang='lat' dir='ltr'>nostra</span> <span class='ocrx_word' id='word_1_444' title='bbox 843 5067 1151 5138; x_wconf 89' lang='lat' dir='ltr'>dignatione</span> <span class='ocrx_word' id='word_1_445' title='bbox 1184 5067 1450 5121; x_wconf 89' lang='lat' dir='ltr'>sancitum</span> <span class='ocrx_word' id='word_1_446' title='bbox 1496 5078 1571 5133; x_wconf 88' lang='lat' dir='ltr'>ut,</span> <span class='ocrx_word' id='word_1_447' title='bbox 1606 5065 1864 5136; x_wconf 90' lang='lat' dir='ltr'>quidquid</span> <span class='ocrx_word' id='word_1_448' title='bbox 1891 5082 2025 5137; x_wconf 80' lang='lat' dir='ltr'>prae-</span> 
     </span>
    </p>
   </div>
   <div class='ocr_carea' id='block_1_71' title="bbox 443 5158 2019 5229">
    <p class='ocr_par' dir='ltr' id='par_1_71' title="bbox 443 5158 2019 5229">
     <span class='ocr_line' id='line_1_71' title="bbox 443 5158 2019 5229; baseline 0.002 -20"><span class='ocrx_word' id='word_1_449' title='bbox 443 5158 787 5213; x_wconf 87' lang='lat' dir='ltr'>decessorum</span> <span class='ocrx_word' id='word_1_450' title='bbox 819 5174 1039 5214; x_wconf 90' lang='lat' dir='ltr'>suorum</span> <span class='ocrx_word' id='word_1_451' title='bbox 1072 5159 1404 5229; x_wconf 88' lang='lat' dir='ltr'>temporibus</span> <span class='ocrx_word' id='word_1_452' title='bbox 1450 5158 1522 5211; x_wconf 92' lang='lat' dir='ltr'>illi</span> <span class='ocrx_word' id='word_1_453' title='bbox 1555 5158 1672 5213; x_wconf 91' lang='lat' dir='ltr'>loco</span> <span class='ocrx_word' id='word_1_454' title='bbox 1702 5158 1800 5212; x_wconf 84' lang='lat' dir='ltr'>fuit</span> <span class='ocrx_word' id='word_1_455' title='bbox 1854 5159 2019 5212; x_wconf 89' lang='lat' dir='ltr'>tradi-</span> 
     </span>
    </p>
   </div>
   <div class='ocr_carea' id='block_1_72' title="bbox 445 5247 2024 5320">
    <p class='ocr_par' dir='ltr' id='par_1_72' title="bbox 445 5247 2024 5320">
     <span class='ocr_line' id='line_1_72' title="bbox 445 5247 2024 5320; baseline 0.003 -22"><span class='ocrx_word' id='word_1_456' title='bbox 445 5254 555 5299; x_wconf 90' lang='lat' dir='ltr'>tum</span> <span class='ocrx_word' id='word_1_457' title='bbox 582 5257 676 5303; x_wconf 87' lang='lat' dir='ltr'>aut</span> <span class='ocrx_word' id='word_1_458' title='bbox 725 5248 1111 5311; x_wconf 88' lang='lat' dir='ltr'>condonatum,</span> <span class='ocrx_word' id='word_1_459' title='bbox 1164 5264 1258 5304; x_wconf 93' lang='lat' dir='ltr'>seu</span> <span class='ocrx_word' id='word_1_460' title='bbox 1301 5249 1442 5320; x_wconf 91' lang='lat' dir='ltr'>quod</span> <span class='ocrx_word' id='word_1_461' title='bbox 1493 5247 1880 5317; x_wconf 62' lang='lat' dir='ltr'>praedecessori</span> <span class='ocrx_word' id='word_1_462' title='bbox 1926 5264 2024 5303; x_wconf 90' lang='lat' dir='ltr'>suo</span> 
     </span>
    </p>
   </div>
   <div class='ocr_carea' id='block_1_73' title="bbox 442 5337 2024 5411">
    <p class='ocr_par' dir='ltr' id='par_1_73' title="bbox 442 5337 2024 5411">
     <span class='ocr_line' id='line_1_73' title="bbox 442 5337 2024 5411; baseline 0.003 -20"><span class='ocrx_word' id='word_1_463' title='bbox 442 5337 643 5404; x_wconf 82' lang='lat' dir='ltr'>abbati,</span> <span class='ocrx_word' id='word_1_464' title='bbox 690 5340 935 5396; x_wconf 82' lang='lat' dir='ltr'>videlicet</span> <span class='ocrx_word' id='word_1_465' title='bbox 986 5342 1239 5411; x_wconf 74' lang='lat' dir='ltr'>l‘0pponi,</span> <span class='ocrx_word' id='word_1_466' title='bbox 1285 5344 1582 5411; x_wconf 86' lang='lat' dir='ltr'>imperator</span> <span class='ocrx_word' id='word_1_467' title='bbox 1634 5340 1916 5394; x_wconf 89' lang='lat' dir='ltr'>llcinricus</span> <span class='ocrx_word' id='word_1_468' title='bbox 1956 5342 2024 5395; x_wconf 93' lang='lat' dir='ltr'>ob</span> 
     </span>
    </p>
   </div>
   <div class='ocr_carea' id='block_1_74' title="bbox 443 5432 2020 5489">
    <p class='ocr_par' dir='ltr' id='par_1_74' title="bbox 443 5432 2020 5489">
     <span class='ocr_line' id='line_1_74' title="bbox 443 5432 2020 5489; baseline 0 -4"><span class='ocrx_word' id='word_1_469' title='bbox 443 5446 555 5485; x_wconf 82' lang='lat' dir='ltr'>smn</span> <span class='ocrx_word' id='word_1_470' title='bbox 594 5432 787 5487; x_wconf 74' lang='lat' dir='ltr'>anima:</span> <span class='ocrx_word' id='word_1_471' title='bbox 835 5436 1135 5488; x_wconf 87' lang='lat' dir='ltr'>mercedem</span> <span class='ocrx_word' id='word_1_472' title='bbox 1168 5436 1232 5489; x_wconf 91' lang='lat' dir='ltr'>de</span> <span class='ocrx_word' id='word_1_473' title='bbox 1272 5434 1545 5489; x_wconf 86' lang='lat' dir='ltr'>llasbanio</span> <span class='ocrx_word' id='word_1_474' title='bbox 1591 5434 1824 5488; x_wconf 89' lang='lat' dir='ltr'>reddidit</span> <span class='ocrx_word' id='word_1_475' title='bbox 1852 5434 2020 5489; x_wconf 86' lang='lat' dir='ltr'>bene-</span> 
     </span>
    </p>
   </div>
   <div class='ocr_carea' id='block_1_75' title="bbox 442 5525 2018 5598">
    <p class='ocr_par' dir='ltr' id='par_1_75' title="bbox 442 5525 2018 5598">
     <span class='ocr_line' id='line_1_75' title="bbox 442 5525 2018 5598; baseline 0.003 -20"><span class='ocrx_word' id='word_1_476' title='bbox 442 5525 648 5590; x_wconf 89' lang='lat' dir='ltr'>ﬁcium,</span> <span class='ocrx_word' id='word_1_477' title='bbox 681 5526 792 5580; x_wconf 86' lang='lat' dir='ltr'>sive</span> <span class='ocrx_word' id='word_1_478' title='bbox 822 5528 963 5597; x_wconf 90' lang='lat' dir='ltr'>quod</span> <span class='ocrx_word' id='word_1_479' title='bbox 991 5543 1022 5581; x_wconf 92' lang='lat' dir='ltr'>a</span> <span class='ocrx_word' id='word_1_480' title='bbox 1052 5527 1186 5580; x_wconf 76' lang='lat' dir='ltr'>divae</span> <span class='ocrx_word' id='word_1_481' title='bbox 1227 5528 1499 5583; x_wconf 76' lang='lat' dir='ltr'>memoria:</span> <span class='ocrx_word' id='word_1_482' title='bbox 1541 5544 1641 5582; x_wconf 88' lang='lat' dir='ltr'>avo</span> <span class='ocrx_word' id='word_1_483' title='bbox 1685 5538 1871 5584; x_wconf 90' lang='lat' dir='ltr'>nostro</span> <span class='ocrx_word' id='word_1_484' title='bbox 1916 5528 2018 5598; x_wconf 86' lang='lat' dir='ltr'>ipsi</span> 
     </span>
    </p>
   </div>
   <div class='ocr_carea' id='block_1_76' title="bbox 440 5617 2021 5685">
    <p class='ocr_par' dir='ltr' id='par_1_76' title="bbox 440 5617 2021 5685">
     <span class='ocr_line' id='line_1_76' title="bbox 440 5617 2021 5685; baseline 0.003 -15"><span class='ocrx_word' id='word_1_485' title='bbox 440 5617 541 5671; x_wconf 86' lang='lat' dir='ltr'>fuit</span> <span class='ocrx_word' id='word_1_486' title='bbox 600 5618 908 5672; x_wconf 90' lang='lat' dir='ltr'>restitutum</span> <span class='ocrx_word' id='word_1_487' title='bbox 962 5636 990 5671; x_wconf 86' lang='lat' dir='ltr'>a</span> <span class='ocrx_word' id='word_1_488' title='bbox 1027 5619 1223 5673; x_wconf 85' lang='lat' dir='ltr'>comite</span> <span class='ocrx_word' id='word_1_489' title='bbox 1276 5620 1641 5685; x_wconf 87' lang='lat' dir='ltr'>llerimanno,</span> <span class='ocrx_word' id='word_1_490' title='bbox 1691 5635 1754 5673; x_wconf 80' lang='lat' dir='ltr'>ex</span> <span class='ocrx_word' id='word_1_491' title='bbox 1808 5620 2021 5674; x_wconf 78' lang='lat' dir='ltr'>luerede</span> 
     </span>
    </p>
   </div>
   <div class='ocr_carea' id='block_1_77' title="bbox 439 5708 2021 5779">
    <p class='ocr_par' dir='ltr' id='par_1_77' title="bbox 439 5708 2021 5779">
     <span class='ocr_line' id='line_1_77' title="bbox 439 5708 2021 5779; baseline 0.003 -18"><span class='ocrx_word' id='word_1_492' title='bbox 439 5718 675 5772; x_wconf 83' lang='lat' dir='ltr'>mortuo,</span> <span class='ocrx_word' id='word_1_493' title='bbox 714 5724 807 5777; x_wconf 82' lang='lat' dir='ltr'>per</span> <span class='ocrx_word' id='word_1_494' title='bbox 860 5708 1129 5776; x_wconf 84' lang='lat' dir='ltr'>aliquanta</span> <span class='ocrx_word' id='word_1_495' title='bbox 1168 5718 1405 5779; x_wconf 78' lang='lat' dir='ltr'>tempora</span> <span class='ocrx_word' id='word_1_496' title='bbox 1456 5710 1649 5779; x_wconf 88' lang='lat' dir='ltr'>injuste</span> <span class='ocrx_word' id='word_1_497' title='bbox 1706 5712 2021 5777; x_wconf 83' lang='lat' dir='ltr'>detentum,</span> 
     </span>
    </p>
   </div>
   <div class='ocr_carea' id='block_1_78' title="bbox 2144 1861 3727 1932">
    <p class='ocr_par' dir='ltr' id='par_1_78' title="bbox 2144 1861 3727 1932">
     <span class='ocr_line' id='line_1_78' title="bbox 2144 1861 3727 1932; baseline 0.002 -18"><span class='ocrx_word' id='word_1_498' title='bbox 2144 1874 2271 1929; x_wconf 85' lang='lat' dir='ltr'>gere</span> <span class='ocrx_word' id='word_1_499' title='bbox 2320 1861 2648 1930; x_wconf 91' lang='lat' dir='ltr'>vigoramus,</span> <span class='ocrx_word' id='word_1_500' title='bbox 2699 1870 2747 1915; x_wconf 92' lang='lat' dir='ltr'>et</span> <span class='ocrx_word' id='word_1_501' title='bbox 2800 1862 3061 1931; x_wconf 90' lang='lat' dir='ltr'>quidquid</span> <span class='ocrx_word' id='word_1_502' title='bbox 3124 1877 3269 1916; x_wconf 89' lang='lat' dir='ltr'>sane</span> <span class='ocrx_word' id='word_1_503' title='bbox 3316 1864 3617 1932; x_wconf 72' lang='lat' dir='ltr'>acquisivit</span> <span class='ocrx_word' id='word_1_504' title='bbox 3656 1879 3727 1917; x_wconf 72' lang='lat' dir='ltr'>snt</span> 
     </span>
    </p>
   </div>
   <div class='ocr_carea' id='block_1_79' title="bbox 2144 1952 3725 2022">
    <p class='ocr_par' dir='ltr' id='par_1_79' title="bbox 2144 1952 3725 2022">
     <span class='ocr_line' id='line_1_79' title="bbox 2144 1952 3725 2022; baseline 0.003 -17"><span class='ocrx_word' id='word_1_505' title='bbox 2144 1952 2461 2020; x_wconf 84' lang='lat' dir='ltr'>acquisitum</span> <span class='ocrx_word' id='word_1_506' title='bbox 2509 1953 2708 2022; x_wconf 91' lang='lat' dir='ltr'>reperit</span> <span class='ocrx_word' id='word_1_507' title='bbox 2758 1953 2810 2007; x_wconf 90' lang='lat' dir='ltr'>in</span> <span class='ocrx_word' id='word_1_508' title='bbox 2870 1953 3207 2022; x_wconf 90' lang='lat' dir='ltr'>quibuslibet</span> <span class='ocrx_word' id='word_1_509' title='bbox 3270 1956 3451 2012; x_wconf 86' lang='lat' dir='ltr'>rebus</span> <span class='ocrx_word' id='word_1_510' title='bbox 3491 1956 3725 2019; x_wconf 60' lang='lat' dir='ltr'>eccicsir.</span> 
     </span>
    </p>
   </div>
   <div class='ocr_carea' id='block_1_80' title="bbox 2141 2044 3725 2116">
    <p class='ocr_par' dir='ltr' id='par_1_80' title="bbox 2141 2044 3725 2116">
     <span class='ocr_line' id='line_1_80' title="bbox 2141 2044 3725 2116; baseline 0.003 -19"><span class='ocrx_word' id='word_1_511' title='bbox 2141 2044 2428 2098; x_wconf 87' lang='lat' dir='ltr'>roboratur</span> <span class='ocrx_word' id='word_1_512' title='bbox 2454 2055 2652 2100; x_wconf 62' lang='lat' dir='ltr'>nostrae</span> <span class='ocrx_word' id='word_1_513' title='bbox 2680 2045 3022 2101; x_wconf 90' lang='lat' dir='ltr'>auctoritatis</span> <span class='ocrx_word' id='word_1_514' title='bbox 3051 2056 3169 2099; x_wconf 90' lang='lat' dir='ltr'>rata</span> <span class='ocrx_word' id='word_1_515' title='bbox 3202 2046 3619 2116; x_wconf 66' lang='lat' dir='ltr'>praeceptione,</span> <span class='ocrx_word' id='word_1_516' title='bbox 3652 2048 3725 2101; x_wconf 74' lang='lat' dir='ltr'>ha-</span> 
     </span>
    </p>
   </div>
   <div class='ocr_carea' id='block_1_81' title="bbox 2140 2135 3726 2192">
    <p class='ocr_par' dir='ltr' id='par_1_81' title="bbox 2140 2135 3726 2192">
     <span class='ocr_line' id='line_1_81' title="bbox 2140 2135 3726 2192; baseline 0.001 -3"><span class='ocrx_word' id='word_1_517' title='bbox 2140 2135 2273 2189; x_wconf 90' lang='lat' dir='ltr'>bens</span> <span class='ocrx_word' id='word_1_518' title='bbox 2295 2135 2687 2191; x_wconf 88' lang='lat' dir='ltr'>immunitatem</span> <span class='ocrx_word' id='word_1_519' title='bbox 2706 2138 2773 2191; x_wconf 90' lang='lat' dir='ltr'>ab</span> <span class='ocrx_word' id='word_1_520' title='bbox 2790 2138 2936 2191; x_wconf 91' lang='lat' dir='ltr'>omni</span> <span class='ocrx_word' id='word_1_521' title='bbox 2958 2138 3358 2191; x_wconf 86' lang='lat' dir='ltr'>advocatorum</span> <span class='ocrx_word' id='word_1_522' title='bbox 3378 2137 3726 2192; x_wconf 73' lang='lat' dir='ltr'>infestatiooe.</span> 
     </span>
    </p>
   </div>
   <div class='ocr_carea' id='block_1_82' title="bbox 2139 2224 3728 2295">
    <p class='ocr_par' dir='ltr' id='par_1_82' title="bbox 2139 2224 3728 2295">
     <span class='ocr_line' id='line_1_82' title="bbox 2139 2224 3728 2295; baseline 0.002 -17"><span class='ocrx_word' id='word_1_523' title='bbox 2139 2224 2205 2278; x_wconf 90' lang='lat' dir='ltr'>Et</span> <span class='ocrx_word' id='word_1_524' title='bbox 2237 2226 2489 2295; x_wconf 89' lang='lat' dir='ltr'>quoniam</span> <span class='ocrx_word' id='word_1_525' title='bbox 2535 2227 2814 2281; x_wconf 91' lang='lat' dir='ltr'>monachis</span> <span class='ocrx_word' id='word_1_526' title='bbox 2844 2226 3068 2282; x_wconf 88' lang='lat' dir='ltr'>alterius</span> <span class='ocrx_word' id='word_1_527' title='bbox 3112 2228 3394 2293; x_wconf 72' lang='lat' dir='ltr'>caenobii,</span> <span class='ocrx_word' id='word_1_528' title='bbox 3428 2228 3585 2283; x_wconf 81' lang='lat' dir='ltr'>idest</span> <span class='ocrx_word' id='word_1_529' title='bbox 3626 2228 3728 2281; x_wconf 69' lang='lat' dir='ltr'>Xal-</span> 
     </span>
    </p>
   </div>
   <div class='ocr_carea' id='block_1_83' title="bbox 2140 2318 3727 2390">
    <p class='ocr_par' dir='ltr' id='par_1_83' title="bbox 2140 2318 3727 2390">
     <span class='ocr_line' id='line_1_83' title="bbox 2140 2318 3727 2390; baseline 0.003 -20"><span class='ocrx_word' id='word_1_530' title='bbox 2140 2318 2427 2384; x_wconf 92' lang='lat' dir='ltr'>mundarii,</span> <span class='ocrx_word' id='word_1_531' title='bbox 2468 2319 2672 2374; x_wconf 88' lang='lat' dir='ltr'>sancita</span> <span class='ocrx_word' id='word_1_532' title='bbox 2710 2319 3053 2387; x_wconf 90' lang='lat' dir='ltr'>antiquorum</span> <span class='ocrx_word' id='word_1_533' title='bbox 3092 2335 3297 2390; x_wconf 88' lang='lat' dir='ltr'>regum</span> <span class='ocrx_word' id='word_1_534' title='bbox 3328 2320 3420 2375; x_wconf 85' lang='lat' dir='ltr'>vel</span> <span class='ocrx_word' id='word_1_535' title='bbox 3468 2321 3727 2390; x_wconf 75' lang='lat' dir='ltr'>imperato-</span> 
     </span>
    </p>
   </div>
   <div class='ocr_carea' id='block_1_84' title="bbox 2141 2408 3725 2477">
    <p class='ocr_par' dir='ltr' id='par_1_84' title="bbox 2141 2408 3725 2477">
     <span class='ocr_line' id='line_1_84' title="bbox 2141 2408 3725 2477; baseline 0.002 -17"><span class='ocrx_word' id='word_1_536' title='bbox 2141 2423 2258 2461; x_wconf 92' lang='lat' dir='ltr'>rum</span> <span class='ocrx_word' id='word_1_537' title='bbox 2282 2422 2387 2462; x_wconf 92' lang='lat' dir='ltr'>non</span> <span class='ocrx_word' id='word_1_538' title='bbox 2412 2408 2829 2477; x_wconf 86' lang='lat' dir='ltr'>sull&#39;ccerunt,et</span> <span class='ocrx_word' id='word_1_539' title='bbox 2853 2410 2953 2464; x_wconf 91' lang='lat' dir='ltr'>sub</span> <span class='ocrx_word' id='word_1_540' title='bbox 2979 2409 3193 2464; x_wconf 89' lang='lat' dir='ltr'>duobus</span> <span class='ocrx_word' id='word_1_541' title='bbox 3216 2410 3529 2464; x_wconf 86' lang='lat' dir='ltr'>abbatibus</span> <span class='ocrx_word' id='word_1_542' title='bbox 3548 2410 3725 2465; x_wconf 83' lang='lat' dir='ltr'>rescin-</span> 
     </span>
    </p>
   </div>
   <div class='ocr_carea' id='block_1_85' title="bbox 2142 2496 3719 2568">
    <p class='ocr_par' dir='ltr' id='par_1_85' title="bbox 2142 2496 3719 2568">
     <span class='ocr_line' id='line_1_85' title="bbox 2142 2496 3719 2568; baseline 0.004 -19"><span class='ocrx_word' id='word_1_543' title='bbox 2142 2496 2272 2551; x_wconf 89' lang='lat' dir='ltr'>dere</span> <span class='ocrx_word' id='word_1_544' title='bbox 2296 2496 2483 2552; x_wconf 87' lang='lat' dir='ltr'>eadem</span> <span class='ocrx_word' id='word_1_545' title='bbox 2538 2500 2866 2554; x_wconf 86' lang='lat' dir='ltr'>monasteria</span> <span class='ocrx_word' id='word_1_546' title='bbox 2914 2498 3344 2564; x_wconf 86' lang='lat' dir='ltr'>laboraverunt,</span> <span class='ocrx_word' id='word_1_547' title='bbox 3387 2502 3528 2568; x_wconf 82' lang='lat' dir='ltr'>quod</span> <span class='ocrx_word' id='word_1_548' title='bbox 3548 2517 3573 2553; x_wconf 69' lang='grc' dir='ltr'>ι</span> <span class='ocrx_word' id='word_1_549' title='bbox 3595 2511 3719 2555; x_wconf 78' lang='lat' dir='ltr'>tem-</span> 
     </span>
    </p>
   </div>
   <div class='ocr_carea' id='block_1_86' title="bbox 2138 2588 3717 2660">
    <p class='ocr_par' dir='ltr' id='par_1_86' title="bbox 2138 2588 3717 2660">
     <span class='ocr_line' id='line_1_86' title="bbox 2138 2588 3717 2660; baseline 0.004 -19"><span class='ocrx_word' id='word_1_550' title='bbox 2138 2588 2357 2657; x_wconf 90' lang='lat' dir='ltr'>poribus</span> <span class='ocrx_word' id='word_1_551' title='bbox 2382 2589 2555 2644; x_wconf 90' lang='lat' dir='ltr'>sancti</span> <span class='ocrx_word' id='word_1_552' title='bbox 2603 2589 2846 2660; x_wconf 80' lang='lat' dir='ltr'>Remain</span> <span class='ocrx_word' id='word_1_553' title='bbox 2895 2590 3070 2645; x_wconf 89' lang='lat' dir='ltr'>adhuc</span> <span class='ocrx_word' id='word_1_554' title='bbox 3100 2602 3300 2646; x_wconf 89' lang='lat' dir='ltr'>manet</span> <span class='ocrx_word' id='word_1_555' title='bbox 3337 2592 3717 2657; x_wconf 75' lang='lat' dir='ltr'>inconrnlsmn,</span> 
     </span>
    </p>
   </div>
   <div class='ocr_carea' id='block_1_87' title="bbox 2138 2681 3727 2752">
    <p class='ocr_par' dir='ltr' id='par_1_87' title="bbox 2138 2681 3727 2752">
     <span class='ocr_line' id='line_1_87' title="bbox 2138 2681 3727 2752; baseline 0.002 -20"><span class='ocrx_word' id='word_1_556' title='bbox 2138 2690 2356 2749; x_wconf 89' lang='lat' dir='ltr'>propter</span> <span class='ocrx_word' id='word_1_557' title='bbox 2384 2681 2520 2746; x_wconf 78' lang='lat' dir='ltr'>hzec,</span> <span class='ocrx_word' id='word_1_558' title='bbox 2548 2681 2785 2751; x_wconf 87' lang='lat' dir='ltr'>inquam,</span> <span class='ocrx_word' id='word_1_559' title='bbox 2817 2690 2877 2736; x_wconf 90' lang='lat' dir='ltr'>ut</span> <span class='ocrx_word' id='word_1_560' title='bbox 2910 2696 2975 2736; x_wconf 93' lang='lat' dir='ltr'>ne</span> <span class='ocrx_word' id='word_1_561' title='bbox 3002 2698 3109 2752; x_wconf 90' lang='lat' dir='ltr'>qua</span> <span class='ocrx_word' id='word_1_562' title='bbox 3146 2682 3428 2752; x_wconf 88' lang='lat' dir='ltr'>deinceps</span> <span class='ocrx_word' id='word_1_563' title='bbox 3476 2684 3610 2737; x_wconf 80' lang='lat' dir='ltr'>inter</span> <span class='ocrx_word' id='word_1_564' title='bbox 3650 2696 3727 2736; x_wconf 74' lang='lat' dir='ltr'>eos</span> 
     </span>
    </p>
   </div>
   <div class='ocr_carea' id='block_1_88' title="bbox 2138 2769 3727 2842">
    <p class='ocr_par' dir='ltr' id='par_1_88' title="bbox 2138 2769 3727 2842">
     <span class='ocr_line' id='line_1_88' title="bbox 2138 2769 3727 2842; baseline -0.001 -17"><span class='ocrx_word' id='word_1_565' title='bbox 2138 2771 2506 2825; x_wconf 86' lang='lat' dir='ltr'>controversia</span> <span class='ocrx_word' id='word_1_566' title='bbox 2558 2769 2671 2836; x_wconf 91' lang='lat' dir='ltr'>ﬁat,</span> <span class='ocrx_word' id='word_1_567' title='bbox 2702 2770 2843 2837; x_wconf 90' lang='lat' dir='ltr'>quod</span> <span class='ocrx_word' id='word_1_568' title='bbox 2883 2773 3133 2827; x_wconf 90' lang='lat' dir='ltr'>evenisse</span> <span class='ocrx_word' id='word_1_569' title='bbox 3185 2774 3544 2842; x_wconf 83' lang='lat' dir='ltr'>temporibus</span> <span class='ocrx_word' id='word_1_570' title='bbox 3569 2773 3727 2827; x_wconf 75' lang='lat' dir='ltr'>domui</span> 
     </span>
    </p>
   </div>
   <div class='ocr_carea' id='block_1_89' title="bbox 2139 2859 3722 2929">
    <p class='ocr_par' dir='ltr' id='par_1_89' title="bbox 2139 2859 3722 2929">
     <span class='ocr_line' id='line_1_89' title="bbox 2139 2859 3722 2929; baseline 0.001 -14"><span class='ocrx_word' id='word_1_571' title='bbox 2139 2861 2155 2915; x_wconf 92' lang='lat' dir='ltr'>i</span> <span class='ocrx_word' id='word_1_572' title='bbox 2183 2860 2482 2929; x_wconf 63' lang='lat' dir='ltr'>“peratoris</span> <span class='ocrx_word' id='word_1_573' title='bbox 2513 2859 2723 2916; x_wconf 89' lang='lat' dir='ltr'>Ottonis</span> <span class='ocrx_word' id='word_1_574' title='bbox 2771 2861 2990 2915; x_wconf 89' lang='lat' dir='ltr'>secundi</span> <span class='ocrx_word' id='word_1_575' title='bbox 3021 2870 3273 2926; x_wconf 90' lang='lat' dir='ltr'>constat,</span> <span class='ocrx_word' id='word_1_576' title='bbox 3308 2863 3625 2920; x_wconf 79' lang='lat' dir='ltr'>statuimus,</span> <span class='ocrx_word' id='word_1_577' title='bbox 3652 2878 3722 2917; x_wconf 79' lang='lat' dir='ltr'>se-</span> 
     </span>
    </p>
   </div>
   <div class='ocr_carea' id='block_1_90' title="bbox 2139 2952 3725 3019">
    <p class='ocr_par' dir='ltr' id='par_1_90' title="bbox 2139 2952 3725 3019">
     <span class='ocr_line' id='line_1_90' title="bbox 2139 2952 3725 3019; baseline -0.001 -13"><span class='ocrx_word' id='word_1_578' title='bbox 2139 2952 2371 3007; x_wconf 86' lang='lat' dir='ltr'>cundum</span> <span class='ocrx_word' id='word_1_579' title='bbox 2404 2952 2635 3007; x_wconf 90' lang='lat' dir='ltr'>edictum</span> <span class='ocrx_word' id='word_1_580' title='bbox 2676 2964 2942 3019; x_wconf 90' lang='lat' dir='ltr'>nostrum,</span> <span class='ocrx_word' id='word_1_581' title='bbox 2981 2961 3038 3006; x_wconf 91' lang='lat' dir='ltr'>ut</span> <span class='ocrx_word' id='word_1_582' title='bbox 3066 2953 3170 3007; x_wconf 89' lang='lat' dir='ltr'>sub</span> <span class='ocrx_word' id='word_1_583' title='bbox 3215 2953 3391 3008; x_wconf 89' lang='lat' dir='ltr'>unius</span> <span class='ocrx_word' id='word_1_584' title='bbox 3420 2953 3629 3007; x_wconf 78' lang='lat' dir='ltr'>abbatis</span> <span class='ocrx_word' id='word_1_585' title='bbox 3652 2970 3725 3006; x_wconf 81' lang='lat' dir='ltr'>re-</span> 
     </span>
    </p>
   </div>
   <div class='ocr_carea' id='block_1_91' title="bbox 2138 3045 3729 3117">
    <p class='ocr_par' dir='ltr' id='par_1_91' title="bbox 2138 3045 3729 3117">
     <span class='ocr_line' id='line_1_91' title="bbox 2138 3045 3729 3117; baseline 0.002 -20"><span class='ocrx_word' id='word_1_586' title='bbox 2138 3045 2359 3114; x_wconf 85' lang='lat' dir='ltr'>gimine,</span> <span class='ocrx_word' id='word_1_587' title='bbox 2400 3045 2541 3099; x_wconf 91' lang='lat' dir='ltr'>sicut</span> <span class='ocrx_word' id='word_1_588' title='bbox 2587 3046 2789 3115; x_wconf 87' lang='lat' dir='ltr'>jugiter</span> <span class='ocrx_word' id='word_1_589' title='bbox 2817 3047 3139 3115; x_wconf 88' lang='lat' dir='ltr'>permansit,</span> <span class='ocrx_word' id='word_1_590' title='bbox 3175 3056 3493 3117; x_wconf 86' lang='lat' dir='ltr'>utrumque</span> <span class='ocrx_word' id='word_1_591' title='bbox 3523 3050 3595 3103; x_wconf 86' lang='lat' dir='ltr'>sit</span> <span class='ocrx_word' id='word_1_592' title='bbox 3620 3049 3729 3104; x_wconf 77' lang='lat' dir='ltr'>sub-</span> 
     </span>
    </p>
   </div>
   <div class='ocr_carea' id='block_1_92' title="bbox 2060 3113 3730 3204">
    <p class='ocr_par' dir='ltr' id='par_1_92' title="bbox 2060 3113 3730 3204">
     <span class='ocr_line' id='line_1_92' title="bbox 2060 3113 3730 3204; baseline 0.005 -14"><span class='ocrx_word' id='word_1_593' title='bbox 2060 3113 2103 3173; x_wconf 77' lang='lat' dir='ltr'><strong><em>C</em></strong></span> <span class='ocrx_word' id='word_1_594' title='bbox 2131 3134 2329 3204; x_wconf 90' lang='lat' dir='ltr'>jectum</span> <span class='ocrx_word' id='word_1_595' title='bbox 2392 3137 2721 3195; x_wconf 73' lang='lat' dir='ltr'>creuobium.</span> <span class='ocrx_word' id='word_1_596' title='bbox 2767 3137 2829 3191; x_wconf 88' lang='lat' dir='ltr'>Et</span> <span class='ocrx_word' id='word_1_597' title='bbox 2860 3147 2915 3191; x_wconf 91' lang='lat' dir='ltr'>ut</span> <span class='ocrx_word' id='word_1_598' title='bbox 2955 3138 3069 3191; x_wconf 80' lang='lat' dir='ltr'>haec</span> <span class='ocrx_word' id='word_1_599' title='bbox 3123 3148 3334 3193; x_wconf 71' lang='lat' dir='ltr'>nostra:</span> <span class='ocrx_word' id='word_1_600' title='bbox 3381 3144 3730 3198; x_wconf 70' lang='lat' dir='ltr'>concessionis</span> 
     </span>
    </p>
   </div>
   <div class='ocr_carea' id='block_1_93' title="bbox 2137 3225 3727 3298">
    <p class='ocr_par' dir='ltr' id='par_1_93' title="bbox 2137 3225 3727 3298">
     <span class='ocr_line' id='line_1_93' title="bbox 2137 3225 3727 3298; baseline 0.004 -19"><span class='ocrx_word' id='word_1_601' title='bbox 2137 3242 2201 3279; x_wconf 89' lang='lat' dir='ltr'>ac</span> <span class='ocrx_word' id='word_1_602' title='bbox 2243 3225 2669 3282; x_wconf 88' lang='lat' dir='ltr'>conﬁrmationis</span> <span class='ocrx_word' id='word_1_603' title='bbox 2713 3229 2779 3281; x_wconf 90' lang='lat' dir='ltr'>de</span> <span class='ocrx_word' id='word_1_604' title='bbox 2804 3226 3056 3281; x_wconf 91' lang='lat' dir='ltr'>omnibus</span> <span class='ocrx_word' id='word_1_605' title='bbox 3093 3227 3182 3282; x_wconf 92' lang='lat' dir='ltr'>his</span> <span class='ocrx_word' id='word_1_606' title='bbox 3214 3227 3445 3298; x_wconf 89' lang='lat' dir='ltr'>plenior</span> <span class='ocrx_word' id='word_1_607' title='bbox 3484 3230 3727 3285; x_wconf 70' lang='lat' dir='ltr'>habeatur</span> 
     </span>
    </p>
   </div>
   <div class='ocr_carea' id='block_1_94' title="bbox 2138 3316 3730 3392">
    <p class='ocr_par' dir='ltr' id='par_1_94' title="bbox 2138 3316 3730 3392">
     <span class='ocr_line' id='line_1_94' title="bbox 2138 3316 3730 3392; baseline 0.003 -22"><span class='ocrx_word' id='word_1_608' title='bbox 2138 3316 2470 3381; x_wconf 88' lang='lat' dir='ltr'>auctoritas,</span> <span class='ocrx_word' id='word_1_609' title='bbox 2523 3334 2682 3371; x_wconf 90' lang='lat' dir='ltr'>manu</span> <span class='ocrx_word' id='word_1_610' title='bbox 2732 3320 2947 3388; x_wconf 90' lang='lat' dir='ltr'>pr0pria</span> <span class='ocrx_word' id='word_1_611' title='bbox 3000 3319 3102 3374; x_wconf 90' lang='lat' dir='ltr'>hoc</span> <span class='ocrx_word' id='word_1_612' title='bbox 3159 3333 3507 3392; x_wconf 70' lang='lat' dir='ltr'>prmeeptum</span> <span class='ocrx_word' id='word_1_613' title='bbox 3561 3325 3730 3378; x_wconf 78' lang='lat' dir='ltr'>subter</span> 
     </span>
    </p>
   </div>
   <div class='ocr_carea' id='block_1_95' title="bbox 2141 3407 3727 3481">
    <p class='ocr_par' dir='ltr' id='par_1_95' title="bbox 2141 3407 3727 3481">
     <span class='ocr_line' id='line_1_95' title="bbox 2141 3407 3727 3481; baseline 0.006 -20"><span class='ocrx_word' id='word_1_614' title='bbox 2141 3407 2498 3473; x_wconf 84' lang='lat' dir='ltr'>ﬁrmavimus,</span> <span class='ocrx_word' id='word_1_615' title='bbox 2538 3408 2806 3479; x_wconf 88' lang='lat' dir='ltr'>sigillique</span> <span class='ocrx_word' id='word_1_616' title='bbox 2857 3410 3025 3463; x_wconf 88' lang='lat' dir='ltr'>nostri</span> <span class='ocrx_word' id='word_1_617' title='bbox 3086 3410 3471 3481; x_wconf 85' lang='lat' dir='ltr'>impressione</span> <span class='ocrx_word' id='word_1_618' title='bbox 3502 3415 3727 3479; x_wconf 71' lang='lat' dir='ltr'>insigniri</span> 
     </span>
    </p>
   </div>
   <div class='ocr_carea' id='block_1_96' title="bbox 2130 3499 2411 3568">
    <p class='ocr_par' dir='ltr' id='par_1_96' title="bbox 2130 3499 2411 3568">
     <span class='ocr_line' id='line_1_96' title="bbox 2130 3499 2411 3568; baseline 0.004 -16"><span class='ocrx_word' id='word_1_619' title='bbox 2130 3499 2411 3568; x_wconf 90' lang='lat' dir='ltr'>jussimus.</span> 
     </span>
    </p>
   </div>
   <div class='ocr_carea' id='block_1_97' title="bbox 2209 3590 3310 3661">
    <p class='ocr_par' dir='ltr' id='par_1_97' title="bbox 2209 3590 3310 3661">
     <span class='ocr_line' id='line_1_97' title="bbox 2209 3590 3310 3661; baseline 0.003 -18"><span class='ocrx_word' id='word_1_620' title='bbox 2209 3590 2428 3657; x_wconf 80' lang='lat' dir='ltr'>Signum</span> <span class='ocrx_word' id='word_1_621' title='bbox 2465 3591 2644 3645; x_wconf 80' lang='lat' dir='ltr'>domui</span> <span class='ocrx_word' id='word_1_622' title='bbox 2675 3590 2913 3644; x_wconf 80' lang='lat' dir='ltr'>Heinrici</span> <span class='ocrx_word' id='word_1_623' title='bbox 2946 3593 3123 3654; x_wconf 79' lang='lat' dir='ltr'>quarti</span> <span class='ocrx_word' id='word_1_624' title='bbox 3149 3592 3310 3661; x_wconf 75' lang='lat' dir='ltr'>regis.</span> 
     </span>
    </p>
   </div>
   <div class='ocr_carea' id='block_1_98' title="bbox 2204 3680 3725 3753">
    <p class='ocr_par' dir='ltr' id='par_1_98' title="bbox 2204 3680 3725 3753">
     <span class='ocr_line' id='line_1_98' title="bbox 2204 3680 3725 3753; baseline 0.006 -17"><span class='ocrx_word' id='word_1_625' title='bbox 2204 3680 2531 3749; x_wconf 79' lang='lat' dir='ltr'>Sigehardus</span> <span class='ocrx_word' id='word_1_626' title='bbox 2558 3682 2912 3738; x_wconf 83' lang='lat' dir='ltr'>cancellarius</span> <span class='ocrx_word' id='word_1_627' title='bbox 2934 3683 3050 3737; x_wconf 90' lang='lat' dir='ltr'>vice</span> <span class='ocrx_word' id='word_1_628' title='bbox 3071 3682 3335 3753; x_wconf 86' lang='lat' dir='ltr'>Sigefridi</span> <span class='ocrx_word' id='word_1_629' title='bbox 3367 3688 3725 3744; x_wconf 66' lang='lat' dir='ltr'>archimand-</span> 
     </span>
    </p>
   </div>
   <div class='ocr_carea' id='block_1_99' title="bbox 2133 3771 2586 3841">
    <p class='ocr_par' dir='ltr' id='par_1_99' title="bbox 2133 3771 2586 3841">
     <span class='ocr_line' id='line_1_99' title="bbox 2133 3771 2586 3841; baseline 0.002 -17"><span class='ocrx_word' id='word_1_630' title='bbox 2133 3771 2250 3825; x_wconf 89' lang='lat' dir='ltr'>larii</span> <span class='ocrx_word' id='word_1_631' title='bbox 2280 3771 2586 3841; x_wconf 83' lang='lat' dir='ltr'>recognovi.</span> 
     </span>
    </p>
   </div>
   <div class='ocr_carea' id='block_1_100' title="bbox 2203 3860 3723 3930">
    <p class='ocr_par' dir='ltr' id='par_1_100' title="bbox 2203 3860 3723 3930">
     <span class='ocr_line' id='line_1_100' title="bbox 2203 3860 3723 3930; baseline 0.006 -17"><span class='ocrx_word' id='word_1_632' title='bbox 2203 3860 2335 3915; x_wconf 87' lang='lat' dir='ltr'>Data</span> <span class='ocrx_word' id='word_1_633' title='bbox 2392 3875 2532 3916; x_wconf 91' lang='lat' dir='ltr'>anno</span> <span class='ocrx_word' id='word_1_634' title='bbox 2573 3860 2868 3916; x_wconf 69' lang='lat' dir='ltr'>Dominicae</span> <span class='ocrx_word' id='word_1_635' title='bbox 2919 3861 3323 3919; x_wconf 88' lang='lat' dir='ltr'>lucarnationis</span> <span class='ocrx_word' id='word_1_636' title='bbox 3374 3866 3540 3930; x_wconf 78' lang='lat' dir='ltr'>ms,</span> <span class='ocrx_word' id='word_1_637' title='bbox 3594 3869 3723 3922; x_wconf 68' lang='lat' dir='ltr'>inri-</span> 
     </span>
    </p>
   </div>
   <div class='ocr_carea' id='block_1_101' title="bbox 2132 3951 3715 4028">
    <p class='ocr_par' dir='ltr' id='par_1_101' title="bbox 2132 3951 3715 4028">
     <span class='ocr_line' id='line_1_101' title="bbox 2132 3951 3715 4028; baseline 0.006 -25"><span class='ocrx_word' id='word_1_638' title='bbox 2132 3951 2311 4005; x_wconf 83' lang='lat' dir='ltr'>ctione</span> <span class='ocrx_word' id='word_1_639' title='bbox 2359 3968 2441 4015; x_wconf 88' lang='grc' dir='ltr'>ιιι,</span> <span class='ocrx_word' id='word_1_640' title='bbox 2482 3966 2624 4006; x_wconf 91' lang='lat' dir='ltr'>anno</span> <span class='ocrx_word' id='word_1_641' title='bbox 2654 3960 2833 4006; x_wconf 88' lang='lat' dir='ltr'>autem</span> <span class='ocrx_word' id='word_1_642' title='bbox 2862 3953 3222 4009; x_wconf 90' lang='lat' dir='ltr'>ordinationis</span> <span class='ocrx_word' id='word_1_643' title='bbox 3268 3953 3515 4013; x_wconf 83' lang='lat' dir='ltr'>Heinrici</span> <span class='ocrx_word' id='word_1_644' title='bbox 3549 3962 3715 4028; x_wconf 82' lang='lat' dir='ltr'>quarti</span> 
     </span>
    </p>
   </div>
   <div class='ocr_carea' id='block_1_102' title="bbox 2137 4045 2753 4115">
    <p class='ocr_par' dir='ltr' id='par_1_102' title="bbox 2137 4045 2753 4115">
     <span class='ocr_line' id='line_1_102' title="bbox 2137 4045 2753 4115; baseline 0.005 -19"><span class='ocrx_word' id='word_1_645' title='bbox 2137 4059 2233 4106; x_wconf 81' lang='lat' dir='ltr'>xu,</span> <span class='ocrx_word' id='word_1_646' title='bbox 2261 4045 2412 4115; x_wconf 90' lang='lat' dir='ltr'>regni</span> <span class='ocrx_word' id='word_1_647' title='bbox 2436 4059 2564 4099; x_wconf 92' lang='lat' dir='ltr'>vero</span> <span class='ocrx_word' id='word_1_648' title='bbox 2593 4059 2753 4099; x_wconf 89' lang='lat' dir='ltr'>nono.</span> 
     </span>
    </p>
   </div>
   <div class='ocr_carea' id='block_1_103' title="bbox 2202 4136 3650 4197">
    <p class='ocr_par' dir='ltr' id='par_1_103' title="bbox 2202 4136 3650 4197">
     <span class='ocr_line' id='line_1_103' title="bbox 2202 4136 3650 4197; baseline 0.003 -8"><span class='ocrx_word' id='word_1_649' title='bbox 2202 4137 2395 4191; x_wconf 86' lang='lat' dir='ltr'>Actum</span> <span class='ocrx_word' id='word_1_650' title='bbox 2429 4136 2667 4192; x_wconf 86' lang='lat' dir='ltr'>Treviris</span> <span class='ocrx_word' id='word_1_651' title='bbox 2695 4137 2748 4191; x_wconf 94' lang='lat' dir='ltr'>in</span> <span class='ocrx_word' id='word_1_652' title='bbox 2787 4137 2882 4192; x_wconf 91' lang='lat' dir='ltr'>Dei</span> <span class='ocrx_word' id='word_1_653' title='bbox 2915 4139 3131 4194; x_wconf 88' lang='lat' dir='ltr'>nomine</span> <span class='ocrx_word' id='word_1_654' title='bbox 3162 4139 3424 4197; x_wconf 82' lang='lat' dir='ltr'>feliciter.</span> <span class='ocrx_word' id='word_1_655' title='bbox 3457 4143 3650 4197; x_wconf 78' lang='lat' dir='ltr'>Amen.</span> 
     </span>
    </p>
   </div>
   <div class='ocr_carea' id='block_1_104' title="bbox 2351 4353 3526 4427">
    <p class='ocr_par' dir='ltr' id='par_1_104' title="bbox 2351 4353 3526 4427">
     <span class='ocr_line' id='line_1_104' title="bbox 2351 4353 3526 4427; baseline 0.005 -22"><span class='ocrx_word' id='word_1_656' title='bbox 2351 4353 2690 4424; x_wconf 77' lang='lat' dir='ltr'>Privilegium</span> <span class='ocrx_word' id='word_1_657' title='bbox 2716 4370 2809 4422; x_wconf 78' lang='lat' dir='ltr'>pro</span> <span class='ocrx_word' id='word_1_658' title='bbox 2834 4354 3069 4410; x_wconf 79' lang='lat' dir='ltr'>Ecclesia</span> <span class='ocrx_word' id='word_1_659' title='bbox 3095 4355 3526 4427; x_wconf 74' lang='lat' dir='ltr'>Osaabrugeusi.</span> 
     </span>
    </p>
   </div>
   <div class='ocr_carea' id='block_1_105' title="bbox 2728 4440 3136 4511">
    <p class='ocr_par' dir='ltr' id='par_1_105' title="bbox 2728 4440 3136 4511">
     <span class='ocr_line' id='line_1_105' title="bbox 2728 4440 3136 4511; baseline 0.002 -19"><span class='ocrx_word' id='word_1_660' title='bbox 2728 4440 2905 4507; x_wconf 80' lang='lat' dir='ltr'>(Anno</span> <span class='ocrx_word' id='word_1_661' title='bbox 2952 4440 3136 4511; x_wconf 85' lang='grc'><strong>1078.)</strong></span> 
     </span>
    </p>
   </div>
   <div class='ocr_carea' id='block_1_106' title="bbox 2206 4528 3661 4602">
    <p class='ocr_par' dir='ltr' id='par_1_106' title="bbox 2206 4528 3661 4602">
     <span class='ocr_line' id='line_1_106' title="bbox 2206 4528 3661 4602; baseline 0.002 -20"><span class='ocrx_word' id='word_1_662' title='bbox 2206 4529 2468 4600; x_wconf 59' lang='lat' dir='ltr'>[Eanum</span> <span class='ocrx_word' id='word_1_663' title='bbox 2502 4528 2636 4585; x_wconf 89' lang='lat' dir='ltr'>Cod.</span> <span class='ocrx_word' id='word_1_664' title='bbox 2669 4530 2798 4597; x_wconf 81' lang='lat' dir='ltr'>dipl.</span> <span class='ocrx_word' id='word_1_665' title='bbox 2835 4528 3069 4598; x_wconf 63' lang='lat' dir='ltr'>ll’estph.</span> <span class='ocrx_word' id='word_1_666' title='bbox 3094 4544 3124 4585; x_wconf 92' lang='lat' dir='ltr'>c</span> <span class='ocrx_word' id='word_1_667' title='bbox 3155 4544 3291 4584; x_wconf 86' lang='lat' dir='ltr'>mss.</span> <span class='ocrx_word' id='word_1_668' title='bbox 3324 4529 3661 4602; x_wconf 51' lang='grc' dir='ltr'>Προμαθεῖ]</span> 
     </span>
    </p>
   </div>
   <div class='ocr_carea' id='block_1_107' title="bbox 2202 4621 3717 4687">
    <p class='ocr_par' dir='ltr' id='par_1_107' title="bbox 2202 4621 3717 4687">
     <span class='ocr_line' id='line_1_107' title="bbox 2202 4621 3717 4687; baseline 0 -14"><span class='ocrx_word' id='word_1_669' title='bbox 2202 4622 2256 4674; x_wconf 88' lang='lat' dir='ltr'>ln</span> <span class='ocrx_word' id='word_1_670' title='bbox 2298 4622 2513 4674; x_wconf 87' lang='lat' dir='ltr'>nomine</span> <span class='ocrx_word' id='word_1_671' title='bbox 2543 4630 2743 4675; x_wconf 74' lang='lat' dir='ltr'>sancta:</span> <span class='ocrx_word' id='word_1_672' title='bbox 2782 4630 2838 4674; x_wconf 91' lang='lat' dir='ltr'>et</span> <span class='ocrx_word' id='word_1_673' title='bbox 2888 4621 3178 4675; x_wconf 61' lang='lat' dir='ltr'>individua:</span> <span class='ocrx_word' id='word_1_674' title='bbox 3216 4621 3535 4687; x_wconf 85' lang='lat' dir='ltr'>Trinitatis,</span> <span class='ocrx_word' id='word_1_675' title='bbox 3565 4622 3717 4676; x_wconf 68' lang='lat' dir='ltr'>Bus—</span> 
     </span>
    </p>
   </div>
   <div class='ocr_carea' id='block_1_108' title="bbox 2130 4708 3236 4774">
    <p class='ocr_par' dir='ltr' id='par_1_108' title="bbox 2130 4708 3236 4774">
     <span class='ocr_line' id='line_1_108' title="bbox 2130 4708 3236 4774; baseline -0.001 -10"><span class='ocrx_word' id='word_1_676' title='bbox 2130 4725 2305 4773; x_wconf 80' lang='lat' dir='ltr'>ntcus,</span> <span class='ocrx_word' id='word_1_677' title='bbox 2336 4709 2514 4764; x_wconf 89' lang='lat' dir='ltr'>divina</span> <span class='ocrx_word' id='word_1_678' title='bbox 2539 4710 2751 4763; x_wconf 86' lang='lat' dir='ltr'>favente</span> <span class='ocrx_word' id='word_1_679' title='bbox 2772 4708 3085 4774; x_wconf 89' lang='lat' dir='ltr'>clementia,</span> <span class='ocrx_word' id='word_1_680' title='bbox 3116 4725 3236 4765; x_wconf 79' lang='lat' dir='ltr'>rex.</span> 
     </span>
    </p>
   </div>
   <div class='ocr_carea' id='block_1_109' title="bbox 2199 4796 3716 4868">
    <p class='ocr_par' dir='ltr' id='par_1_109' title="bbox 2199 4796 3716 4868">
     <span class='ocr_line' id='line_1_109' title="bbox 2199 4796 3716 4868; baseline -0.003 -15"><span class='ocrx_word' id='word_1_681' title='bbox 2199 4799 2411 4853; x_wconf 85' lang='lat' dir='ltr'>Justitia</span> <span class='ocrx_word' id='word_1_682' title='bbox 2441 4808 2527 4853; x_wconf 90' lang='lat' dir='ltr'>est</span> <span class='ocrx_word' id='word_1_683' title='bbox 2559 4814 2663 4868; x_wconf 89' lang='lat' dir='ltr'>qua</span> <span class='ocrx_word' id='word_1_684' title='bbox 2714 4814 2869 4854; x_wconf 90' lang='lat' dir='ltr'>suum</span> <span class='ocrx_word' id='word_1_685' title='bbox 2902 4799 3100 4867; x_wconf 92' lang='lat' dir='ltr'>cuique</span> <span class='ocrx_word' id='word_1_686' title='bbox 3139 4796 3231 4866; x_wconf 93' lang='lat' dir='ltr'>jus</span> <span class='ocrx_word' id='word_1_687' title='bbox 3263 4799 3582 4865; x_wconf 87' lang='lat' dir='ltr'>tribuimus,</span> <span class='ocrx_word' id='word_1_688' title='bbox 3626 4814 3716 4868; x_wconf 70' lang='lat' dir='ltr'>qua</span> 
     </span>
    </p>
   </div>
   <div class='ocr_carea' id='block_1_110' title="bbox 2129 4888 3717 4959">
    <p class='ocr_par' dir='ltr' id='par_1_110' title="bbox 2129 4888 3717 4959">
     <span class='ocr_line' id='line_1_110' title="bbox 2129 4888 3717 4959; baseline 0 -16"><span class='ocrx_word' id='word_1_689' title='bbox 2129 4890 2214 4944; x_wconf 89' lang='lat' dir='ltr'>via</span> <span class='ocrx_word' id='word_1_690' title='bbox 2247 4890 2291 4944; x_wconf 93' lang='lat' dir='ltr'>si</span> <span class='ocrx_word' id='word_1_691' title='bbox 2346 4890 2726 4945; x_wconf 87' lang='lat' dir='ltr'>incesseritnus</span> <span class='ocrx_word' id='word_1_692' title='bbox 2772 4889 2913 4943; x_wconf 89' lang='lat' dir='ltr'>viam</span> <span class='ocrx_word' id='word_1_693' title='bbox 2945 4889 3150 4959; x_wconf 89' lang='lat' dir='ltr'>regiam</span> <span class='ocrx_word' id='word_1_694' title='bbox 3194 4889 3298 4945; x_wconf 87' lang='lat' dir='ltr'>sub</span> <span class='ocrx_word' id='word_1_695' title='bbox 3342 4888 3488 4945; x_wconf 84' lang='lat' dir='ltr'>duce</span> <span class='ocrx_word' id='word_1_696' title='bbox 3537 4903 3717 4957; x_wconf 69' lang='lat' dir='ltr'>magno</span> 
     </span>
    </p>
   </div>
   <div class='ocr_carea' id='block_1_111' title="bbox 2130 4980 3715 5051">
    <p class='ocr_par' dir='ltr' id='par_1_111' title="bbox 2130 4980 3715 5051">
     <span class='ocr_line' id='line_1_111' title="bbox 2130 4980 3715 5051; baseline -0.001 -15"><span class='ocrx_word' id='word_1_697' title='bbox 2130 4981 2256 5037; x_wconf 89' lang='lat' dir='ltr'>Jesu</span> <span class='ocrx_word' id='word_1_698' title='bbox 2287 4982 2339 5035; x_wconf 91' lang='lat' dir='ltr'>in</span> <span class='ocrx_word' id='word_1_699' title='bbox 2369 4990 2565 5036; x_wconf 89' lang='lat' dir='ltr'>terram</span> <span class='ocrx_word' id='word_1_700' title='bbox 2595 4980 2973 5050; x_wconf 88' lang='lat' dir='ltr'>promissionis</span> <span class='ocrx_word' id='word_1_701' title='bbox 3002 4980 3363 5051; x_wconf 89' lang='lat' dir='ltr'>ingredimur.</span> <span class='ocrx_word' id='word_1_702' title='bbox 3394 4981 3468 5033; x_wconf 82' lang='lat' dir='ltr'>At</span> <span class='ocrx_word' id='word_1_703' title='bbox 3497 4982 3543 5035; x_wconf 89' lang='lat' dir='ltr'>si</span> <span class='ocrx_word' id='word_1_704' title='bbox 3590 4981 3715 5034; x_wconf 72' lang='lat' dir='ltr'>forte</span> 
     </span>
    </p>
   </div>
   <div class='ocr_carea' id='block_1_112' title="bbox 2132 5071 3715 5142">
    <p class='ocr_par' dir='ltr' id='par_1_112' title="bbox 2132 5071 3715 5142">
     <span class='ocr_line' id='line_1_112' title="bbox 2132 5071 3715 5142; baseline -0.001 -17"><span class='ocrx_word' id='word_1_705' title='bbox 2132 5072 2428 5141; x_wconf 82' lang='lat' dir='ltr'>fragilitate</span> <span class='ocrx_word' id='word_1_706' title='bbox 2483 5073 2716 5126; x_wconf 88' lang='lat' dir='ltr'>humana</span> <span class='ocrx_word' id='word_1_707' title='bbox 2745 5072 2908 5128; x_wconf 90' lang='lat' dir='ltr'>rectis</span> <span class='ocrx_word' id='word_1_708' title='bbox 2950 5073 3225 5142; x_wconf 89' lang='lat' dir='ltr'>gressibus</span> <span class='ocrx_word' id='word_1_709' title='bbox 3249 5071 3544 5142; x_wconf 82' lang='lat' dir='ltr'>aliquando</span> <span class='ocrx_word' id='word_1_710' title='bbox 3570 5088 3715 5126; x_wconf 71' lang='lat' dir='ltr'>exor-</span> 
     </span>
    </p>
   </div>
   <div class='ocr_carea' id='block_1_113' title="bbox 2130 5162 3712 5232">
    <p class='ocr_par' dir='ltr' id='par_1_113' title="bbox 2130 5162 3712 5232">
     <span class='ocr_line' id='line_1_113' title="bbox 2130 5162 3712 5232; baseline -0.001 -16"><span class='ocrx_word' id='word_1_711' title='bbox 2130 5164 2508 5227; x_wconf 76' lang='lat' dir='ltr'>bitaverimus,</span> <span class='ocrx_word' id='word_1_712' title='bbox 2550 5164 2756 5232; x_wconf 83' lang='lat' dir='ltr'>legibus</span> <span class='ocrx_word' id='word_1_713' title='bbox 2788 5163 3179 5218; x_wconf 87' lang='lat' dir='ltr'>ecclesiasticis</span> <span class='ocrx_word' id='word_1_714' title='bbox 3207 5162 3505 5218; x_wconf 85' lang='lat' dir='ltr'>salubriter</span> <span class='ocrx_word' id='word_1_715' title='bbox 3532 5164 3712 5216; x_wconf 77' lang='lat' dir='ltr'>admo-</span> 
     </span>
    </p>
   </div>
   <div class='ocr_carea' id='block_1_114' title="bbox 2130 5251 3712 5320">
    <p class='ocr_par' dir='ltr' id='par_1_114' title="bbox 2130 5251 3712 5320">
     <span class='ocr_line' id='line_1_114' title="bbox 2130 5251 3712 5320; baseline -0.001 -14"><span class='ocrx_word' id='word_1_716' title='bbox 2130 5269 2341 5319; x_wconf 86' lang='lat' dir='ltr'>nemur,</span> <span class='ocrx_word' id='word_1_717' title='bbox 2378 5261 2433 5307; x_wconf 91' lang='lat' dir='ltr'>ut</span> <span class='ocrx_word' id='word_1_718' title='bbox 2455 5254 2522 5306; x_wconf 93' lang='lat' dir='ltr'>ad</span> <span class='ocrx_word' id='word_1_719' title='bbox 2556 5255 2693 5308; x_wconf 87' lang='lat' dir='ltr'>viam</span> <span class='ocrx_word' id='word_1_720' title='bbox 2727 5261 3067 5308; x_wconf 88' lang='lat' dir='ltr'>revertamur</span> <span class='ocrx_word' id='word_1_721' title='bbox 3090 5251 3338 5320; x_wconf 68' lang='lat' dir='ltr'>justitiae,</span> <span class='ocrx_word' id='word_1_722' title='bbox 3366 5253 3712 5307; x_wconf 66' lang='lat' dir='ltr'>emendem</span> 
     </span>
    </p>
   </div>
   <div class='ocr_carea' id='block_1_115' title="bbox 2127 5342 3707 5415">
    <p class='ocr_par' dir='ltr' id='par_1_115' title="bbox 2127 5342 3707 5415">
     <span class='ocr_line' id='line_1_115' title="bbox 2127 5342 3707 5415; baseline -0.003 -17"><span class='ocrx_word' id='word_1_723' title='bbox 2127 5346 2179 5398; x_wconf 91' lang='lat' dir='ltr'>in</span> <span class='ocrx_word' id='word_1_724' title='bbox 2204 5345 2394 5398; x_wconf 89' lang='lat' dir='ltr'>melius</span> <span class='ocrx_word' id='word_1_725' title='bbox 2424 5345 2566 5414; x_wconf 87' lang='lat' dir='ltr'>quod</span> <span class='ocrx_word' id='word_1_726' title='bbox 2591 5360 2686 5415; x_wconf 91' lang='lat' dir='ltr'>per</span> <span class='ocrx_word' id='word_1_727' title='bbox 2712 5343 3091 5414; x_wconf 88' lang='lat' dir='ltr'>negligentiam</span> <span class='ocrx_word' id='word_1_728' title='bbox 3120 5351 3213 5397; x_wconf 88' lang='lat' dir='ltr'>aut</span> <span class='ocrx_word' id='word_1_729' title='bbox 3234 5342 3504 5396; x_wconf 88' lang='lat' dir='ltr'>malitiose</span> <span class='ocrx_word' id='word_1_730' title='bbox 3522 5356 3707 5411; x_wconf 66' lang='lat' dir='ltr'>pecca-</span> 
     </span>
    </p>
   </div>
   <div class='ocr_carea' id='block_1_116' title="bbox 2126 5435 3709 5504">
    <p class='ocr_par' dir='ltr' id='par_1_116' title="bbox 2126 5435 3709 5504">
     <span class='ocr_line' id='line_1_116' title="bbox 2126 5435 3709 5504; baseline -0.004 -15"><span class='ocrx_word' id='word_1_731' title='bbox 2126 5438 2322 5490; x_wconf 89' lang='lat' dir='ltr'>vimus.</span> <span class='ocrx_word' id='word_1_732' title='bbox 2350 5437 2517 5503; x_wconf 86' lang='lat' dir='ltr'>Quam</span> <span class='ocrx_word' id='word_1_733' title='bbox 2563 5437 2632 5491; x_wconf 92' lang='lat' dir='ltr'>ob</span> <span class='ocrx_word' id='word_1_734' title='bbox 2688 5451 2802 5489; x_wconf 90' lang='lat' dir='ltr'>rem</span> <span class='ocrx_word' id='word_1_735' title='bbox 2838 5435 2891 5489; x_wconf 90' lang='lat' dir='ltr'>in</span> <span class='ocrx_word' id='word_1_736' title='bbox 2919 5450 3079 5489; x_wconf 88' lang='lat' dir='ltr'>omne</span> <span class='ocrx_word' id='word_1_737' title='bbox 3125 5444 3334 5504; x_wconf 88' lang='lat' dir='ltr'>tempus</span> <span class='ocrx_word' id='word_1_738' title='bbox 3388 5443 3572 5487; x_wconf 85' lang='lat' dir='ltr'>notum</span> <span class='ocrx_word' id='word_1_739' title='bbox 3602 5448 3709 5487; x_wconf 72' lang='lat' dir='ltr'>esse</span> 
     </span>
    </p>
   </div>
   <div class='ocr_carea' id='block_1_117' title="bbox 2133 5526 3705 5596">
    <p class='ocr_par' dir='ltr' id='par_1_117' title="bbox 2133 5526 3705 5596">
     <span class='ocr_line' id='line_1_117' title="bbox 2133 5526 3705 5596; baseline 0 -15"><span class='ocrx_word' id='word_1_740' title='bbox 2133 5529 2394 5591; x_wconf 88' lang='lat' dir='ltr'>volumus,</span> <span class='ocrx_word' id='word_1_741' title='bbox 2453 5528 2712 5596; x_wconf 88' lang='lat' dir='ltr'>quatinus</span> <span class='ocrx_word' id='word_1_742' title='bbox 2759 5526 2930 5581; x_wconf 84' lang='lat' dir='ltr'>ﬁdelis</span> <span class='ocrx_word' id='word_1_743' title='bbox 2986 5537 3171 5581; x_wconf 88' lang='lat' dir='ltr'>noster</span> <span class='ocrx_word' id='word_1_744' title='bbox 3200 5526 3383 5581; x_wconf 85' lang='lat' dir='ltr'>Benno</span> <span class='ocrx_word' id='word_1_745' title='bbox 3422 5528 3705 5581; x_wconf 60' lang='lat' dir='ltr'>secundm.</span> 
     </span>
    </p>
   </div>
   <div class='ocr_carea' id='block_1_118' title="bbox 2130 5617 3703 5690">
    <p class='ocr_par' dir='ltr' id='par_1_118' title="bbox 2130 5617 3703 5690">
     <span class='ocr_line' id='line_1_118' title="bbox 2130 5617 3703 5690; baseline -0.004 -17"><span class='ocrx_word' id='word_1_746' title='bbox 2130 5621 2454 5675; x_wconf 86' lang='lat' dir='ltr'>venerabilis</span> <span class='ocrx_word' id='word_1_747' title='bbox 2491 5630 2692 5675; x_wconf 65' lang='lat' dir='ltr'>sanctae</span> <span class='ocrx_word' id='word_1_748' title='bbox 2723 5618 3188 5690; x_wconf 84' lang='lat' dir='ltr'>Osncbruggcnsis</span> <span class='ocrx_word' id='word_1_749' title='bbox 3221 5618 3474 5674; x_wconf 72' lang='lat' dir='ltr'>Ecclesia:</span> <span class='ocrx_word' id='word_1_750' title='bbox 3501 5617 3703 5684; x_wconf 72' lang='lat' dir='ltr'>episce-</span> 
     </span>
    </p>
   </div>
   <div class='ocr_carea' id='block_1_119' title="bbox 2130 5708 3685 5783">
    <p class='ocr_par' dir='ltr' id='par_1_119' title="bbox 2130 5708 3685 5783">
     <span class='ocr_line' id='line_1_119' title="bbox 2130 5708 3685 5783; baseline -0.003 -16"><span class='ocrx_word' id='word_1_751' title='bbox 2130 5729 2244 5783; x_wconf 88' lang='lat' dir='ltr'>pus,</span> <span class='ocrx_word' id='word_1_752' title='bbox 2280 5723 2474 5767; x_wconf 46' lang='lat' dir='ltr'>uestrae</span> <span class='ocrx_word' id='word_1_753' title='bbox 2508 5712 2841 5768; x_wconf 76' lang='lat' dir='ltr'>celsitudinis</span> <span class='ocrx_word' id='word_1_754' title='bbox 2865 5711 3205 5767; x_wconf 83' lang='lat' dir='ltr'>clementiam</span> <span class='ocrx_word' id='word_1_755' title='bbox 3243 5716 3397 5773; x_wconf 85' lang='lat' dir='ltr'>adut,</span> <span class='ocrx_word' id='word_1_756' title='bbox 3434 5708 3685 5776; x_wconf 54' lang='lat' dir='ltr'>coquite</span> 
     </span>
    </p>
   </div>
  </div>
