3838 6322
47 229 207 285 145

1443 230 1793 288 IIENRICUS
1825 231 1890 285 IV
1932 231 2069 288 IMP.

3205 237 3340 302 llis

17 358 278 398 »οι-ιιηι
313 357 532 399 suorum
565 343 862 413 frequentia
884 345 1129 417 stipatus,
1158 362 1222 404 ac
1241 357 1474 402 veterem
1497 363 1659 417 super
1685 367 1731 422 Α
1757 345 2013 413 injustam
2064 354 2315 415 putantes
2365 345 2673 416 aequitatem
2713 343 2979 416 negligere
3021 353 3073 399 et
3119 344 3337 413 justitiar

17 431 344 489 Scelesia:
387 448 498 488 suae
529 434 750 490 decimis
795 437 1186 504 querimoniam
1236 436 1654 508 lacrymabil'ter

18 539 72 574 ιι
127 540 331 580 aures
359 535 570 580 nostras
596 524 799 581 effudit.
838 526 978 581 Idem
1015 542 1142 582 vero
1170 543 1288 582 cum
1319 543 1414 597 per
1439 543 1652 584 omnem

19 611 244 666 ‘itam
284 629 436 668 suam
489 631 519 668 a
566 615 722 669 nobis
749 617 950 684 optime
994 617 1296 684 meruisset,
1341 626 1453 670 tum
1497 633 1560 672 ea
1587 618 1654 671 de

18 715 236 754 'ausa
275 703 489 774 dignior
509 715 627 759 erat
649 706 818 760 audiri
844 707 982 775 quod
1011 708 1062 761 in
1086 709 1336 762 omnibus
1364 707 1656 762 necessita-

31 789 216 845 ibus
262 794 462 849 nostris
493 795 725 850 fideliter
750 797 902 852 nobis
929 808 984 852 et
1027 800 1317 853 irremotus
1353 814 1532 855 comes
1559 803 1654 853 ad-

18 881 251 935 unsit.
283 880 428 937 Talis
450 891 631 938 autem
655 885 892 955 ejusdem
919 887 1089 942 fidelis
1114 889 1284 942 nostri
1303 888 1653 958 proclatnatio

17 968 156 1025 Tuit
193 974 355 1042 quod
399 984 708 1032 antecessor
736 988 921 1033 noster
971 979 1053 1033 vir
1081 981 1215 1035 diva:
1265 988 1319 1035 et
1363 980 1652 1051 imperial's

18 1067 356 1123 memoriae
384 1069 610 1126 Carolus
649 1071 934 1126 ecclesiam
971 1073 1073 1128 sibi
1108 1073 1447 1128 commissam
1477 1089 1504 1127 a
1537 1074 1650 1142 pri-

17 1159 159 1212 mis
188 1158 572 1218 fundamentis
599 1165 915 1220 condiderat
937 1177 993 1220 et
1018 1165 1256 1221 decimas
1299 1167 1352 1220 in
1379 1166 1650 1237 episcopio

17 1252 493 1324 circumquaque
521 1257 836 1313 terminatas
881 1257 1057 1312 eidem
1083 1257 1326 1312 ecclesiae
1364 1257 1418 1312 in
1469 1259 1648 1312 dotem

17 1346 394 1413 contulerat,
415 1363 481 1403 eo
509 1349 652 1418 quod
681 1349 735 1403 in
769 1350 981 1419 przediis
1009 1358 1101 1404 aut
1125 1350 1392 1422 regalibus
1423 1351 1645 1405 redditi-

17 1435 150 1490 bus
190 1435 425 1492 donaria
471 1439 537 1492 ad
576 1454 768 1495 manus
815 1439 867 1494 in
903 1440 1156 1508 primitiis
1182 1440 1302 1496 fidei
1347 1450 1401 1495 ct
1431 1441 1650 1497 novella:

17 1525 419 1590 plantationis
448 1537 686 1598 tempore
713 1529 816 1584 illis
846 1531 898 1584 in
941 1531 1185 1600 partibus
1213 1531 1356 1586 nulla
1395 1532 1644 1587 habebat.

17 1616 204 1682 Quas
252 1619 571 1675 donationes
587 1619 733 1689 juste
759 1637 789 1675 a
821 1621 1043 1690 praefato
1077 1623 1320 1698 principe
1347 1623 1518 1678 eidem
1561 1639 1648 1678 ec-

17 1705 241 1761 clesia:
272 1709 427 1764 datas
473 1719 529 1766 et
567 1713 933 1782 manuscripto
963 1715 1110 1785 regio
1153 1715 1254 1770 sub
1298 1714 1650 1784 impressione

17 1800 246 1852 annuli
277 1817 345 1855 ex
376 1817 526 1857 more
551 1803 912 1868 confirmatas,
947 1804 1012 1859 ad
1051 1805 1276 1858 multum
1309 1814 1515 1875 tempus
1539 1805 1650 1859 aie-

17 1890 140 1943 bat
174 1891 434 1948 ecclesiae
455 1894 741 1959 mansisse,
775 1895 1098 1974 usquedum
1126 1893 1332 1950 bellicis
1359 1896 1647 1965 perturba-

17 1980 298 2037 tionibus
343 1997 469 2053 pars
519 1986 827 2040 earumdem
855 1986 1187 2042 decimarum
1235 1988 1334 2043 sub
1376 1988 1647 2043 Ludovico

17 2090 53 2129 δ
81 2077 302 2131 :cundo
332 2089 426 2146 per
449 2091 641 2132 ntanus
666 2076 933 2148 Copponis
979 2079 1047 2134 ab
1076 2079 1262 2134 eadem
1289 2079 1644 2135 scinde-.etur.

18 2167 118 2220 Ea
182 2167 258 2221 de
300 2181 462 2221 causa
505 2184 627 2223 cum
676 2185 774 2239 per
812 2170 1091 2240 episc0pos
1127 2171 1367 2242 ejusdem
1412 2172 1645 2228 civitatis

21 2255 198 2309 actio
235 2264 291 2309 et
328 2255 590 2312 discussio
620 2258 673 2312 in
702 2258 976 2313 audientia
1006 2260 1312 2330 principum
1359 2271 1520 2330 atque
1548 2277 1642 2316 au-

27 2355 394 2401 teccssorum
422 2357 728 2403 nostrorum
754 2364 938 2421 regum
961 2361 1015 2404 et
1041 2349 1424 2421 imperatorum
1447 2353 1643 2422 saepius

25 2437 372 2504 haberetur,
406 2439 697 2509 dijudicata
744 2452 829 2496 est
865 2441 1064 2511 justior
1089 2457 1216 2512 pars
1247 2443 1639 2512 episcoporum,

27 2526 314 2595 iniustior
361 2529 816 2585 adversariorum.
872 2531 1129 2602 Equidem
1155 2533 1410 2601 praefatus
1461 2533 1642 2604 Coppo

24 2618 266 2686 primus
303 2627 588 2686 usurpator
617 2620 930 2674 earumdem
960 2621 1292 2676 decimarum
1324 2637 1442 2676 cum
1472 2632 1640 2677 totum

30 2709 340 2763 occasione
363 2710 621 2765 bellorum
650 2711 847 2778 injusta
876 2711 1242 2768 dominatione
1269 2729 1394 2768 suos
1422 2713 1475 2768 in
1508 2727 1638 2768 usus

33 2808 294 2867 raperet,
331 2809 537 2868 partem
592 2798 820 2854 Warino
863 2800 1018 2854 fratri
1064 2817 1161 2855 suo
1206 2817 1465 2871 germano
1506 2801 1640 2856 Cor-

31 2887 257 2943 beiensi
306 2889 504 2953 abbati,
568 2898 776 2959 partem
827 2891 1113 2946 abbatissze
1158 2891 1337 2946 Adelae
1385 2891 1640 2947 llerefur-

36 2977 206 3030 (ἐυηδῖ
230 2993 498 3046 germanae
533 2994 644 3033 suae
674 2979 960 3034 concessit.
1008 2979 1191 3048 Itaque
1217 2981 1472 3050 jcpiscopi
1501 2997 1634 3036 cau-

37 3083 166 3120 sam
199 3066 338 3121 hanc
375 3067 426 3120 in
451 3069 597 3121 curia
642 3078 862 3138 agentes
896 3068 1198 3124 manifestis
1232 3070 1632 3138 comprobatio-

40 3160 214 3213 nlbus
239 3159 519 3214 evicerunt
553 3160 787 3215 decimas
831 3163 896 3214 ad
927 3175 1045 3216 sese
1080 3161 1316 3232 legitima
1346 3162 1636 3218 donatione

39 3252 230 3306 redire
251 3253 464 3308 debere.
497 3251 766 3307 Ventilata
796 3260 877 3308 est
908 3269 994 3308 res
1033 3255 1085 3308 in
1115 3255 1357 3309 conciliis
1379 3265 1634 3324 quatuor,

45 3346 232 3415 primo
267 3343 451 3399 Romae
489 3345 588 3399 sub
612 3359 745 3414 papa
780 3342 1074 3414 Stephano,
1107 3347 1342 3400 secundo
1372 3345 1636 3400 Triburiae

45 3438 155 3490 sub
182 3435 406 3490 Arnolfo
431 3435 776 3506 imperatore,
807 3437 967 3490 tertio
1013 3436 1231 3500 Bunnae,
1261 3445 1455 3506 quarto
1488 3437 1636 3507 lnge-

44 3527 295 3581 linheim.
331 3526 402 3582 Ut
430 3526 483 3580 in
516 3525 766 3581 onmibus
805 3527 1070 3596 possessio
1113 3527 1444 3583 decimarum
1490 3543 1636 3582 com-

46 3615 200 3668 muni
249 3615 516 3669 scntentia
574 3615 841 3686 episcopis
886 3616 1302 3684 adjudicaretur.
1354 3619 1410 3671 In
1443 3618 1633 3672 ultimo

43 3711 216 3759 etiam
245 3707 599 3774 pncsentibus
632 3706 745 3761 fere
771 3708 1022 3764 omnibus
1057 3708 1475 3765 Teutonicarum
1508 3725 1632 3780 par-

43 3798 183 3850 tium
236 3797 520 3866 episcopis,
567 3799 930 3854 mediantibus
976 3801 1167 3870 legatis
1222 3801 1501 3865 Romanis,
1533 3803 1633 3858 sub

36 3884 259 3940 Joanne
285 3900 440 3954 papa,
489 3902 610 3940 cum
642 3904 750 3941 xxx
789 3888 1050 3943 librarum
1096 3890 1213 3944 auri
1245 3892 1632 3960 compositione

39 3977 446 4034 restitueretur.
484 3979 681 4034 Verum
713 3989 772 4034 ut
798 3995 1014 4050 semper
1039 3982 1344 4037 dominatur
1375 3984 1631 4053 iniquitas

39 4068 289 4141 injustis,
329 4085 414 4124 res
443 4071 688 4139 superius
734 4073 1017 4126 emendata
1059 4083 1115 4127 et
1140 4083 1384 4129 correcta
1441 4090 1631 4131 rursus

34 4169 303 4230 corrupta
324 4171 425 4215 est.
457 4159 832 4231 llujuscemodi
875 4177 1002 4218 vero
1029 4179 1245 4218 causam
1289 4180 1411 4220 cum
1451 4165 1630 4220 fidelis

38 4260 237 4304 noster
273 4249 522 4318 praefatus
553 4250 1014 4322 Osnebruggeusis
1049 4253 1302 4309 Ecclesia:
1344 4256 1630 4324 episcopus

1661 3029 1706 3092 C

1759 431 1959 486 diutius
1989 432 2179 498 obniti,
2203 435 2447 504 petitioni
2480 433 2711 489 fidelium
2753 442 3055 488 nostrorum
3084 442 3137 486 et
3161 432 3335 486 consi-

1757 519 1840 572 liis
1871 522 2257 590 acquievimus.
2283 522 2509 577 Proinde
2540 523 2861 577 auctoritate
2903 521 3057 590 hujus
3083 521 3332 592 praecepti

1759 610 1929 664 nostri
1975 619 2270 666 statuentes
2308 613 2619 678 statuimus,
2671 624 2728 667 ut
2783 614 2979 668 eaedem
3019 613 3238 667 decima:
3267 612 3334 667 ad

1757 698 2052 752 dominium
2080 701 2313 771 episcopi
2350 703 2574 772 ejusque
2609 704 3033 773 dispositionem,
3065 705 3139 758 uti
3171 704 3335 758 Caro-

1754 789 1836 844 lus
1867 791 2117 858 instituit,
2142 803 2495 849 revertantur.
2519 794 2700 864 Neque
2725 795 2795 849 sit
2829 796 3118 849 advocatus
3140 794 3334 864 aliquis

1754 888 1846 932 aut
1870 881 1972 935 alia
2004 881 2172 948 major
2198 883 2279 937 vel
2308 885 2481 937 minor
2499 899 2750 953 persona,
2777 885 2866 954 qui
2888 886 3164 955 episcopos
3188 883 3335 953 ejus;

1753 970 1872 1024 dem
1918 973 2063 1027 civit.
2087 975 2154 1028 tis
2181 973 2283 1028 hac.
2313 974 2364 1028 in
2404 988 2463 1028 re
2504 975 2731 1044 amplius
2771 973 3070 1043 inquietare
3118 975 3330 1039 audeat,

1753 1061 1845 1115 sed
1873 1060 2109 1131 episcopi
2158 1062 2373 1117 easdem
2425 1063 2662 1118 decimas
2690 1063 2871 1132 quieto
2906 1063 3093 1117 ordine
3119 1071 3173 1117 et
3201 1076 3333 1132 pace

1750 1161 2006 1220 perpetua
2031 1161 2270 1219 teneant,
2295 1153 2623 1222 possideant,
2652 1153 2956 1223 disponant,
2983 1169 3044 1209 ea
3067 1170 3160 1224 spe
3196 1164 3248 1210 et
3277 1154 3331 1210 in

1751 1243 1942 1297 divinae
1967 1243 2178 1313 pietatis
2205 1244 2548 1310 confidentia,
2582 1253 2640 1299 ut
2683 1245 2798 1299 hrec
2836 1245 3161 1300 decimarum
3186 1247 3328 1315 justa

1751 1332 2022 1386 restitutio
2053 1333 2334 1402 animabus
2363 1345 2642 1404 parentum
2676 1343 3006 1400 nostrorum,
3036 1334 3088 1389 id
3110 1344 3193 1389 est
3218 1337 3326 1403 avi,

1751 1422 1900 1488 avim,
1938 1425 2230 1493 matrisque
2259 1435 2455 1480 nostrae
2478 1426 2837 1496 imperatricis
2863 1425 2930 1480 A.
2963 1436 3015 1480 et
3058 1427 3207 1480 chari
3238 1443 3330 1497 pa-

1752 1513 1850 1566 tris
1873 1513 2042 1568 nostri
2089 1513 2154 1567 ll.
2187 1515 2527 1584 imperatoris
2555 1515 2798 1584 Augusti,
2849 1515 2944 1568 fiat
2987 1524 3328 1585 peccatorum

1751 1604 1995 1659 remissio
2023 1613 2077 1659 et
2098 1604 2433 1675 negligentia:
2462 1620 2620 1674 quam
2653 1607 2765 1674 ipse
2795 1605 2847 1659 in
2873 1605 2971 1660 hac
2993 1621 3151 1660 causa
3179 1621 3329 1660 cem-

1682 1699 1725 1753 B
1753 1691 1897 1745 misit
1921 1694 2057 1763 apud
2094 1693 2258 1749 Deum
2290 1694 2384 1748 fiat
2410 1694 2630 1762 oblivio,
2657 1703 2710 1749 et
2732 1704 2791 1749 ut
2813 1695 2866 1748 in
2893 1695 3116 1764 singulis
3141 1696 3330 1750 diebus

1749 1791 1802 1837 et
1834 1783 1885 1836 in
1909 1785 2282 1840 anniversario
2330 1800 2515 1840 eorum
2545 1786 2635 1856 qui
2677 1786 2730 1840 in
2776 1785 2914 1841 bello
2945 1795 3130 1841 contra
3159 1785 3329 1841 Saxo-

1748 1889 1843 1929 nes
1862 1886 2179 1930 corruerunt
2219 1877 2417 1932 ibidem
2448 1877 2708 1931 memoria
2738 1875 2832 1930 ﬁat
2860 1885 2915 1930 et
2938 1876 3186 1946 specialis
3207 1891 3329 1930 ora-

1749 1965 1825 2020 tio
1853 1967 2046 2022 animae
2077 1966 2316 2038 Sigfridi,
2353 1968 2403 2022 in
2436 1968 2620 2022 eodem
2664 1967 3018 2032 bello-occisi,
3047 1967 3330 2021 ordinetur

1747 2065 1802 2111 et
1828 2056 1939 2122 fiat;
1976 2057 2128 2112 itaut
2155 2059 2255 2112 sibi
2301 2058 2541 2128 quotidie
2591 2057 2842 2128 specialis
2875 2057 3036 2113 missa
3081 2065 3136 2110 et
3179 2056 3328 2110 omni

1745 2145 1808 2200 ΙΙΙ
1839 2145 1970 2201 feria
2001 2149 2360 2203 communiter
2393 2163 2422 2202 a
2470 2147 2726 2204 fratribus
2757 2147 2808 2201 in
2833 2147 3000 2201 choro
3031 2160 3134 2199 una
3160 2146 3326 2200 missa

1745 2253 1841 2306 pro
1863 2236 2112 2292 omnibus
2155 2236 2452 2293 interfectis
2498 2239 2700 2292 nostris
2718 2244 2774 2291 et
2810 2235 3058 2290 omnibus
3083 2233 3327 2288 fidelibus

1745 2326 2082 2392 decantetur,
2131 2336 2187 2382 et
2222 2328 2289 2381 ad
2334 2343 2526 2383 cursus
2566 2328 2821 2382 horarum
2859 2341 2941 2398 ps.
2983 2341 3021 2379 ι.
3050 2325 3325 2380 Prehenda

1742 2433 1955 2488 quoque
1989 2418 2148 2474 detur
2195 2419 2244 2473 ei
2291 2419 2510 2485 clerico,
2539 2419 2629 2490 qui
2653 2419 2767 2474 haec
2795 2433 2915 2488 quae
2967 2415 3200 2486 Sigfrith
3228 2414 3328 2470 de-

1742 2507 1886 2564 bent'
1922 2509 2208 2581 diligenter
2261 2511 2533 2566 observet.
2583 2510 2947 2565 Convenimus
2995 2509 3156 2562 etiam
3201 2522 3324 2561 cum

1741 2597 1994 2668 episeOpo
2018 2598 2417 2654 coHaudatione
2437 2597 2757 2654 clericorum
2784 2611 3002 2652 suorum
3031 2611 3129 2664 pro
3150 2596 3326 2650 salute

1740 2692 1984 2759 corporis
2039 2701 2092 2746 et
2143 2692 2336 2745 animae
2387 2700 2584 2745 nostra:
2637 2689 2784 2745 omni
2839 2688 3172 2743 hebdomada
3216 2703 3326 2740 xxx

1739 2782 1918 2836 missae
1965 2797 2062 2851 pro
2105 2783 2247 2838 vivis
2291 2794 2346 2839 et
2399 2781 2663 2838 defunctis
2705 2781 2900 2836 ibidem
2949 2781 3322 2835 decantentur.

1738 2871 1867 2927 Post
1896 2875 2101 2929 obitum
2140 2884 2316 2930 autem
2359 2884 2602 2929 nostrum
2651 2872 2961 2942 specialiter
3003 2886 3101 2940 pro
3127 2870 3325 2924 animae

1738 2975 1935 3019 nostrae
1958 2975 2011 3021 et
2037 2976 2320 3035 parentum
2350 2975 2658 3020 nostrorum
2688 2963 2926 3018 remedio
2953 2962 3128 3016 missae
3154 2971 3208 3016 et
3244 2969 3326 3014 to-

1739 3059 1901 3112 tidem
1929 3059 2182 3128 psalteria
2213 3059 2410 3115 ibidem
2444 3060 2799 3114 decantentur
2819 3071 2960 3111 nunc
2989 3066 3042 3110 et
3073 3057 3124 3108 in
3163 3070 3325 3109 omne

1738 3157 1948 3220 tempus
1979 3150 2236 3204 futurum.
2269 3150 2419 3204 Talia
2449 3150 2590 3205 enim
2612 3159 2862 3218 optantes
2882 3148 3156 3201 credimus
3178 3145 3319 3216 apud

1737 3241 2145 3296 misericordem
2174 3243 2340 3296 Deum
2371 3249 2426 3295 et
2462 3250 2701 3296 nostram
2742 3239 2906 3294 deleri
2935 3237 3319 3308 negligentiam

1737 3340 1792 3385 et
1833 3338 2234 3385 antecessorum
2281 3329 2476 3385 delicta
2516 3329 2731 3394 redimi,
2771 3330 2862 3399 qui
2905 3329 3007 3382 hac
3055 3327 3108 3380 in
3155 3343 3320 3382 causa

1736 3419 2068 3488 negligenter
2093 3428 2146 3474 et
2176 3419 2442 3473 malitiose
2469 3427 2712 3489 egerunt.
2745 3417 2813 3472 Et
2843 3425 2901 3472 ut
2927 3417 3083 3485 hujus
3120 3433 3322 3488 praece-

1733 3511 1808 3578 pti
1849 3510 2020 3564 nostri
2050 3512 2342 3566 auctoritas
2383 3511 2530 3565 omni
2583 3525 2697 3564 aevo
2734 3518 2945 3563 maneat
2993 3509 3207 3566 stabilis
3263 3519 3318 3564 et

1735 3600 2074 3666 inconvulsa,
2102 3602 2344 3655 chartam
2361 3602 2497 3655 hanc
2519 3600 2682 3655 scribi
2709 3600 3061 3670 prazcepimus
3081 3607 3136 3654 et
3157 3616 3316 3654 manu

1733 3703 1941 3759 nostra,
1989 3703 2154 3749 utest
2207 3695 2538 3749 consuetudo
2580 3708 2764 3764 regum
2799 3704 2853 3747 et
2902 3693 3314 3762 imperatorum,

1733 3786 2201 3840 corroboravimus
2229 3797 2284 3841 et
2305 3785 2481 3858 sigillo
2505 3794 2691 3840 nostro
2718 3785 2920 3856 signari
2945 3783 3228 3854 jussimus.

1812 3875 2036 3945 Signum
2081 3878 2262 3930 domui
2298 3876 2537 3931 lleinrici
2586 3878 2719 3948 regis
2769 3876 2945 3948 quarti
2971 3878 3315 3932 invictissimi.

1734 3965 1818 4037 (L.
1851 3965 1946 4035 M.)

1798 4059 2173 4124 Gebehardus'j
2199 4059 2555 4117 cancellarius
2591 4060 2709 4116 vice
2743 4059 2995 4132 Sigefridi
3037 4059 3316 4128 archiepi-

1729 4153 1875 4220 scopi
1906 4154 2232 4222 recognovit.

1804 4244 1934 4297 Data
1961 4259 2010 4297 γι
2039 4244 2155 4297 Kal.
2191 4243 2367 4310 Febr.,
2422 4245 2611 4300 indict.
2637 4260 2694 4310 ιι,
2722 4259 2864 4299 anno
2902 4244 3192 4299 Dominica'.
3232 4243 3314 4296 ln-

38 4345 116 4396 ίηι
144 4355 300 4396 aures
341 4351 555 4397 nostras
581 4343 774 4413 sapius
803 4345 1032 4400 referret
1073 4353 1235 4416 atque
1269 4348 1543 4402 emendari
1572 4357 1626 4402 ei
1663 4374 1706 4428 Β
1732 4336 2066 4391 carnationis
2097 4337 2262 4402 1078;
2295 4351 2438 4391 anno
2475 4345 2654 4390 autem
2687 4337 2835 4408 regni
2865 4336 3046 4391 domui
3079 4335 3313 4390 lleiurici

40 4431 250 4498 corrigi
280 4433 599 4502 postularet,
655 4449 776 4500 nos,
810 4444 864 4489 et
895 4437 1070 4491 mtatis
1117 4438 1485 4493 imbecillitate
1534 4439 1628 4494 de-

47 4524 186 4577 tenti
214 4531 264 4577 et
287 4523 722 4578 adversariorum
747 4525 865 4593 ejus
894 4527 1148 4596 precibus
1181 4530 1412 4595 cxorati,
1452 4531 1625 4586 multo

48 4627 293 4682 tempore
323 4613 500 4670 facere
526 4615 884 4686 negleximus.
914 4616 1154 4673 Tandem
1171 4619 1404 4675 assiduis
1431 4620 1550 4691 ejus
1574 4629 1629 4674 et

47 4703 487 4773 Coepiscoporum
514 4721 736 4760 suorum
763 4705 852 4776 jus
898 4723 1054 4763 suum
1098 4712 1502 4780 agnoscentium
1532 4713 1628 4767 ad-

53 4793 436 4850 monitionibus
473 4796 697 4861 devicti,
735 4798 910 4852 locum
959 4807 1012 4853 ct
1046 4800 1186 4855 diem
1224 4802 1530 4868 statuimus,
1559 4805 1626 4858 ad

54 4901 216 4955 quem
242 4886 518 4955 episc0pus
566 4897 621 4942 et
669 4887 966 4942 adversarii
1004 4889 1124 4958 ejus
1166 4905 1286 4944 cum
1331 4893 1629 4946 manuscri-

56 4974 166 5044 ptis
210 4975 447 5045 utrinque
491 4977 756 5032 venirent.
812 4978 1050 5035 Aderant
1085 4994 1156 5031 xx
1184 4987 1278 5032 aut
1306 4979 1485 5050 plures
1509 4981 1628 5050 epi-

64 5063 224 5132 scopi,
261 5073 365 5118 tum
397 5066 668 5137 principes
717 5069 866 5140 regni
917 5078 1079 5139 atque
1107 5069 1336 5124 aliorum
1389 5071 1625 5126 fidelium

68 5164 351 5210 nostrorum
385 5173 669 5214 numerosa
713 5159 1017 5215 multitudo.
1046 5160 1204 5216 Lecta
1254 5162 1454 5215 suntin
1485 5164 1628 5218 auri-

71 5249 164 5302 bus
195 5249 415 5302 omniuin
439 5251 720 5306 amborum
748 5252 1126 5323 chirographa,
1153 5254 1292 5308 dicta
1319 5262 1479 5322 atque
1509 5265 1627 5310 acta

76 5349 186 5394 sunt
209 5339 500 5410 diligentius
521 5343 723 5396 omnia.
767 5343 1139 5399 Acclamatum
1172 5353 1255 5400 est
1286 5345 1352 5399 ab
1378 5347 1627 5400 omnibus

74 5431 352 5501 justasesse
395 5444 578 5502 partes
605 5435 860 5505 episc0pi,
904 5437 1334 5491 adversariorum
1381 5439 1624 5507 injustas,

81 5533 217 5594 atque
257 5526 502 5580 uteidem
532 5527 780 5597 episcopo
807 5543 1025 5598 suaeque
1064 5530 1316 5585 Ecclesia:
1363 5530 1625 5599 just'tiam

79 5619 340 5674 faceremus
368 5619 660 5680 studiosius
685 5636 872 5677 omnes
902 5622 1192 5678 instabant.
1223 5628 1389 5690 Quam
1422 5625 1487 5678 ob
1515 5639 1623 5678 rem

1733 4425 1874 4495 regis
1897 4425 2071 4493 quarti
2102 4439 2256 4479 χχιιι.

1799 4516 1992 4570 Actum
2023 4515 2308 4585 Moguntiae
2336 4516 2585 4572 feliciter.
2614 4519 2809 4572 Amen.

2491 4604 2576 4660 Vl.

1935 4693 2269 4766 Privilegium
2298 4713 2394 4767 pro
2433 4696 2669 4752 Ecclesia
2699 4696 3106 4767 Osnabrugensi.

2314 4792 2491 4860 (Anno
2528 4792 2714 4861 i079.)

1728 4881 1994 4951 LERIIARD,
2028 4879 2160 4935 Cod.
2189 4882 2402 4952 diplom.
2439 4883 2699 4954 Westph.,
2751 4900 2781 4940 e
2806 4901 2934 4941 mss.
2984 4885 3312 4957 llenseleri.]

1796 4974 1854 5028 In
1881 4976 2097 5029 nomine
2126 4986 2327 5031 sancta:
2351 4987 2406 5032 et
2436 4979 2721 5033 individua:
2743 4977 3044 5047 Trinitatis,
3085 4979 3313 5034 "stutu-

1728 5084 1846 5135 cus,
1881 5070 2058 5124 divina
2095 5069 2309 5124 favente
2341 5070 2654 5137 clementia,
2698 5087 2813 5127 rex.

1799 5162 1854 5217 Si
1879 5162 2246 5232 querimonias
2288 5164 2653 5229 sacerdotum,
2685 5179 2822 5234 quas
2863 5163 3017 5219 nobis
3039 5165 3106 5219 de
3128 5179 3314 5220 neces-

1728 5255 1978 5310 sitatibus
2007 5255 2371 5309 Ecelesiarum
2411 5255 2516 5310 sibi
2544 5256 2953 5312 commissarum
2975 5257 3308 5322 obtulerunt,

1727 5346 2125 5410 attenterimus,
2153 5355 2209 5400 et
2230 5344 2494 5416 justitiam
2524 5347 2947 5402 misericorditer
2976 5347 3080 5401 illis
3105 5347 3311 5416 impen-

1728 5437 1901 5492 dendo
1929 5438 1996 5491 ad
2028 5436 2187 5492 linem
2217 5438 2644 5506 perduxerimus,
2686 5439 2976 5508 praesentis
3009 5439 3217 5493 scilicet
3254 5445 3309 5490 et

1727 5540 1942 5586 teterna:
1990 5531 2266 5587 felicitatis
2306 5533 2526 5601 praemia
2577 5534 2772 5589 exinde
2823 5533 3052 5588 mercari
3108 5530 3308 5598 liquido

1729 5623 2064 5680 confidimus.
2127 5623 2330 5680 Idcirco
2375 5633 2562 5681 notum
2618 5641 2736 5682 esse
2767 5626 3012 5682 vohunus
3056 5624 3306 5680 omnibus
