3838 6322
635 298 773 356 1147

1974 306 2241 365 nonum.
2284 281 2555 366 nteLou.
3648 337 3717 396 nn

630 428 832 473 sancta:
875 417 964 470 Dei
1014 417 1266 474 Ecclesia:
1299 419 1607 490 nostrisque
1639 423 1902 489 fidelibus,
1936 425 2216 492 prmsenti-
2245 423 2291 479 A
2317 408 2591 481 abbatissa
2625 439 2840 499 propter
2861 433 2965 489 hoc
2992 434 3166 490 solum
3190 439 3326 507 quod
3355 440 3414 494 ibi
3436 443 3637 504 videbatur
3650 457 3720 510 sig.

630 509 729 580 bos
768 508 1073 585 sci'licet’et
1120 508 1334 577 futuris,
1379 512 1611 582 qualiter
1661 514 1831 570 fidelis
1878 525 2061 570 noster
2112 516 2214 584 Os-

630 589 1056 669 nenbrnggensis
1081 601 1362 670 episcopus
1394 593 1906 671 secundusBenno,
1940 607 1991 661 in
2025 618 2212 663 nostro

627 705 652 743 s
691 690 847 742 rvitio
907 690 1061 755 longo
1114 701 1355 761 tempore
1420 693 1832 763 devotissimus,
1904 699 2212 755 serenitatis

625 790 824 831 nostrae
861 779 1199 834 clementiam
1233 783 1385 848 adiit,
1440 783 1682 852 Apostoli
1734 797 2062 858 praeceptum
2121 806 2212 844 se-

622 883 818 936 quens,
843 871 1142 942 arguendo,
1177 871 1524 950 increpando,
1555 867 1890 933 obsecrando
1926 888 1978 934 et
2013 879 2210 948 juven-

625 967 793 1012 tntem
821 944 1058 1022 nostram
1107 945 1426 1031 incusanda,
1457 966 1848 1035 querimoniam
1899 970 2125 1044 faciens,
2150 989 2212 1029 se

621 1031 853 1119 suosque
874 1061 1244 1109 antecessores
1271 1065 1579 1127 nostrorum
1599 1068 2033 1138 antecessorum,
2064 1065 2212 1119 scili-

621 1141 809 1194 cetavi
838 1144 1018 1220 nostri
1039 1142 1313 1222 Khunradi
1343 1153 1398 1221 et
1446 1133 2011 1216 charipatrisllnostri
2057 1153 2211 1229 bona:

622 1233 895 1286 memoria:
910 1215 1146 1287 Heinrici
1171 1215 1578 1302 imperatorum,
1601 1231 1826 1295 forsitan
1853 1241 1906 1295 in
1925 1241 2024 1298 hac
2047 1227 2208 1300 causa

620 1322 936 1390 ignoranter
953 1322 1373 1392 delinquentium
1397 1329 1747 1398 temporibus,
1767 1332 1964 1388 multas
1985 1333 2210 1404 injurias

618 1420 673 1464 et
695 1411 871 1464 varias
915 1413 1291 1489 oppressiones
1339 1416 1405 1472 de
1429 1420 1736 1500 potentibus
1765 1422 1911 1478 illius
1950 1425 2207 1495 regionis,

618 1503 854 1570 maxime
894 1513 1074 1558 autem
1098 1521 1127 1558 a
1155 1506 1481 1580 Corbciense
1509 1510 1702 1566 abbate
1739 1523 1794 1568 et
1823 1514 2208 1574 Herifurdense

618 1593 887 1658 abbatissa
914 1595 1235 1670 illorumque
1271 1598 1590 1674 fautoribus,
1621 1604 1672 1658 in
1708 1606 2037 1682 decimarum
2067 1609 2210 1666 dire—

617 1684 820 1751 ptione,
859 1685 924 1754 ad
948 1701 1100 1742 suam
1132 1689 1428 1765 Ecclesiam
1458 1692 1636 1766 debite
1664 1691 2064 1766 pertinentium,
2088 1699 2200 1769 jam

2319 515 2448 570 tiu’m
2475 517 2676 589 aliquid
2701 537 2806 590 quo
2852 524 3010 580 inniti
3039 537 3262 597 possent
3289 545 3385 584 non
3417 532 3720 614 habentith

2315 621 2509 677 scopus
2534 609 2884 679 plurimorum
2919 625 3322 674 antecessOrum
3353 635 3592 682 nostrorum
3620 609 3719 705 regis

2313 712 2369 752 et
2397 700 2806 772 imperatorum,
2836 709 3040 764 scilicet
3067 711 3280 766 Arnolﬁ
3320 714 3494 786 filiique
3532 720 3611 788 eius

2312 793 2438 858 vici,
2477 793 2714 852 Heinrici
2760 800 2939 870 primi,
2985 802 3146 857 trium
3201 803 3440 862 Ottonum
3462 811 3618 870 chartas
3646 820 3720 887 ipso.

2315 903 2433 940 rum
2462 889 2710 944 manibus
2744 891 3023 946 roboratas
3047 903 3104 948 et
3146 895 3333 965 sigillis
3369 898 3723 969 assignatam

2314 976 2408 1031 size
2439 992 2547 1032 sua:
2602 977 3110 1044 easdemdecimas
3169 984 3484 1044 stabilientes
3519 1003 3722 1060 premium

2314 1064 2589 1137 legendas.
2622 1069 2699 1122 lbi
2732 1086 2862 1125 vero
2901 1081 3262 1144 utrorumque
3298 1079 3540 1134 sententiis
3568 1086 3723 1141 ευάἱιίςρι

2312 1159 2582 1215 subtiliter
2633 1163 2958 1232 dijudicatis,
3015 1167 3423 1240 archiepiscopi,
3471 1175 3635 1246 episcopi
3661 1197 3722 1233 tua

2311 1253 2459 1306 omni
2486 1253 2653 1318 clero,
2689 1256 2852 1312 (luces
2881 1266 2935 1312 et
2984 1261 3239 1326 comites,
3266 1263 3420 1316 etiam
3463 1265 3566 1334 ipsis
3587 1269 3674 1336 prius
3689 1271 3722 1323 lt-

2310 1353 2520 1409 ventes,
2550 1347 2900 1414 petitionibus
2927 1351 3165 1421 episcopi
3191 1355 3477 1410 consentire
3497 1357 3723 1430 debenjmts

2311 1434 2385 1489 tia
2412 1436 2665 1508 exigente
2715 1440 2958 1494 unanimi
2989 1443 3282 1500 concordia
3325 1458 3492 1498 omnes
3511 1447 3721 1503 afﬁrmabat.

2309 1523 2567 1581 Promisit
2601 1527 2766 1582 etiam
2825 1530 2981 1586 nobis
3028 1533 3291 1601 prmfatus
3332 1534 3582 1604 episcopus,
3617 1539 3722 1593 lli-ant

2307 1614 2623 1685 cazterisque
2652 1617 2895 1686 ejusdem
2923 1617 3184 1674 Ecclesia:
3207 1620 3411 1677 clericis
3445 1624 3724 1694 astiputamibn,

2306 1701 2432 1756 dum
2464 1703 2612 1758 locus
2643 1717 2890 1762 maneret
2929 1708 3143 1780 integer
3171 1719 3229 1764 et
3253 1711 3584 1780 indestrnctus,
3603 1721 3723 1785 prora

616 1776 707 1829 diu
731 1779 1138 1842 miserabiliter
1183 1784 1524 1840 sustinuisse.
1563 1786 1727 1856 Cujus
1771 1792 2198 1860 proclamatiooi,
2239 1773 2281 1827 Β
2309 1804 2493 1850 nostra
2538 1806 2792 1866 statuque
2821 1800 2975 1871 regni
3002 1801 3131 1856 dum
3165 1803 3478 1869 viveremus,
3511 1808 3723 1876 postobim

617 1868 864 1935 quamvis
890 1869 1084 1938 szepius
1112 1871 1334 1939 iteratze,
1360 1876 1565 1932 diutius
1592 1893 1752 1947 quam
1784 1880 1995 1938 felicius
2024 1897 2204 1939 assen-

617 1957 720 2012 tire
748 1970 1055 2038 renuentes,
1087 1964 1576 2035 :etatisltenerilate
1602 1985 1666 2024 ac
1689 1974 2046 2040 quorumdam
2073 1991 2204 2051 conf

616 2049 940 2118 siliariorum
970 2062 1276 2118 nostrorum
1302 2067 1426 2129 tunc
1445 2063 1700 2129 temporis
1716 2062 1987 2131 jnventuti
2004 2049 2204 2126 nostra:

619 2141 1013 2207 providentimn
1087 2137 1422 2203 dissuasione.
1489 2151 1554 2204 ad
1617 2153 1739 2223 haec
1793 2158 2200 2215 determinanda

619 2231 780 2285 variis
801 2235 1174 2300 occasionibus
1219 2241 1458 2307 praztixis
1512 2250 2049 2312 nosfexcusavitnus.
2093 2252 2200 2308 Sed

615 2320 843 2384 tandem
863 2324 1076 2409 crebris
1099 2336 1153 2380 et
1201 2327 1613 2398 infinitisetiam
1643 2350 1740 2404 pro
1765 2337 2200 2411 Christianitatis

611 2411 904 2475 miserabili
930 2401 1140 2478 defectu
1181 2421 1539 2488 querimoniis
1555 2435 1619 2493 et
1638 2492 1640 2494 τ
1658 2429 1948 2497 multorum
1972 2433 2200 2500 clerieoo,

611 2517 731 2555 rum
761 2513 814 2557 et
844 2504 1100 2561 laicornm
1143 2507 1232 2576 jus
1254 2526 1416 2579 suum
1456 2519 1862 2584 agnoscentium
1913 2533 2102 2594 rogatu
2144 2536 2202 2582 et

609 2592 837 2647 consilio
868 2594 1063 2650 devicti
1096 2596 1460 2656 Wormaeiam
1491 2605 1666 2660 eidem
1697 2609 1954 2682 episcopo
1979 2592 2198 2684 suisque

550 2693 562 2702 '
609 2685 956 2752 adversariis,
990 2689 1077 2742 ubi
1103 2691 1435 2762 principibus
1467 2699 1664 2754 nostris
1687 2716 1783 2769 pro
1814 2703 2024 2759 czeteris
2046 2707 2197 2778 regni

609 2779 839 2847 negotiis
869 2783 1158 2843 convenire
1203 2795 1463 2853 statutum
1499 2797 1602 2854 est,
1642 2801 1699 2846 ut
1741 2803 1795 2849 et
1823 2794 1921 2865 ipsi
1948 2799 2197 2866 venirent

612 2867 1086 2951 praecepimusti
1119 2890 1246 2929 vero
1273 2894 1304 2940 χ
1335 2879 1634 2950 episcopis,
1662 2898 1692 2935 x
1725 2875 2010 2952 abbatibus
2041 2897 2198 2959 cmtef

609 2958 790 3026 risque
833 2961 1246 3031 quamplurimis
1295 2965 1508 3022 clericis
1535 2985 1600 3023 ac
1641 2970 1793 3039 laicis
1838 2958 2195 3050 praesentibus

607 3050 890 3118 utriusque
923 3053 1091 3122 partis
1121 3057 1318 3125 scripta
1337 3059 1622 3132 episc0pus
1641 3064 1790 3119 etsui
1816 3065 2111 3123 adverso-ii
2140 3070 2191 3125 in

606 3140 840 3202 medium
871 3143 1232 3210 p.'oferebant.
1288 3147 1537 3224 Episcopi
1582 3167 1730 3226 vero,
1777 3155 1994 3224 scriptis
2043 3158 2194 3215 lectis

604 3239 660 3282 et
710 3231 1016 3298 intellectis,
1062 3235 1563 3310 Osnebruggensem
1611 3244 1919 3309 ecclesiam,
1971 3248 2194 3304 Adriani

603 3339 756 3393 papae
807 3327 1033 3383 consilio
1057 3338 1110 3384 et
1141 3346 1407 3402 consensu
1458 3351 1487 3388 a
1544 3351 1740 3407 magno
1767 3349 1820 3392 et
1852 3339 2047 3394 illustri
2080 3343 2194 3399 viro

603 3414 795 3484 Carolo
826 3418 1084 3487 primitus
1110 3422 1169 3474 in
1204 3425 1478 3491 provincia
1518 3425 1775 3481 Westfala
1817 3429 2114 3501 fundatam,
2140 3443 2195 3502 et

604 3521 634 3559 a
668 3509 955 3565 venerabili
987 3512 1250 3582 Egilfrido
1276 3514 1594 3573 Lcodiccnsi
1627 3520 1879 3590 episcopo
1908 3538 2193 3580 consecra—

604 3605 824 3663 tam,;et
845 3602 970 3669 quia
997 3603 1097 3658 sibi
1123 3611 1248 3660 tunc
1277 3608 1532 3676 temporis
1556 3611 1754 3679 prmdia
1781 3613 1860 3666 vel
1889 3613 2069 3680 aliain
2101 3615 2190 3670 illa

603 3689 821 3754 regione
855 3709 960 3746 non
993 3705 1150 3757 erant
1191 3681 1439 3764 donaria,
1472 3701 1612 3754 unde
1639 3702 1923 3774 episcopus
1959 3706 2040 3762 vel
2076 3707 2187 3777 cle:

603 3777 701 3832 rici
731 3781 795 3833 ibi
826 3781 934 3837 Deo
972 3786 1262 3844 militantes
1298 3799 1750 3863 sustentarentur,
1796 3797 2018 3852 decimis
2058 3814 2190 3864 cuni,-

603 3878 816 3921 etorum
874 3872 1008 3926 infia
1046 3880 1305 3934 terminos
1341 3883 1581 3952 ejusdem
1611 3888 1953 3958 episcopatus
1992 3890 2190 3960 degen-

607 3955 736 4009 tium
762 3968 812 4011 et
838 3962 1046 4017 noviter
1065 3955 1129 4019 ad
1156 3968 1615 4030 Cbristianitatem
1642 3992 2189 4056 eonvcrsorum‘con-

603 4053 923 4109 sccrationis
943 4057 1057 4124 ejus
1085 4060 1173 4135 die
1204 4063 1468 4130 dotatam,
1505 4081 1556 4124 et
1581 4082 1765 4138 pes‘ert
1812 4088 1890 4126 nu
1936 4074 2188 4142 apostoli-

601 4159 787 4199 eornm
820 4149 1056 4206 virorum
1084 4156 1401 4228 privilegiis,
1425 4162 1630 4217 scilicet
1656 4165 1872 4229 Leonis,
1909 4165 2186 4223 Paschalis

599 4233 823 4304 Eugenii
852 4249 904 4292 et
934 4241 1204 4314 Gregorii,
1255 4250 1548 4310 stabilitum
1578 4269 1717 4318 esse,
1751 4264 1806 4310 et
1841 4273 2055 4312 omnem
2088 4259 2187 4313 Ιιοι

599 4329 798 4384 minem
833 4321 1033 4388 eisdem
1070 4339 1362 4412 privilegiis
1389 4355 1516 4400 ante
1547 4363 1646 4404 nos
1673 4348 1907 4416 reiectis,
1949 4350 2036 4418 qui
2070 4352 2183 4406 haec

2307 1894 2485 1940 autem
2507 1903 2604 1956 pro
2623 1890 2792 1945 nostri
2805 1899 2860 1945 et
2876 1893 3023 1946 chari
3042 1893 3219 1963 patris
3233 1896 3396 1948 nostri
3412 1894 3723 1967 lleinriciimpm-

2311 1976 2450 2031 toris
2464 1978 2710 2047 Augusti,
2736 1981 3037 2051 matrisque
3056 1992 3261 2038 nostra»
3275 1985 3478 2054 Agnetis
3495 1987 3723 2056 iuuentutis.

2305 2069 2413 2136 avi,
2437 2071 2678 2148 avizeque
2703 2059 3006 2149 animarum
3023 2076 3290 2144 remedio,
3308 2093 3410 2131 xxx
3427 2078 3720 2133 missastotidea-

2304 2155 2408 2230 qiie
2434 2162 2687 2230 psalteria
2722 2179 2819 2234 per
2850 2166 3093 2238 singulas
3120 2167 3446 2224 hebomadas
3463 2170 3609 2224 ibidem
3626 2170 3721 2224 deme

2303 2250 2581 2308 decantari
2594 2264 2648 2308 et
2663 2256 2729 2310 ad
2740 2271 2927 2312 omnes
2941 2260 3146 2330 cursus!
3156 2261 3406 2314 horarum
3417 2259 3617 2330 psalmum
3627 2274 3722 2313 uoca.

2302 2341 2528 2415 Insuper
2538 2351 2801 2402 statutum
2818 2359 2903 2405 est
2915 2358 2972 2404 ut
2984 2351 3036 2404 in
3060 2366 3241 2404 rerum
3256 2352 3395 2407 omni
3417 2353 3544 2405 tertia
3556 2351 3721 2404 feriatam-

2303 2435 2922 2494 muniterafratribusin
2953 2441 3125 2495 choro
3152 2455 3253 2511 pro
3273 2440 3441 2495 anima
3454 2439 3633 2511 Sigefridi
3648 2441 3721 2492 dari

2301 2523 2588 2580 servientis
2634 2527 2803 2582 nostri
2835 2539 3275 2600 czeterorumque
3302 2531 3391 2601 qui
3437 2545 3518 2600 pro
3541 2531 3722 2583 nostratis

2300 2634 2432 2675 nore
2457 2610 2796 2676 defendendo
2823 2621 2873 2676 in
2899 2621 3113 2690 publico
3143 2623 3290 2678 bello
3315 2632 3598 2687 corruerunt,
3615 2623 3723 2689 siet-ia-

2300 2711 2366 2767 lis
2394 2710 2561 2766 missa
2589 2713 2932 2768 decantetur.
2961 2716 3312 2785 Quapropter
3337 2717 3517 2771 Domini
3542 2714 3722 2770 nosinter

2298 2801 2498 2877 Christi
2530 2811 2584 2860 et
2616 2803 2761 2859 beati
2796 2803 2941 2860 Petri
2969 2805 3243 2877 principis
3266 2807 3581 2878 apostolorum
3609 2815 3644 2859 et
3665 2817 3724 2872 prt-

2295 2873 2715 2969 tiosissimorum
2741 2905 3037 2967 martyrum
3067 2898 3312 2969 Crispini
3339 2907 3391 2955 et
3409 2897 3720 2968 Crispinum

2299 3005 2407 3045 non
2452 3005 2553 3060 pro
2610 2991 2962 3046 veneratione
3017 2990 3208 3048 Caroli
3271 2993 3567 3062 imperatoris
3603 2987 3723 3055 Argis-'1

2300 3078 2478 3148 magni
2534 3086 2589 3134 et
2649 3078 2864 3150 pacifici
2919 3075 2980 3135 et
3009 3079 3257 3148 ejusdem
3304 3081 3519 3136 ecclesia:
3551 3077 3723 3132 fundatam

2302 3169 2638 3225 devotissimi
2673 3181 2727 3227 et
2757 3181 3078 3226 caaterorum
3117 3180 3506 3227 antecessorom
3546 3176 3722 3222 η

2300 3262 2546 3318 eamdem
2570 3261 2856 3318 ecclesiam
2882 3264 2996 3318 suis
3012 3263 3239 3333 scriptis
3263 3272 3318 3318 et
3336 3260 3723 3334 prmeeptisrobonr

2302 3353 2456 3418 tium,
2486 3368 2587 3408 nec
2613 3368 2720 3408 non
2749 3353 2834 3407 avi
2862 3353 3141 3424 patrisque
3179 3355 3349 3409 nostri
3378 3363 3518 3430 atque
3539 3359 3721 3404 nostracr

2300 3430 2655 3512 terorumque
2683 3442 2940 3498 videlicet
2963 3459 3172 3514 regum
3207 3443 3300 3514 qui
3335 3444 3383 3496 in
3407 3442 3600 3497 eamdem
3624 3437 3720 3491 Bede

2290 3506 2430 3587 .siam
2475 3506 2742 3602 justitiam
2785 3533 2885 3589 sibi
2917 3533 3241 3604 deneganda
3270 3541 3580 3605 peccavemnt
3609 3530 3721 3620 auiam

2298 3640 2418 3678 rum
2476 3624 2718 3681 remedio
2770 3635 2826 3681 et
2877 3625 3224 3692 liberatione,
3255 3637 3308 3681 et
3353 3625 3558 3696 ejusdem
3588 3621 3719 3690 epistle;

2286 3718 2480 3782 sedula
2504 3720 2822 3776 etdiuturna
2840 3719 3295 3789 proclamatione,
3317 3713 3720 3807 nosti-minimumuti

2293 3817 2349 3863 et
2373 3808 2636 3865 libertatis
2675 3805 3000 3880 praeceptum
3051 3825 3219 3881 super
3268 3811 3459 3866 eisdem
3497 3803 3720 3903 decimata-

2293 3913 2460 3968 scopo
2481 3915 2702 3969 suaeque
2729 3899 2985 3954 Ecclesiae
3014 3900 3356 3956 stabiliendis
3381 3899 3481 3953 fieri
3496 3899 3716 3951 demoti

2295 3990 2672 4060 Prmcipicntes
2703 4006 2831 4060 ergo
2855 3985 3107 4057 jubemus
3133 4002 3196 4045 ut
3221 3993 3359 4047 sicut
3386 3988 3617 4060 reliquam
3637 3995 3719 4049 rege!

2285 4091 2476 4145 nostro
2501 4093 2703 4139 sancta:
2730 4083 2822 4138 Dei
2847 4083 3104 4138 Ecclesiae
3136 4085 3209 4139 ab
3235 4094 3590 4138 antecessorum

2292 4190 2408 4228 m'“
2468 4191 2653 4246 “33m”
2690 4184 2746 4231 ει
2786 4175 3177 4243 ίηψθΐλῑοτυιη
3229 4174 3495 4247 Prteceplis
3535 4179 3577 4225 ct

2289 4266 2543 4321 stabilita:
2595 4269 2921 4338 consistunt,
2965 4271 3040 4324 ita
3074 4276 3128 4322 et
3178 4269 3297 4323 haec
3342 4265 3542 4321 Osnebr.
3585 4256 3716 4313 Eccl-ra:

2289 4375 2385 4432 per
2437 4360 2540 4414 hoc
2595 4348 2851 4416 nostrum
2886 4369 3242 4432 praeceptum,
3282 4358 3489 4412 Domino
3528 4349 3717 4421 Opitulattr.

599 4423 806 4475 sinrita
865 4426 1044 4494 aliquo
1093 4433 1252 4485 modo
1302 4435 1615 4504 irritaverit,
1653 4442 2183 4498 ,anathematizatnm
2219 4455 2262 4512 υ
2292 4431 2525 4506 stabilita
2542 4454 2824 4508 consistat.
2844 4453 3206 4508 Concedimus
3230 4452 3392 4507 etiam
3413 4449 3556 4503 eidem
3577 4442 3717 4510 episﬁ‘i”

594 4523 865 4579 Constare,
888 4519 1217 4590 absqueulla
1243 4528 1597 4594 ambiguitate
1634 4531 1942 4586 didicimus.
1985 4533 2059 4587 Ex
2089 4533 2185 4587 al;-

595 4601 736 4657 batis
779 4602 956 4663 autem
1007 4615 1210 4684 scripto
1260 4620 1400 4686 quod
1433 4622 1614 4676 attulit
1663 4623 1826 4693 regali
1860 4625 2181 4680 auctoritate

594 4697 913 4755 confirmato
958 4702 1230 4771 juniorcm
1281 4709 1606 4768 Ludovicum
1658 4715 1957 4783 quamdam.
1988 4715 2177 4770 cellam

585 4786 902 4849 ,Corbciensi
940 4798 1204 4866 ecclesiae,
1233 4803 1451 4858 nomine
1477 4803 1767 4876 Meppiam,
1805 4806 2179 4862 Herifurdcnsi

590 4892 772 4944 autem
803 4886 1110 4952 ecclesiam.
1159 4894 1376 4958 nomine
1402 4893 1793 4961 Bnnede,.cum
1823 4897 2046 4961 decimis
2076 4899 2177 4981 sibi

590 4977 985 5042 pertinentibus
1017 4983 1068 5036 in
1119 4989 1452 5055 episcopatu
1478 4988 1691 5049 Osnebr
1731 4990 2066 5045 concessisse
2099 4977 2180 5044 in.-

590 5064 913 5124 telleximus.
943 5072 1025 5126 Ad
1050 5074 1165 5137 hazc
1195 5079 1537 5149 infringenda
1565 5091 1618 5136 et
1650 5083 2002 5150 adnihilanda
2032 5083 2178 5154 ejus-

589 5160 711 5213 dem
732 5160 967 5228 jnnioris
1001 5165 1254 5224 Ludovici
1285 5173 1531 5228 chartam
1559 5175 1726 5245 ipsius
1755 5177 1972 5245 propria
2015 5193 2175 5230 manu

579 5253 901 5323 roboratam
939 5260 1215 5329 etgsigillo
1257 5265 1376 5331 ejus
1420 5267 1750 5336 assignatam
1791 5269 2076 5338 episcopus
2122 5270 2173 5323 in

587 5343 763 5420 palam
803 5347 1130 5417 proferebat,
1167 5354 1216 5406 in
1246 5371 1347 5423 qua
1381 5358 1520 5413 idem
1543 5359 1844 5424 Ludovicus
1869 5361 1952 5414 avi
1987 5361 2178 5429 patris-

583 5447 694 5500 que
719 5436 798 5487 sui
824 5445 1023 5492 statuta
1051 5456 1213 5511 super
1243 5447 1445 5506 eisdem
1472 5451 1698 5506 decimis
1725 5453 1966 5524 prmfatae
2000 5452 2176 5505 Osna-

585 5525 875 5594 bruggensi
907 5531 1150 5588 ecclesiae
1190 5539 1452 5594 stabilivit
1498 5553 1552 5597 et
1601 5546 1652 5599 in
1684 5550 1995 5605 earumdem
2029 5553 2174 5608 deci-

585 5635 799 5673 marum
828 5624 1207 5687 traditionibus
1245 5634 1537 5704 quidquam
1570 5640 1878 5710 derogasse,
1922 5654 1978 5698 ut
2011 5646 2175 5703 abba-

587 5710 657 5765 tis
707 5710 908 5781 scripta
957 5713 1217 5783 referunt,
1266 5721 1562 5793 denegavit.
1621 5729 1827 5787 Abbate
1874 5744 2052 5792 autem
2114 5749 2169 5793 ct

2281 4553 2339 4604 et
2401 4542 2675 4598 licent'am
2734 4545 2949 4609 damus,
3001 4543 3111 4598 imo
3134 4535 3510 4628 "praecipimus,
3545 4527 3714 4634 secandis

2285 4630 2463 4687 Caroli
2510 4633 2904 4688 institutionem
2946 4620 3189 4687 decimas
3243 4639 3532 4686 cunctorum
3562 4620 3652 4722 inin

2282 4723 2627 4793 episcopatus
2682 4725 2949 4779 terminos
2990 4723 3376 4786 habitantium,
3406 4717 3565 4788 quibus
3580 4717 3651 4779 jam
3672 4717 3712 4753 εδδ

2284 4811 2479 4880 injuste
2501 4815 2697 4880 caruit,
2726 4815 2778 4868 in
2804 4829 2957 4870 suam
2983 4813 3345 4884 episcopalem
3372 4812 3712 4881 potestatemin-=-

2283 4920 2430 4974 1³01⁸8.
2457 4906 2672 4962 nemine
2693 4906 3124 4962 contradicente.
3171 4906 3279 4960 Sed
3321 4905 3464 4958 liceat
3485 4896 3712 4968 partitoqu-

2280 5013 2444 5066 ⁸⁸0Ρο
2473 4999 2689 5052 easdem
2721 4999 2962 5054 decimas
2989 5007 3325 5080 craterasque
3350 5012 3430 5051 res
3449 5008 3538 5060 sua:
3567 4987 3710 5082 Eccita:

2279 5105 2415 5158 quas
2454 5091 2611 5161 modo
2641 5091 2881 5160 possidet
2924 5091 3293 5161 vel-deinceps
3338 5083 3708 5159 acquisieril

2279 5181 2471 5234 ordine
2509 5182 2809 5251 possidere,
2844 5196 3076 5252 suasque
3107 5181 3400 5245 Ecclesias,
3440 5175 3565 5234 sicuti
3583 5177 3707 5268 me

2278 5288 2397 5326 rum
2421 5271 2510 5341 jus
2539 5283 2621 5327 est
2648 5273 3332 5342 episcoporum,corrigere
3370 5279 3418 5323 et
3442 5279 3586 5322 earum
3605 5267 3706 5358 quae

2277 5365 2482 5434 absque
2509 5364 2614 5418 ulla
2641 5364 3076 5432 contradictione
3105 5365 3404 5432 disponere.
3433 5359 3589 5423 Sicque
3619 5353 3705 5400 lim-:-

2278 5465 2359 5511 ler
2404 5456 2703 5511 stabilitum
2748 5464 2829 5510 est
2869 5466 2928 5508 nt
2977 5456 3154 5510 cuncti
3190 5452 3305 5522 ejus
3358 5439 3703 5542 successon‘i‘lf

2275 5549 2463 5603 eadem
2488 5565 2516 5602 a
2558 5548 2714 5602 nobis
2741 5547 2948 5602 sancita
2993 5547 3108 5618 pari
3139 5546 3293 5602 modo
3317 5543 3582 5598 sortiantur.
3610 5529 3648 5582 Et
3675 5531 3702 5572 ii

2273 5641 2388 5698 lucc
2416 5641 2717 5696 auctoritas
2743 5648 2927 5695 nostra
2951 5639 3238 5695 ﬁrmiorem
3278 5638 3328 5691 in
3363 5634 3448 5690 Dei
3486 5626 3638 5685 nomim?
3656 5618 3701 5668 ἶν’

2274 5738 2398 5794 beat
2444 5714 2814 5805 stabilitatem,
2862 5717 3026 5794 manu
3082 5745 3263 5793 nostra
3307 5730 3500 5806 propria
3537 5732 3578 5779 ut
3595 5714 3699 5774 solui
