3838 6322
33 275 142 331 H9

1417 276 1763 339 liENRICUS
1781 288 1788 323 έ
1803 283 1888 336 tv-
1907 246 2050 337 au».

3183 283 3325 342 ιιιιιι

16 391 241 443 λὶιίριιιι·
285 389 469 447 hanc
503 389 743 445 chartam
777 389 1092 456 roborantes
1120 390 1292 462 sigillo
1319 401 1504 448 nostro
1525 392 1644 462 jus-
1680 407 1725 452 A
1756 395 2046 470 netiarum,
2099 407 2233 460 quas
2284 393 2335 448 in
2362 402 2550 465 nostro
2585 393 2818 450 adventu
2847 396 2900 452 in
2927 411 3148 468 regnem
3173 399 3321 471 Ital-i1

21 479 184 532 imus
220 479 559 550 assignari.
931 524 933 526 ς
1104 541 1106 543 .

72 571 346 639 Signum
409 572 598 626 domui
645 572 778 640 regis
817 569 1648 640 Heinriciquartiinvictissimi.

20 661 62 714 t.
125 659 241 729 ιιι.)
453 720 456 721 ν
577 719 584 726 _
1351 714 1353 718 λ
1503 683 1506 685 -

71 751 502 808 Gebehardus
527 750 886 808 caucellarius
924 751 1042 805 vice
1080 748 1332 819 Sigei‘ridi
1361 750 1651 804 archican-

15 839 233 893 :cllarii
273 841 623 910 recognovi.

73 917 236 984 Data
284 946 359 984 ιιι
394 931 526 984 Kal.
575 930 768 999 April.,
822 929 1009 984 indict.
1056 944 1114 993 ιι,
1162 943 1305 996 anno
1363 928 1654 982 Dominica:

26 1029 319 1075 ncarnat.
383 1023 578 1085 1079;
640 1036 780 1075 anno
835 1030 1014 1088 autem
1073 1020 1222 1090 regni
1279 1020 1461 1074 domui
1507 1019 1654 1088 regis

15 1111 278 1166 lleinrici
313 1114 520 1182 quarti
549 1125 702 1165 χχιιι.

80 1185 312 1255 Actum
355 1202 682 1270 Ratispona:
708 1200 772 1272 in
801 1201 894 1256 Dei
933 1200 1149 1256 nomine
1180 1200 1430 1255 feliciter.
1459 1200 1648 1262 Amen.

810 1313 923 1367 VII.

15 1406 411 1474 Con/immtia
444 1406 830 1474 prieilcgiorum
859 1415 906 1458 et
925 1405 1128 1474 furium
1159 1405 1408 1474 episcopo
1426 1402 1649 1457 Patavi-

89 1463 191 1539 τιὸ,
225 1463 479 1547 ejusque
521 1463 768 1529 Ecclesia:
795 1463 942 1543 facta
974 1477 1038 1528 ab
1070 1463 1298 1528 Henrico
1330 1463 1414 1527 ιγ
1442 1491 1578 1544 rege.

672 1567 850 1636 (Anno
881 1565 1067 1634 1079.)

363 1656 716 1728 [Μυιυιτοιιμ
753 1656 926 1725 Autiq.
958 1655 1106 1718 ltal.,
1143 1656 1206 1714 ll.
1235 1657 1348 1729 73.]

1755 493 1874 537 eum
1901 491 1905 499 '
1935 483 2197 539 Sacens'es
2225 499 2344 539 luna
2396 501 2577 548 causa.
2624 488 2750 556 quia
2806 489 3089 560 episcopis
3131 491 3324 545 Padum

1752 583 1836 631 est
1861 590 2043 632 comes
2073 577 2346 644 Sacensis,
2369 587 2423 634 et
2450 591 2721 650 przeccpto
2745 580 2921 637 Patris
2945 583 3113 638 nostri
3141 585 3326 638 dicunt

1753 683 1812 723 sc
1860 668 2016 721 nobis
2066 669 2288 724 debere.
2331 670 2456 725 llaec
2481 675 2659 727 omnia
2703 689 2798 743 per
2827 675 2965 730 hanc
2989 676 3160 729 nostri
3186 691 3325 745 pnu-

1752 761 1893 830 cepti
1925 761 2172 832 paginam
2195 765 2611 820 corroltoramus
2636 775 2799 836 atque
2825 765 3126 833 ﬁrmamus,
3155 769 3328 821 ﬁrmi-

1763 856 1849 908 ter
1872 855 2268 925 praecipientes,
2319 866 2379 910 ut
2419 856 2873 926 deincepsnullus
2896 856 3172 929 princeps,
3206 858 3324 911 nul-

1753 942 1836 997 lus
1858 942 2022 1011 judex
2050 944 2326 1013 publicus,
2353 944 2532 998 nullus
2568 945 2704 1011 dux,
2733 946 2873 998 nulla
2915 946 3016 999 alia
3037 946 3324 1015 judiciaria

1755 1043 1991 1102 potestas
2019 1043 2112 1087 aut
2138 1050 2341 1099 comes,
2366 1036 2446 1090 vel
2470 1036 2618 1090 missi
2655 1037 2930 1099 dominici,
2965 1037 3104 1090 nulla
3134 1051 3325 1106 magna

1756 1121 1836 1176 vel
1883 1136 2046 1190 parva
2097 1137 2327 1190 persona
2366 1125 2470 1178 hoc
2509 1132 2754 1179 nostrum
2780 1136 3105 1194 praeceptum
3139 1125 3329 1178 infrin-

1753 1228 1882 1281 gere
1936 1223 2249 1282 praesumat.
2311 1215 2366 1270 Si
2401 1231 2505 1285 qua
2557 1217 2971 1285 vero‘persoua
3011 1233 3204 1287 magna
3243 1217 3328 1270 vel

1755 1317 1916 1370 parva
1975 1303 2134 1373 hujus
2182 1305 2352 1359 nostri
2390 1307 2642 1375 praecepti
2680 1306 2922 1360 instituta
2964 1306 3045 1360 vel
3067 1323 3326 1361 concessa

1744 1393 1808 1444 .iu
1837 1391 2018 1462 aliquo
2058 1391 2373 1464 infringere,
2426 1411 2519 1450 seu
2551 1396 2801 1465 personis
2820 1403 2913 1448 aut
2934 1395 3092 1449 bouis
3113 1411 3324 1464 pramo-

1757 1483 1944 1539 minati
1998 1486 2280 1554 cpiscopii,
2309 1481 2438 1542 ~sive
2468 1489 2746 1560 praedicto
2803 1488 3057 1557 episcopo
3105 1488 3329 1558 suisque

1754 1578 2166 1632 successoribus
2191 1579 2424 1649 aliquam
2447 1581 2563 1634 vim
2595 1570 2858 1641 intulerit,
2891 1589 3176 1650 componet
3200 1596 3329 1635 cen-

1755 1679 1867 1724 tum
1926 1670 2096 1725 libras
2141 1672 2279 1737 auri,
2314 1671 2687 1731 medietatem.
2711 1687 2942 1729 camera:
2976 1683 3192 1738 nostrze,
3219 1688 3330 1728 me-

97 1746 157 1799 ln
186 1747 444 1802 nomine
471 1754 673 1819 sanctae
699 1753 754 1799 ct
782 1743 1068 1800 individua:
1101 1746 1415 1822 Trinitatis.
1448 1745 1651 1802 iit-zam-
1684 1750 1726 1804 B
1753 1760 2007 1816 meme.“
2035 1763 2295 1832 ρηωίριο
2323 1763 2595 1832 episcopo,
2619 1771 2726 1818 εις,

25 1853 148 1900 cus,
181 1836 396 1889 divina
437 1835 654 1910 favente
681 1835 990 1900 clementia,
1024 1849 1137 1908 rex.

99 1928 412 1992 Quoniam.
434 1908 598 1998 regia:
619 1911 702 1980 vel
727 1926 1086 2003 imperatoriae
1111 1908 1397 1996 dignitatis
1409 1926 1646 1982 officium

31 2034 156 2072 esse
175 2027 472 2083 constat,
527 2026 586 2072 ut
617 2002 999 2074 ecclesiaeDeo
1027 2027 1080 2074 et
1109 2019 1311 2074 sanctis
1343 2020 1566 2084 dicatae,
1582 2023 1651 2076 ob

37 2111 212 2164 divini
258 2108 466 2165 cultus
513 2107 885 2180 augmentum,
933 2111 1086 2165 novis
1111 2122 1326 2179 semper
1352 2110 1650 2182 privilegiis

35 2211 235 2253 contra
271 2190 494 2278 omnes
523 2199 897 2278 infestantium
941 2189 1282 2270 incursiones
1314 2185 1649 2270 muniantur,

41 2280 256 2346 idcirco
315 2300 522 2346 notum
567 2305 684 2369 esse
735 2292 982 2367 volumus
1006 2283 1257 2346 omnibus
1284 2291 1532 2347 ﬁdelibus
1556 2307 1649 2352 no.-

41 2371 199 2443 stris,
255 2386 386 2458 tam
452 2384 812 2452 praeSentibus
855 2400 1020 2454 quam
1050 2384 1264 2452 futuris,
1299 2383 1534 2454 qualiter
1567 2384 1652 2438 vir

45 2475 396 2530 venerabilis
461 2475 524 2529 D.
551 2475 820 2530 Paduanae
848 2475 1102 2531 Ecclesia:
1145 2479 1427 2546 episcopus
1451 2475 1652 2530 sereni-

45 2569 172 2621 tatis
199 2575 424 2623 nostra:
454 2568 798 2623 clementiam
830 2568 1018 2624 adiens
1052 2567 1362 2636 postulavit,
1388 2577 1448 2622 ut
1476 2567 1649 2621 cidem

50 2651 302 2714 ecciesize
343 2659 463 2713 sibi
496 2659 821 2725 commissae,
855 2659 910 2713 in
936 2659 1144 2732 honore
1177 2658 1398 2714 Sanctae
1421 2659 1530 2716 ‘Dei
1562 2675 1652 2731 ge-

49 2749 270 2804 nitricis
297 2749 500 2803 Mariae
524 2758 874 2814 constructa,
910 2749 1269 2805 immunitatis
1298 2760 1354 2806 et
1381 2750 1653 2806 libertatis

51 2825 392 2910 pra'ccptuni
439 2836 555 2892 ﬁeri
582 2833 1016 2903 decerneremus,
1053 2853 1150 2908 per
1168 2838 1309 2908 quod
1335 2854 1422 2893 res
1449 2847 1502 2894 et
1523 2853 1651 2908 pro-

54 2931 345 2997 prictatcs,
402 2917 530 3000 quae
576 2915 676 2985 suo
728 2929 1002 3000 episcopio
1057 2929 1212 2994 subdi
1272 2929 1540 2992 videntur,
1564 2928 1652 2999 vel

57 3011 224 3075 subdi
262 3008 400 3098 jure
431 3021 737 3100 debentur,
776 3013 1312 3100 .ﬁrmius'etpleuius
1339 3020 1540 3076 habere
1561 3036 1652 3075 va-

1823 1852 2041 1924 Signum
2067 1856 2243 1908 damni
2273 1854 2489 1909 Henrici
2521 1856 2654 1924 regis
2680 1856 2856 1926 quarti
2883 1857 3228 1910 invictissimi.

1755 1997 1758 1999 _
1820 1943 2164 1998 Burchanlus
2218 1946 2582 2000 cauccllarius
2631 1946 2748 2000 vice
2803 1944 2906 2001 S...
2939 1930 3313 2000 archicaucel:
3361 1960 3364 1966 ‘

1753 2031 1874 2089 lat-ii
1906 2027 2213 2106 recognovi.
2280 2053 2286 2068 ί
2390 2035 2395 2060 ⁵
2937 2035 2939 2038 ’

1823 2128 1957 2181 Data
1984 2145 2016 2182 x
2039 2126 2526 2199 Kalend.Augusti,
2560 2128 2745 2184 indict.
2776 2145 2839 2192 ιι,
2867 2143 3008 2182 anno
3040 2127 3330 2183 Dominica:

1753 2211 2154 2281 lucaritationis
2199 2220 2355 2284 1079,
2393 2233 2535 2276 anno
2588 2212 2766 2274 autem
2796 2221 2946 2291 regni
2973 2220 3152 2275 domui
3187 2218 3330 2288 regis

1756 2310 1976 2365 ilcnrici
1998 2304 2176 2382 quarti
2205 2327 2359 2366 χχιιι.
2405 2344 2408 2348 -

1751 2442 1760 2452 .
1821 2403 2016 2458 Actum
2045 2399 2360 2474 Ratispoua:
2388 2405 2442 2458 in
2474 2405 2569 2461 Dei
2610 2405 2832 2460 nomine
2857 2404 3101 2460 feliciter.
3131 2391 3327 2458 Amen.

2473 2490 2608 2571 vnt.
2695 2545 2698 2547 -

1754 2605 1973 2662 Ilcnrici
2027 2603 2111 2658 IV
2151 2605 2449 2663 Germania:
2490 2624 2551 2661 ac
2605 2606 2784 2662 Italia:
2828 2607 2961 2677 regis
3001 2605 3325 2677 privilegium

1823 2677 1982 2736 Petro
2041 2677 2216 2732 abbati
2281 2695 2586 2732 concessum
2633 2696 2728 2746 pro
2785 2675 3101 2733 monasterio
3149 2675 3330 2731 Sancti

1827 2748 2049 2814 Eugeuii
2071 2747 2124 2799 in
2145 2749 2412 2803 comitatu'
2427 2749 2663 2804 Senensi.

2195 2899 2197 2902 ,
2346 2841 2527 2912 (Anno
2563 2841 2745 2910 l08l.)
2839 2887 2842 2890 .
2937 2889 2940 2894 .

2037 2929 2581 3008 [ΜυιιιιτοιιιηΑηιίᾳ.
2615 2931 2770 3002 I.tal.,
2791 2930 2878 2996 Vi,
2901 2929 3050 3000 197.]

1798 3022 1878 3089 Vin
1909 3022 2127 3076 nomine
2162 3031 2364 3076 saneta:
2404 3020 2778 3076 ct-individua:
2819 3021 3126 3082 Trinitatis,
3168 3017 3332 3072 llam-

60 3099 280 3163 luissct.'
335 3091 514 3177 Cujus
551 3095 810 3179 petitioni
839 3095 918 3164 'ob
967 3125 1208 3165 amorem
1240 3111 1448 3180 Domini
1477 3112 1647 3166 nostri
1677 3084 1721 3146 ε
1753 3127 1932 3175 nte-us,
1959 3112 2137 3165 divina
2168 3110 2382 3166 favente
2411 3111 2725 3173 clementia,
2752 3119 2978 3180 quartus
3013 3124 3129 3162 rex.
3155 3105 3325 3173 Quid-

60 3198 182 3253 .icsu
216 3201 436 3255 Christi
463 3216 743 3255 assensum
773 3201 1095 3270 prazbeutes,
1135 3203 1206 3256 ita
1241 3201 1355 3256 ﬁeri
1397 3202 1650 3258 decrevi-

61 3304 196 3350 mus,
255 3292 466 3346 ethoc
495 3283 824 3361 praeceptum
884 3291 1007 3345 inde
1055 3292 1322 3363 conscribi
1364 3290 1648 3359 jussimus,

65 3378 295 3434 ﬁrmiter
355 3370 764 3450 prtecipieutes,
811 3387 872 3434 ut
898 3381 1143 3450 pratsulis
1179 3378 1292 3448 jam
1319 3381 1446 3436 dicti
1497 3382 1653 3436 sedes

66 3459 262 3524 sancta
306 3457 580 3541 perpetuo
633 3457 730 3540 per
763 3470 866 3524 hoc
894 3479 1132 3525 nostrum
1163 3482 1511 3542 pneceptitm,
1542 3472 1652 3539 Deo

66 3551 389 3624 opitulante,
444 3551 655 3615 constat
713 3545 941 3615 firmiter
968 3560 1224 3615 stabilita.
1254 3561 1651 3628 Conﬁrmamus

71 3648 229 3702 etiam
258 3666 362 3720 per
390 3651 535 3706 hanc
563 3651 737 3706 nostri
763 3651 1019 3721 praecepti
1072 3652 1323 3722 paginam
1346 3661 1400 3707 et
1425 3653 1652 3708 ﬁrmiter

69 3727 497 3796 corroboramus
525 3742 706 3796 omnia
748 3750 1016 3810 prmcepta
1039 3777 1042 3779 λ
1062 3750 1117 3796 et
1147 3742 1526 3798 mundiburdia
1553 3743 1652 3809 ime

71 3840 383 3899 peratorum
422 3832 534 3886 sive
566 3847 774 3902 regum,
817 3847 935 3902 qua:
965 3831 1150 3887 eadem
1189 3834 1415 3905 ecclesia
1444 3834 1646 3890 habere

65 3920 302 3995 videtur.
337 3922 660 3998 Slahilimus
699 3923 860 4000 etiam
891 3936 988 3991 per
1011 3923 1114 3977 hoc
1141 3933 1466 3994 praeceptum
1494 3925 1653 3994 quid-

75 4012 197 4079 quid
252 4015 452 4069 cadcm
511 4004 749 4068 ecclesia
782 4013 981 4090 habere
1008 4013 1237 4079 videtur,
1278 4014 1361 4068 vel
1390 4014 1648 4085 quidquid

75 4104 118 4154 ci
151 4090 288 4172 jure,
320 4106 527 4159 habere
575 4105 825 4160 debetur.
871 4103 1202 4180 Nominatim
1254 4104 1478 4172 ﬂumen,
1508 4106 1649 4175 quod

75 4191 302 4250 vocatur
328 4196 570 4252 Retroue
594 4212 623 4250 a
646 4195 783 4249 vado
807 4181 984 4250 Silicis
1007 4192 1274 4272 usquead
1297 4196 1473 4253 locum
1505 4198 1651 4268 quod

80 4283 240 4340 intrat
287 4289 341 4343 in
379 4287 602 4352 ﬁumen,
634 4288 777 4358 quod
808 4295 1032 4342 vocatur
1080 4287 1302 4354 Brenta,
1329 4288 1451 4342 inde
1479 4303 1652 4358 usque

81 4377 399 4443 adfossam,
423 4395 542 4450 qua:
563 4388 784 4434 vocatur
807 4379 992 4444 Baiha,
1025 4387 1078 4434 et
1098 4377 1296 4435 fossam
1328 4395 1449 4434 cum
1474 4379 1651 4434 ﬂumi-

82 4484 166 4536 ne,
217 4462 344 4540 quae
381 4463 483 4528 est
518 4488 547 4525 a
584 4472 788 4542 capella
843 4470 1028 4546 Sancti
1074 4471 1356 4526 Michaelis
1386 4487 1557 4541 usque
1584 4473 1648 4528 ad

83 4568 290 4626 portum
355 4563 425 4617 de
480 4561 752 4625 Pontede
789 4561 1118 4628 Fossumha;
1150 4562 1222 4616 ita
1247 4571 1306 4616 ιιι
1328 4563 1460 4617 nulli
1491 4563 1652 4618 liceat

87 4648 447 4706 molendinum
480 4635 748 4707 :edit‘icarc
805 4652 856 4728 in
881 4653 1155 4728 praedictis
1177 4654 1332 4722 aquis
1360 4662 1416 4708 et
1439 4669 1652 4723 praeno—

86 4737 298 4794 minatis
319 4742 473 4808 locis,
499 4743 584 4798 vel
606 4743 833 4804 elusam,
853 4727 946 4796 vel
962 4728 1283 4819 vpiscariam,
1321 4743 1406 4816 vel
1434 4743 1650 4814 aliquod

91 4828 384 4897 :ediﬁcium,
417 4835 496 4890 vel
529 4834 865 4900 obstaculum
891 4818 1088 4890 facere
1119 4835 1234 4890 sine
1263 4834 1480 4891 licentia
1502 4835 1649 4905 ejus-

91 4919 202 4975 dem
256 4928 516 4999 episcopi,
563 4929 646 4983 vel
697 4943 1074 5002 successorum
1138 4943 1356 4982 suorum
1407 4944 1436 4982 a
1498 4939 1651 4998 parte

95 5015 324 5078 pradicti
348 5021 623 5090 cpisc0pii.
652 5021 980 5076 Nominatim
1011 5036 1226 5090 quoque
1272 5020 1505 5074 Ladrum
1528 5036 1650 5076 cum

93 5107 254 5170 pratis
304 5119 358 5164 et
408 5114 656 5167 omnibus
688 5112 1008 5180 adjacentiis
1053 5113 1187 5179 suis,
1214 5121 1268 5168 et
1291 5122 1533 5182 pontem,
1558 5113 1648 5182 qui

101 5191 287 5250 dicitur
339 5201 684 5278 Yicentinus,
745 5218 866 5256 cum
933 5203 1166 5258 arcubus
1216 5197 1276 5258 et
1329 5203 1652 5258 molendinis

101 5286 358 5356 omnibus,
381 5307 499 5360 qua:
525 5293 725 5369 habere
741 5294 951 5348 videtur
971 5292 1283 5364 prtedictum
1296 5294 1646 5364 episcopium,

103 5374 176 5462 δίει
201 5392 315 5450 quae
348 5382 394 5439 ei
436 5384 558 5453 jure
589 5385 1227 5462 debentur..Nominatim
1255 5403 1471 5458 quoque
1508 5391 1651 5458 ripa-

107 5459 280 5531 ticutn,
325 5472 610 5538 teloneum,
653 5459 1136 5544 portus,'mercata
1165 5481 1345 5530 omnia
1395 5479 1649 5548 prrcdicta

106 5548 153 5600 in
179 5561 412 5617 omnibus
433 5578 770 5635 qnmcunque
793 5619 797 5623 ,
817 5565 870 5618 in
921 5565 1118 5619 ﬁnibus
1143 5565 1340 5622 Patina:
1369 5569 1653 5622 continen-

98 5656 191 5695 tur.
227 5647 559 5712 Nominatim
608 5658 827 5723 insuper
859 5666 1062 5726 septem
1097 5657 1262 5714 libras
1293 5669 1521 5720 moneta:
1548 5659 1651 5716 Vc-

1755 3202 1882 3270 quid
1912 3202 2118 3256 sanctis
2147 3201 2280 3257 locis
2321 3201 2694 3270 religiosisque
2733 3201 2865 3254 viris
2906 3200 3044 3263 inihi
3065 3199 3176 3252 Deo
3203 3214 3328 3252 sane

1755 3297 1966 3362 ctisque
2003 3292 2120 3362 ejus
2156 3292 2569 3356 famulantibus,
2610 3277 2709 3360 pro
2749 3306 2896 3346 more
2935 3301 3000 3354 et,
3037 3290 3327 3352 traditione

1753 3395 2158 3450 antecesserunt
2205 3373 2532 3446 nostrorum,
2575 3368 2841 3436 ﬁrmanda
2873 3379 3325 3444 concesserimus,

1754 3479 1819 3532 ad
1861 3487 2079 3532 acterna:
2110 3475 2480 3545 retributionis
2513 3473 2901 3528 beatitudinem
2946 3473 3101 3526 nobis
3130 3485 3328 3540 prove-

1753 3567 1872 3621 nire
1901 3580 2200 3634 speramus.
2225 3563 2390 3634 igitur
2417 3564 2654 3634 omnium
2692 3547 2896 3626 sanctae
2920 3563 3011 3617 Dei
3050 3560 3327 3626 Ecclesiae,

1754 3667 2170 3726 nostrorumque
2199 3655 2458 3722 ﬁdelium,
2485 3655 2827 3725 prresentium
2858 3653 3065 3709 scilicet
3093 3668 3158 3706 ac
3181 3651 3327 3703 futu-

1754 3768 1963 3818 rorum,
1991 3751 2287 3820 comperiat
2301 3750 2524 3805 solertia
2543 3749 2774 3822 qualiter
2792 3748 2959 3803 abbas
2980 3747 3172 3806 Petrus
3200 3759 3324 3819 cum

1752 3843 2033 3905 monachis
2062 3841 2114 3896 in
2154 3842 2406 3899 comohio
2437 3841 2623 3904 Sancti
2660 3840 2909 3913 Eugenii,
2957 3840 3100 3909 quod
3135 3849 3218 3895 cst
3253 3836 3330 3893 si-

1753 3941 1864 3995 tum
1893 3932 1946 3986 iu
1977 3931 2244 3988 comitatu
2287 3930 2548 3996 Senensi,
2586 3931 2805 3996 nomine
2843 3929 3169 3995 Pilosianus.
3206 3969 3222 3984 .
3259 3971 3273 3986 .
3308 3970 3326 3989 .

1858 4020 2058 4077 .nohis
2098 4021 2375 4086 indicavit,
2424 4003 2566 4089 quod
2598 4018 2756 4074 famis
2785 4034 2849 4073 ac
2886 4018 3148 4086 ntulit-aiis
3184 4020 3326 4075 iudi-

1752 4112 1935 4182 gentia
1981 4110 2176 4164 ibidem
2224 4110 2333 4164 Deo
2381 4110 2588 4164 servire
2645 4124 2750 4163 nou
2805 4117 3048 4178 possent,
3093 4121 3158 4161 eo
3186 4106 3328 4174 quod

1752 4212 1954 4269 curtes,
1985 4211 2445 4272 tcrrasque,quas
2485 4209 2859 4266 antecessores
2887 4200 3054 4254 nostri
3083 4200 3149 4254 ad
3179 4213 3326 4253 sum-

1751 4305 1902 4364 ptum
1917 4310 2105 4368 eorum
2125 4293 2489 4356 contulerant,
2512 4291 2660 4361 pravi
2692 4290 2938 4344 homines
2952 4288 3323 4344 abstulissent.

1753 4386 1862 4442 Nos
1891 4425 1907 4441 .
1942 4420 1960 4437 .
1993 4366 2008 4440 ζ
2043 4425 2057 4440 .
2092 4425 2108 4440 .
2141 4423 2156 4438 .
2181 4425 2197 4450 ,
2236 4384 2290 4438 in
2315 4393 2554 4438 nostram
2587 4382 2874 4446 deveniam
2901 4379 3322 4443 dominationem

1753 4493 1817 4532 ac
1839 4477 2228 4548 proprietatem
2259 4489 2346 4529 res
2382 4483 2436 4528 et
2463 4475 2684 4544 przedia,
2710 4489 2830 4544 qum
2850 4487 2877 4526 a
2903 4472 3324 4544 prtecessoribus

1751 4568 1951 4624 nostris
2000 4567 2198 4621 ibidem
2249 4565 2469 4630 collata,
2504 4573 2627 4618 sunt
2653 4563 2966 4619 conﬁrmata
2992 4561 3324 4623 et_corrobo-,

1752 4667 1892 4723 rata,
1922 4657 2246 4723 conﬁrmare
2272 4662 2328 4710 et
2354 4654 2709 4709 corroborare
2739 4653 3048 4717 statuimus,
3085 4665 3148 4704 ca
3180 4650 3327 4715 vide-

1752 4747 1882 4802 licet
1922 4747 2139 4808 ratione
2181 4754 2240 4799 ut
2287 4759 2409 4799 cum
2450 4743 2596 4799 omni
2648 4743 2828 4812 quiete
2857 4752 2910 4798 et
2941 4740 3326 4810 tranquillitate

1753 4845 1997 4902 teneant,
2057 4835 2366 4890 ﬁrmissime
2390 4833 2701 4904 possideant
2725 4833 2928 4901 alisque
2971 4831 3078 4910 ulla
3111 4841 3326 4885 contra-

1753 4931 1986 4995 dictione
2047 4944 2312 4998 personae,
2352 4927 2452 4982 hoc
2489 4933 2571 4981 est
2599 4925 2882 4990 ecclesiam
2914 4911 3098 4978 Sancti
3147 4923 3318 4986 Petri,

1753 5037 1875 5092 qua:
1897 5021 2099 5076 dicitur
2124 5020 2380 5089 Campus,
2420 5036 2542 5076 cum
2578 5018 2828 5073 omnibus
2856 5016 3189 5085 appendiciis
3214 5017 3326 5070 suis

1751 5123 1808 5166 et
1858 5121 2012 5167 curte
2057 5112 2121 5166 de
2171 5111 2427 5175 Untione,
2465 5108 2748 5163 ecclesiam
2780 5106 3321 5160 SanctiSaviuicmn

1752 5203 2026 5260 corticella
2056 5204 2108 5256 in
2147 5203 2385 5255 Audrina
2429 5211 2483 5255 et
2507 5202 2558 5254 in
2586 5199 2834 5255 Citinella
2860 5207 2912 5253 et
2952 5199 3000 5251 in
3037 5197 3242 5267 Vagiua
3269 5205 3323 5250 ct

1753 5295 1805 5349 iu
1835 5295 2054 5364 Poagia,
2082 5293 2368 5348 ecclesiam
2414 5292 2598 5356 Sancti
2632 5291 2772 5344 Petri
2802 5291 2851 5343 iu
2888 5289 3176 5358 Arganello
3200 5304 3322 5350 cum

1751 5385 2082 5456 appendiciis
2110 5384 2221 5456 suis
2249 5384 2301 5437 in
2327 5382 2560 5443 Tudina.
2604 5383 2656 5437 in
2681 5381 2851 5452 Grigi,
2876 5380 3158 5436 ecclesiam
3187 5379 3325 5434 San-

1751 5477 1820 5530 cti
1859 5476 2132 5531 Michaelis
2156 5474 2552 5541 inVeronulla,
2602 5473 3322 5546 cum.pcrtiueutiisearum,

1752 5575 1806 5619 et
1833 5565 1884 5618 in
1920 5563 2104 5628 Sicali,
2129 5565 2429 5621 ecclesiam
2465 5566 2679 5621 Sancta:
2704 5565 2933 5620 Crecilia:
2962 5563 3013 5617 in
3050 5563 3321 5626 Mcudina,

1751 5657 2035 5713 ecclesiam
2085 5657 2268 5713 Sancti
2322 5659 2509 5726 Angcli
2558 5658 2609 5714 iu
2643 5654 3246 5723 Lucinula,iuCet-tina
3269 5663 3324 5711 et
