3838 6322
514 320 642 376 “bl

1808 311 2070 367 NONUM.

2196 313 2384 369 [‘LOM.
3392 366 3405 369 -
3633 323 3717 375 ΙῗΞΞ

511 434 566 487 in
587 428 831 494 Calcina,
862 434 917 482 et
960 432 1111 480 eurte
1141 422 1404 487 Vescona,
1448 423 1499 477 in
1525 422 1795 488 Taverna,
1821 426 1955 478 etin
1988 428 2084 482 Ar-
2119 434 2158 487 Α
2189 437 2243 479 et
2295 426 2519 479 firmiter
2564 427 2851 481 statuiums
2876 467 2889 488 ,
2942 442 3276 497 quemquam
3332 430 3612 484 hominum
3658 448 3717 491 ma

514 523 675 580 liiola.
722 518 1005 574 ecclesiam
1051 514 1265 570 Sanctae
1300 516 1545 582 Agnetis,
1572 514 1863 569 ecclesiam
1894 518 2079 574 Sancti

513 612 658 667 Petri
709 613 761 665 in
814 609 994 663 Monte
1041 607 1279 673 Sinderi,
1316 614 1371 661 et
1401 616 1553 661 curte
1580 609 1719 665 delle
1746 608 1919 673 Stine,
1959 624 2083 663 cum

514 705 630 771 ipso
674 700 914 764 castello,
944 697 1230 753 ecclesiam
1278 696 1462 751 Sancti
1492 699 1761 753 Anastasii
1804 700 1857 753 in
1890 698 2086 752 llania-

514 796 617 861 ria,
667 802 721 848 et
777 803 931 847 curte
987 808 1107 862 qua:
1141 799 1226 845 est
1252 791 1305 844 in
1335 790 1488 860 plebe
1520 794 1584 847 de
1613 793 1814 847 Sancto
1842 792 2001 848 l’etro
2030 793 2083 845 in

513 885 690 954 Valle,
740 885 1025 942 ecclesiam
1056 884 1241 939 Sancti
1291 884 1497 954 Angeli,
1528 900 1647 953 quae
1669 897 1753 940 est
1774 887 1823 939 in
1860 884 2082 953 Vajano.

512 976 801 1031 ecclesiam
865 975 1051 1030 Sancti
1116 975 1306 1045 Angeli
1356 974 1407 1026 in
1464 973 1736 1039 Certano,
1800 975 2083 1030 ecclesiam

514 1068 702 1122 Sancti
729 1066 873 1121 Petri
904 1066 955 1119 in
985 1064 1299 1129 Baruntulo,
1340 1082 1461 1121 cum
1493 1066 1607 1133 ipso
1633 1064 1763 1133 Pojo
1797 1065 1848 1119 in
1877 1063 2082 1119 Cerial-

516 1168 593 1223 ta,
624 1158 907 1213 ecclesiam
938 1157 1123 1210 Sancti
1147 1156 1295 1210 Pauli
1333 1156 1383 1209 in
1415 1157 1585 1225 burgo
1613 1156 1679 1209 de
1715 1154 1879 1219 Sena,
1911 1154 2085 1209 eccle-

516 1250 652 1304 siam
690 1248 875 1303 Sancti
914 1246 1147 1310 Miniati,
1199 1244 1485 1299 ecclesiam
1545 1244 1730 1299 Sancti
1784 1243 1996 1313 Angeli,
2033 1253 2087 1299 et

517 1342 863 1395 medietatem
909 1339 1153 1393 ecclesia:
1213 1336 1397 1393 Sancti
1432 1337 1641 1391 Romuli
1694 1337 2087 1391 cumomnibus

516 1432 859 1500 pertinentiis
884 1439 937 1483 et
965 1429 1150 1483 usibus
1175 1443 1383 1494 earum,
1408 1437 1463 1482 et
1483 1428 1657 1483 locum
1691 1426 1876 1481 Sancti
1907 1427 2090 1495 Augu-

518 1521 672 1583 stini,
704 1521 754 1573 in
792 1535 896 1589 quo
945 1527 1180 1572 castrum
1228 1518 1551 1572 mdilicatttm
1605 1526 1713 1583 est,
1762 1528 1817 1571 et
1850 1526 1990 1571 terra
2022 1518 2088 1572 de

517 1609 856 1669 Cursiniano,
887 1616 940 1661 et
980 1608 1114 1660 duos
1139 1621 1354 1661 mansos
1376 1607 1429 1660 in
1461 1607 1802 1675 Campriano,
1834 1616 1885 1660 et
1914 1606 2088 1661 eccle-

519 1697 654 1750 siam
706 1696 889 1750 Sancti
938 1696 1085 1750 Pauli
1147 1697 1199 1749 in
1234 1696 1455 1750 castello
1502 1696 1567 1750 de
1605 1694 1789 1765 Origia
1820 1712 1943 1751 cum
1975 1696 2087 1751 suis

522 1787 883 1857 pertinentiis,
936 1796 991 1841 el
1044 1786 1327 1842 ecclesiam
1362 1785 1545 1841 Sancti
1574 1786 1796 1856 Eugenii
1829 1802 1950 1841 cum
1977 1787 2088 1842 suis

520 1878 855 1947 appendiciis
886 1879 936 1931 in
963 1878 1209 1943 Poliano,
1260 1886 1314 1933 et
1342 1888 1539 1933 terram
1572 1879 1623 1932 in
1656 1879 2003 1943 Saturniano,
2034 1891 2089 1933 ct

518 1980 725 2023 curtem
758 1971 822 2023 de
854 1968 1103 2034 Serdille,
1172 1978 1489 2038 partemque
1520 1969 1721 2024 castelli
1751 1970 1815 2024 de
1836 1970 2084 2036 Barcnla,

517 2070 571 2115 et
605 2070 813 2131 partem
871 2062 937 2115 de
991 2061 1210 2115 castello
1263 2062 1580 2127 Leciniano,
1636 2078 1735 2117 nec
1768 2077 1873 2116 non
1904 2069 2088 2131 partes

516 2150 871 2205 ecclesiarum
931 2162 983 2206 et
1022 2160 1203 2217 terrae,
1257 2162 1312 2208 et
1350 2153 1565 2207 tertiam
1611 2163 1817 2222 partem
1846 2153 2089 2208 ecclesiae

520 2242 703 2296 Sancti
756 2242 894 2296 Petri
949 2243 999 2296 in
1044 2242 1332 2309 Malenino,
1382 2260 1445 2298 ac
1485 2245 1617 2298 duas
1642 2254 1821 2313 partes
1848 2244 2090 2299 ecclesiae

519 2332 734 2387 Sanctae
787 2333 967 2387 Maria:
1012 2334 1065 2387 in
1112 2333 1375 2388 Malenina
1422 2348 1544 2389 cum
1586 2337 1697 2389 suis
1724 2336 2087 2403 pertinentiis.

518 2424 742 2493 Insuper
790 2424 1137 2478 concedimus
1190 2424 1316 2489 illis,
1365 2434 1419 2479 et
1462 2426 1683 2480 omnino
1716 2426 2004 2480 annuimus
2034 2435 2092 2479 ut

520 2514 833 2567 monasterii
860 2516 1209 2583 supr-ascripti
1233 2516 1418 2570 incolae
1440 2517 1821 2572 decimationes
1849 2519 1913 2571 de
1936 2533 2087 2572 man-

519 2605 614 2670 sis,
637 2604 813 2669 terris,
843 2605 1034 2670 vineis,
1060 2616 1114 2659 et
1134 2606 1200 2661 de
1227 2607 1476 2663 omnibus
1504 2608 1664 2663 rebus
1685 2609 1749 2662 ad
1776 2608 2089 2679 praadictum

520 2695 911 2749 monasterium
971 2697 1384 2765 pertinentibus,
1431 2700 1571 2753 sicut
1604 2700 1871 2754 hactenus
1892 2700 2094 2768 prmde-

521 2798 771 2839 cessores
834 2801 1022 2841 eorum
1058 2827 1070 2840 .
1106 2827 1122 2841 .
1159 2825 1175 2841 .
1208 2826 1222 2841 .
1260 2827 1274 2841 .
1320 2827 1334 2842 .
1377 2829 1390 2842 .
1422 2789 1849 2847 Praccessoribus
1893 2792 2093 2846 nostris

522 2875 941 2944 imperatoribus
993 2878 1075 2931 usi
1118 2888 1243 2932 sunt
1289 2879 1507 2943 habere,
1567 2895 1663 2949 per
1717 2883 1860 2935 hunc
1895 2891 2101 2948 nostra:

523 2967 864 3021 anctoritatis
893 2978 1219 3037 przeceptum
1255 2970 1507 3039 deinceps
1557 2971 1812 3037 habeant,
1840 2982 1893 3026 et
1915 2972 2093 3041 quiete

520 3058 853 3127 possideant.
908 3057 1167 3113 Jubcmus
1210 3060 1370 3113 etiam
1408 3059 1654 3125 firmiter,
1694 3069 1753 3113 ut
1778 3061 1891 3116 haec
1911 3069 2092 3115 nostra

523 3154 866 3210 confirmatio
920 3156 972 3209 in
1019 3155 1258 3210 futurum
1308 3155 1515 3212 stabilis
1545 3164 1597 3208 et
1640 3152 2095 3222 inconvulsaper-

523 3256 759 3300 maneat.
776 3247 839 3300 Et
857 3246 1102 3302 utnullus
1124 3249 1425 3318 episcopus,
1451 3249 1578 3312 dux,
1603 3246 1863 3310 marchio,
1890 3260 2091 3311 comes,

523 3337 851 3405 vieecomes,
892 3339 1144 3410 nullaque
1172 3355 1366 3411 magna
1401 3340 1487 3394 vel
1509 3355 1673 3410 parva
1714 3353 1942 3408 persona
1976 3338 2095 3393 illos

523 3427 809 3496 praedictos
830 3429 1129 3483 coenobitas
1155 3428 1475 3497 inquietare,
1504 3427 1810 3489 molestare,
1831 3425 1913 3479 vel
1932 3425 2094 3481 ullam

523 3519 775 3589 injuriam
822 3522 888 3576 de
942 3524 1345 3592 prmnominatis
1398 3524 1558 3577 rebus
1598 3521 1796 3590 injuste
1843 3522 2093 3591 injuriam

528 3609 731 3664 inferre
763 3620 1072 3680 praesumat.
1112 3611 1168 3666 Si
1205 3612 1326 3680 quis
1365 3626 1495 3666 vero
1538 3612 1639 3666 hoc
1682 3619 1879 3665 nostrae
1911 3618 2097 3664 aucto-

527 3701 708 3754 ritatis
742 3711 1067 3771 praeceptum
1098 3702 1300 3756 violare
1339 3702 1653 3765 tentaverit,
1694 3701 1830 3755 sciat
1861 3715 1918 3754 se
1951 3714 2089 3753 com-

527 3791 831 3859 positurum
880 3793 993 3846 anri
1049 3792 1238 3862 optimi
1281 3800 1497 3846 centum
1529 3791 1713 3858 libras,
1749 3790 2095 3845 medietatem

527 3892 727 3937 nostra:
756 3899 1002 3950 camerzc,
1021 3886 1360 3940 medietatem
1400 3884 1575 3939 abbati
1609 3893 1663 3939 et
1685 3882 1944 3937 fratribus
1960 3882 2094 3951 ejus.

530 3974 596 4027 Et
638 3983 696 4027 ut
734 3977 912 4030 verius
960 3977 1230 4041 credatur,
1283 3976 1697 4045 diligentiusque
1734 3976 1802 4028 ab
1844 3973 2097 4027 omnibus

526 4064 863 4129 observetur,
891 4081 1047 4120 manu
1076 4066 1293 4136 propria
1322 4065 1661 4129 roborantes,
1711 4064 1885 4136 sigillo
1914 4072 2098 4117 nostro

527 4152 785 4220 iussimus
812 4154 1079 4225 insigniri.

597 4243 818 4315 Signum
844 4247 1025 4299 domui
1056 4245 1294 4299 Heinrici
1326 4247 1501 4316 quarti
1524 4246 1657 4315 regis
1681 4242 2025 4297 invictissimi.

597 4333 938 4389 Burchardus
956 4336 1238 4406 episcopus
1260 4344 1316 4390 et
1344 4335 1699 4389 cancellarius
1720 4333 2026 4404 recognovi.

2189 517 2457 570 communi
2495 533 2757 571 consensu
2788 534 3007 582 eorum,
3043 535 3143 573 nec
3168 536 3322 576 rasas
3352 526 3719 590 apprchendere

2187 614 2286 664 nec
2335 610 2634 679 dissipare,
2687 625 2785 663 nec
2826 610 3060 679 sigillare
3104 611 3244 665 infra
3293 613 3578 667 civitatem
3618 616 3723 675 Pisa.

2187 715 2358 767 neque
2387 701 2437 753 in
2468 700 2678 768 burgis,
2707 700 2749 755 si
2781 701 2926 755 foras
2954 702 3191 756 civitatis
3222 704 3327 772 ipsi
3358 705 3641 758 habuerint
3657 714 3727 761 ea-

2187 800 2393 852 menta,
2420 803 2521 843 nec
2552 804 2733 843 muros
2778 791 3161 860 suprascripta:
3208 793 3459 853 civitatis
3490 795 3729 861 «testium,

2185 894 2286 932 nec
2311 888 2637 947 optatecare,
2671 894 2842 948 neque
2881 883 3313 952 suprascriptam
3353 885 3629 938 civitatem
3654 891 3729 958 ὶμε

2185 984 2459 1035 cremare,
2507 986 2607 1023 nec
2635 970 2879 1025 foderare
2900 972 3229 1040 jubcbimns.
3259 975 3330 1027 Et
3356 976 3403 1027 si
3440 974 3729 1033 offensionem

2185 1061 2492 1114 miserimus
2526 1059 2759 1129 aliquam
2789 1075 2953 1128 super
2977 1062 3211 1130 aliquem
3243 1065 3537 1116 hominem
3581 1066 3731 1123 sitella

2188 1160 2353 1215 terra,
2385 1150 2498 1205 sive
2529 1150 2595 1205 de
2624 1149 2805 1220 aliquo
2843 1150 3090 1217 crimine,
3121 1167 3245 1205 cum
3272 1152 3571 1206 duodecim
3591 1158 3733 1223 gsam-

2184 1242 2504 1297 mentalibus
2515 1242 2717 1311 absque
2732 1257 2929 1311 pugna,
2942 1252 3167 1313 excepto
3182 1243 3250 1297 de
3269 1243 3409 1306 vita,
3426 1254 3525 1297 aut
3537 1248 3737 1310 moribus,

2187 1342 2279 1387 aut
2310 1333 2512 1388 honore
2537 1339 2741 1397 nostro,
2770 1332 2812 1387 si
2842 1333 3141 1402 approbare
3177 1334 3425 1387 voluerit
3461 1336 3573 1398 ille,
3598 1341 3737 1405 quum

2185 1422 2465 1477 consilium
2489 1437 2609 1477 cum
2632 1437 2697 1477 eo
2749 1423 3036 1477 invenerit.
3098 1421 3209 1478 Nec
3238 1425 3500 1479 banuum
3531 1428 3741 1491 tollens.

2186 1515 2286 1569 nisi
2318 1529 2413 1583 per
2442 1513 2633 1584 legem.
2657 1513 2764 1569 Nec
2807 1514 2967 1568 homo
2997 1517 3240 1584 capietur
3293 1532 3325 1571 a
3370 1519 3543 1571 nobis
3584 1519 3644 1572 de
3682 1537 3740 1573 se-

2191 1607 2489 1676 prascripta
2515 1608 2735 1661 civitate
2762 1607 2844 1661 vel
2896 1607 3103 1676 burgis,
3138 1608 3240 1661 nisi
3278 1623 3382 1675 per
3414 1610 3591 1675 legem
3622 1610 3743 1663 fama

2188 1699 2557 1769 prohibuerit,
2600 1708 2655 1752 et
2685 1698 2940 1753 allodiunt
2994 1700 3046 1752 in
3101 1700 3332 1754 civitate
3370 1701 3465 1754 vel
3513 1701 3641 1755 foris
3677 1722 3744 1755 me

2120 1774 2161 1831 Β
2192 1790 2461 1844 habuerit.
2498 1789 2605 1846 Nec
2638 1791 2946 1846 hominibus
2975 1794 3304 1861 praeparatis
3330 1795 3404 1847 ad
3439 1795 3745 1865 navigarem

2190 1882 2293 1933 iter
2322 1879 2690 1948 prohibemus,
2741 1880 2845 1934 nisi
2874 1881 3111 1936 studiose
3163 1882 3272 1936 hoc
3306 1880 3553 1937 fecerint
3586 1898 3747 1954 propter

2190 1969 2580 2038 querimoniam
2605 1968 2673 2023 de
2700 1970 2779 2024 eis
2806 1968 3027 2024 factam.
3062 1970 3127 2025 Et
3156 1972 3200 2025 si
3232 1972 3648 2043 culpaverimus
3687 1978 3749 2028 ab-

2190 2073 2347 2127 quem
2376 2074 2589 2123 eorum,
2611 2060 2702 2128 qui
2727 2060 2795 2115 ob
2822 2062 2925 2116 hoc
2954 2076 3013 2116 se
3043 2074 3411 2132 praepararet,
3451 2074 3512 2118 ut
3534 2064 3747 2133 justitiam

2188 2149 2359 2219 possit
2385 2149 2610 2215 evitare,
2640 2151 3017 2219 permittemus
3041 2170 3164 2207 cum
3198 2166 3570 2210 sacramento
3619 2173 3697 2211 seu
3716 2174 3751 2212 se

2188 2240 2500 2295 defendere.
2539 2241 2603 2295 Et
2633 2242 2676 2295 si
2704 2241 2899 2310 aliquis
2932 2258 3118 2297 eorum
3146 2245 3200 2298 in
3232 2246 3444 2300 itinere
3472 2248 3652 2304 fuerit.
3675 2266 3753 2301 nr.»

2191 2330 2375 2384 licrem
2416 2331 2532 2400 ejus
2567 2332 2617 2384 in
2657 2332 3048 2388 districtionem
3091 2350 3198 2388 non
3252 2337 3569 2391 mittemus.
3626 2339 3746 2393 ﬁde

2192 2423 2527 2486 lenimento,
2578 2424 2721 2490 quod
2774 2423 2972 2493 aliquis
3023 2427 3259 2481 tenuerit
3304 2443 3413 2497 per
3459 2430 3756 2495 beneﬁcium,

2193 2514 2334 2581 quod
2366 2529 2394 2567 a
2446 2514 2601 2567 nobis
2641 2515 2902 2578 tenuerit,
2938 2531 3058 2571 eum
3100 2534 3208 2572 non
3261 2521 3655 2577 disvestiemus
3689 2525 3758 2575 αἰεὶ

2192 2620 2288 2675 per
2318 2608 2508 2677 legem.
2542 2607 2607 2659 Et
2636 2610 3078 2675 consuetudines,
3111 2629 3249 2681 quas
3288 2615 3507 2669 habent
3546 2616 3615 2670 de
3647 2617 3759 2675 lini.

2193 2698 2270 2753 sic
2295 2699 2372 2752 eis
2398 2700 2837 2763 observabimus,
2868 2699 3010 2754 sicut
3037 2702 3251 2756 illorum
3302 2716 3391 2760 est
3439 2714 3759 2760 consuetum.

2198 2788 2265 2841 Et
2297 2788 2463 2852 illum,
2503 2804 2667 2861 super
2701 2807 2858 2860 quem
2894 2792 3215 2848 reclamatio
3247 2798 3475 2851 venerit
3523 2799 3594 2851 de
3626 2808 3761 2853 tem.

2195 2880 2239 2933 si
2287 2890 2599 2949 guarentem
2660 2882 2858 2937 habere
2910 2885 3183 2953 potuerit,
3248 2885 3336 2939 vel
3396 2889 3760 2955 possessiones

2190 2966 2378 3036 jurare
2415 2969 2664 3037 voluerit,
2692 2988 2787 3041 per
2828 2989 3059 3043 pugnam
3106 2975 3327 3045 fatigari
3377 2993 3498 3030 non
3539 2980 3764 3033 sincrum.

2198 3060 2263 3113 Et
2295 3061 2602 3117 hominibus
2629 3064 2693 3116 de
2717 3064 2818 3117 alia
2859 3065 3101 3127 civitate,
3136 3076 3231 3121 aut
3266 3068 3336 3122 de
3374 3070 3493 3123 alio
3562 3078 3766 3127 castella.

2196 3154 2283 3207 vel
2313 3155 2377 3208 de
2418 3154 2518 3208 alia
2550 3156 2691 3221 villa,
2723 3156 2805 3210 vel
2833 3158 2900 3213 de
2924 3157 3029 3211 alio
3085 3160 3452 3226 signaratico,
3492 3163 3664 3232 legem
3694 3180 3767 3215 non

2195 3243 2455 3299 faciemus
2486 3245 2550 3300 de
2587 3244 2797 3300 Pisanis
2848 3248 3176 3313 hominibus,
3223 3252 3329 3305 nisi
3380 3251 3463 3305 illi
3520 3256 3592 3307 de
3621 3272 3769 3322 supr.-

2197 3336 2411 3405 scriptis
2440 3336 2593 3401 locis,
2646 3338 2727 3391 vel
2771 3353 2956 3391 eorum
2987 3340 3264 3404 seniores,
3312 3344 3407 3410 qui
3448 3344 3769 3398 offensionem

2197 3424 2460 3492 fecerint,
2512 3427 2681 3497 legem
2727 3428 2930 3483 faciant
2974 3430 3122 3497 prius
3187 3431 3404 3487 Pisanis
3470 3435 3771 3489 hominibus.

2197 3513 2435 3568 Fodrum
2476 3516 2542 3569 de
2573 3517 2815 3571 castellis
2847 3517 3026 3570 Pisani
3056 3519 3351 3575 comitatus
3383 3538 3499 3576 non
3534 3525 3773 3581 tollemus.

2198 3604 2299 3658 nisi
2324 3606 2592 3673 quomodo
2619 3605 2718 3659 fuit
2741 3609 3074 3661 consuetudo
3107 3618 3351 3677 tempore
3410 3611 3629 3682 Ugonis
3659 3632 3767 3667 mar-

2198 3694 2424 3750 chionis.
2458 3695 2777 3749 Hominibus
2809 3696 2859 3748 in
2893 3696 3036 3750 villis
3076 3698 3460 3755 habitantibus
3508 3704 3580 3756 de
3622 3719 3773 3757 earum

2198 3786 2454 3840 comitatu
2485 3785 2692 3840 fodrnm
2726 3800 2831 3839 non
2860 3786 3127 3840 tollemus.
3159 3787 3266 3842 Nec
3292 3790 3539 3858 a.iquam
3576 3809 3773 3847 consae-

2202 3878 2439 3931 tndinem
2462 3877 2981 3947 snperimponemns,
3007 3880 3107 3931 n'si
3124 3890 3382 3948 quantum
3406 3893 3523 3938 tres
3552 3888 3775 3939 metiens

2199 3969 2445 4024 homines
2475 3969 2702 4040 ppt(sic)
2721 3971 2961 4024 seniores
2991 3986 3084 4039 per
3118 3971 3300 4025 villam
3331 3983 3383 4028 et
3410 3977 3779 4043 castellajum

2199 4063 2393 4124 verint,
2420 4063 2559 4131 quod
2592 4079 2780 4117 eorum
2815 4064 3151 4117 consuetudo
3182 4065 3286 4120 fuit
3327 4077 3583 4138 tempore
3616 4086 3776 4137 supr»

2200 4153 2387 4220 scripti
2454 4152 2679 4222 Ugonis.
2748 4154 2850 4220 Qui
2908 4153 2952 4206 si
3000 4151 3188 4220 jurare
3244 4156 3567 4221 noluerint,
3620 4158 3777 4226 jurare

2201 4245 2658 4315 constringemus.
2700 4244 3123 4312 Castaldionem,
3158 4249 3241 4302 vel
3280 4251 3524 4319 aliquem
3555 4261 3779 4305 nostrum

2202 4335 2425 4389 missum
2456 4336 2506 4389 in
2538 4340 2908 4407 suprascripta
2940 4339 3161 4394 civitate
3191 4340 3273 4393 vel
3292 4341 3563 4394 comitatu
3589 4358 3771 4395 eorum,

595 4428 754 4482 Anno
780 4428 1073 4483 Dominica:
1102 4428 1498 4484 lncarnationis
1523 4427 1807 4481 millesimo
1835 4427 2100 4497 octogesi-
2130 4444 2178 4502 ο
2204 4427 2269 4480 ad
2297 4427 2550 4495 placitum
2583 4427 2884 4483 faciendum
2914 4431 2993 4485 eis
3016 4446 3302 4500 superesse
3332 4446 3440 4484 non
3475 4431 3781 4486 sinemusde

527 4533 618 4573 mo
640 4518 833 4587 primo,
869 4519 1164 4573 indictione
1188 4535 1260 4583 iV,
1286 4521 1521 4574 secundo
1543 4518 1723 4572 Nonas
1752 4518 1920 4585 Junii,
1954 4534 2098 4573 anno

527 4619 705 4665 autem
738 4610 916 4663 domui
950 4608 1185 4663 lleinrici
1218 4625 1385 4671 xxvn,
1414 4610 1563 4679 regni
1604 4623 1732 4663 vero
1762 4625 1888 4661 xxv.

599 4701 792 4754 Actum
834 4700 1019 4755 Romae
1050 4703 1102 4755 in
1132 4700 1335 4755 Christi
1372 4701 1589 4756 nomine
1629 4699 1877 4754 feliciter.
1908 4701 2101 4754 Amen.

1266 4813 1358 4869 IX.

529 4902 818 4956 Concordia
844 4904 977 4957 iu.’er
1005 4903 1290 4958 lfenricum
1315 4903 1395 4958 IV
1429 4922 1614 4974 regem,
1645 4914 1689 4956 et
1722 4904 1970 4973 populum
2009 4902 2105 4957 Pi-

666 4990 876 5041 sanum,
901 4975 988 5027 ubi
1013 4988 1165 5044 pacta
1189 4976 1323 5027 inter
1346 4992 1430 5028 eos
1462 4977 1591 5027 inita
1619 4985 1961 5027 recensentur.

1125 5065 1302 5136 (Anno
1330 5067 1508 5125 1081.)

811 5156 1150 5228 [ΜυηΑτοιιι,
1203 5163 1377 5227 Attltq.
1429 5157 1577 5219 ltal.,
1620 5157 1823 5227 ν.19.]

599 5248 652 5301 lu
674 5249 885 5303 nomine
910 5261 1107 5304 sancta:
1128 5260 1177 5303 et
1203 5252 1487 5306 individua:
1503 5251 1801 5319 Trinitatis,
1821 5252 2107 5317 “ENRICUS,

531 5341 704 5393 divina
740 5341 949 5396 favente
978 5342 1284 5407 clementia,
1317 5359 1433 5397 rex.

601 5430 794 5484 Notum
834 5432 899 5484 sit
932 5434 1181 5487 omnibus
1205 5433 1405 5488 Christi
1444 5434 1689 5490 ﬁdelibus
1712 5478 1725 5501 ,
1778 5444 1885 5489 tam
1918 5436 2111 5489 futuris

534 5536 689 5589 quam
725 5524 1101 5592 prtescntibus,
1129 5525 1360 5592 qualiter
1388 5541 1485 5580 nos
1532 5526 1758 5581 consilio
1805 5536 2109 5580 nostrorum

534 5613 833 5680 principum
857 5655 871 5678 ,
906 5614 1149 5668 fidelibus
1198 5616 1400 5670 nostris
1429 5616 1653 5685 {Pisanm
1686 5617 1837 5672 urbis
1883 5617 2107 5683 civibus,

535 5705 672 5774 quod
713 5714 1031 5773 rogaverunt
1064 5706 1443 5761 concessimus.
1498 5707 1772 5777 Siquidem
1826 5710 2109 5765 annuimus

2203 4519 2309 4573 alio
2332 4518 2612 4572 comitatu.
2649 4518 2869 4583 Puellis,
2918 4536 3017 4575 nec
3046 4521 3223 4575 viduis
3269 4522 3533 4575 maritum
3578 4522 3779 4577 intersi-

2203 4626 2388 4665 cemus
2415 4611 2467 4664 in
2500 4610 2756 4665 comitatu
2783 4612 3143 4667 Pisano.‘Nec
3182 4614 3417 4683 pretium
3466 4614 3596 4667 inde
3640 4615 3781 4667 invite

2205 4697 2474 4763 tollemus,
2525 4714 2626 4754 nec
2660 4698 2823 4755 invite
2847 4700 3476 4773 alicui'conjugabimus.
3501 4703 3778 4757 Mercatur-

2206 4792 2289 4845 i...
2322 4791 2548 4846 calriam
2576 4792 2629 4845 in
2662 4791 2803 4847 villis
2829 4794 3125 4849 comitatus
3146 4810 3334 4850 eorum
3366 4794 3488 4848 fieri
3519 4811 3631 4849 non
3659 4796 3777 4849 sine

2206 4897 2343 4947 mus,
2374 4882 2473 4935 nisi
2503 4882 2793 4937 secundum
2826 4884 3268 4939 consuetudinem
3309 4894 3627 4954 temporum
3660 4885 3779 4953 Eg.»-

2209 4974 2312 5036 nis,
2342 4971 2715 5036 sacramentis,
2741 4971 2883 5026 sicut
2938 4973 3303 5042 supradictum
3340 4985 3448 5037 est,
3493 4973 3775 5027 diuinitas:

2209 5063 2572 5132 Albergariam
2597 5063 2645 5117 in
2676 5064 3007 5133 proprietate
3030 5063 3258 5133 alicujus
3283 5066 3491 5135 absque
3519 5065 3779 5119 voluntate

2209 5154 2367 5220 illius,
2398 5154 2549 5222 cujus
2575 5156 2873 5225 proprietas
2903 5165 3012 5221 est,
3050 5169 3157 5210 non
3201 5155 3488 5210 faciemus.
3517 5156 3571 5209 In
3604 5169 3779 5222 supra-

2211 5249 2409 5316 scripta
2436 5248 2676 5313 civitate,
2718 5246 2799 5301 vel
2842 5262 3007 5317 prope
3048 5261 3167 5301 eam
3216 5262 3385 5315 usque
3432 5247 3503 5300 ad
3555 5247 3779 5299 medium

2211 5340 2541 5399 milliarium.
2575 5350 2780 5401 terras,
2812 5354 2929 5406 qua:
2977 5338 3125 5391 fuere
3159 5354 3356 5407 pascua
3404 5338 3490 5391 vel
3533 5337 3774 5407 paludes.

2211 5431 2344 5484 sitas
2372 5439 2495 5483 ante
2516 5430 2713 5499 praedia
2745 5430 2986 5494 illorum,
3023 5429 3107 5482 vel
3150 5429 3530 5491 ecclesiarum,
3560 5438 3617 5481 et
3644 5442 3777 5479 eoa}.

2213 5525 2393 5578 munia
2426 5540 2641 5593 pascua,
2670 5538 2773 5577 non
2808 5532 2983 5577 tamen
3026 5524 3311 5578 occasione
3339 5538 3595 5592 pascuum
3623 5537 3773 5576 occa-

2212 5625 2358 5686 pata,
2406 5616 2484 5671 eis
2515 5632 2619 5669 non
2660 5616 2924 5677 tollemus,
2974 5630 3071 5668 nec
3123 5614 3368 5669 laborare
3400 5610 3685 5673 faciemus:

2215 5726 2307 5781 per
2335 5726 2426 5765 eos
2447 5708 2694 5764 laborare
2724 5723 2825 5762 non
2851 5705 3259 5770 contendemus,
3309 5706 3393 5760 vcl
3437 5721 3530 5775 per
3554 5718 3655 5758 nos
3685 5700 3772 5753 ab-
