3838 6322
6 321 184 386 U53

1336 333 1685 397 llENRlCUS
1719 339 1787 395 IV
1839 340 1954 396 IMP

3153 355 3290 412 HM

5 447 182 508 quis,
212 455 376 514 usque
410 441 475 498 ad
507 443 624 500 illos
664 443 818 512 fines,
845 461 982 516 quos
1001 444 1342 501 laudaverint
1367 447 1612 504 homines
1642 456 1684 507 Α
1715 450 1874 504 situm
1906 459 2008 517 est,
2036 459 2091 503 et
2115 449 2167 503 in
2212 451 2471 506 comitatu
2512 446 2802 508 Sabinensi
2842 463 3204 513 constructmn
3239 462 3290 514 in

5 525 93 577 ab
143 531 228 586 eis
259 533 403 586 electi
442 533 507 585 ad
538 534 639 588 hoc
664 534 918 599 cilicium,
961 536 1050 604 qui
1080 533 1432 606 jurejurando
1466 538 1609 592 δαιτ-

5 626 190 673 ment
211 635 268 674 se
291 621 418 676 bona
449 621 551 676 fide
580 622 944 680 aestimaturos
999 632 1051 678 et
1081 626 1466 682 terminaturos
1491 627 1609 682 illas

5 711 214 764 terras
259 728 365 779 qua:
415 712 563 768 fuere
601 729 798 783 pascua
842 716 923 772 vel
955 716 1201 786 paludes,
1258 727 1312 772 et
1353 718 1470 774 illas
1515 721 1610 776 de-

5 805 444 866 monstraturos,
473 804 614 872 quod
640 813 798 858 erant
825 820 1044 874 pascua,
1081 822 1200 876 quae
1239 808 1306 862 ad
1341 808 1604 864 culturam

3 879 266 942 debeant
293 905 583 946 remanere.
612 892 674 946 Et
692 893 838 948 nullo
866 910 1049 951 amore
1073 895 1153 948 vel
1174 896 1296 950 odio
1323 906 1606 969 propterea

7 977 292 1038 missuros
322 984 463 1050 illos,
503 986 549 1041 si
582 987 873 1054 noluerint,
910 990 977 1044 ad
1007 1001 1344 1045 sacramenta
1387 993 1606 1048 distrin-

27 1084 238 1132 remus.
271 1075 329 1128 Et
364 1076 506 1146 quod
538 1077 638 1146 ipsi
665 1078 998 1134 laudaverint
1025 1095 1166 1148 esse,
1209 1083 1263 1136 in
1299 1083 1462 1138 alium
1493 1093 1606 1140 sta-

31 1178 136 1216 .um
171 1174 529 1223 trausmutare
571 1183 670 1238 per
718 1169 912 1226 bonam
963 1171 1122 1228 fidem
1170 1174 1601 1243 probibebimus.

27 1252 121 1319 lui
157 1257 206 1311 si
234 1259 656 1316 discordaverint
701 1263 754 1316 in
782 1264 1044 1335 eligendis
1068 1268 1338 1337 praedictis
1369 1270 1602 1326 homini-

22 1363 146 1412 )us,
173 1365 282 1405 non
306 1351 582 1423 eligemus,
611 1364 665 1410 et
681 1355 867 1424 juiarc
892 1359 1294 1431 distringemus.
1326 1361 1380 1416 lu
1408 1363 1602 1432 Roma,

2 1451 41 1491 ll
91 1440 173 1496 ab
204 1441 316 1512 ipsa
360 1443 528 1499 Roma
568 1462 739 1518 usque
784 1448 1004 1520 Papiam
1055 1453 1261 1508 nullum
1312 1456 1600 1526 ripaticmn

0 1528 228 1585 labunt
256 1533 306 1586 in
333 1534 412 1589 eis
441 1538 690 1592 mercatis
713 1549 767 1593 et
824 1540 980 1606 locis,
1027 1542 1118 1597 ubi
1154 1544 1251 1614 ipsi
1283 1546 1428 1600 soliti
1477 1556 1602 1602 sunt

0 1635 76 1674 re
131 1637 236 1693 per
276 1639 420 1691 suos,
450 1637 540 1682 aut
571 1644 628 1683 se
650 1628 764 1698 jam
791 1632 857 1686 ad
895 1635 1246 1689 mercandum
1287 1637 1450 1692 ivisse
1482 1654 1602 1707 pos-

9 1723 138 1769 unt
178 1718 386 1773 ratione
429 1721 684 1789 probare.
725 1722 792 1777 Et
841 1724 913 1778 illi
943 1727 1313 1795 negociatores
1338 1771 1352 1795 ,
1401 1731 1492 1800 qui
1533 1731 1598 1785 ad

1713 540 1830 595 loco
1853 539 1944 609 qui
1975 539 2174 594 dicitur
2201 541 2517 608 Acutianus,
2543 551 2783 598 nostram
2830 547 3014 602 adiens
3055 563 3287 617 prtcscn-

1713 633 2108 696 tiam.ostemlit
2130 634 2282 688 nobis
2313 646 2615 691 nostrorum
2633 646 3056 704 antecessorum,
3082 656 3288 712 regum,

1710 725 1794 779 vel
1819 726 2202 795 imperatorum
2230 735 2495 795 przecepta
2525 728 2699 783 eidem
2745 731 3074 786 monasterio
3122 731 3285 798 facta,

1708 815 1885 870 aureis
1941 815 2128 886 sigillis
2188 815 2387 869 bullata
2443 817 2648 872 scilicet
2709 817 2886 873 Caroli
2944 821 3286 890 imperatoris

1707 904 1988 973 Ludovici,
2021 916 2074 961 et
2099 906 2364 971 Lotharii,
2399 922 2496 962 nec
2527 923 2629 962 non
2656 919 2708 963 et
2734 911 3010 978 Ludovici,
3038 914 3284 978 alterius,

1706 997 1759 1051 in
1790 998 1986 1066 quibus
2015 998 2425 1061 continebatur,
2451 1000 2718 1067 quomodo
2756 1002 2851 1071 ipsi
2878 1047 2892 1067 ,
2943 1014 2998 1057 et
3034 1014 3284 1060 anteces-

1708 1102 1859 1143 seres
1906 1103 2097 1144 eorum
2148 1090 2513 1159 Liutprandus
2585 1091 2792 1146 scilicet
2842 1109 2905 1148 ac
2952 1095 3284 1166 llathgisins,

1706 1177 2100 1251 llaistulphus,
2155 1181 2502 1245 Desiderius,
2561 1180 3039 1253 Longobardorum
3092 1202 3280 1258 reges,

1705 1286 1804 1327 nec
1833 1289 1937 1330 non
1970 1282 2024 1328 et
2049 1275 2428 1344 imperatorum
2457 1283 3106 1343 parentum;nostrorum,
3132 1278 3280 1333 scili-

1704 1363 2120 1420 cetChuonradi
2149 1366 2234 1420 avi
2265 1368 2433 1421 nostri
2463 1408 2476 1433 ,
2526 1376 2580 1420 et
2618 1365 2767 1420 honre
2807 1369 3079 1422 memoriae
3114 1370 3284 1438 patris

1702 1455 1873 1510 nostri
1933 1455 2171 1510 lleinrici
2216 1456 2530 1525 praedictum
2583 1456 2968 1511 monasterium
2999 1496 3014 1520 ,
3066 1471 3287 1528 prepter

1703 1545 1940 1598 divinum
1977 1560 2246 1610 amorem,
2285 1555 2339 1599 et
2382 1546 2740 1600 reverentiam
2782 1555 2980 1599 sanctae
3016 1546 3108 1600 Dei
3137 1563 3286 1616 gent-

1703 1636 1854 1691 tricis
1873 1651 2086 1706 semper
2112 1636 2338 1706 virginis
2356 1636 2538 1691 Mariae
2562 1636 2790 1690 domina:
2818 1643 3035 1701 nostrae,
3065 1638 3163 1691 sub
3185 1654 3280 1692 sua

1701 1741 1917 1796 semper
1943 1727 2135 1781 tuition
2157 1741 2186 1780 e
2209 1727 2522 1782 tenuissent.
2549 1727 2628 1781 0b
2659 1726 2967 1780 firtnitatem
3003 1735 3180 1782 tamen
3207 1730 3282 1783 rei

8 1803 193 1858 ’ῖεειηι
223 1805 301 1860 ire
338 1807 627 1873 voluerint,
660 1827 768 1868 non
806 1815 1257 1883 prohibebuntur.
1299 1817 1409 1873 Nec
1455 1836 1600 1874 mar—
1633 1805 1674 1858 Β
1702 1815 2290 1886 postulavitprzedictus
2304 1815 2469 1871 abbas
2485 1825 2542 1868 ut
2563 1816 2871 1870 earumdem
2897 1814 3279 1882 imperatorum

31 1894 265 1950 hiouem
310 1897 542 1969 aliquem
582 1901 636 1957 in
672 1904 867 1960 Tuscia
914 1907 1191 1964 mittemus
1249 1910 1365 1965 sine
1416 1911 1602 1966 lauda.

22 1983 159 2038 ioue
212 1986 490 2044 hominum
547 1992 830 2048 duodecim
881 1995 1176 2052 electorum
1224 1999 1276 2053 in
1331 2001 1600 2072 colloqqu

21 2083 152 2128 acto
178 2079 497 2135 sonantibus
523 2083 820 2152 campanis.
852 2084 893 2137 A
943 2085 1098 2141 fauce
1153 2088 1281 2144 Arni
1335 2105 1502 2160 usque
1531 2094 1598 2148 ad

21 2167 283 2234 tipaltam
311 2186 404 2225 eos
429 2182 623 2230 euntes
647 2184 702 2230 et
737 2186 1069 2234 revertentes
1097 2193 1194 2248 per
1227 2181 1433 2236 Arnum
1461 2199 1599 2253 prae-

26 2260 146 2324 ari,
181 2269 274 2315 aut
298 2263 555 2319 assaltum
586 2265 764 2322 facere
795 2284 899 2324 non
933 2272 1328 2340 permittemus,
1359 2275 1459 2330 nisi
1489 2275 1600 2330 for-

19 2365 156 2404 asse
185 2366 281 2419 per
307 2353 580 2409 meritum.
609 2357 849 2424 Aldium,
871 2360 1011 2428 quod
1041 2370 1122 2415 est
1155 2362 1206 2416 in
1235 2363 1348 2434 ripa
1368 2365 1498 2418 Arni
1530 2381 1596 2420 ex

28 2446 240 2506 traque
261 2450 414 2510 parte
441 2457 471 2496 a
496 2459 650 2500 mare
673 2461 843 2516 usque
864 2449 929 2502 ad
953 2447 1298 2518 Orticariam,
1328 2468 1432 2507 non
1455 2454 1599 2510 sinc-

18 2544 135 2586 ms
165 2529 426 2602 lmpediri.
461 2534 611 2590 Ultra
645 2553 828 2593 muros
861 2541 1114 2610 antiquos
1147 2543 1416 2608 civitatis,
1451 2547 1596 2614 quod

16 2631 86 2676 st
128 2621 192 2677 ab
219 2623 452 2694 antiquis
483 2628 654 2682 muris
685 2644 852 2698 usque
881 2632 946 2684 ad
969 2632 1194 2698 Arnum,
1237 2633 1304 2686 ad
1351 2650 1594 2688 commu-

17 2728 140 2766 cm
161 2714 441 2769 utilitatem
470 2715 840 2774 liberabimus.
872 2720 982 2775 Nec
1001 2722 1217 2776 domum
1245 2723 1296 2776 in
1322 2725 1594 2792 praedictis

12 2805 256 2860 armillis
290 2807 492 2862 elevari
526 2825 696 2878 usque
725 2811 792 2864 ad
825 2812 1045 2880 triginta
1067 2827 1160 2866 sex
1186 2815 1406 2870 brachia
1431 2817 1595 2872 inter-

14 2895 122 2950 ici
153 2899 539 2966 permittemus.
566 2901 632 2955 Et
656 2910 713 2955 ut
740 2902 840 2958 hoc
880 2903 1091 2957 firmum
1125 2914 1180 2959 et
1214 2905 1592 2962 ineonvulsum

5 2988 64 3040 it.
92 3025 118 3051 ,
158 2987 291 3043 hanc
349 2990 593 3045 chartam
639 2993 799 3047 scribi
835 2993 1135 3062 jussimus,
1196 3013 1356 3067 quam
1408 3007 1592 3053 nostra

6 3094 202 3144 mnu,
230 3090 287 3134 ut
313 3081 452 3135 infra
494 3083 728 3150 videtur,
760 3087 1172 3141 corroboratam
1217 3088 1377 3159 sigilli
1419 3091 1586 3145 nostri

10 3175 359 3242 npress'one
380 3172 609 3230 fecimus
634 3175 903 3246 insigniri.
936 3175 1224 3234 Junximus
1251 3180 1439 3244 etiam,
1467 3191 1524 3233 ut
1547 3182 1591 3235 si

7 3267 184 3331 liqua
220 3265 374 3320 navis
405 3265 570 3322 fuerit
600 3277 814 3324 retenta
845 3285 874 3324 a
903 3269 1091 3341 Gajeta
1135 3287 1303 3342 usque
1335 3275 1400 3327 ad
1436 3273 1593 3342 Luui,

7 3355 182 3410 ullus
207 3357 406 3412 amicat
435 3359 771 3430 deprtndare,
795 3376 973 3432 neque
999 3362 1257 3418 invadere
1283 3366 1420 3420 bona
1454 3365 1597 3435 ipso-

11 3461 120 3500 un
144 3445 488 3503 Pisanorum.
515 3449 571 3504 Si
597 3451 716 3520 quis
744 3460 924 3508 autem
957 3453 1119 3523 hujus
1145 3454 1398 3524 praecepti
1427 3456 1596 3510 nostri

7 3536 230 3593 iolalor
277 3541 596 3607 exstiterit,
641 3544 779 3598 sciat
823 3559 884 3599 se
933 3547 1194 3602 ducentas
1259 3547 1426 3603 libras
1479 3550 1596 3604 auri

8 3629 184 3697 ptimi
216 3632 670 3700 compositurum,
711 3635 1057 3690 medietatem
1105 3645 1304 3691 nostrae
1343 3653 1592 3698 camera»

7 3763 16 3772 .
72 3719 430 3776 medietatem
463 3723 536 3777 illi
563 3735 752 3780 contra
785 3741 945 3796 quem
976 3729 1139 3783 fuerit
1167 3727 1381 3796 injuria.
1577 3798 1580 3801 _

15 3809 273 3880 Signum
291 3813 472 3868 damni
489 3814 725 3871 Heinrici
743 3817 1096 3874 Romanorum
1111 3821 1595 3889 rcgisinvictissimi.

51 3901 424 3960 Burchardus
453 3908 812 3964 caucellarius
853 3910 1098 3965 vice.....
1131 3913 1592 3969 arehieaucellari

2 3997 312 4065 :cognovi.

43 4083 271 4140 Datum
324 4103 470 4144 anno
517 4090 810 4147 Dominicze
867 4091 1261 4148 Incarnalionis
1309 4096 1597 4152 millesimo

0 4177 342 4241 πιθαθείωο
369 4180 568 4250 primo,
594 4182 889 4240 indictione
923 4199 978 4238 IV
1002 4225 1018 4250 ,
1053 4201 1198 4242 anno
1227 4196 1403 4243 autem
1451 4189 1597 4259 ordi-_

0 4286 18 4320 ι
71 4265 241 4323 tionis
273 4269 461 4326 domui
493 4271 728 4330 lleinriei
756 4278 934 4344 quarti
960 4281 1100 4350 regis
1124 4296 1269 4347 χχιν,
1297 4281 1442 4350 regni
1466 4296 1593 4336 χχχ.

30 4359 268 4414 chtum
302 4359 540 4419 feliciter
569 4365 622 4419 in
647 4365 852 4422 Christi
892 4372 1132 4426 nomine.

762 4458 808 4512 Χ

9 4519 376 4600 ’enriciiuler
396 4538 535 4600 reges
557 4529 736 4600 quarti
764 4522 1172 4600 irnlerzlugusios
1194 4533 1331 4584 tertii
1343 4531 1595 4600 diploma,

45 4605 174 4671 quo
199 4591 338 4671 jura
372 4595 546 4646 onmia
569 4591 634 4648 ac
655 4597 924 4667 privilegia
951 4591 1197 4671 F'urfenst'
1221 4591 1448 4656 crruobt'o
1476 4591 1600 4656 con;

41 4661 250 4720 ﬁrmat
283 4668 332 4714 et
363 4674 535 4733 auget.

600 4736 788 4805 (Anno
821 4738 1012 4811 l084.)

158 4819 511 4890 [Mun.\10nt,
547 4824 672 4879 Rer.
702 4825 830 4881 Ital.
861 4827 1061 4898 Scrip.,
1087 4829 1150 4896 ll,
1189 4845 1250 4892 ιι,
1285 4829 1433 4901 605.]

48 4911 375 4981 Ιιεχιιιςυε,
405 4917 583 4972 divina
616 4921 827 4977 favente
867 4922 1175 4992 clementia,
1229 4925 1595 4982 Romanorum

19 5012 308 5069 operator
338 5005 631 5076 Augustus.

49 5091 200 5146 Cum
229 5095 591 5161 petitionibus
615 5114 897 5156 servorum
925 5103 1016 5158 Dei
1048 5104 1407 5160 rationalibus
1436 5106 1601 5161 divini

29 5182 170 5238 altus
204 5200 410 5243 amore
453 5190 696 5248 favemus
721 5233 738 5258 ,
787 5203 843 5248 et
878 5195 962 5250 his
1012 5206 1311 5266 opportuna
1345 5197 1602 5254 beneficia

22 5272 294 5341 argimur,
328 5280 605 5347 praemium
639 5293 854 5339 aeternae
897 5287 1350 5342 remunerationis
1387 5289 1603 5357 rependi

19 5377 91 5412 un
119 5363 451 5423 diffidimus.
502 5371 764 5438 Quocirca
793 5377 1032 5433 omnium
1074 5388 1275 5434 sancta:
1303 5380 1393 5436 Dei
1421 5381 1605 5436 Eccle-

25 5467 100 5513 έν.
162 5466 602 5532 nostrorumque
650 5465 905 5534 fidelium,
970 5471 1314 5538 praesentium
1360 5472 1607 5528 videlicet

14 5556 40 5593 c
87 5541 469 5614 futurorum,i
495 5557 792 5625 comperiat
820 5559 1035 5614 solertia
1080 5563 1313 5630 qualiter
1344 5563 1609 5620 Berardus

9 5639 346 5694 encrabilis
376 5643 543 5698 abbas
572 5649 884 5702 monasterii
927 5649 1139 5706 Sanctze
1187 5651 1279 5707 Dei
1328 5655 1607 5724 genitricis

0 5734 87 5773 Bm
107 5742 223 5796 per
271 5732 504 5802 virginis
547 5734 758 5803 Μαι-ἰεῦ,
811 5741 953 5808 quod
1004 5742 1054 5796 in
1101 5744 1295 5798 ducatu
1325 5744 1606 5813 Spoletin

1623 4485 1674 4546 D

1701 1914 1966 1976 praecepta
1992 1913 2174 1961 nostra
2202 1906 2491 1958 autoritate
2521 1903 2979 1968 confirmaremus,
3008 1914 3060 1958 et
3087 1905 3226 1958 imm-
3249 1932 3280 1944 -

1703 1997 1890 2052 uitatis
1917 2007 2242 2068 prmceptum
2271 2010 2370 2052 suo
2404 1997 2734 2050 monasterio
2775 1997 2906 2052 dare
2943 1997 3280 2066 juberemus.

1775 2087 1883 2142 Nos
1912 2103 2042 2142 vero
2069 2087 2186 2157 ejus
2206 2087 2369 2157 justis
2419 2088 2868 2157 postulationibus
2898 2091 3277 2154 assentientes,

1700 2170 2085 2233 confirmamus
2128 2178 2303 2233 eidem
2366 2179 2693 2234 monasterio
2756 2179 3012 2250 quidquid
3085 2181 3282 2236 futuris

1701 2266 2032 2335 temporibus
2074 2280 2171 2336 per
2238 2267 2594 2322 instrumenta
2649 2270 2962 2324 chartarum
3009 2271 3281 2326 vindicare

1699 2357 2003 2426 contigerit,
2026 2354 2346 2426 proutjuste
2367 2366 2422 2412 et
2442 2359 2685 2428 legaliter
2705 2373 3012 2428 possumus,
3033 2361 3281 2415 videlicet

1698 2463 2030 2517 quaecunque
2069 2450 2267 2504 habere
2295 2450 2508 2504 videtur
2531 2452 2583 2504 in
2611 2449 2879 2504 territorio
2907 2449 3210 2518 Sabinensi,
3228 2453 3279 2506 id

1696 2550 1778 2593 est
1828 2539 2115 2594 ecclesiam
2166 2539 2351 2594 Sancti
2398 2539 2681 2596 Benedicti
2733 2558 2855 2598 eum
2884 2542 3132 2598 omnibus
3167 2544 3282 2598 suis

1696 2629 2057 2705 pertinentiis,
2085 2636 2140 2682 et
2166 2629 2444 2683 castellum
2473 2630 2540 2684 de
2564 2630 2691 2685 Arci
2737 2647 2857 2686 cum
2903 2642 3012 2686 tota
3061 2633 3280 2702 integri-

1698 2726 1806 2770 tate
1837 2733 1959 2782 sua,
1991 2727 2045 2772 et
2082 2717 2385 2785 castellum,
2429 2720 2645 2776 nouiiue
2674 2720 2965 2776 Tribucum
2989 2762 3005 2788 ,
3045 2723 3097 2776 in
3137 2723 3280 2778 inte-

1694 2824 1871 2878 grum,
1894 2819 1947 2864 et
1976 2809 2186 2863 alveum
2214 2809 2478 2880 Pbarplue
2505 2819 2675 2866 totum
2701 2814 2753 2867 in
2779 2815 3070 2884 integrum,
3101 2815 3276 2870 eccle-

1694 2899 1829 2952 siam
1860 2898 2043 2953 Sancti
2068 2900 2257 2970 Angeli
2283 2900 2334 2954 in
2367 2900 2566 2956 Taneia
2591 2919 2714 2958 eum
2749 2905 2962 2974 gualdo,
3007 2913 3061 2960 et
3099 2907 3302 2968 omni-.

1692 2991 1795 3048 bus
1820 2993 1932 3046 suis
1962 2993 2336 3062 pertinentiis,
2389 2994 2548 3049 sicuti
2577 2994 2976 3052 Hildehrandus
3031 2998 3135 3053 dux
3181 3014 3279 3069 per

1693 3096 1789 3136 sua
1821 3083 2160 3139 ceuﬁrmavit
2186 3096 2480 3155 prtccepta,
2513 3087 2795 3141 castellqu
2847 3088 2912 3141 de
2953 3087 3280 3144 Bucciuiauo

1701 3184 1871 3230 totum
1933 3177 1985 3230 in
2031 3177 2336 3248 integrum,
2389 3185 2627 3231 castrum
2671 3176 2933 3248 Pharpha:
2984 3195 3106 3235 cum
3153 3181 3281 3236 totis

1698 3265 2047 3334 subjaceutiis
2073 3266 2174 3321 sibi
2205 3267 2601 3336 pertinentibus
2638 3267 2843 3323 castelli
2885 3270 3025 3338 quod
3057 3279 3280 3325 vocatur

1698 3359 1882 3428 Capnd
1909 3359 2193 3428 Pliarphaa,
2218 3369 2270 3414 et
2295 3359 2476 3416 Sancti
2507 3359 2691 3430 Augeli
2723 3362 3064 3429 cognomine,
3088 3371 3139 3415 et
3164 3377 3278 3416 cas-

1702 3448 1808 3503 telli
1831 3447 2034 3503 Cerreti
2059 3449 2209 3516 mali,
2232 3459 2287 3505 et
2313 3449 2651 3516 Scaudriliaz,
2673 3459 2729 3504 et
2752 3449 2925 3505 Petrae
2947 3450 3280 3516 Dzemonum,

1699 3547 1753 3593 et
1783 3538 1972 3594 [locem
2000 3538 2159 3594 Saliei
2185 3541 2437 3596 sistorum
2464 3541 2701 3609 quinque
2728 3549 2889 3594 lotam
2913 3541 3279 3606 medietatem,

1699 3646 1819 3685 cum
1849 3623 1996 3686 Podii
2031 3631 2226 3702 Majani
2273 3634 2595 3698 medietate,
2647 3645 2702 3688 et
2755 3643 2863 3688 toto
2911 3633 3105 3702 gualdo
3141 3633 3278 3708 ejus,

1699 3722 1982 3776 castellum
2034 3722 2416 3794 Vulpinianum
2444 3767 2459 3792 ,
2507 3725 2784 3781 castellqu
2833 3725 2898 3779 de
2945 3723 3277 3790 lllarciliano,

1699 3813 1977 3868 castellum
2005 3815 2077 3870 de
2106 3814 2452 3883 I‘erraniano,
2482 3815 2698 3886 podium
2739 3816 2803 3869 de
2831 3813 3044 3880 Catino,
3080 3814 3280 3869 castel-

1701 3905 1808 3959 lum
1838 3907 1902 3961 de
1931 3905 2070 3970 Cnfi,
2129 3915 2183 3960 et
2226 3906 2505 3961 castellum
2549 3906 2616 3960 de
2653 3905 2870 3960 Furano
2901 3945 2918 3972 ,
2961 3914 3170 3960 curtem
3214 3906 3282 3960 de

1700 3993 1844 4064 Lori,
1885 3997 2171 4053 ecclesiam
2211 3996 2427 4052 Sanctae
2468 3997 2703 4052 Helenae.
2732 3997 2786 4050 ln
2819 3997 3040 4050 civitate
3077 3995 3280 4051 Ortana

1700 4091 1984 4146 ecclesiam
2027 4088 2212 4144 Sancti
2246 4087 2545 4152 Theodori,
2614 4088 2666 4142 in
2719 4086 2962 4141 Vitcrbio
2996 4087 3278 4143 ecclesiam

1699 4179 1912 4237 Sanctae
1937 4180 2137 4244 Mariae,
2170 4179 2453 4236 ecclesiam
2485 4179 2668 4234 Sancti
2693 4177 2960 4234 Valentini
2991 4179 3041 4232 in
3063 4177 3278 4248 Burge;

1701 4273 1753 4326 iu
1797 4272 2071 4327 territorio
2107 4272 2377 4335 'l‘uscano,
2414 4269 2607 4323 cellam
2650 4269 2864 4324 Sancta:
2891 4269 3072 4324 Maria:
3101 4270 3155 4324 in
3184 4269 3282 4324 Mi-

1699 4364 1861 4418 nione
1878 4379 1998 4418 cum
2023 4363 2237 4433 gualdo,
2261 4371 2313 4416 et
2338 4370 2520 4415 monte
2543 4360 2815 4425 Garberti,
2840 4370 2892 4416 et
2911 4362 3028 4437 ripa
3050 4360 3278 4428 Albella,

1700 4463 1754 4506 et
1804 4451 2014 4505 marino
2071 4460 2264 4521 portu,
2309 4448 2595 4504 ecclesiam
2651 4449 2838 4504 Sancti
2889 4449 3281 4504 Laurentii.....

1704 4542 1923 4597 flumine
1953 4541 2237 4597 ecclesiam
2265 4540 2476 4597 Sancta:
2521 4543 2756 4607 Severre,
2783 4541 3124 4596 medietatem
3151 4541 3284 4594 civi-

1705 4635 1830 4689 tatis
1855 4633 2084 4698 Vetula},
2108 4641 2163 4688 et
2185 4642 2394 4703 portus,
2421 4649 2582 4702 quem
2610 4634 2753 4688 dedit
2789 4631 3077 4686 llainerius
3101 4646 3282 4685 comes

1703 4727 1842 4781 filius
1864 4726 2099 4782 Saxonis
2123 4726 2338 4781 comitis
2359 4740 2458 4794 pro
2487 4725 2724 4780 remedio
2769 4723 2965 4777 aululae
2992 4737 3102 4776 sua:
3141 4737 3281 4790 pra:-

1702 4819 1847 4874 dicto
1873 4805 2121 4875 emnohio
2152 4820 2367 4875 Sancta:
2390 4820 2593 4880 Mari-.2,
2627 4827 2678 4872 et
2705 4816 2796 4884 qui
2830 4815 2970 4868 filius
2997 4814 3112 4883 ejus
3141 4813 3284 4868 Saxo

1701 4921 1825 4966 ante
1850 4913 2191 4980 praesentiam
2228 4917 2466 4966 nostram
2500 4907 2753 4962 refutavit
2776 4947 2791 4970 ,
2841 4914 2896 4960 et
2921 4919 3014 4975 per
3040 4905 3284 4958 chartam

1701 5007 1803 5076 ipsi
1860 5007 2190 5066 monasterio
2243 5005 2580 5061 confirmavit
2660 4999 2996 5056 irrevocabili
3072 5013 3170 5052 sua
3231 5005 3287 5051 ct

1702 5097 1974 5152 hmredum
2027 5112 2247 5151 suorum
2303 5096 2402 5150 sub
2465 5102 2682 5149 centum
2736 5090 2994 5144 librarum
3029 5085 3287 5142 denanio—
3323 5156 3335 5164 _

1704 5204 1824 5242 rum
1855 5203 2012 5259 poena
2042 5187 2410 5258 Papiensium,
2438 5184 2724 5240 ecclesiam
2748 5182 2932 5237 Sancti
2961 5179 3104 5235 Petri
3133 5188 3284 5234 extra

1704 5295 1889 5336 muros
1915 5281 2152 5336 civitatis
2181 5279 2522 5341 Cornetante,
2555 5284 2609 5332 et
2634 5275 2897 5345 quidquid
2950 5273 3088 5327 infra
3116 5273 3286 5339 ipsam

1705 5375 1975 5430 civitatem
2005 5373 2089 5429 vel
2114 5373 2248 5428 foris
2287 5373 2487 5428 habere
2515 5374 2750 5434 videtur,
2781 5370 3066 5425 ecclesiam
3101 5365 3285 5422 Sancti

1706 5466 2005 5536 Peregrini,
2039 5467 2322 5523 ecclesiam
2349 5466 2530 5521 Sancti
2553 5464 2738 5535 Angcli
2771 5465 2869 5519 sub
2897 5464 3010 5533 ripa
3038 5462 3090 5515 in
3121 5458 3286 5515 comi-

1707 5567 1820 5614 tatu
1874 5558 2122 5624 Senensi,
2177 5568 2382 5615 curtem
2423 5558 2720 5612 Leoninam
2768 5556 2820 5608 in
2865 5553 3120 5608 comitatu
3153 5550 3286 5604 Nar-

1705 5651 1903 5717 niensi,
1935 5650 2322 5704 monasterium
2353 5647 2536 5703 Sancti
2566 5645 2775 5716 Angeli,
2797 5651 2851 5698 et
2883 5641 3070 5696 collem
3101 5639 3282 5694 Sancti

1707 5743 1929 5810 Antimi,
1955 5751 2008 5796 et
2037 5743 2253 5797 Sancta:
2294 5739 2470 5793 Marizu
2497 5779 2510 5803 ,
2560 5748 2612 5792 ct
2647 5737 2828 5793 Sancti
2881 5732 3106 5791 Joannis
3146 5729 3288 5785 infra
