3838 6322
3 338 133 392 ΙίὺἹ

1290 328 1636 382 ιιιεὶλιιιιμιδ
1679 330 1734 381 l\
1777 331 1914 379 IMP.

3135 332 3274 383 Ηξιδ

3 451 230 507 Reatino
256 450 552 520 Repastum
586 454 856 511 castrum;
907 444 959 500 in
990 443 1249 499 comitatu
1293 443 1570 507 Firmano,
1601 450 1646 504 Α
1694 442 2055 496 instrumenta
2082 439 2414 504 chartarum,
2450 447 2506 492 ut
2537 437 2789 506 diximus,
2834 438 2905 494 illi
2938 438 3155 507 largita,
3183 450 3276 494 aut

3 550 205 596 :urtem
236 539 419 596 Sancti
448 537 747 593 Salvator-is
786 536 887 591 sub
915 550 1070 589 muro
1097 534 1333 589 civitatis
1360 534 1593 599 Firmas

4 648 99 699 ore,
152 646 206 690 et
231 642 437 690 eurtem
482 631 668 686 Sancti
711 630 978 695 Gervasii,
1033 639 1089 684 et
1138 638 1346 685 curtem
1390 628 1576 684 Sancti

3 722 350 794 Sigismundi,
381 732 435 777 et
478 732 677 779 terram
712 723 779 777 de
818 722 1107 787 Paratiuis,
1144 733 1354 785 curtem
1391 722 1576 777 Sancti

4 816 187 886 Angeli
217 817 281 871 de
314 816 443 870 Villa
472 830 694 885 magna,
720 826 931 870 curtem
983 816 1168 870 Sancti
1210 814 1491 877 Desidet-ii,
1523 822 1579 869 et.

8 920 207 963 cortem
248 911 314 963 de
338 907 686 976 Cupresseto,
731 917 785 959 et
832 917 1042 961 curtem
1075 906 1254 960 Sancti
1287 907 1473 974 Augoli
1524 907 1577 960 in

10 998 244 1063 Niviano,
284 1008 340 1053 et
384 1008 593 1053 curtem
632 997 819 1051 Sancti
860 996 1129 1058 Venantii,
1182 1005 1236 1049 et
1276 1006 1482 1050 curtem
1511 998 1578 1050 de

13 1086 303 1146 Uolomelli,
342 1095 398 1141 et
425 1096 631 1141 curtem
666 1085 882 1139 Sancta:
923 1085 1243 1149 Felicitatis,
1287 1096 1485 1139 terram
1512 1087 1580 1138 de

17 1181 303 1246 Rat'iliano,
332 1190 386 1233 et
411 1188 619 1234 cortem
647 1179 830 1233 Sancti
866 1178 1133 1241 Venantii,
1165 1187 1219 1230 et
1250 1177 1313 1231 de
1344 1176 1577 1242 Solario,

17 1284 68 1327 et
106 1282 299 1326 curtem
343 1270 561 1325 Sanctae
602 1269 785 1323 Maria:
814 1269 869 1324 in
902 1269 1159 1332 Motiano,
1194 1278 1249 1321 et
1278 1279 1481 1321 cortem
1511 1268 1577 1321 de

17 1364 294 1419 Cautiuatis
343 1363 395 1417 in
444 1362 563 1419 loco
591 1362 682 1431 qui
730 1371 955 1415 vocatur
985 1360 1245 1425 Murrum,
1278 1368 1481 1413 curtem
1511 1359 1577 1412 tle

17 1456 271 1508 Brczzano
297 1455 348 1507 in
373 1454 490 1507 loco
517 1454 607 1522 qui
636 1460 859 1507 vocatur
890 1451 1268 1514 Serranianus,
1294 1450 1573 1503 castellum

21 1549 231 1601 filiorum
257 1545 604 1615 ,Guinizonis,
657 1553 865 1599 curtem
916 1543 1147 1599 Sanctae
1173 1542 1352 1598 Maria:
1386 1543 1577 1596 matris

29 1638 233 1701 Domini,
259 1645 467 1691 curtem
499 1636 686 1690 Sancti
721 1635 936 1699 Μαι-σιξ,
974 1644 1029 1690 et
1058 1642 1268 1689 curtem
1308 1634 1375 1688 de
1406 1633 1573 1698 Valle,

36 1738 204 1782 :urtem
235 1727 451 1781 Sancta:
477 1725 657 1781 Maria:
686 1728 740 1781 in
772 1726 1081 1792 Ortatiano,
1122 1734 1178 1780 et
1207 1733 1415 1780 cortem
1445 1726 1582 1780 San-

34 1821 81 1872 ;-ti
119 1818 406 1873 Salvatoris
448 1818 500 1871 in
545 1818 845 1884 Memor-iis,
894 1826 1103 1873 eurtem
1157 1817 1222 1872 de
1259 1816 1578 1881 Blotenano,

34 1919 205 1963 :urtem
233 1905 422 1963 Sancti
453 1906 678 1974 Autimi,
704 1918 759 1963 et
787 1917 997 1962 curtem
1021 1908 1086 1963 de
1116 1917 1297 1961 monte
1322 1905 1578 1960 Falcone.

22 2010 55 2052 ξι
92 2009 288 2053 curtem
330 1998 549 2054 Sanctae
582 1997 764 2052 Maria:
810 1998 863 2052 in
900 1997 1107 2061 lllurra,
1141 2006 1346 2051 curtem
1399 1994 1585 2049 Sancti

12 2090 188 2161 lnchi
218 2091 357 2144 inter
402 2090 537 2144 duas
568 2098 761 2152 terras,
814 2097 872 2143 et
916 2087 1081 2142 aliam
1133 2096 1341 2142 curtcm
1395 2085 1582 2140 Sancti

6 2182 183 2251 \ngeli
224 2181 277 2235 in
325 2181 631 2249 Murgiano,
664 2188 875 2235 curtem
911 2177 1099 2234 Sancti
1152 2178 1338 2248 Angeli
1379 2178 1431 2231 in
1472 2177 1583 2231 An-

22 2276 173 2339 iano,
221 2275 351 2329 item
400 2282 610 2329 curtent
661 2271 728 2326 de
778 2271 1110 2325 monasterio
1160 2270 1415 2324 Lumerto
1457 2286 1580 2323 cum

10 2365 235 2419 :cclesiis
272 2366 507 2430 duabus,
565 2364 615 2417 id
660 2370 744 2416 est
795 2362 1014 2416 Sancta:
1052 2360 1234 2415 Maria:
1289 2371 1344 2414 et
1395 2360 1581 2414 Sancti

18 2458 265 2514 lenedicti
303 2472 429 2512 cum
470 2456 721 2511 omnibus
756 2470 943 2510 earum
972 2454 1329 2523 pertinentiis.

72 2547 191 2603 llrcc
215 2557 396 2601 autem
427 2546 736 2615 supradicta
765 2544 972 2609 omnia,
998 2559 1118 2612 qu:e
1150 2543 1214 2596 ad
1260 2542 1579 2612 praedictum

10 2639 387 2692 nonasterium
418 2638 687 2706 pertinere
719 2637 993 2698 videntur,
1026 2649 1121 2689 seu
1158 2644 1212 2689 et
1254 2634 1307 2689 in
1340 2636 1579 2688 futurum

10 2726 69 2780 ib
101 2726 212 2781 aliis
249 2725 723 2794 hominibusjuste
779 2734 834 2780 et
882 2724 1130 2794 legaliler
1168 2724 1217 2779 ei
1264 2725 1577 2790 acciderint,

10 2833 106 2871 rec
133 2832 229 2871 non
261 2827 317 2871 et
347 2832 410 2871 ea
444 2833 565 2886 quae
591 2815 789 2883 injuste
818 2818 885 2870 ab
916 2815 1185 2883 aliquibus
1214 2815 1579 2882 possidentur,

8 2926 55 2960 tu
77 2919 100 2961 t
121 2907 170 2962 iu
192 2908 324 2962 urbe
352 2906 545 2973 Roma,
578 2908 659 2962 vel
690 2908 743 2960 in
776 2908 989 2961 caeteris
1018 2906 1183 2961 totius
1222 2905 1369 2975 regni
1410 2905 1577 2958 nostri

4 3013 75 3054 ita
93 3000 175 3055 lici
202 3001 445 3070 partibus
473 3001 675 3057 habere
705 3000 1059 3069 dignoscitur,
1086 3016 1182 3069 per
1211 3001 1312 3053 hoc
1334 3009 1575 3053 nostrum

4 3104 324 3163 )rucceptum
365 3093 540 3148 eidem
586 3102 774 3147 sancto
804 3092 921 3147 loco
951 3090 1359 3155 confirmamus,
1400 3100 1455 3145 et
1485 3106 1580 3160 per

8 3199 273 3247 lalllllﬂll,
312 3193 367 3238 et
399 3183 810 3253 perjussionem
854 3192 1117 3249 nostram,
1165 3192 1581 3252 nostrorumque

13 3286 397 3330 antecessorqu
438 3290 648 3346 regum,
690 3276 775 3330 vel
809 3276 1195 3347 imperatorum
1232 3274 1579 3338 auctoritate,

14 3384 92 3419 ma
126 3381 251 3420 cum
307 3364 488 3441 terris,
530 3365 731 3430 vineis,
787 3365 1130 3420 monasteriis
1168 3363 1267 3418 sibi
1304 3361 1580 3430 subjectis,

14 3457 262 3519 τεςιεδίἰε.
294 3455 549 3521 castellis,
599 3454 869 3520 curtibus,
907 3454 1174 3517 domibus,
1211 3454 1368 3518 villis,
1400 3453 1580 3523 capel-

14 3548 69 3609 is,
97 3546 285 3614 aquis,
321 3561 581 3614 aquarqu
623 3546 959 3609 decursibus,
1002 3545 1413 3615 piscationibus,
1466 3559 1583 3599 mo-

12 3636 253 3701 cmlinis,
280 3636 555 3700 mercatis,
590 3634 749 3690 cultis
776 3635 858 3688 vel
888 3634 1124 3700 incultis,
1147 3634 1374 3698 colonis,
1400 3634 1578 3698 aldiis,

10 3729 276 3791 .ldiabus,
326 3726 690 3793 manentibus,
748 3726 1109 3795 omnibusque
1163 3741 1323 3794 supra
1380 3734 1580 3778 terram

9 3821 171 3886 psius
200 3817 509 3872 monasterii
544 3817 928 3881 residentibus,
968 3817 1161 3879 servis,
1192 3814 1424 3877 ancillis,
1463 3830 1580 3868 om-

7 3911 165 3981 nique
201 3906 398 3961 familia
440 3907 722 3975 utriusque
754 3923 939 3971 sexus,
979 3905 1299 3973 cunctisque
1335 3902 1581 3958 animali-

6 4018 92 4053 1113.
152 3998 327 4068 Atque
356 4014 452 4067 pro
484 3998 577 4051 Dei
607 4014 790 4051 amore
822 4005 1124 4065 nostraeque
1163 3996 1356 4049 anima:
1385 3995 1579 4058 salute,

12 4091 176 4143 idem
223 4088 550 4142 monasterio
599 4086 1029 4140 ministrantibus
1074 4086 1467 4154 perdonamus,
1521 4090 1579 4136 ut

6 4180 123 4235 nulla
142 4196 176 4230 δ
200 4194 407 4245 eorum,
433 4188 524 4232 aut
557 4193 775 4232 suorum
813 4178 1087 4230 hominum
1129 4177 1378 4245 deinceps
1402 4176 1576 4242 freda,

6 4287 61 4325 eu
102 4268 331 4325 tributa
387 4270 743 4337 undecunque
793 4264 1074 4336 exigenda,
1119 4279 1211 4322 aut
1247 4269 1573 4334 mansiones,

12 4361 57 4413 el
84 4367 323 4430 paratas
352 4357 648 4421 faciendas,
672 4356 754 4412 vel
785 4356 1127 4424 fidejussores
1167 4356 1449 4418 tollendos,
1486 4340 1576 4409 aut

1678 528 1955 605 largienda
1987 540 2111 587 sunt
2147 531 2499 596 monasterio,
2535 547 2657 586 cum
2711 532 2964 587 onmibus
3002 529 3118 586 suis
3151 544 3276 598 per-

1682 623 1947 677 tinentiis.
1976 621 2050 676 De
2081 621 2308 676 teloneis
2336 637 2465 677 vero
2497 631 2882 685 mercatorum,
2907 638 2962 678 et
2992 621 3271 692 pontium,

1677 715 1915 769 decimas
1941 714 2010 768 ad
2041 724 2248 783 portam
2281 714 2593 767 monasterii
2638 716 2769 767 dare
2793 714 3065 783 jubemus.
3104 712 3269 779 Prae—

1686 806 1947 876 cipientes
1990 820 2120 877 ergo
2172 804 2425 874 jubemus
2467 814 2528 858 ut
2587 805 2765 861 nullus
2811 804 3273 876 archiepiscopus,

1681 900 1999 968 episcopus,
2047 899 2188 961 dux,
2235 897 2499 961 marchio,
2544 913 2756 963 comes,
2810 899 3136 965 vicccomes,
3188 896 3276 951 vel

1681 989 1873 1057 aliquis
1904 989 2103 1043 missus
2131 996 2313 1043 noster
2351 986 2683 1054 discurrens,
2728 990 3043 1052 sculdasius,
3070 990 3270 1044 castal-

1680 1080 1822 1145 dius,
1862 1081 2115 1149 nullaque
2145 1080 2353 1149 imperii
2387 1080 2561 1135 nostri
2613 1097 2809 1151 magna
2838 1098 3113 1151 parvaque
3138 1098 3267 1153 per-

1681 1187 1811 1226 sona
1863 1173 2102 1241 prmdieti
2150 1172 2465 1226 monasterii
2508 1171 2784 1236 abbatem,
2818 1172 2903 1226 vel
2950 1176 3268 1240 monachos,

1682 1279 1774 1343 seu
1800 1264 2031 1343 aliquem
2052 1265 2262 1319 fidelem
2286 1264 2607 1334 inquietare,
2628 1262 2933 1327 molestare,
2950 1274 3061 1331 aut,
3090 1267 3157 1320 de
3188 1266 3273 1321 his

1682 1340 1801 1426 qure
1830 1340 2193 1426 suprascripta
2236 1368 2379 1420 sunt,
2412 1357 2530 1411 sine
2567 1357 2719 1427 legali
2745 1357 2948 1427 judicio
2984 1357 3269 1423 disvestire

1681 1455 1998 1516 prwsuzuat,
2032 1458 2125 1500 aut
2153 1447 2385 1515 aliquam
2418 1427 2829 1501 minorationem
2867 1447 3042 1501 facere
3078 1457 3270 1501 tentet.

1755 1551 1907 1607 Unde
1941 1566 2223 1605 mouemus
2254 1547 2566 1605 fidelitatem
2596 1560 2856 1615 vestram,
2898 1559 2955 1604 ut
3000 1566 3121 1604 cum
3159 1548 3270 1618 jam

1683 1642 1827 1698 fatus
1879 1642 2069 1707 abbas,
2112 1641 2198 1696 vel
2247 1642 2523 1708 monachi,
2568 1650 2663 1696 aut
2711 1643 3003 1697 advocatus
3033 1642 3273 1712 ejusdem

1686 1734 2004 1789 monasterii
2036 1734 2089 1787 in
2118 1742 2296 1788 vestra
2328 1733 2627 1788 ministeria
2654 1731 2894 1801 justitias
2922 1734 3274 1802 requirendas

1688 1826 1915 1890 venerit,
1949 1825 2132 1888 duces,
2180 1839 2277 1879 seu
2315 1824 2561 1888 comites,
2598 1824 2688 1893 qui
2732 1840 2826 1892 pro
2867 1833 3109 1891 tempore
3156 1821 3275 1876 fue-

1685 1916 1815 1979 r-int,
1841 1916 1893 1969 in
1932 1930 2162 1985 quorum
2194 1915 2391 1970 ducatu
2424 1915 2505 1969 vel
2547 1913 2803 1967 comitatu
2834 1911 3118 1981 prasfatum
3163 1925 3274 1965 etn-

1687 2006 1909 2060 nobium
1948 2005 2157 2074 aliquid
2204 2005 2483 2074 possidere
2530 2005 2887 2075 dignoscitur,
2937 2002 3272 2068 defensores,

1686 2106 1847 2165 atque
1888 2096 2165 2165 adjutores
2212 2096 2450 2151 existant
2497 2095 2548 2148 in
2592 2096 2861 2157 oumibus,
2909 2105 3015 2147 tam
3050 2092 3274 2162 prml'ato

1684 2186 1866 2240 abbati
1891 2203 2052 2255 quam
2078 2185 2484 2261 successoribus
2513 2185 2645 2255 ejus,
2672 2196 2728 2240 nt
2765 2185 2963 2261 nullius
2991 2184 3274 2252 potestatis

1682 2293 1969 2347 personam
2006 2280 2113 2333 vim
2157 2289 2250 2335 aut
2288 2278 2623 2333 iuvasionem
2680 2277 2839 2331 aliam
2868 2276 3097 2339 inferre
3145 2292 3268 2345 per-

1683 2369 1901 2424 mittant
1934 2371 1985 2424 in
2017 2371 2117 2431 his.
2149 2386 2269 2439 quze
2295 2370 2362 2423 ad
2395 2378 2749 2423 memoratam
2778 2367 3065 2422 ecclesiam
3101 2367 3272 2434 perti-

1682 2466 1835 2512 nent.
1866 2458 1932 2512 Et
1962 2456 2140 2512 nullus
2170 2474 2333 2512 ausus
2362 2458 2433 2512 sit
2463 2458 2701 2526 recipere
2733 2456 2834 2523 sub
2875 2472 2972 2510 sua
3006 2453 3271 2523 jussionc,

1685 2558 1778 2603 aut
1815 2549 2040 2603 tuitione
2077 2547 2319 2616 ejusdem
2354 2532 2666 2603 monasterii
2704 2532 2982 2618 lugitivos,
3026 2547 3105 2602 vel
3131 2547 3275 2600 malo

1683 2639 1864 2693 animo
1903 2638 2266 2695 discedentes.
2300 2639 2585 2694 Precarias
2619 2654 2767 2704 vero,
2815 2649 2869 2695 et
2899 2641 3278 2694 commutatio-

1684 2746 1782 2785 nes
1816 2732 2012 2801 injuste
2047 2732 2240 2793 factas,
2274 2732 2357 2787 vel
2410 2728 2611 2798 injuste
2660 2732 2975 2801 acquisitas,
3029 2730 3276 2784 volumus

1682 2820 1886 2885 irritas,
1915 2823 2201 2890 etjabsque
2222 2835 2383 2890 poma
2405 2821 2748 2891 obligationis
2776 2821 2999 2895 solutas,
3029 2819 3276 2874 oll‘crtos-

1685 2928 1788 2981 que
1826 2913 2066 2982 prtedicti
2114 2914 2427 2968 monasterii
2460 2912 2805 2981 nolumus,iu
2836 2911 3033 2981 saeculo
3067 2911 3275 2987 vagari,

1689 3005 1781 3059 sed
1805 3004 2111 3074 ubicunque
2138 3005 2340 3059 inventi
2374 3004 2595 3068 fuerint,
2629 3004 2789 3059 liceat
2825 3003 3031 3067 abbati,
3062 3004 3152 3073 qui
3177 3018 3275 3071 pro

1687 3105 1927 3164 tempore
1953 3095 2136 3161 fuerit,
2166 3096 2250 3149 vel
2288 3096 2451 3149 etiam
2485 3095 2766 3149 monachis
2794 3093 2860 3148 ad
2888 3092 3275 3148 monasterium

1687 3201 1965 3253 revocare,
1992 3196 2048 3241 et
2076 3187 2120 3241 si
2148 3203 2281 3257 opus
2312 3188 2492 3253 fuerit,
2539 3187 2667 3251 dux,
2697 3196 2791 3241 aut
2817 3200 3001 3240 comes
3020 3168 3268 3251 ejusdem

1688 3276 1947 3345 temporis
1996 3290 2091 3330 eos
2141 3276 2208 3330 ad
2257 3276 2647 3330 monasterium
2696 3274 2892 3328 reverti
2949 3272 3173 3327 faciant.
3216 3271 3275 3326 Si

1686 3383 1816 3424 vero
1839 3370 1905 3423 de
1938 3367 2179 3437 qualibet
2203 3382 2366 3422 causa
2390 3382 2420 3420 a
2445 3374 2599 3436 parte
2621 3365 2787 3435 ipsius
2814 3365 3125 3420 monas'erii
3155 3372 3274 3418 orta

1687 3458 1848 3511 fuerit
1878 3456 2127 3529 intentio,
2176 3470 2281 3511 non
2318 3470 2415 3524 per
2449 3455 2581 3508 viles
2611 3442 2893 3525 personas,
2926 3454 3017 3507 sed
3053 3469 3149 3521 per
3179 3469 3275 3507 no-

1686 3550 1906 3605 biliores
1946 3548 2194 3603 homines
2224 3558 2278 3602 et
2306 3546 2637 3611 veraciores,
2669 3546 2807 3621 sicut
2837 3547 2902 3597 ad
2931 3545 3272 3621 praesentiam

1684 3649 1955 3706 nostram,
1999 3641 2077 3694 rei
2119 3639 2321 3694 veritas
2363 3638 2667 3707 inquiratur
2719 3646 2773 3691 et
2829 3636 3066 3690 finiatur.
3120 3634 3273 3688 Nulla

1683 3734 1916 3804 denique
1968 3732 2251 3787 mallatura
2300 3732 2368 3786 ab
2415 3732 2677 3786 advocato
2731 3728 2900 3799 ipsius
2957 3728 3272 3783 monasterii

1682 3828 1895 3895 penitus
1938 3825 2265 3895 requiratur,
2322 3840 2421 3879 nec
2465 3824 2630 3879 etiam
2686 3824 2897 3878 bannus
2950 3830 3137 3876 noster
3174 3836 3273 3889 pro

1683 3914 1921 3985 qualibet
1970 3928 2131 3969 causa
2187 3929 2218 3967 a
2277 3924 2429 3983 parte
2466 3913 2751 3968 memorati
2802 3912 3115 3966 nionasterii
3173 3910 3272 3965 ali-

1683 4006 1896 4073 quando
1927 4005 2200 4074 exigatur,
2231 4004 2326 4058 sed
2366 4003 2526 4058 liceat
2553 4003 2737 4060 abbati
2767 4013 2822 4058 et
2852 4003 3272 4058 successoribus

1681 4095 1797 4164 ejus
1836 4110 1922 4148 res
1958 4103 2013 4149 et
2065 4095 2437 4164 possessiones
2470 4093 2585 4163 jam
2636 4094 2763 4149 dicti
2820 4095 3133 4149 iuonasterii
3168 4095 3269 4148 sub

1682 4186 2039 4242 immanitatis
2069 4195 2232 4256 atque
2274 4187 2515 4243 tuitionis
2546 4187 2733 4242 ordine
2771 4187 3067 4255 possidere.
3119 4187 3187 4239 Et
3223 4187 3268 4241 si

1682 4277 1917 4344 fodt'um,
1948 4279 2031 4333 vel
2060 4279 2263 4348 aliquid
2311 4279 2376 4334 de
2406 4278 2645 4348 ejusdem
2705 4280 3021 4335 monasterii
3056 4296 3270 4349 posses-

1680 4371 1925 4425 sionibus
1961 4369 2123 4425 fiscus
2166 4379 2351 4423 noster
2404 4385 2625 4439 sperare
2674 4372 2929 4439 potuerit,
2971 4380 3138 4426 totum
3172 4387 3269 4439 pro

13 4453 243 4505 nomines
280 4447 521 4515 ejusdem
573 4448 909 4513 monasterii,
960 4456 1068 4500 tam
1119 4447 1377 4516 ingenuos
1413 4462 1573 4515 quam

1684 4470 1896 4513 aeterna:
1955 4459 2412 4513 remunerationis
2483 4460 2704 4528 prmmio
2772 4460 2870 4529 ipsi
2939 4460 3268 4513 monasterio

16 4558 196 4606 ervOs,
248 4540 564 4603 libellarios,
622 4540 736 4593 sive
771 4538 1025 4601 clericos,
1068 4538 1151 4590 vel
1194 4538 1571 4600 chartularios,

24 4642 78 4685 ut
117 4632 370 4696 olfertos,
408 4644 706 4696 onmesque
741 4628 842 4682 sub
868 4628 1071 4682 ditione
1113 4627 1267 4695 hujus
1306 4637 1578 4680 mooaste-

20 4720 51 4772 ii
80 4728 517 4781 commanentes,
551 4716 974 4787 distringendos,
1008 4714 1091 4769 vel
1123 4715 1187 4767 ad
1218 4715 1459 4784 publicas
1484 4730 1579 4769 ex-

24 4812 176 4866 ubias
217 4807 658 4878 compellendus,
710 4817 803 4859 aut
834 4806 972 4860 ullas
1026 4806 1434 4869 redhibitioues,
1487 4814 1578 4859 aut

25 4900 256 4954 uaslibet
283 4898 606 4953 occasiones
636 4896 1008 4964 requirendas,
1048 4896 1247 4948 nostris
1287 4894 1368 4948 vel
1410 4893 1575 4948 futuri

20 4991 245 5058 nuperis
285 4988 503 5049 diebus,
546 4985 749 5055 ingredi
791 4986 1006 5049 audeat,
1050 4984 1220 5037 autin
1251 4983 1431 5055 aliquo
1460 4985 1577 5041 loco

22 5089 72 5131 ct
96 5079 534 5147 portnnaticum,
583 5086 676 5130 aut
708 5077 1011 5148 ripaticum,
1065 5086 1157 5130 aut
1187 5076 1575 5147 glaudaticurn,

19 5170 63 5221 el
97 5170 473 5233 herbaticum,
502 5168 584 5223 vel
610 5169 1033 5237 pontonaticutn,
1072 5176 1178 5221 tam
1210 5170 1275 5220 de
1299 5168 1576 5222 monachis

22 5275 145 5311 nam
187 5262 258 5314 de
296 5259 686 5323 tuonacbabus,
715 5276 874 5328 quam
910 5260 1137 5323 clericis,
1172 5274 1333 5329 quam
1364 5260 1430 5315 de
1462 5277 1579 5317 om-

26 5350 144 5404 ilzus
168 5367 337 5421 supra
366 5360 538 5405 terras
562 5366 747 5405 eorum
778 5352 1157 5407 residentibus.
1181 5351 1577 5409 Confirmamus

24 5444 164 5497 idem
192 5448 524 5502 rnonasterio
555 5448 832 5519 privilegia
866 5449 1229 5503 Romanorum
1262 5451 1575 5519 pontiﬁcum

22 5536 219 5590 .driani
247 5549 300 5591 et
336 5538 486 5592 Pauli
529 5549 583 5593 et
623 5555 810 5593 eorum
837 5556 1230 5603 successorum,
1265 5541 1424 5594 simul
1453 5560 1574 5597 cum

28 5624 247 5677 ιηιιὶιηιε
294 5627 453 5680 rebus
507 5627 607 5682 sibi
642 5628 848 5686 collatis
896 5646 925 5682 a
972 5630 1197 5684 diversis
1250 5630 1572 5697 hominibus,

25 5722 469 5787 ommutationes,
517 5720 856 5788 donationes,
895 5738 985 5778 seu
1018 5732 1071 5777 ct
1117 5724 1295 5779 omnia
1334 5741 1452 5795 quae
1480 5743 1577 5797 per

1681 4549 2028 4603 concedimus
2070 4549 2123 4602 in
2168 4548 2477 4602 alimoniam
2522 4565 2840 4619 pauperum,
2896 4560 2949 4604 et
3002 4551 3267 4619 stipendia

1681 4640 2067 4695 monachorum
2120 4640 2318 4693 ibidem
2367 4641 2477 4695 Deo
2524 4641 2892 4705 militantium,
2936 4651 2994 4694 ut
3044 4642 3265 4704 nostris,

1681 4728 1983 4799 futurisque
2009 4729 2340 4798 temporibus
2362 4730 2609 4799 proficiat
2642 4730 2694 4783 in
2728 4734 3052 4801 augmentis,
3076 4740 3268 4798 quate-

1682 4838 1780 4874 nus
1823 4831 2152 4875 memoratos
2200 4820 2295 4875 Dei
2353 4836 2540 4876 servos
2590 4821 2813 4875 liberius
2865 4836 2961 4889 pro
3008 4820 3180 4884 nobis,
3212 4830 3268 4875 et

1680 4911 1971 4963 stabilitate
2003 4910 2172 4964 nostri
2218 4910 2449 4978 imperii,
2506 4910 2716 4963 Domini
2767 4910 3109 4964 rlctnenliatu
3166 4926 3265 4963 ex-

1678 5016 1839 5053 orare
1866 4999 2113 5053 delectet.
2146 4999 2213 5053 Et
2242 5000 2675 5069 quandocunque
2696 5001 2863 5054 abbas
2882 5001 3119 5071 ejusdem
3152 5015 3268 5055 mo-

1680 5092 1905 5145 nasterii
1944 5092 2008 5145 de
2039 5092 2140 5145 hac
2169 5090 2287 5145 luce
2320 5093 2661 5159 migraverit,
2695 5092 2825 5163 ipsis
2870 5094 3010 5147 inter
3039 5108 3097 5146 se
3143 5108 3265 5146 mo-

1681 5184 1870 5238 nachis
1907 5183 2238 5239 unanimiter
2266 5184 2749 5248 consentientibus,
2781 5185 3075 5240 secundum
3107 5200 3263 5256 regu-

1680 5273 1785 5327 lam
1826 5275 1997 5328 sancti
2027 5272 2324 5339 Benedicti,
2367 5276 2506 5329 sicut
2547 5290 2733 5330 corum
2780 5276 2970 5331 edocet
3010 5276 3161 5338 ordo,
3210 5284 3265 5329 et

1681 5377 1886 5421 rectum
1929 5375 2034 5432 est,
2074 5381 2232 5436 quem
2264 5365 2565 5436 digniorem
2614 5368 2717 5423 sibi
2756 5368 3060 5424 invenerint
3095 5367 3265 5441 liceri-,-

1683 5458 1811 5511 tiam
1842 5458 2079 5511 habeant
2100 5456 2333 5527 eligendi
2365 5459 2635 5534 abbatem.
2672 5458 2880 5531 Siquis
2909 5459 3073 5530 igitur
3107 5458 3264 5527 hujus

1681 5556 1879 5601 nostra:
1908 5549 2341 5604 confirmationis
2388 5550 2643 5620 praecepti
2681 5549 3005 5620 quandoque
3036 5548 3264 5605 violator

1681 5639 1967 5702 exstiterit,
2003 5639 2081 5693 vel
2114 5641 2389 5710 quidpiam
2418 5656 2627 5709 eorum,
2671 5658 2789 5711 quae
2837 5642 2953 5698 fieri
2989 5640 3267 5711 prohibui-

1684 5747 1831 5797 mus,
1884 5743 2071 5787 contra
2127 5734 2575 5802 przcuominatum
2638 5736 3027 5793 monasterium
3085 5732 3268 5788 facere
