3838 6322
631 334 764 390 lib!)

1943 323 2208 382 nouum.
2245 321 2520 379 DIPLOM.
3416 288 3424 296 ’
3652 331 3724 384 ne

627 447 938 512 tentaverit,
955 445 1088 500 sciat
1113 457 1170 498 se
1191 441 1482 498 secundum
1507 436 1947 493 constitutionem
1973 435 2203 496 Domini,
2238 439 2284 494 Α
2309 434 2650 501 Quapropter
2672 430 2927 498 julzemus
2962 440 3124 500 atque
3151 430 3464 488 decernimus
3486 440 3532 488 at
3551 451 3726 505 quantae.

625 551 680 594 et
707 539 969 610 genitoris
993 537 1162 592 nostri
1193 534 1407 589 llenrici
1439 530 1780 602 imperatoris
1809 529 2053 598 Augusti.
2080 527 2212 581 alio-

629 646 857 700 rumque
891 631 1300 697 imperatorum,
1330 625 1419 694 qui
1454 622 1610 690 huius
1641 619 1953 675 monasterii
1993 619 2211 671 robora-

628 730 820 775 verunt
847 729 1132 789 prreeepta,
1167 727 1222 772 et
1242 733 1340 786 per
1361 717 1498 770 hanc
1526 723 1765 768 nostram
1796 710 2209 780 praeceptionem

627 812 770 866 mille
797 812 962 864 libras
991 810 1107 863 auri
1141 806 1414 880 purissimi
1464 820 1582 860 esse
1613 803 2061 872 compositurum.
2094 815 2208 853 mc-

627 904 882 956 tlietatem
924 916 1158 956 camerae
1208 907 1434 958 nostra),
1483 906 1538 950 et
1579 895 1921 949 medietatem
1953 890 2210 960 praedicto

627 993 978 1056 monasterio,
1007 992 1286 1058 ipsumque
1313 987 1646 1056 regentibus.

700 1083 890 1136 Datum
933 1098 1078 1136 anno
1123 1080 1417 1135 Dominiea:
1458 1077 1849 1132 lncarnationis
1881 1074 2039 1140 1081-,
2067 1089 2209 1127 anno

629 1184 807 1227 autem
860 1173 1049 1226 Donmi
1103 1171 1318 1226 Henrici
1369 1169 1436 1222 IV
1475 1170 1614 1233 regis
1651 1170 1792 1222 tertii
1843 1169 2208 1221 Romanorum

629 1267 973 1337 imperatoris
1007 1267 1232 1336 Augusti
1271 1265 1628 1321 ordinationis
1655 1280 1781 1326 xxx,
1826 1263 1974 1333 regni
2015 1277 2204 1326 xxvm,

631 1359 842 1428 imperii
883 1359 1077 1428 primo.

1381 1468 1473 1524 XI.

632 1579 974 1650 Con/irritatio
1004 1599 1232 1636 omnmm
1273 1582 1521 1635 bonorum
1557 1593 1603 1635 et
1631 1581 1828 1648 iuriam
1862 1580 2001 1649 facta
2032 1598 2215 1635 mona-

700 1651 963 1733 slet‘t0.S.
1016 1651 1241 1706 Zenonis
1291 1651 1603 1733 Veronensis
1648 1654 1712 1706 ab
1745 1651 1974 1705 Henrico
2025 1661 2212 1721 quarta

702 1737 839 1790 rege,
869 1725 1176 1792 imperatore
1203 1725 1372 1776 tertio.

1226 1816 1403 1885 (Anno
1442 1814 1625 1884 1081.)

917 1905 1249 1977 [li-lunarem,
1280 1906 1453 1976 Antiq.
1494 1905 1646 1969 ltal.,
1695 1904 1735 1968 Ι,
1776 1903 1926 1975 759.]

717 1996 773 2050 ln
805 1997 1022 2051 nomine
1051 2006 1250 2052 saneta:
1277 1998 1396 2052 etin
1420 1997 1705 2052 individua:
1727 1995 2028 2061 Trinitatis,
2053 1995 2216 2050 Hein-

633 2089 785 2143 ricus
822 2088 1000 2142 divina
1031 2088 1244 2143 favente
1267 2088 1551 2142 clementia
1579 2087 1945 2141 Romanorum
1979 2087 2212 2155 impera-

643 2185 730 2232 tor
759 2177 1050 2248 Augustus.
1080 2177 1411 2248 lmperialem
1444 2177 1824 2232 sublimitatem
1852 2175 2130 2238 condecet,
2160 2183 2219 2227 ut

632 2279 833 2339 quanto
867 2270 1076 2325 ett-teris
1123 2271 1475 2339 dignitatibus
1516 2270 1782 2325 excelsior
1808 2271 2025 2333 colitur,
2067 2274 2218 2320 tanto

629 2360 794 2430 justis
833 2361 1179 2429 petitionibus
1235 2361 1342 2416 Deo
1389 2361 1737 2415 servientium
1787 2359 2070 2428 benignior
2117 2371 2220 2410 nec

635 2465 742 2503 non
772 2451 1090 2506 clementior
1119 2452 1447 2505 inveniatur.
1483 2452 1826 2518 Quapmpter
1868 2459 2054 2504 notum
2098 2461 2220 2501 esse

633 2538 883 2592 'olumus
909 2539 1158 2593 omnibus
1182 2548 1384 2593 sancta:
1411 2539 1502 2592 Dei
1531 2538 1806 2602 Eeelesim,
1823 2537 2128 2604 nostrsique
2155 2535 2219 2588 ti-

635 2627 865 2694 deiilvus,
910 2637 1019 2682 tam
1053 2627 1248 2682 futuris
1272 2642 1543 2698 quamque
1580 2626 1953 2696 priesentibus,
1985 2624 2221 2693 qualiter

635 2720 868 2774 domnus
898 2719 1218 2788 Sigebodus,
1245 2728 1447 2773 sanctte
1475 2717 1798 2772 Veronensis
1825 2715 2086 2770 Ecclesiae
2111 2714 2223 2782 epi-

641 2823 872 2878 scopus,
930 2825 1036 2864 una
1085 2825 1206 2866 cum
1254 2810 1598 2866 Werinherio
1653 2810 1848 2864 abbate
1904 2805 2222 2861 monasterii

639 2898 825 2954 Sancti
885 2899 1119 2954 Zenonis
1170 2900 1519 2965 confessoris,
1583 2908 1822 2954 nostram
1878 2895 2221 2952 clementiam

639 2990 952 3062 suppliciter
971 2992 1242 3048 exorando
1281 2991 1435 3055 adit,
1463 3000 1522 3046 ut
1548 2993 1616 3046 ob
1647 3004 1884 3045 amorem
1918 2989 2011 3043 Dei
2050 2987 2225 3041 omni-

637 3084 894 3154 potenti',
923 3085 1173 3154 beatique
1201 3085 1434 3139 Zenonis
1459 3083 1840 3150 reverentiam,
1869 3081 2096 3136 multum
2122 3095 2219 3133 nos
2245 3117 2295 3179 c

638 3171 975 3243 d-precans,
1019 3183 1080 3229 ut
1117 3190 1304 3230 omnes
1350 3174 1705 3245 proprietates
1746 3182 1802 3227 et
1848 3171 2216 3241 possessiones

641 3267 956 3321 monasterii
985 3267 1245 3336 przcdicti,
1269 3275 1396 3330 etc.,
1424 3268 1598 3322 eidem
1626 3265 1876 3320 crenobio
1902 3265 2218 3318 corroborao

639 3373 841 3412 remus.
880 3357 987 3413 Nos
1025 3373 1152 3414 vero
1174 3358 1337 3427 justis
1372 3373 1558 3414 eorum
1601 3358 1951 3428 petitionibus
1985 3371 2219 3412 consen-

640 3445 833 3502 tientes
871 3464 967 3517 pro
991 3449 1243 3516 gremedio
1272 3450 1466 3504 animze
1504 3459 1721 3511 nostra),
1751 3460 1804 3504 et
1834 3450 1903 3504 ob
1948 3450 2219 3502 interven-

637 3542 751 3588 tum
784 3535 1146 3594 dilectissimae
1171 3540 1413 3611 conjugis
1445 3549 1643 3597 nostra:
1686 3540 1920 3610 ὕοι-ωιτη,
1957 3547 2118 3613 atque
2152 3538 2220 3598 ob
2290 3583 2294 3587 .

639 3624 1002 3682 interventum
1046 3631 1352 3687 cbarissimi
1395 3634 1487 3687 lilii
1523 3636 1692 3690 neStri
1720 3636 2050 3698 Chuonradi,
2084 3651 2201 3705 prte-

642 3714 786 3769 dicto
834 3721 1163 3775 monasterio
1193 3725 1536 3779 concedendo
1572 3726 1978 3790 confirmamus,
2006 3733 2137 3788 etc.,
2167 3725 2218 3778 id

641 3813 728 3857 est
763 3805 815 3858 in
836 3804 1126 3872 judiciaria
1154 3810 1432 3868 Gardense
1461 3816 1764 3882 castellum,
1794 3816 1936 3885 quod
1965 3816 2219 3869 nomina-

647 3900 736 3944 tur
783 3892 1135 3966 l’asturingo,
1184 3903 1326 3968 quod
1383 3906 1715 3960 monasterio
1761 3904 1942 3960 Sancti
1987 3905 2220 3960 Zenonis

645 3981 799 4036 bona:
833 3985 1106 4041 memoria:
1143 3989 1418 4045 Arduinus
1453 4009 1635 4048 comes
1673 4005 1726 4049 et
1757 3995 1896 4050 filius
1944 3996 2061 4066 ejus
2102 3995 2221 4050 Eri-

643 4072 884 4141 prandus
911 4090 1007 4142 pro
1031 4079 1268 4134 remedio
1285 4082 1583 4137 animarum
1614 4099 1832 4138 suarum
1854 4101 1951 4155 per
1973 4088 2219 4140 chartam

641 4159 949 4218 oﬂ‘ersionis
979 4166 1342 4234 contulerunt,
1384 4180 1486 4226 etc.
1535 4173 1647 4227 Nec
1697 4191 1804 4228 non
1831 4184 1885 4229 et
1914 4177 2216 4242 castellum,

643 4254 787 4321 quod
817 4267 1040 4309 vocatur
1069 4256 1242 4313 Insula
1273 4259 1541 4327 Nonense,
1576 4266 1716 4333 quod
1742 4264 1806 4318 ad
1835 4265 2006 4334 ipsum
2033 4281 2218 4320 mona-

642 4341 868 4395 sterium
900 4358 996 4413 per
1037 4345 1403 4416 oti'ersionem,
1445 4353 1809 4422 donationem,
1866 4366 2027 4425 atque
2073 4371 2222 4411 com-

643 4433 979 4498 parationem
1019 4435 1256 4503 devenit,
1289 4455 1408 4494 cum
1442 4445 1588 4497 omni
1624 4445 1834 4498 redditu
1865 4455 1917 4498 et
1945 4446 2218 4511 districtu,

644 4519 728 4572 vel
774 4520 1006 4590 fodrum,
1057 4527 1200 4595 quod
1237 4544 1380 4583 nunc
1431 4532 1628 4588 habere
1678 4535 1908 4589 videtur.
1948 4536 2218 4589 Donamus

644 4612 866 4681 insuper
899 4627 1062 4686 atque
1090 4623 1440 4678 concedimus
1465 4625 1638 4679 eidem
1673 4629 1999 4682 monasterio
2033 4627 2218 4683 Sancti

644 4701 877 4760 Zenonis
924 4707 1122 4765 liberos
1173 4713 1450 4778 homines,
1497 4733 1634 4785 quos
1685 4720 1842 4789 vulgo
1896 4720 2220 4774 Arimanaos

644 4805 860 4859 vocant,
892 4797 1198 4855 habitantes
1221 4802 1272 4856 in
1301 4805 1524 4859 castello
1555 4807 1736 4864 Sancti
1769 4809 1892 4873 Viti,
1932 4818 1986 4864 et
2020 4813 2072 4864 in
2103 4812 2219 4879 ejus

644 4887 938 4952 territorio,
969 4907 1065 4946 nec
1095 4908 1198 4947 non
1223 4904 1277 4949 ct
1306 4897 1663 4954 Herimannos
1693 4902 1997 4957 habitantes
2025 4903 2077 4957 in
2103 4905 2221 4959 vico

642 4974 827 5031 Sancti
857 4978 1090 5035 Zenonis
1116 4985 1183 5038 ab
1218 4987 1448 5043 ecclesia
1492 4989 1677 5045 Sancti
1712 4993 1923 5048 Martini
1962 4996 2015 5048 in
2054 5012 2222 5065 aqua-

643 5065 726 5119 rio
761 5083 930 5137 usque
963 5074 1030 5126 ad
1081 5075 1297 5139 clivum,
1340 5095 1463 5133 eum
1508 5084 1651 5135 omni
1691 5085 1894 5148 debito,
1948 5086 2218 5153 districta,

641 5159 872 5222 actione,
901 5173 1062 5232 atque
1103 5167 1320 5235 placita.
1361 5171 1465 5225 Seu
1493 5173 1750 5242 quidquid
1779 5190 1807 5228 a
1840 5177 1991 5231 bonae
2020 5193 2222 5233 memo-

643 5251 736 5352 ria:
767 5253 1013 5316 Otherto.
1062 5267 1225 5329 atque
1271 5263 1562 5320 Adaltrerio
1592 5265 1982 5325 Veronensium
2013 5276 2221 5340 epis-so-

639 5351 723 5442 pis
747 5359 1068 5445 concessum
1095 5351 1211 5415 fuit,
1241 5353 1291 5406 id
1321 5366 1406 5409 est
1435 5356 1664 5421 furtum,
1690 5359 2035 5426 adulterium,
2062 5372 2222 5432 atque

645 5443 929 5498 ripaticum
968 5453 996 5491 a
1028 5443 1250 5508 prmiata
1287 5447 1514 5502 ecclesia
1551 5464 1721 5518 usque
1756 5453 1821 5504 ad
1863 5452 2082 5516 clivum,
2125 5469 2223 5508 nec

643 5538 748 5576 non
801 5537 853 5580 et
888 5543 1009 5584 eum
1058 5538 1307 5593 omnibus
1339 5540 1497 5595 rebus
1536 5542 1603 5596 ad
1635 5541 1914 5610 praefatum
1959 5557 2223 5600 monaste-

641 5615 782 5666 I'iIIIII
813 5621 1226 5690 pertinentibus,
1254 5645 1374 5683 cum
1399 5631 1665 5696 ecclesiis,
1697 5642 1750 5686 et
1777 5633 2037 5699 castellis,
2063 5637 2221 5700 vicis,

641 5707 868 5780 colonis,
927 5717 1229 5788 mancipiis,
1287 5724 1764 5792 commendatitiis,
1817 5726 2059 5792 factitiis,
2115 5738 2217 5782 etc.

2313 539 2528 594 cunque
2579 533 2874 578 memorata
2923 524 3152 578 ecclesia
3203 522 3380 578 Sancti
3422 524 3627 590 Zenonis.
3655 549 3725 591 ea,

2307 617 2455 686 juste
2483 624 2538 670 et
2569 615 2818 683 legaliter
2845 615 3048 668 habere
3077 615 3416 683 dignoscitur,
3442 625 3546 679 etc.,
3574 625 3728 674 secante

2315 715 2518 771 teneat,
2571 718 2678 760 etc.
2732 705 2944 759 Nullum
2993 720 3238 768 censum,
3281 720 3438 774 neque
3464 707 3727 772 thelomticu,

2313 800 2395 852 vel
2443 800 2508 853 de
2557 798 2708 853 silvis
2763 796 3017 865 capulum
3064 796 3370 865 persolvere
3410 807 3602 866 cogatur.
3630 800 3730 851 Sullas

2315 889 2460 944 infra
2492 905 2681 944 eorum
2711 888 2868 942 villas
2895 895 2988 941 aut
3015 887 3239 942 castella
3266 888 3476 957 ingredi,
3504 888 3730 956 placitam:-

2315 993 2468 1044 nere,
2500 989 2595 1034 aut
2633 995 2819 1034 eorum
2872 978 3089 1043 liberos,
3135 979 3252 1032 sive
3301 978 3504 1032 famulos
3535 980 3733 1048 distringere

2313 1070 2400 1124 vel
2447 1070 2759 1139 pignorare,
2812 1083 2987 1137 neque
3025 1068 3314 1138 hospitari,
3356 1083 3441 1122 seu
3478 1068 3645 1135 aliquam
3674 1073 3734 1119 lea-

2315 1163 2548 1217 etionem
2597 1171 2690 1216 aut
2739 1162 3082 1216 exactionem
3132 1162 3352 1230 exigere
3390 1161 3570 1214 audeat.
3605 1160 3642 1214 Si
3671 1167 3734 1228 qua

2318 1270 2464 1318 vero,
2498 1265 2605 1310 etc.

2385 1344 2603 1416 Signum
2635 1345 2814 1398 domui
2845 1343 3082 1397 lleinrt'ci
3114 1343 3257 1396 tertii
3288 1341 3591 1394 Romanorum
3612 1357 3735 1407 mrca-

2315 1437 2443 1488 toris
2469 1436 2714 1503 Augusti.

2385 1524 2731 1578 Burchardus
2756 1524 3112 1580 cancellarius
3155 1521 3274 1573 vice
3323 1516 3734 1586 Sigewiniarchiras-

2315 1615 2528 1669 cellarii
2565 1616 2876 1684 recognovi.

2385 1706 2520 1760 Data
2552 1722 2621 1760 xv
2653 1706 2923 1760 Kalendas
2957 1705 3106 1767 Julii,
3141 1717 3288 1755 anno
3328 1697 3737 1752 Dominicmlncsmt-

2246 1779 2289 1833 Β
2317 1798 2482 1852 tionis
2511 1797 2667 1861 1084,
2702 1796 3000 1852 indictione
3029 1811 3108 1859 vx,
3147 1807 3296 1846 anno
3324 1800 3490 1842 autern
3511 1785 3738 1841 domitilicte-

2323 1889 2424 1942 ricr
2475 1888 2621 1942 tertii
2677 1887 3048 1942 Romanorum
3111 1882 3485 1955 imperatoris,
3530 1877 3634 1948 regni
3663 1891 3738 1928 mi.

2323 1981 2536 2049 imperii
2567 1995 2694 2035 vero
2735 1997 2772 2034 l.
3301 1975 3316 1984 “

2386 2075 2580 2127 Actum
2619 2074 2844 2126 Verona:
2883 2072 2936 2124 in
2982 2068 3186 2126 Christi
3231 2066 3457 2121 nomine.
3485 2063 3628 2116 Amen.

2540 2163 2708 2216 Locus
2744 2161 2902 2231 sigilli
2943 2162 3077 2214 cerei
3120 2165 3181 2222 »Β
3226 2157 3466 2231 exstanti:
3511 2169 3600 2231 cura
3627 2152 3740 2212 iuret-

2640 2244 2748 2285 tore
2778 2223 3003 2288 sedente.
3032 2241 3078 2283 et
3111 2244 3277 2282 manu
3311 2227 3480 2278 dextra
3507 2223 3741 2293 globam_._}f=j

2639 2313 2744 2355 stra
2774 2287 3239 2355 hastaintenente,
3274 2313 3387 2348 cum
3420 2287 3740 2360 rpig’rapltelll]L

2639 2379 2772 2434 cus
2815 2365 2876 2432 iit
2913 2376 3171 2430 GttA'l‘lA
3220 2372 3740 2427 TERCIUS..........,....

2637 2449 2776 2505 TOR
2815 2446 2980 2502 AUG.

3063 2540 3175 2596 ΧΠ.

2327 2639 2567 2708 Diploma
2599 2636 2817 2691 IIemici
2850 2632 2946 2688 III
2973 2632 3306 2708 imperatoris
3328 2627 3531 2696 Rodulfo
3553 2617 3744 2708 abbati

2395 2701 2939 2786 bnlensi_concessunt.
2971 2701 3052 2784 -'—-'
3072 2702 3366 2768 Conﬁrmat
3401 2713 3553 2786 omnes
3576 2701 3743 2786 nam?“

2394 2779 2760 2849 possessiones,
2786 2775 3141 2849 immunitates
3152 2782 3223 2849 ’ξι
3250 2777 3648 2849 .coninttttattofm.

2396 2839 2631 2902 calorum
2651 2847 2782 2915 jura
2811 2845 3022 2907 limitat,
3058 2852 3105 2896 et
3142 2839 3642 2894 Malmundariensiam
3661 2839 3745 2880 ut:-

2396 2919 2533 2970 cium
2562 2915 2856 2984 compescit.

2910 3000 3089 3070 (Anno
3134 2996 3323 3067 1089;)

2609 3094 2918 3166 μιλιιτεδε,
2947 3091 3119 3160 Arrtpl.
3149 3089 3394 3152 Cellach,
3416 3085 3470 3147 ll,
3495 3081 3586 3153 75.]

2392 3187 2448 3241 In
2477 3187 2692 3241 nomine
2735 3192 2936 3239 sanctae
2962 3191 3017 3238 et
3047 3180 3340 3236 individua:
3367 3173 3617 3231 Trinitatis

2321 3290 2412 3336 ctu
2455 3279 2647 3335 divina.-
2689 3275 3053 3331 miserationis
3103 3273 3314 3328 electus
3357 3268 3530 3324 tertius
3559 3262 3745 3318 Bruma.

2323 3370 2493 3441 gratia
2523 3369 2645 3433 Dei,
2684 3367 3053 3422 Romanorum
3087 3365 3384 3434 imperator
3405 3360 3634 3427 Augustus
3655 3361 3686 3404 ει
3704 3365 3747 3416 P‘

2326 3460 2535 3514 tricius.

2396 3548 2658 3624 Quoniam
2715 3545 3077 3624 comperimus
3133 3541 3453 3600 auctoritate
3495 3543 3644 3591 sancta
3677 3529 3747 3586 Sir-

2325 3657 2495 3717 pturzc
2525 3659 2739 3699 omnem
2767 3643 3037 3699 hominem
3061 3641 3129 3696 de
3155 3639 3316 3693 bonis
3337 3639 3600 3703 exemptam
3616 3625 3748 3690 acria-9:

2323 3739 2544 3805 debere,
2573 3738 2790 3806 dignum
2833 3745 2888 3790 et
2926 3733 3128 3799 iustum
3162 3731 3422 3793 fatemur,
3452 3727 3496 3780 id
3521 3723 3644 3790 nugis
3665 3720 3746 3779 iiii"

2327 3833 2515 3888 rialem
2542 3831 2912 3887 celsitudinem
2945 3826 3231 3884 sollicitius
3255 3826 3444 3879 decere
3465 3831 3653 3876 scrvare:
3672 3811 3748 3864 “ri

2324 3925 2466 3979 enim
2503 3924 2796 3978 auctoritas
2824 3931 2985 3975 tantae
3013 3917 3363 3974 sublimitatis
3405 3909 3637 3982 aliquando
3659 3917 3746 3957 τετε·-

2323 4030 2451 4070 vere
2480 4015 2715 4084 qualiter
2742 4027 2827 4067 res
2849 4010 3202 4066 ceclesiarum
3229 4009 3322 4062 Dei
3346 4008 3457 4061 siue
3485 4003 3588 4062 sint.
3609 4004 3645 4049 εί
3661 4003 3746 4059 ⁴1¹³³³

2323 4104 2749 4174 praecedentibus
2791 4101 3004 4172 regibus
3029 4099 3113 4154 vel
3150 4097 3548 4169 imperatoribus
3567 4090 3606 4141 in
3633 4084 3680 4136 eis
3696 4093 3748 4130 si"-

2322 4193 2591 4248 vientibus
2620 4190 2815 4245 tradita
2845 4190 2951 4244 sint
2974 4229 2990 4252 ,
3021 4197 3074 4242 et
3099 4187 3168 4242 ab
3199 4189 3280 4242 eis
3310 4185 3498 4239 tradita
3523 4177 3589 4231 vel
3609 4177 3748 4226 comes-<-

2325 4282 2661 4337 auctoritatis
2687 4295 2797 4335 sua:
2835 4292 3098 4334 renovare
3128 4292 3194 4331 ac
3224 4277 3471 4331 roborare
3496 4266 3655 4324 litteris.
3677 4257 3749 4311 [τιδι’

2324 4372 2536 4428 noverit
2577 4371 2941 4424 nttn'terositas
2984 4367 3224 4422 ﬁdelium
3258 4376 3569 4423 nostrorum,
3595 4361 3748 4414 tam?”

2251 4488 2297 4547 ο
2325 4465 2560 4520 sentium
2589 4478 2749 4532 quam
2781 4462 3115 4526 futurorum,
3150 4461 3410 4515 illustrem
3449 4448 3746 4547 virum-atillam

2322 4555 2668 4625 Rodulphum
2701 4554 2768 4608 de
2802 4552 3164 4616 monasteriis,
3191 4549 3474 4606 Stabulaus
3493 4545 3584 4598 sive
3603 4537 3746 4591 Ηιιιιετιε·

2322 4649 2529 4702 darium
2555 4645 2972 4714 cognominatis,
3009 4659 3130 4713 qute
3167 4651 3392 4710 utraque
3419 4633 3636 4708 quondam
3651 4637 3745 4684 «πῖν’

2323 4739 2512 4794 [ἀξιον
2559 4737 2743 4791 vivens
2769 4745 2991 4789 sanctus
3019 4732 3309 4787 Rcmaclus
3338 4736 3536 4797 sumptu
3575 4729 3614 4774 et
3645 4725 3706 4765 si:

2324 4829 2574 4902 Sigiberti
2603 4808 2766 4896 regis,
2808 4825 2947 4879 infra
2981 4823 3238 4877 forestem
3277 4834 3502 4877 nostram
3528 4817 3571 4910 i9
3601 4803 3744 4899 saw"

2320 4921 2567 4985 duennae,
2603 4917 2886 4972 fabricavit
2919 4923 2974 4968 et
3001 4914 3358 4975 consecravit,
3391 4912 3438 4963 in
3467 4907 3641 4977 quorum
3665 4907 3718 4944 τι

2323 5006 2622 5079 printipaii,
2648 5006 2700 5059 id
2723 5015 2805 5059 est
2832 5002 3141 5067 Stabulaus,
3166 5013 3387 5072 corpore
3411 5007 3547 5052 tenus
3568 4988 3639 5046 sibi
3656 4995 3743 5046 si“

2322 5115 2445 5154 cere
2471 5098 2815 5167 complacuit,
2861 5111 2956 5149 nos
2985 5111 3108 5150 eum
3157 5093 3428 5148 monachis
3456 5088 3552 5142 suis
3574 5079 3740 5164 adigere-3

2322 5189 2522 5258 scripta
2545 5189 2665 5241 vita:
2692 5186 2860 5256 ipsius
2890 5185 2995 5255 agii
3035 5183 3353 5238 confessoris
3390 5175 3564 5234 Christi
3585 5169 3738 5258 licitae--

2324 5293 2424 5330 nec
2476 5292 2581 5328 non
2637 5284 2690 5330 et
2745 5282 3012 5344 przeeepta
3073 5288 3256 5341 regum
3312 5264 3568 5337 Sigiberti,
3606 5255 3738 5308 Ιι.ι.πι.

2324 5363 2661 5426 Theoderici,
2697 5364 2787 5432 qui
2821 5362 3078 5432 petitione
3122 5361 3238 5429 t‘jus
3282 5369 3334 5414 et
3373 5351 3738 5432 adiuouitioa-s"

2323 5463 2619 5511 structores
2661 5455 2875 5509 fuerunt
2906 5455 3144 5524 ipsorum
3186 5453 3434 5510 locorum,
3468 5435 3737 5497 t'l53miui1
3776 5487 3777 5516 ξ

2325 5557 2631 5616 ventorum
2662 5545 2866 5608 Caroli,
2897 5544 3188 5606 Ludovici,
3237 5543 3382 5596 trium
3414 5538 3686 5617 Ottonumvf’
3717 5529 3735 5552 ’ί

2325 5637 2684 5694 serenissimze
2716 5637 2986 5691 lltClltOt'iLL‘
3017 5635 3253 5689 lleinriei
3283 5621 3734 5710 iinpcratoriSSfT‘”

2327 5730 2496 5784 nostri
2521 5728 2779 5785 detulisse
2809 5736 2856 5781 et
2897 5726 3201 5796 postulasse
3230 5731 3448 5778 nostram
3474 5705 3730 5769 abitu-JH“
