3838 6322
83 353 221 408 ιιϐι

1471 358 1816 417 HENIHCUS
1856 362 1944 417 iV.

3222 376 3359 433 1162

76 478 143 523 ut
182 469 364 526 omnia
400 470 790 542 appendentia,
818 468 901 524 vcl
947 468 1142 526 tradita
1177 472 1306 541 ipsis
1333 471 1608 541 ecclesiis,
1638 490 1668 529 a
1697 488 1743 544 Α
1774 472 2000 546 injuste;
2041 477 2273 533 fatemur
2300 484 2398 534 nes
2429 478 2578 550 juste
2625 475 2727 535 sibi
2765 478 3032 541 redditum
3070 498 3358 557 perpetua-

73 563 321 629 teutpore
368 560 542 615 sancti
589 560 826 615 Remacli
867 575 966 631 per
1008 562 1349 617 suecedentia
1399 571 1661 635 tempora,

70 654 279 703 nostra:
306 648 601 719 imp‘érialis
629 651 1005 721 prteceptionis
1043 652 1385 708 ﬁrmaremus
1424 656 1663 710 auctoria

66 749 207 794 tate.
238 734 335 796 Est
364 742 528 817 igitur
565 752 749 799 nostra
776 742 1087 815 dignatione
1120 747 1389 802 sancitum
1419 758 1477 804 ut
1503 751 1663 819 quid-

62 830 201 899 quid
232 834 686 903 praedecessorum
712 851 935 891 suorum
960 839 1292 908 temporibus
1317 840 1371 894 in
1404 841 1506 897 illis
1532 841 1665 897 locis

58 920 172 976 fuit
204 923 459 977 traditum
488 934 582 979 aut
602 924 991 991 condonatum,
1025 941 1117 980 seu
1146 927 1289 996 quod
1315 926 1494 983 abbati
1522 929 1663 1000 Pop-

52 1013 194 1079 poni
226 1014 521 1082 imperator
548 1014 828 1070 Heinricus
848 1057 863 1083 ,
887 1017 957 1071 ob
984 1031 1094 1072 sua:
1129 1019 1324 1072 animae
1360 1020 1661 1075 mercedem

52 1108 115 1158 in
156 1106 429 1161 liasbanio
459 1107 690 1163 reddidit
720 1107 1072 1177 beneﬁcium,
1118 1110 1231 1165 sive
1272 1111 1417 1181 quod
1460 1127 1491 1166 a
1525 1113 1662 1168 divae

49 1200 349 1253 "uenatoria:
375 1213 476 1254 avo
524 1208 711 1254 nostro
758 1200 859 1270 ipsi
901 1199 1003 1257 fuit
1047 1202 1352 1258 restitutum
1396 1220 1425 1258 a
1465 1204 1662 1260 comite

48 1290 422 1355 llcrimaltno,
454 1308 517 1347 ex
554 1293 766 1348 haerede
806 1302 1018 1349 mortuo
1064 1310 1160 1364 per
1199 1296 1474 1367 aliquanta
1520 1305 1660 1349 tem-

46 1396 197 1448 pora
236 1382 433 1452 injuste
457 1383 757 1450 detentum,
784 1383 1059 1440 Scalentin
1089 1384 1338 1441 videlicet
1362 1394 1414 1441 et
1443 1384 1661 1441 Palisiol

42 1484 187 1526 cum
233 1474 485 1529 omnibus
526 1476 856 1546 appendiciis
887 1478 1025 1541 suis,
1057 1494 1157 1533 nec
1197 1483 1304 1534 non
1337 1486 1392 1532 et
1420 1477 1659 1533 decimas

46 1563 441 1630 ecclesiarum,
472 1580 607 1635 quas
643 1566 1133 1635 prmdecessoribus
1168 1569 1336 1638 ipsius
1362 1571 1659 1639 praedeces-

56 1670 223 1709 Sores
260 1656 430 1711 nostri
471 1658 822 1727 imperatores
870 1659 1155 1729 dederunt,
1198 1670 1252 1716 et
1299 1660 1656 1715 conﬁrmave-

55 1750 216 1811 runt,
244 1756 299 1800 et
322 1748 577 1818 quidquid
607 1749 673 1803 ad
705 1750 817 1821 ipsa
842 1751 960 1806 loca
989 1752 1140 1817 emit,
1173 1760 1380 1807 sextam
1404 1750 1657 1806 videlicet

1767 564 1891 620 liter
1922 566 2337 637 redintegrasse.
2356 571 2424 625 Et
2444 571 2563 626 ideo
2590 571 2881 627 statuimus
2912 574 3245 642 ﬁrmissime,
3269 595 3355 635 se-

1764 659 2001 712 cundum
2049 670 2294 715 nostrum
2340 661 2615 733 imperiale
2658 665 2915 725 edictum.
2948 675 3009 722 ut
3054 668 3158 725 sub
3195 672 3354 729 unius

1767 749 1982 806 abbatis
2016 752 2300 823 regimine,
2347 752 2489 810 sicut
2527 757 2727 827 jugiter
2764 761 3090 827 permansit,
3137 771 3349 819 utrum-

1764 832 1871 914 que
1915 844 1987 900 sit
2038 846 2297 919 deinceps
2341 850 2641 921 subjectum
2674 850 2999 910 coenobium.
3038 857 3105 912 Et
3140 869 3200 913 ut
3237 862 3352 917 haec

1766 943 1967 990 nostra:
1997 939 2366 995 concessionis
2388 955 2452 995 ac
2479 936 2845 1000 renavationis
2874 955 3036 1017 atque
3061 949 3349 1005 conﬁrma-

1766 1028 1926 1085 tionis
1970 1032 2037 1087 d'e
2071 1024 2452 1089 omnibus‘his
2493 1034 2701 1105 plenior
2725 1036 2990 1094 habeatur
3028 1043 3347 1111 auctoritas,

1763 1136 1928 1176 manu
1964 1125 2182 1196 prepria
2211 1126 2316 1182 hoc
2347 1136 2676 1197 praeceptum
2713 1128 3261 1200 'subterﬁrmavimus,
3292 1143 3351 1191 et

1763 1212 1925 1284 sigilli
1951 1216 2124 1270 nostri
2152 1216 2508 1286 impressione
2538 1218 2785 1288 insigniri
2812 1220 3095 1290 jussimus.

1834 1305 2054 1376 Signum
2078 1307 2258 1361 domui
2280 1305 2516 1362 Heinrici
2554 1310 2693 1363 tertii
2729 1307 3087 1365 Romanorum
3121 1313 3349 1384 impera-

1762 1394 1890 1449 toris
1921 1396 2166 1465 Augusti.

1835 1484 2165 1541 Humhertus
2192 1487 2552 1544 cancellarius
2576 1489 2693 1546 vice
2729 1490 3027 1548 Ruothardi
3063 1494 3351 1549 archican-

1760 1576 1966 1631 cellarii
2004 1578 2310 1648 recognovi.

1834 1669 1965 1723 Data
1998 1678 2079 1723 est
2105 1684 2139 1722 χ
2173 1669 2401 1725 Kalend.
2432 1666 2770 1739 Decembris,
2810 1684 2953 1728 anno
2993 1674 3062 1729 ab
3091 1674 3345 1730 lncarna-

1762 1759 1909 1814 tione
1934 1758 2144 1814 Domini
2175 1758 2643 1824 lO89,indietione
2670 1776 2777 1827 xu;
2804 1778 2947 1818 anno
2961 1773 3140 1819 autem
3166 1766 3351 1822 domni

57 1836 131 1891 de
161 1836 424 1894 Amblava
453 1850 509 1895 et
542 1839 767 1897 Tumbis
803 1852 835 1896 a
875 1842 1073 1898 comite
1111 1841 1401 1897 Godcl'rido
1441 1842 1508 1897 de
1551 1843 1657 1897 En-
1690 1838 1731 1898 Β
1760 1850 1998 1907 Heinrlci
2059 1852 2203 1907 tertii
2252 1852 2620 1907 Romanorum
2679 1855 3022 1925 imperatoris
3082 1858 3308 1929 Augusti
3331 1897 3348 1923 ,

58 1930 206 1997 geis,
229 1931 312 1985 vel
347 1930 488 2001 quod
515 1933 582 1988 de
605 1936 747 1989 bono
773 1935 1016 1990 ecclesiae
1053 1935 1451 1990 concambiavit
1488 1932 1654 1990 Wen-

54 2018 287 2089 dengias
326 2030 379 2074 et
406 2021 661 2077 Corworo
707 2038 851 2079 mon.
898 2023 1110 2079 abbatis
1140 2026 1326 2081 Sancti
1372 2024 1654 2079 Maximini

59 2108 190 2162 data
224 2110 367 2177 villa,
400 2112 752 2169 Asteleburna
784 2115 902 2170 loco
936 2115 1255 2179 concambii,
1288 2130 1382 2171 seu
1412 2117 1555 2186 quod
1582 2116 1654 2172 ab

60 2198 353 2256 llatheiino
382 2202 458 2273 (9)
497 2204 748 2275 episcopo
782 2202 1167 2275 Bantbergensi
1204 2212 1259 2260 et
1286 2204 1401 2274 ejus
1445 2216 1654 2277 praepo-

58 2289 440 2361 sitoLiupoldo
461 2294 877 2361 concambiavit,
899 2294 1215 2364 praediolum
1246 2294 1453 2350 scilicet
1478 2293 1654 2349 Lake-

57 2393 257 2449 senges
291 2395 387 2450 pro
419 2382 765 2454 Wendengus
794 2393 851 2439 et
888 2384 1095 2440 duobus
1128 2384 1332 2440 mansis
1363 2385 1502 2455 apud
1538 2384 1652 2439 An-

60 2470 404 2539 dernaicum,
434 2484 487 2529 et
532 2490 630 2544 pro
676 2487 811 2530 neva
854 2476 918 2531 de
944 2476 1251 2542 Buobarde,
1305 2476 1423 2530 sine
1472 2476 1650 2545 aliqua

60 2564 361 2623 infractum
389 2581 605 2625 maneat
627 2570 1022 2627 inconvulsum.
1053 2572 1317 2640 Quoniam
1351 2587 1479 2628 vero
1507 2581 1650 2643 prie-

57 2659 380 2717 decessores
409 2664 581 2719 nostri
612 2680 765 2735 reges
788 2663 873 2718 vel
899 2664 1253 2734 imperatores
1283 2680 1393 2719 sure
1415 2664 1652 2718 auctori-

58 2752 211 2805 tatis
241 2753 491 2809 ﬁrmitate
538 2755 667 2824 ipsis
696 2754 831 2810 locis
868 2756 1218 2810 sancivcrunt
1255 2766 1314 2810 ut
1355 2757 1650 2812 advocatus

58 2840 304 2907 ipsorum
350 2845 800 2899 monasteriorum
851 2847 905 2899 in
951 2845 1219 2909 cortibus,
1267 2846 1332 2900 ad
1372 2845 1489 2916 ipsa
1531 2846 1649 2902 loca

57 2932 495 3002 reSpicientibus,
530 2946 633 2989 neu
678 2946 969 3005 praesumat
1015 2951 1301 2991 mansuras
1347 2946 1443 2992 aut
1492 2953 1650 3009 para-

56 3035 227 3082 turas
259 3025 461 3097 facere,
501 3030 890 3085 redhibitionos
933 3030 1013 3085 vel
1065 3030 1214 3086 freda
1265 3032 1506 3103 exigere,
1555 3040 1650 3087 aut

50 3112 319 3184 ‘pla‘eitum
365 3128 572 3185 tenere,
615 3128 708 3175 aut.
755 3119 1068 3190 parefredos
1106 3136 1322 3177 sumere
1370 3123 1472 3178 sibi
1528 3124 1647 3178 sine

44 3207 332 3276 permisSu
365 3211 577 3267 abbatis
616 3212 699 3266 vel
739 3185 1043 3279 voluntate,
1085 3213 1278 3268 eadem
1318 3224 1374 3269 et
1410 3230 1507 3270 nos
1548 3215 1648 3286 ipsi
1675 3185 1721 3249 Ο

36 3290 103 3354 Ea
120 3300 251 3356 Itbati
276 3313 326 3358 et
346 3303 462 3373 ejus
488 3305 894 3361 Successoribus
916 3304 1182 3360 ﬁrmando
1206 3306 1644 3375 cerroboramus,

34 3396 332 3465 Daunique
363 3398 529 3453 uestri
571 3396 914 3469 impdsitione
959 3411 1029 3452 ne
1067 3396 1325 3468 deinceps
1356 3399 1646 3469 quisquam

32 3488 191 3541 haec
215 3489 395 3543 audeat
421 3476 716 3559 infringere
754 3488 1095 3559 vigoramus,
1135 3497 1189 3543 et
1222 3488 1484 3559 quidquid
1514 3504 1647 3546 sane

26 3597 87 3634 ει
116 3582 391 3650 cquisitum
437 3584 639 3652 reperit
682 3583 734 3636 in
784 3581 1111 3652 quibuslibet
1150 3583 1311 3639 rebus
1350 3582 1643 3651 Ecclesiae,

13 3671 348 3729 roboratur
390 3683 587 3730 nostra:
634 3675 1009 3746 praeceptionis
1056 3675 1399 3739 auctoritate,
1440 3676 1647 3731 habens

10 3766 410 3821 cununitatem
437 3768 505 3823 ab
542 3766 686 3821 omni
731 3768 1118 3823 advocatorum
1162 3766 1527 3823 infestationc.
1578 3767 1645 3822 Et

8 3874 87 3928 τι
120 3858 316 3912 ueniam
359 3860 639 3914 monachis
675 3859 1047 3914 Malmundarii
1080 3860 1407 3925 constitutis,
1437 3860 1643 3916 sancita

7 3970 67 4005 fi
112 3950 404 4019 otiquorum
429 3967 613 4021 regum
643 3952 725 4006 vel
749 3953 1134 4022 imperatorum
1162 3967 1264 4005 non
1291 3950 1641 4018 suffecerunt,

4 4063 53 4100 ς
76 4041 166 4094 «δά
191 4043 283 4098 Sub
302 4045 509 4100 duobus
535 4046 822 4101 abbatibus
863 4046 1175 4101 rescindere
1214 4047 1403 4100 eadem
1447 4038 1637 4100 mona-

1 4148 35 4190 ς
88 4131 226 4186 acria
270 4132 673 4201 laboraverunt,
717 4137 858 4205 quod
888 4151 917 4189 a
952 4136 1285 4207 temporibus
1317 4136 1490 4191 sancti
1538 4136 1643 4191 Ile-

1 4223 415 4282 y-mat-liadhuc
447 4237 631 4281 manet
680 4227 1077 4295 inconvulsum,
1116 4238 1340 4298 propter
1386 4229 1507 4291 hoc,
1555 4230 1639 4283 in-

6 4328 245 4391 «τκηίιιιι,
293 4332 358 4372 ne
411 4318 589 4387 aliqua
640 4320 895 4388 deinceps
946 4319 1089 4375 inter
1135 4335 1229 4374 eos
1268 4320 1639 4375 controversia

15 4416 176 4471 iiut,
223 4410 359 4476 quod
400 4410 647 4463 evenisse
686 4410 1016 4479 temporibus
1064 4413 1242 4464 (ieiuni
1295 4412 1640 4481 imperatoris

20 4501 272 4557 Uttouis
297 4502 514 4555 secundi
560 4511 811 4568 constat,
843 4504 1093 4572 quodque
1119 4502 1255 4557 infra
1299 4520 1471 4583 annos
1500 4519 1638 4573 pue-
1673 4533 1719 4587 Β

21 4594 195 4650 ritiae
222 4602 418 4647 nostra:
446 4609 541 4663 per
585 4610 682 4648 nos
728 4596 1082 4663 quorumdam
1128 4611 1229 4649 non
1274 4611 1405 4649 sano
1448 4598 1642 4667 depra-

20 4694 207 4739 vatos
231 4684 462 4738 consilio
491 4700 585 4754 per
611 4685 1039 4753 quinquennium
1072 4694 1127 4740 et
1153 4702 1217 4740 eo
1239 4687 1473 4756 amplius
1505 4696 1636 4741 tem-

22 4788 177 4845 pore
225 4775 456 4845 contigit
504 4775 770 4841 evenisse,
821 4776 917 4829 sed
965 4775 1107 4845 apud
1151 4776 1357 4831 curiam
1397 4784 1637 4829 nostram

27 4867 257 4938 Leggia:
302 4868 634 4921 celebratam
674 4867 726 4921 in
766 4866 974 4923 Pascha
1013 4884 1156 4923 anno
1204 4868 1457 4923 videlicet
1502 4868 1632 4922 1071

29 4961 443 5015 Incarnationis
476 4961 796 5025 Dominicae,
842 4960 941 5029 ipsi
979 4970 1164 5015 sancto
1197 4960 1455 5015 Remaclo
1485 4961 1638 5015 nobis

31 5053 470 5121 prmsentialiter
499 5052 614 5122 (10.)
640 5052 819 5107 oblato
844 5068 1007 5107 causa
1048 5052 1360 5122 expetendae
1381 5051 1634 5122 justitize,

31 5147 121 5213 qui
165 5154 539 5213 utrorumque
567 5144 943 5200 emnobiorum
988 5144 1246 5198 fundator
1274 5143 1383 5197 illic
1411 5159 1508 5212 per
1540 5144 1639 5196 mi-
1664 5165 1684 5177 -

30 5236 243 5300 racula,
276 5248 408 5304 quae
446 5233 587 5288 Deus
630 5232 972 5303 omnipotens
994 5247 1104 5303 per
1134 5247 1256 5287 eum
1292 5232 1449 5286 nobis
1478 5241 1532 5286 et
1579 5230 1637 5285 ﬁ-

17 5326 244 5383 delibus
275 5323 485 5381 nostris
514 5325 870 5393 praesentibus
907 5325 1157 5394 dignatus
1195 5331 1282 5379 est
1315 5324 1600 5378 ostendere
1621 5363 1636 5390 ,

6 5419 84 5471 cla
110 5424 225 5476 ruit
253 5436 385 5477 esse
413 5419 761 5476 veracissime
786 5420 928 5489 quod
952 5435 982 5474 a
1014 5419 1172 5475 nobis
1203 5428 1321 5475 erat
1352 5418 1636 5473 discissum

94 5584 181 5659 (9)
223 5586 562 5643 Hathelinus
594 5588 939 5659 desideratur
977 5589 1029 5643 in
1070 5588 1212 5645 serie
1259 5588 1636 5659 epiScoporum

33 5646 527 5729 ilainbergensium
563 5661 704 5729 apud
738 5658 1073 5729 Bueelinum,
1116 5646 1461 5714 collocandus
1499 5661 1638 5714 inter

35 5726 422 5783 iit-rman’num
467 5726 613 5783 anno
650 5729 811 5795 1075,
852 5744 880 5783 a
925 5728 1186 5799 Gregorio
1211 5731 1442 5798 septimo
1472 5746 1638 5784 exau-

35 5807 314 5851 tinnitum
348 5808 405 5854 et
435 5799 730 5867 Rupertum
757 5801 847 5870 qui
883 5818 1022 5855 atttttt)
1064 5802 1197 5855 1089
1238 5801 1513 5881 praefuisse
1546 5816 1634 5855 re-

199 5914 481 5974 ΡΛτῖιυι.
530 5915 678 5977 CLI.

1759 1943 1909 2013 regni
1935 1944 2152 2013 quidem
2186 1958 2372 2010 xxxvi,
2404 1945 2615 2016 imperii
2652 1958 2780 2002 vero
2810 1964 2881 2001 v1.

1827 2032 2023 2087 Actum
2082 2031 2369 2103 Magontia:
2426 2034 2478 2089 in
2544 2034 2748 2092 Christi
2816 2038 3035 2094 nomine
3088 2039 3346 2097 feliciter.

1755 2125 1946 2180 Amen.

2482 2199 2618 2272 itm.

1764 2316 2162 2403 Heinriciregis
2184 2327 2382 2403 quarti,
2404 2325 2731 2403 imperatoris
2761 2330 2930 2395 tertii,
2964 2332 3216 2403 diploma,
3243 2352 3346 2403 quo

1826 2393 2342 2518 gonémllacastclla
2380 2393 2655 2465 conﬁrmat
2696 2393 3028 2456 monasterio
3063 2393 3345 2459 l’croue'usi

1871 2501 1885 2517 .
1962 2480 2165 2519 enonts.

2353 2557 2532 2630 (Anno
2560 2558 2742 2633 1090.)

2034 2646 2374 2719 [Meauonn
2404 2651 2586 2721 Antig.
2621 2651 2776 2719 Itai.,
2815 2654 2881 2716 ν,
2912 2654 3062 2728 625.]

1824 2737 1880 2793 In
1926 2740 2147 2795 nomine
2194 2748 2399 2798 sancta:
2435 2752 2491 2798 et
2518 2743 2806 2801 individua:
2839 2748 3144 2815 Trinitatis,
3181 2750 3344 2806 llam-

1750 2843 1926 2896 atces,
1957 2831 2137 2886 divina
2164 2831 2381 2889 favente
2414 2834 2736 2903 clementia,
2770 2836 3137 2897 Romanorum
3172 2843 3343 2914 impe-

1752 2928 1904 2974 rator
1928 2920 2229 2994 Augustus.

1821 3008 2161 3081 lmperialem
2195 3012 2583 3071 sublimitatem
2609 3018 2889 3084 condecet,
2919 3028 3026 3074 etc.
3058 3019 3168 3075 liae
3207 3035 3341 3090 ergo

1744 3097 1894 3168 iusta
1926 3111 1985 3158 et
2010 3118 2164 3174 aequa
2195 3105 2635 3163 consideratione
2665 3118 2887 3179 prepter
2926 3110 3134 3164 Domini
3184 3116 3341 3166 timo-

1752 3204 1887 3261 r‘em,
1920 3206 1977 3253 et
2002 3199 2198 3255 anima:
2224 3209 2445 3267 nostrae,
2476 3201 2561 3256 vel
2590 3210 2874 3270 parentum
2914 3212 3224 3260 nostrorum
3254 3219 3342 3260 re.

1751 3286 1990 3341 medium
2023 3290 2355 3345 monasterio
2375 3290 2521 3345 beati
2552 3291 2788 3347 Zenonis
2816 3307 2913 3362 per
2938 3294 3077 3348 hanc
3104 3310 3341 3365 prmsen-

1753 3384 1861 3432 tetu
1885 3388 2085 3436 nostra:
2106 3382 2492 3438 muniﬁcentia:
2513 3383 2897 3438 auctoritatem
2922 3394 3183 3454 perpetuo
3212 3402 3343 3441 cou-

1749 3465 2055 3535 ﬁrmamus,
2082 3472 2364 3542 modisque
2391 3472 2646 3528 omnibus
2685 3474 3131 3538 eonroboramus,
3181 3476 3231 3529 id
3256 3486 3341 3531 est

1750 3559 1805 3613 in
1843 3557 2132 3628 judiciaria
2175 3563 2458 3619 Gardense
2488 3563 2768 3619 castellum
2795 3605 2809 3630 ,
2846 3566 2988 3634 quod
3029 3567 3343 3621 nominatur

1749 3648 2093 3720 Pastoringo,
2136 3655 2281 3723 quod
2328 3656 2659 3709 monasterio
2692 3655 2878 3710 Sancti
2920 3656 3155 3713 Zenonis
3190 3659 3343 3713 bona:

1749 3744 2028 3798 memoriae
2056 3745 2334 3803 Arduinus
2362 3763 2576 3812 comes,
2607 3757 2662 3802 et
2692 3747 2835 3803 ﬁlius
2860 3748 2978 3818 eius
3000 3748 3341 3819 Eriprandus

1746 3849 1847 3905 pro
1882 3836 2125 3891 remedio
2153 3839 2459 3893 animarum
2504 3852 2729 3894 suarum
2757 3854 2855 3909 per
2898 3841 3146 3895 chartam
3179 3841 3343 3897 offer-

1746 3927 1914 3982 sionis
1933 3928 2279 3984 ‘contulerunt
2293 3945 2418 3985 cum
2431 3931 2684 3987 omnibus
2697 3932 3044 4003 pertinentiis
3056 3934 3190 4001 suis,
3206 3944 3336 4001 etc.,

1747 4035 1847 4076 nec
1877 4037 1983 4075 non
2005 4030 2059 4076 et
2089 4021 2372 4077 castellum
2405 4025 2548 4092 quod
2592 4035 2819 4080 vocatur
2846 4026 3025 4081 lnsula
3055 4026 3335 4089 Nonense,

1744 4113 1886 4182 quod
1908 4112 1972 4166 ad
1997 4112 2171 4181 ipsum
2203 4114 2591 4168 monasterium
2616 4130 2714 4184 per
2752 4113 3133 4182 oﬁ‘ersionem,
3176 4116 3339 4171 dona-

1746 4204 1970 4270 tionem,
2017 4216 2179 4277 atque
2225 4207 2685 4278 comparationem
2740 4208 2976 4273 devenit,
3025 4225 3146 4265 cum
3189 4214 3337 4267 omni

1745 4297 1975 4363 redditu,
2024 4306 2079 4352 et
2127 4298 2395 4365 districto,
2444 4307 2500 4353 et
2542 4299 2720 4365 fodru,
2757 4301 2864 4354 'etc.
2913 4300 3125 4355 Placuit
3171 4303 3336 4357 etiam

1742 4397 1942 4442 nostrae
1985 4389 2261 4444 serenitati
2300 4391 2369 4446 ob
2410 4400 2668 4447 aeternam
2709 4394 3199 4449 remunerationem
3227 4404 3338 4449 sla-

1747 4479 1962 4533 tuendo.
2008 4515 2023 4532 .
2063 4517 2078 4532 .
2121 4517 2139 4535 .
2184 4518 2197 4531 .
2238 4517 2254 4533 .
2298 4519 2313 4534 .
2358 4520 2372 4533 .
2418 4520 2432 4535 .
2477 4519 2493 4535 .
2535 4522 2550 4536 .
2587 4490 2648 4537 ut
2675 4491 2938 4550 castrum,
2965 4484 3105 4553 quod
3134 4484 3334 4540 dicitur

1744 4568 2037 4639 Capavum,
2072 4570 2214 4638 quod
2253 4586 2282 4624 a
2318 4585 2486 4641 puero
2522 4571 2722 4627 Uberto
2749 4582 2845 4643 pro
2876 4573 3113 4630 remedio
3139 4575 3336 4631 animm

1742 4674 1874 4724 suae,
1920 4674 2249 4730 suorumque
2289 4670 2592 4730 parentum,
2635 4663 2967 4719 monasterio
3008 4662 3193 4719 Sancti
3237 4664 3337 4720 Ze-

1742 4751 1902 4805 nonis
1932 4751 2254 4821 judicatum,
2291 4760 2454 4821 atque
2502 4753 2759 4807 traditum
2800 4768 2920 4809 esse
2964 4756 3332 4826 cognoscitur,

1742 4858 1863 4899 cum
1893 4841 2141 4898 omnibus
2190 4844 2350 4898 rebus
2390 4843 2502 4911 jam
2538 4844 2664 4899 dicti
2707 4845 2871 4900 castri
2912 4847 3331 4915 pertinentibus,

1742 4950 1835 4990 seu
1866 4934 2099 5000 famulis,
2130 4934 2381 5002 facticiis,
2410 4950 2534 4990 cum
2565 4936 2711 4990 omni
2757 4935 2935 4991 debita
2968 4936 3328 4993 districtione.

1694 5045 1705 5054 -
1742 5025 1893 5093 Quod
1933 5027 2167 5095 denique
2206 5026 2595 5080 conﬁrmamus
2623 5025 2788 5081 etiam
2822 5027 2967 5083 dicto
2994 5030 3327 5083 monasterio

1744 5113 1926 5169 Sancti
1958 5115 2191 5170 Zenonis
2234 5116 2299 5168 ad
2343 5130 2562 5169 suorum
2600 5117 2884 5184 praebenda
2940 5120 3330 5174 monachormn

1741 5206 2138 5279 eleemosynam
2177 5206 2575 5277 proprietamus
2606 5224 2731 5263 cum
2771 5211 3023 5267 omnibus
3060 5213 3171 5266 suis
3210 5228 3333 5281 per-

1744 5300 2001 5364 tinentiis,
2058 5299 2343 5367 districtis,
2385 5314 2492 5356 etc.
2560 5301 2615 5357 Si
2652 5304 2773 5372 quis
2810 5304 2971 5374 igitur
3012 5307 3138 5371 dux,
3192 5321 3332 5360 mar-

1741 5390 1887 5455 chio,
1917 5399 2023 5445 etc.

1740 5576 2255 5710 ιἴττω..Οιιοιιιιιάρ
2290 5637 2341 5691 id
2381 5636 2577 5710 factum
2607 5634 2770 5710 fuerit
2802 5636 2971 5710 fusius
2996 5637 3327 5710 descriptum

1742 5710 1910 5779 hahes
1937 5709 1989 5761 in
2030 5708 2209 5763 libello
2232 5708 2307 5762 De
2335 5708 2609 5779 triumpho
2632 5708 2689 5762 S.
2724 5708 2983 5773 ﬂemacli,
3018 5708 3188 5779 quem'
3211 5710 3327 5765 ediJ

1742 5781 1816 5835 dit
1843 5778 2182 5848 Chapeavilla
2215 5780 2279 5835 ad
2310 5778 2510 5834 calcem
2544 5789 2674 5834 tom.
2706 5778 2767 5832 ll.

2730 5913 2808 5984 8'1
