3838 6322
637 327 770 384 HO?)

699 439 916 508 Signum
964 439 1142 492 domui
1178 436 1413 492 Πρίητίεὲ
1449 437 1592 491 tertii
1630 436 1950 490 invictissimi
1990 437 2214 505 impera-
2246 447 2283 505 Α

630 531 756 585 toris
784 531 1026 601 Augusti.
1059 529 1226 582 Locus
1256 531 1295 598 ’ὶ-
1324 527 1482 598 sigilii
1509 526 1657 582 Cerei
1685 528 1958 597 deperditi.

698 623 812 693 Ego
857 621 1084 692 Ogerius
1126 621 1218 675 Dei
1248 621 1418 690 gratia
1461 619 1796 690 lliperiensis
1833 619 2116 689 cpiscopus
2155 626 2210 673 et

628 714 984 771 cancellarius
1009 714 1125 770 vice
1153 712 1464 768 Herimanni
1497 712 1803 768 Cancellarii
1837 712 2141 781 recognovi.

701 847 715 861 .
759 845 772 859 .
815 844 830 860 .
871 843 888 860 .
929 843 946 860 .
988 844 1004 860 .
1045 804 1336 860 Deminicac
1364 803 1758 858 lncarnatienis
1793 803 2076 856 millesimo
2114 818 2210 857 ne-

629 898 925 968 nagesimo,
954 912 1008 954 Vt
1033 895 1350 962 indictione,
1368 903 1625 965 regnante
1644 894 1896 949 Heinrico
1919 895 2210 962 imperato-

627 1007 687 1045 re
711 990 943 1062 lll~regni
967 988 1084 1060 ejus
1105 1005 1257 1056 xxrv,
1281 989 1490 1060 imperii
1517 999 1694 1042 autem
1735 1003 1851 1042 vtn.
1894 987 2003 1042 lloc
2031 997 2208 1041 actum

626 1092 712 1137 est
737 1098 810 1138 tv.
847 1082 927 1140 Id.
964 1081 1164 1153 Aprilis
1191 1081 1438 1137 Verona.
1471 1081 1526 1134 In
1572 1080 1662 1134 Dei
1699 1082 1914 1135 nomine
1959 1079 2205 1133 feliciter.

600 1157 623 1192 ‘
635 1175 820 1232 \Inen.

1360 1309 1496 1365 XIV.

626 1401 854 1478 Donati?)
881 1422 1055 1477 Castri
1087 1422 1240 1487 Novi,
1271 1421 1586 1492 Campitclli,
1627 1433 1674 1475 et
1699 1421 2018 1476 Scorciaroli
2064 1422 2206 1492 facta

697 1492 899 1546 Commi
943 1494 1201 1562 episcopo
1234 1491 1548 1554 Mantuano,
1601 1493 1818 1562 ejusque
1859 1494 2105 1557 ccclesiw,
2141 1491 2206 1544 ab

698 1563 946 1617 lleinrico
977 1579 1091 1632 rege
1119 1564 1144 1616 Ι
1165 1560 1224 1628 V,
1248 1565 1558 1631 imperatore
1588 1560 1704 1616 Ill.

1219 1657 1396 1726 (Anno
1434 1655 1615 1725 1095.)

909 1764 1242 1836 Hannoni,
1285 1764 1461 1834 Antiq.
1504 1763 1655 1828 Ital.,
1683 1763 1744 1827 V.
1775 1763 1922 1835 645.]

699 1881 750 1933 In
767 1881 992 1941 nomine
1007 1888 1204 1932 sanctae
1221 1892 1274 1932 et
1297 1873 1583 1932 individua:
1599 1876 1898 1932 Trinitatis.
1919 1875 2209 1932 ﬂammeus

627 1974 926 2042 imperator
954 1985 1170 2040 semper
1196 1971 1490 2040 Augustus.

695 2063 958 2129 Quoniam
989 2070 1352 2131 opportunum
1385 2061 1560 2124 nobis,
1593 2069 1647 2115 et
1678 2060 1807 2112 utile
1848 2060 2000 2113 valde
2042 2059 2204 2113 statui

624 2171 689 2210 ac
715 2155 896 2210 decori
923 2154 1070 2224 regni
1097 2153 1384 2222 etimpcrii
1415 2153 1584 2206 nostri
1629 2153 1908 2206 evidenter
1952 2167 2074 2206 esse
2117 2167 2207 2204 cn-

622 2247 934 2317 gnoscimus
957 2248 1104 2301 sanis
1133 2253 1441 2300 nostrorum
1480 2243 1718 2298 fidelium
1747 2243 2010 2308 consiliis,
2044 2247 2093 2297 in
2124 2244 2206 2298 bis

623 2341 860 2396 maxime
897 2356 1018 2411 qua:
1045 2341 1110 2394 ad
1141 2355 1326 2395 curam
1357 2347 1411 2394 et
1431 2339 1694 2393 honorem
1726 2339 1894 2393 nostri
1929 2338 2208 2408 regiminis

623 2433 919 2502 pertinent,
971 2432 1262 2502 diligenter
1308 2429 1766 2498 condescendere,
1827 2429 1868 2482 si
1910 2430 2038 2498 quid
2067 2429 2206 2484 forte

622 2523 882 2586 occurrit,
899 2523 1039 2591 quod
1065 2523 1326 2576 honorem
1350 2529 1591 2575 nostrum
1616 2535 1720 2573 non
1750 2520 1976 2582 minuat,
2001 2531 2054 2572 ct
2083 2535 2208 2573 san-

622 2627 766 2670 etam
793 2614 1382 2682 sublimetEcclesiam,
1407 2628 1592 2668 eorum
1621 2612 1924 2665 millatenus
1948 2611 2205 2664 debemus

621 2707 883 2762 salutaria
908 2707 1133 2761 consilia
1161 2716 1527 2761 contemnere.
1555 2703 1697 2758 Dicit
1720 2717 1952 2772 mimque
1977 2701 2205 2771 Sapien-

621 2799 696 2852 tia
724 2815 737 2851 :
775 2796 968 2852 Omnia
995 2795 1080 2850 fac
1107 2811 1230 2850 cum
1267 2795 1514 2859 consilio,
1545 2807 1600 2849 et
1630 2802 1812 2863 postea
1868 2807 1972 2845 non
2027 2791 2201 2862 punii-

623 2890 761 2944 Iebis
797 2887 988 2960 (Eccli.
1039 2903 1215 2953 xxx",
1257 2887 1372 2958 24).
1402 2887 1496 2941 Est
1543 2883 1951 2956 quoque,juxta
1981 2883 2204 2938 Psalmi-

619 2990 791 3040 stam.
827 2978 970 3049 regis
1007 2976 1464 3045 hennrjudicium
1493 2985 1547 3030 et
1568 2974 1833 3045 justitiam
1875 2974 2120 3044 diligere,
2149 2982 2202 3028 et

620 3073 672 3125 in
724 3071 954 3126 veritate
991 3085 1150 3140 posse
1191 3070 1372 3124 dicere
1413 3084 1536 3124 cum
1594 3067 1918 3123 l’salmista:
1955 3065 2199 3130 Domine,

1940 323 2212 380 NONUM.
2258 319 2528 375 DIPLOM.
3627 348 3699 404 tm

3060 437 3171 493 XV.

2314 522 2556 604 Ileinrici
2589 527 2721 596 regis
2745 525 2769 578 1
2786 524 2824 579 ιν
2849 526 3176 604 imperatoris
3329 535 3526 604 diploma
3547 549 3702 604 rosam.

2371 596 2576 649 itorium
2624 596 2970 666 quorumlibet
2994 598 3197 666 jurium
3231 596 3479 660 Ticineim's
3500 596 3666 668 Ecclaie.

2902 687 3082 750 (Anno
3114 687 3293 759 1093.)

2587 775 2920 848 Uiennam,
2951 780 3128 849 Antiq.
3158 779 3308 846 Ital.,
3340 780 3416 848 Vl,
3436 784 3551 859 327.}

2383 904 2398 919 .
2443 905 2459 921 .
2502 905 2517 922 .
2563 908 2577 922 .
2623 908 2635 921 .
2676 907 2689 920 .
2729 906 2744 922 .
2786 906 2802 923 .
2845 907 2861 922 .
2905 907 2920 923 .
2961 869 3264 925 interventu
3305 887 3485 943 quoque
3514 884 3706 940 machinis

2314 957 2594 1027 Wiliclmi,
2625 962 2918 1017 Arduinus.
2957 1001 2974 1016 .
3018 1001 3034 1015 .
3078 1001 3094 1018 .
3137 1001 3154 1017 .
3199 1003 3214 1017 .
3255 1003 3270 1017 .
3311 967 3479 1020 εινίιιιιι
3503 968 3707 1039 Ριριωδὶεω

2313 1052 2574 1124 majorum
2601 1063 2658 1124 et
2687 1055 2980 1120 minorum,
3002 1053 3252 1125 Papiensi
3281 1057 3498 1113 Ecclesia:
3539 1063 3707 1122 lienam

2311 1144 2432 1216 Syri
2458 1144 2676 1216 gloriosi
2693 1145 3063 1211 confessoris,
3093 1147 3249 1219 cujus
3295 1151 3376 1220 pio
3415 1152 3629 1209 interiectu
3658 1176 3707 1213 ns-

2311 1247 2483 1293 strum
2515 1237 2996 1308 vigctimperium.
3036 1279 3050 1293 .
3095 1279 3110 1294 .
3153 1278 3170 1295 .
3214 1280 3230 1296 .
3272 1279 3286 1294 .
3326 1283 3339 1296 .
3371 1243 3709 1317 leguntnrpcrlux

2309 1327 2684 1397 ‘prmceptalem
2715 1329 2966 1398 paginam
2992 1330 3114 1398 jure
3143 1333 3360 1401 perenni
3400 1333 3597 1392 donamus
3626 1351 3709 1408 atq-12

2310 1417 2691 1482 concedimus,
2740 1420 3062 1473 nominatim
3123 1421 3368 1477 videlicet
3432 1425 3707 1482 Bremeatensca

2310 1507 2580 1561 abbatiam
2630 1522 2754 1562 cum
2803 1509 3057 1564 erunibus
3103 1525 3224 1579 qua:
3274 1512 3336 1566 ad
3385 1511 3501 1567 illam
3542 1519 3708 1585 penam,

2231 1665 2238 1682 ι
2310 1600 2524 1667 castris,
2557 1601 2821 1667 curtibus,
2857 1602 3021 1668 villis,
3043 1605 3291 1672 capellis,
3315 1606 3465 1670 silvis,
3505 1610 3625 1672 terris,
3653 1615 3708 1662 cd-

2236 1698 2244 1705 '
2312 1689 2379 1744 tis
2407 1699 2462 1744 et
2495 1690 2736 1757 incultis,
2764 1694 3004 1762 pascuis,
3048 1696 3351 1764 paludibus,
3391 1699 3533 1769 aquis,
3550 1716 3709 1769 aquam

2241 1795 2286 1855 Β
2312 1798 2416 1852 que
2443 1784 2782 1850 decursibus,
2833 1786 3252 1855 piscatienibus,
3304 1792 3579 1855 molendinis,

2300 1874 2435 1940 'ctis,
2468 1875 2718 1943 teloneis,
2748 1879 3092 1950 albcrgariis,
3141 1882 3350 1952 placitis
3389 1886 3544 1940 invest.
3573 1926 3584 1938 .
3611 1927 3620 1938 .
3644 1927 3651 1939 .
3675 1927 3707 1938 ..

2311 1965 2731 2032 conditionibus,
2756 1983 2819 2023 ac
2854 1969 3076 2026 familiis
3097 2012 3113 2037 ,
3148 1973 3298 2028 cellis
3321 1989 3502 2045 quoque
3530 1978 3710 2030 comitata

2313 2055 2399 2111 hic
2427 2060 2627 2114 notatis
2653 2076 2666 2115 :
2698 2059 2957 2116 Sanctum
2980 2062 3202 2119 Petrum
3237 2067 3288 2120 in
3315 2066 3708 2136 Novalesiomnpa

2311 2148 2540 2216 Merleti,
2576 2151 2838 2207 Sanctum
2872 2155 3147 2211 Andream
3179 2158 3234 2212 in
3268 2159 3494 2226 Taurino,
3526 2162 3709 2220 Dubiam.

2309 2257 2514 2296 serram
2565 2245 2750 2299 Sancti
2801 2245 2970 2312 Pclri,
3015 2249 3211 2304 cellam
3261 2252 3532 2315 Cavalaritc,
3570 2252 3709 2308 Sanctia

2313 2329 2529 2386 Petrum
2563 2333 2613 2386 in
2639 2334 2844 2404 Pugno,
2876 2335 3200 2405 Polentinm,
3256 2341 3486 2396 Sanctum
3517 2343 3649 2398 Petnun
3676 2347 3708 2393 at

2309 2418 2602 2486 Wascum,
2659 2423 2916 2479 Sanctam
2968 2428 3192 2484 Mariam
3243 2432 3295 2485 in
3351 2432 3710 2499 Polexi,tcllnncle

2311 2509 2610 2581 Supunigo,
2638 2515 2828 2569 cellam
2859 2517 2924 2571 de
2964 2518 3265 2588 Laumello,
3320 2525 3532 2579 Sanctam
3560 2527 3707 2593 Agathnu

2309 2602 2361 2656 in
2392 2603 2626 2671 Balsula,
2657 2607 2962 2676 ltometam,
3011 2615 3236 2669 castella
3292 2617 3440 2671 etiam
3466 2618 3709 2688 Castagnttnm.

2307 2694 2594 2764 Gunzove,
2644 2701 2900 2757 Sanctum
2959 2704 3332 2776 Salvalerem,
3386 2712 3506 2767 Cano
3534 2751 3544 2765 .

2308 2785 2592 2855 Tanctum,
2627 2791 2975 2862 [’alaciolum,
3025 2797 3285 2867 Cisalum,
3331 2817 3416 2856 seu
3460 2802 3710 2856 actamnis

2309 2916 2323 2930 .
2362 2917 2375 2930 .
2422 2919 2434 2932 .
2479 2918 2492 2931 .
2539 2919 2552 2932 .
2597 2919 2612 2934 .
2659 2921 2672 2934 .
2715 2892 2899 2940 curtes
2930 2896 2986 2939 et
3017 2904 3209 2944 omnes
3239 2906 3325 2947 res
3346 2894 3413 2946 ad
3444 2893 3708 2963 [indictusi-

2306 2967 2507 3022 hatiam
2536 2979 2588 3025 et
2620 2972 2782 3028 cellas
2810 2975 3170 3044 pertinentes.
3217 3019 3231 3034 .
3275 3018 3289 3033 .
3334 3022 3347 3035 .
3386 3021 3401 3035 .
3439 3021 3450 3034 .
3489 2982 3527 3034 in
3549 2983 3706 3048 integra-tr.

2307 3059 2362 3114 Si
2396 3062 2518 3130 quis
2545 3062 2709 3132 igitur
2738 3065 2867 3132 dux,
2898 3070 3164 3135 marchie,
3196 3088 3402 3137 comes,
3431 3074 3710 3131 vicecomesnt

619 3164 912 3219 dileximus
938 3165 1192 3218 decorem
1244 3166 1436 3216 demus
1483 3171 1586 3216 tute
1644 3159 1819 3231 (Psal.
1854 3174 1986 3223 xxv,
2014 3157 2093 3228 8).
2131 3142 2271 3212 UtC
2303 3150 2556 3219 quaelibet
2601 3153 2704 3207 alia
2761 3170 2992 3224 persona
3040 3160 3180 3216 hanc
3231 3163 3553 3234 praeceptalem
3576 3162 3710 3230 pagina

617 3258 784 3326 igitur
828 3271 923 3326 per
983 3255 1243 3311 honorem
1289 3263 1343 3308 et
1391 3253 1865 3323 amplificationem
1934 3251 2197 3305 denorum

617 3349 735 3415 Dei,
765 3349 920 3419 cujus
949 3347 1174 3402 servitio
1201 3362 1396 3402 vacare
1443 3347 1700 3401 debemus
1744 3346 2083 3400 incessanter
2130 3357 2198 3396 ex

617 3441 923 3508 dilectione,
957 3440 1002 3496 si
1029 3439 1226 3497 salvari
1260 3439 1509 3510 cupimus
1551 3447 1607 3494 et
1650 3446 1911 3494 aeternam
1941 3433 2198 3502 consequi

617 3533 866 3603 gloriam,
899 3541 1206 3590 nostrorum
1237 3546 1366 3586 sane
1394 3531 1634 3592 ﬁdelium
1668 3529 1894 3586 consilia
1921 3528 2024 3598 piis
2054 3525 2201 3580 auri-

618 3629 717 3681 bus
745 3629 1115 3691 cxaudientes,
1145 3635 1200 3682 et
1227 3625 1292 3680 ad
1322 3625 1536 3692 dignam
1569 3635 1624 3679 et
1651 3623 1934 3686 humilem,
1979 3628 2036 3674 et
2081 3619 2198 3672 lau-

618 3716 854 3769 dabilcm
933 3717 1251 3784 petitionem
1314 3715 1549 3769 (Lenonis
1613 3712 1886 3766 Mantuani
1957 3707 2196 3782 episcopi

620 3805 915 3859 clementer
947 3806 1320 3874 respicientes,
1347 3804 1598 3859 Castrum
1642 3803 1870 3869 Novum,
1905 3812 1958 3858 et
1986 3801 2195 3870 Cainpi-

623 3895 829 3962 tellum,
886 3905 1047 3965 atque
1101 3895 1496 3951 Scerciarelum
1543 3912 1665 3950 cum
1715 3896 1967 3950 omnibus
2009 3909 2197 3949 eorum

617 3984 961 4054 pertinentiis
991 3986 1134 4040 intus
1165 3995 1219 4040 et
1245 3988 1394 4052 feris,
1417 3987 1563 4041 salva
1599 3995 1784 4040 nostra
1826 3986 1993 4056 regali
2039 3985 2200 4054 justi-

617 4079 714 4146 tia,
747 4094 844 4148 per
873 4078 1010 4134 hanc
1043 4088 1283 4134 nostram
1312 4081 1686 4150 praeceptalcm
1718 4080 1966 4151 paginam
1995 4079 2202 4133 haben-

615 4171 681 4223 da
713 4169 1026 4239 perenniter
1075 4178 1237 4238 atque
1284 4170 1608 4239 possidenda
1657 4169 1776 4223 sine
1805 4168 2198 4237 n'iolestiajure

613 4263 978 4332 proprietarie
991 4262 1290 4318 Mantuanae
1313 4261 1566 4317 Ecclesiae
1597 4261 1986 4317 concessimus.
2004 4259 2059 4315 Si
2079 4261 2200 4332 quis

615 4353 781 4419 igitur
835 4353 961 4416 dux,
1016 4354 1280 4420 marcbie,
1333 4368 1533 4418 comes,
1580 4353 1900 4417 vicecemes,
1957 4362 2056 4431 aut
2094 4352 2196 4406 alia

611 4444 868 4514 qualibet
911 4459 1163 4515 persona,
1212 4446 1583 4516 cujuscunque
1627 4439 1955 4500 cen‘ditionis
2014 4445 2193 4511 fuerit,

2303 3242 2506 3325 violare
2542 3249 2971 3316 prmsumpserit,
3002 3252 3150 3307 mille
3184 3253 3349 3310 libras
3374 3258 3473 3311 auri
3501 3255 3626 3326 optimi
3639 3268 3710 3305 cal-

2300 3333 2576 3400 pesiturus
2605 3336 2784 3392 hanno
2823 3350 3010 3395 nostro
3055 3343 3371 3412 subjaccbit,
3405 3347 3648 3401 medietatem
3663 3358 3710 3392 ιε·

2302 3433 2430 3480 stra:
2460 3441 2712 3493 camera),
2746 3437 2801 3483 et
2835 3432 3182 3489 medietatem
3211 3438 3464 3506 prasdictze
3485 3431 3710 3504 Papinum-

2301 3513 2500 3570 clesiee.
2547 3517 2699 3584 Quod
2745 3529 2802 3574 ut
2855 3523 3037 3578 verius
3089 3540 3370 3591 credatur,
3415 3539 3461 3582 et
3499 3530 3550 3581 ab
3577 3526 3709 3579 camitem

2302 3608 2692 3669 inviolabiliter
2724 3616 3072 3686 observetur,
3125 3623 3463 3693 impressione
3500 3621 3618 3678 nostri
3634 3619 3709 3686 sagi:

2296 3702 2557 3773 jussimus
2584 3708 2854 3776 insigniri.

2375 3795 2597 3866 Signum
2643 3799 2824 3854 domui
2872 3800 3115 3858 Ileinrici
3160 3805 3488 3863 Romanorum
3524 3809 3708 3874 imperum

2299 3885 2628 3942 invictissimi
2673 3901 2828 3962 atque
2873 3893 3100 3963 piissimi
3121 3897 3174 3951 in
3203 3899 3388 3954 virtute
3405 3899 3502 3953 Dei.

2373 3977 2485 4048 E80
2512 3979 2782 4050 Celerius.
2815 3983 2907 4038 Dei
2934 3987 3128 4055 gratia,
3159 3987 3476 4060 lliperiensis
3497 3989 3709 4057 episcopad

2301 4073 2676 4142 cancellarius,
2726 4076 2842 4132 vice
2875 4076 3190 4136 Herimanui
3224 4083 3525 4141 Coloniensis
3565 4081 3707 4142 mitia"

2302 4164 2446 4233 scopi
2480 4165 2944 4222 archicanccllarii
2978 4175 3291 4241 recognovi.

2371 4255 2529 4312 Anne
2557 4257 2849 4314 Dominiczc
2877 4260 3269 4320 lncarnatienis
3319 4265 3556 4320 millesimo
3589 4269 3707 4322 non?"

2302 4344 2441 4399 sime
2496 4347 2680 4412 tertio,
2733 4349 3028 4406 indictione
3080 4355 3277 4421 prima,
3322 4365 3541 4427 regnante
3571 4349 3708 4405 lida!”

2303 4453 2494 4504 χχχιχ,
2520 4440 2818 4510 imperante
2847 4453 3025 4498 autem
3054 4462 3130 4509 ιιι,
3163 4464 3341 4504 mense
3366 4449 3502 4503 Maio.

612 4506 755 4593 lianc
784 4506 1028 4593 nostram
1079 4506 1454 4608 princeptalem
1490 4506 1756 4608 paginam
1815 4537 2021 4592 violare
2055 4506 2196 4606 prae;
2227 4506 2274 4564 θ
2368 4532 2564 4588 Actum
2588 4506 2668 4590 est
2699 4534 2878 4606 Papiae
2915 4506 3164 4595 feliciter.

609 4631 928 4699 sumpserit,
945 4629 1092 4685 mille
1119 4629 1284 4685 libras
1308 4630 1425 4683 auri
1450 4631 1567 4699 puri
1590 4629 1988 4700 compositurus
2017 4629 2197 4684 banne

610 4730 800 4776 nostro
817 4720 1135 4790 subjacebit,
1162 4720 1510 4776 medietatem
1533 4730 1729 4774 nostrae
1744 4733 1992 4785 camerte,
2016 4728 2068 4774 et
2090 4734 2198 4775 meo

611 4815 868 4867 dietatem
896 4813 1168 4881 pra-dictae
1199 4811 1477 4866 Ecclesiae.
1505 4808 1574 4864 Ut
1597 4821 1774 4863 autem
1812 4809 2198 4864 inviolabiliter

611 4905 679 4956 ab
708 4903 959 4958 omnibus
988 4900 1329 4964 observetur,
1377 4900 1608 4972 imagine
1659 4901 1831 4955 nostri
1875 4900 2032 4970 sigilli
2061 4900 2194 4956 insi-

612 4995 750 5066 gniri
783 4993 1070 5063 diligenter
1089 4993 1372 5064 iussimus.

696 5085 914 5157 Signum
945 5087 1124 5142 τίοιηηί
1152 5085 1388 5142 Heinrici
1417 5085 1744 5157 imperatoris
1771 5087 2016 5156 Augusti.

683 5178 877 5232 Datum
909 5193 1050 5232 anno
1095 5176 1389 5233 Dominij
1440 5176 1710 5231 lncarnat.
1744 5178 1900 5241 1093,
1939 5183 2197 5246 regnante

614 5271 812 5326 domno
869 5269 1119 5326 Ileinrico
1178 5270 1542 5325 Romanorum
1576 5271 1898 5340 imperatore
1954 5271 2218 5342 Angusto-

613 5375 810 5427 nnx,
855 5363 1156 5434 imperante
1179 5379 1304 5418 vere
1329 5380 1402 5429 IX,
1434 5364 1724 5420 indictione
1757 5380 1884 5420 vero
1912 5379 1960 5418 ν.

687 5455 915 5510 Auctum
947 5455 1180 5512 Mantuae
1210 5456 1460 5513 feliciter.

3027 4631 3164 4688 XVI.

2299 4714 2578 4794 Decretum
2607 4717 2856 4794 Ileiurici
2889 4721 3221 4792 imperatoris
3250 4727 3382 4780 tertii
3401 4721 3665 4794 promulgantai
3691 4725 3702 4748 '

2367 4788 2562 4856 placito
2595 4787 2802 4866 lfatarii
2827 4787 3002 4866 habite
3026 4812 3120 4866 ιζνο
3148 4798 3308 4851 tutela
3329 4787 3602 4866 quorum?
3629 4789 3702 4866 in»:

2372 4873 2510 4940 rum,
2565 4861 2633 4940 ad
2689 4864 2973 4918 monacho:
3026 4859 3240 4922 Sancta:
3308 4859 3506 4922 Iustine
3558 4859 3702 4914 Patri:

2369 4939 2735 4997 spectantium.

2893 5027 3072 5099 (Anno
3115 5031 3298 5102 1095.)

2585 5117 2916 5190 [Meti/treat,
2953 5124 3127 5194 Antiq.
3171 5123 3318 5191 ltal.,
3345 5123 3399 5187 ΙΙ,
3428 5115 3546 5188 ωδε]

2372 5210 2506 5262 Dum
2547 5212 2598 5264 in
2647 5213 2739 5267 Dei
2786 5215 3003 5270 nomine
3052 5217 3103 5270 in
3133 5218 3352 5272 civitate
3374 5212 3526 5270 Patavi
3550 5209 3584 5259 in
3610 5197 3696 5254 Ere-if

2293 5299 2450 5369 jIIXta
2479 5303 2836 5373 episcopalem
2867 5305 3087 5362 domum
3117 5309 3168 5363 in
3193 5310 3384 5380 judicio
3417 5291 3694 5359 mutabili"?

2300 5407 2402 5446 nus
2431 5391 2712 5448 Heinricus
2731 5435 2745 5460 ,
2776 5393 2871 5450 Dei
2902 5398 3112 5466 gratia,
3151 5401 3332 5455 tertius
3352 5398 3624 5452 Βοιιιςηιοιιιω
3650 5389 3692 5428 κί’

2301 5492 2521 5553 perator
2547 5485 2846 5554 Augustus,
2873 5488 3090 5546 adesset
3140 5507 3261 5546 cum
3300 5507 3358 5547 eo
3401 5468 3692 5542 Walbrumﬁ"

2213 5577 2216 5580 ’
2301 5575 2549 5630 renensis
2576 5579 2860 5648 cpisc0pus
2887 5594 2952 5634 ac
2991 5583 3356 5650 cancellarius,
3396 5569 3648 5632 Bruchanls.
3669 5571 3689 5602 ⁵

2301 5667 2612 5722 Walncrius
2640 5671 3005 5738 marchiencs,
3033 5673 3345 5730 Benel‘acius
3385 5678 3546 5726 comes,
3577 5655 3686 5709 lari-'7

2301 5760 2401 5816 dus
2429 5776 2632 5830 comes,
2693 5761 3030 5831 llisnardus,
3100 5764 3454 5827 Aldechcrius,
3497 5747 3674 5809 Alcimi"
