3838 6322
28 278 66 333 1
91 278 203 333 I65
1166 271 1658 332 ETIIELREDUS
1694 277 1735 331 ll
1775 277 1914 334 REX
1955 277 2157 334 ANGL.
3214 272 3348 340 i166

32 394 212 462 Ugo,
260 391 594 448 Gumbertus
627 391 860 463 iudices,
907 389 1233 458 Peregrinus
1304 390 1371 446 de
1410 391 1648 457 Verona.
1678 397 1729 458 Α
1756 393 2056 448 nasterium
2087 392 2154 447 de
2183 391 2456 462 praedictis
2499 389 2664 447 rebus
2708 381 3018 457 inquietare
3061 401 3154 450 aut
3179 395 3346 452 mole-

32 481 306 537 chrtus
341 481 406 536 de
435 480 825 545 Fontanaviva,
857 479 1030 550 Crono,
1062 478 1394 535 Gumbertus
1435 481 1501 536 de
1529 479 1655 535 Tal-
1757 490 1926 546 stare,
1971 480 2056 538 vel
2105 481 2373 537 devestire
2416 483 2632 537 audeat.
2683 478 2786 548 Qui
2813 493 2944 538 vero
2993 483 3096 540 hoc
3125 483 3362 551 fecerit,

30 588 222 639 sano,
286 570 572 628 Odelricus
629 573 695 628 de
740 570 1064 636 Salvazano,
1113 569 1264 627 Ucho
1308 571 1374 627 de
1440 570 1651 640 Casale,
1757 573 1896 629 sciat
1940 587 2001 629 se
2045 572 2469 642 compositurum
2511 573 2629 628 auri
2681 571 2870 644 optimi
2902 571 3070 630 libras
3097 582 3339 644 centum,

30 664 408 730 Baronzello,
436 671 490 719 et
520 663 673 721 Ceno
720 663 980 730 Patuaro,
1012 663 1324 719 Bernardus
1369 663 1654 720 Almenar-
1756 661 2100 718 medietatem
2131 675 2363 718 camerae
2389 663 2571 718 domni
2596 663 2966 734 imperatoris,
2999 671 3054 718 et
3079 663 3368 720 medietau

30 759 147 823 do,
182 756 308 813 Odo
330 758 397 812 de
416 755 660 813 Justinus
689 755 878 826 iudex,
910 764 964 812 et
992 755 1187 827 reliqui
1224 755 1428 827 plures.
1469 756 1656 828 ibique
1757 763 1867 810 tem
1916 754 1985 810 ad
2036 753 2350 825 praedictum
2401 754 2792 811 monasterium
2839 753 3054 811 Sanctae
3089 754 3338 811 Justinus.

27 849 100 904 in
160 865 360 906 eorum
411 850 634 906 veniens
664 848 952 920 praesentia
997 847 1235 904 Joannes
1274 849 1559 920 presbyter
1601 857 1658 906 et
1756 845 1827 902 Et
1847 849 2068 918 insuper
2096 847 2245 902 misit
2273 846 2528 911 bandum,
2578 857 2637 902 ut
2662 847 2841 903 nullus
2868 847 3180 918 episcOpus,
3219 845 3342 902 nula

33 939 390 1005 monachus,
415 940 564 1010 prior
611 939 928 995 monasterii
979 937 1196 994 Sanctae
1239 937 1488 1006 Justinae,
1530 954 1654 995 cum
1757 940 1948 1012 iusque
1995 941 2164 996 abbas
2215 939 2500 1010 praedictas
2529 955 2618 996 res
2665 939 2862 996 audeat
2910 940 2962 994 in
3013 938 3339 996 beneficium

32 1030 282 1086 caeteris
309 1030 585 1085 monachis
610 1030 850 1102 ejusdem
881 1031 1220 1097 monasterii,
1268 1031 1485 1086 insimul
1529 1045 1655 1087 cum
1757 1031 1920 1087 alicui
1955 1031 2089 1086 dare
2116 1029 2202 1085 vel
2229 1044 2326 1099 per
2355 1028 2567 1084 titulum
2599 1029 2842 1100 pignoris
2888 1029 3048 1085 alicui
3073 1030 3338 1101 obligare,

34 1119 315 1191 lngelero
363 1122 628 1178 advocato
669 1123 1027 1193 suprascripti
1073 1123 1408 1189 monasterii,
1457 1125 1656 1180 retule-
1756 1121 1842 1177 vel
1866 1122 2223 1191 quodcunque
2244 1119 2520 1191 ingenium
2549 1134 2580 1173 a
2607 1121 2855 1176 manibus
2879 1119 3110 1174 fratrum
3157 1119 3342 1175 aufer-

32 1217 188 1264 runt
240 1219 298 1266 et
343 1222 626 1282 coeperunt
674 1213 875 1279 dicere,
919 1229 984 1270 ac
1013 1215 1288 1285 postulare
1328 1214 1651 1269 mercedem.
1757 1227 1835 1267 re.
1865 1212 1967 1280 Qui
2000 1226 2128 1268 vero
2149 1212 2249 1266 hoc
2279 1211 2489 1277 fecerit,
2511 1211 2651 1266 sciat
2675 1226 2733 1266 se
2753 1210 3179 1280 compositurum
3201 1207 3340 1282 parti

40 1320 62 1353 ι
112 1302 376 1358 Petimus
403 1305 470 1360 ad
491 1321 608 1370 vos,
638 1305 832 1362 domne
869 1307 1185 1378 imperator,
1211 1315 1270 1362 ut
1292 1321 1407 1372 vos,
1431 1316 1655 1378 propter
1754 1303 1986 1373 publica:
2013 1302 2128 1356 auri
2170 1301 2358 1372 optimi
2397 1300 2564 1356 libras
2603 1309 2843 1356 centum.
2870 1299 3050 1354 Finita
3077 1308 3132 1354 et
3153 1315 3338 1367 causa,

33 1392 235 1449 Deum
265 1410 329 1450 ac
361 1405 596 1451 vestram
624 1398 954 1466 mercedem,
999 1398 1229 1453 mittatis
1271 1397 1510 1452 bandum
1563 1412 1654 1451 su-
1755 1403 1811 1450 et
1837 1395 2027 1450 notitia
2051 1410 2148 1464 pro
2174 1395 2468 1450 securitate
2488 1393 2922 1463 suprascriptum
2947 1391 3341 1446 monasterium

33 1500 151 1553 per
189 1501 326 1552 nos,
375 1495 432 1542 et
481 1501 645 1557 super
691 1488 811 1546 illas
873 1505 960 1546 res
1008 1505 1146 1560 quas
1193 1503 1280 1544 res
1311 1488 1541 1544 Litulfus
1584 1489 1653 1544 de
1757 1489 1970 1548 Sanctae
2006 1486 2232 1541 Justinae
2249 1483 2371 1540 iieri
2400 1485 2816 1539 admonuerunt.

33 1573 292 1631 Cararia
351 1577 439 1633 hic
495 1579 546 1634 in
606 1589 788 1637 vestra
834 1582 1121 1653 praesentia
1169 1580 1328 1637 nobis
1359 1580 1649 1648 refudavit,

32 1667 272 1724 scilicet
299 1678 508 1725 curtem
547 1686 669 1741 qua:
703 1683 927 1728 vocatur
954 1672 1308 1740 Montesilice,
1333 1687 1455 1728 cum
1478 1671 1652 1727 omni-

34 1757 153 1812 bus
186 1758 354 1816 rebus
384 1761 452 1816 ad
486 1762 659 1832 ipsam
695 1774 907 1820 curtem
944 1764 1363 1834 pertinentibus,
1407 1772 1462 1819 et
1485 1779 1648 1835 super
1679 1741 1725 1802 Β

35 1849 175 1905 illas
211 1865 316 1919 res,
349 1868 484 1923 quas
532 1854 658 1912 Milo
707 1862 759 1910 et
787 1855 1078 1912 Heinricus
1117 1856 1360 1928 germani
1396 1856 1648 1914 similiter

36 1938 134 1994 hic
164 1940 230 1995 in
254 1952 434 1997 vestra
465 1944 751 2014 pmsenlia
804 1945 962 2003 nobis
1001 1944 1406 2012 refudaverunt,
1437 1945 1649 2003 scilicet

35 2029 176 2083 villa
209 2071 223 2098 ,
269 2047 385 2102 qua:
419 2033 618 2089 dicitur
661 2034 938 2107 Lignaria,
985 2043 1040 2093 et
1085 2037 1210 2094 villa
1283 2053 1404 2110 quae
1450 2037 1650 2094 dicitur

38 2121 292 2190 Ronchi,
347 2139 468 2180 cum
528 2127 782 2184 omnibus
832 2130 1180 2200 pertinentiis
1223 2131 1357 2198 suis,
1401 2139 1456 2188 et
1496 2131 1645 2199 villa,

34 2231 172 2287 qua:
210 2219 403 2275 dicitur
438 2219 694 2290 Tribano,
739 2231 795 2279 et
820 2221 998 2296 Caput
1036 2223 1216 2281 Silvae.
1254 2245 1274 2279 ι
1320 2227 1472 2282 Tunc
1517 2241 1639 2282 cum

37 2308 346 2373 praedictus
378 2312 611 2367 domnus
634 2314 930 2384 imperator
957 2316 1135 2371 taliter
1166 2317 1406 2373 audisset
1429 2332 1639 2374 merce-

36 2397 207 2463 dem,
236 2416 330 2470 per
349 2399 594 2470 iudicum
626 2404 938 2471 consilium,
971 2406 1062 2476 qui
1096 2406 1167 2461 ibi
1195 2407 1443 2473 aderant,
1466 2415 1521 2462 et
1542 2422 1642 2477 per

37 2489 274 2556 fustem,
323 2508 482 2563 quem
535 2496 586 2550 in
618 2512 714 2552 sua
747 2498 962 2553 tenebat
997 2515 1182 2566 manu,
1227 2499 1375 2556 misit
1401 2500 1641 2556 bandum

37 2595 226 2648 super
247 2586 529 2652 praedictos
570 2590 868 2646 monachos
895 2599 950 2646 et
976 2605 1138 2661 super
1185 2605 1377 2647 eorum
1407 2592 1640 2647 advoeaa

1825 1579 2055 1648 Quidem
2085 1586 2139 1632 et
2160 1592 2260 1649 ego
2283 1575 2520 1632 Joannes
2550 1576 2798 1632 notarius
2827 1591 2893 1631 ex
2917 1574 3162 1646 iussione
3188 1574 3342 1629 doma

1754 1671 1806 1726 ni
1841 1669 2201 1740 imperatoris,
2226 1676 2280 1723 et
2297 1668 2542 1739 iudicum
2567 1667 2932 1722 admonitione
2955 1665 3169 1734 scripsi,
3195 1679 3341 1720 anno

1753 1764 1821 1819 ab
1842 1763 2217 1818 lncarnatione
2241 1761 2452 1816 Domini
2474 1741 2797 1816 nostri'Jesu
2820 1759 3020 1814 Christi
3051 1758 3341 1813 millesimo

1751 1854 2104 1926 nonagesimo
2132 1853 2348 1924 quinto,
2399 1852 2636 1908 secundo
2675 1851 2942 1908 Kalendas
2992 1849 3160 1918 Junii,
3199 1851 3342 1907 indie

1751 1947 1928 2002 ctione
1953 1945 2130 2001 tertia.

1827 2043 1886 2102 ᾖ
1928 2038 2040 2108 Ego
2061 2036 2348 2092 Heinr-iens
2399 2037 2490 2092 Dei
2531 2035 2704 2108 gratia
2744 2035 2938 2092 tertius
2966 2036 3338 2091 Romanorum

1753 2131 2051 2202 imperator
2071 2130 2347 2201 Augustus
2373 2130 2692 2200 subscripsi.

1820 2229 1879 2287 >14
1920 2220 2033 2292 Ego
2059 2221 2374 2278 Wilbrunus
2405 2222 2760 2278 cancellarius
2786 2235 2850 2279 ex
2877 2219 3120 2293 iussione
3139 2217 3326 2274 domni

1746 2315 2093 2386 imperatoris
2129 2329 2291 2369 manu
2316 2329 2436 2369 mea
2461 2314 2775 2398 subscripsi.

1823 2413 1881 2472 ρΙ<
1920 2407 2034 2478 Ego
2063 2404 2318 2462 lsnardus
2337 2405 2505 2476 iudex
2531 2405 2850 2476 subscripsi.

1822 2503 1880 2563 FB
1921 2497 2034 2568 Ego
2064 2495 2384 2567 Aldegerius
2411 2492 2576 2563 iudex
2603 2494 2845 2549 interfui.

1825 2597 1884 2656 ᾖ(
1926 2591 2037 2662 Ego
2064 2588 2360 2661 Ugoiudex
2392 2586 2637 2642 interfui.

41 2677 201 2735 tum,
249 2682 302 2728 et
355 2690 520 2744 super
567 2679 888 2747 prmdictum
936 2682 1350 2747 monasterium,
1390 2692 1444 2737 et
1480 2697 1644 2752 super
1824 2687 1883 2745 >14
1927 2680 2039 2750 Ego
2065 2678 2397 2734 Gumbcrtus
2425 2676 2592 2745 iudex
2622 2675 2866 2731 interfui.

36 2764 341 2857 praedictas
367 2781 569 2825 omnes
587 2769 704 2825 illas
734 2787 841 2838 res,
872 2789 992 2843 qua:
1017 2776 1272 2844 superius
1301 2773 1556 2845 leguntur
1586 2773 1640 2830 in
1822 2779 1880 2836 >14
1922 2773 2034 2843 Ego
2065 2769 2404 2841 Agiehardus
2429 2767 2594 2837 iudex
2627 2767 2870 2824 interfui.

39 2859 345 2922 integrum,
376 2865 436 2911 ut
473 2859 654 2914 nullus
687 2862 943 2930 quislibet
979 2864 1142 2919 homo
1175 2866 1488 2934 praedictum
1521 2881 1640 2922 mo-
1669 2881 1716 2942 ε
1823 2869 1882 2928 ›Ῑ‹
1924 2863 2037 2934 Ego
2068 2861 2393 2933 Peregrinus
2414 2859 2579 2931 iudex
2613 2859 2856 2916 interfui.

551 3155 1896 3322 ANGLORUM
2031 3062 2896 3320 REGIUM
2945 3371 3001 3390 _

1149 3406 1268 3474 QUI
1299 3405 1594 3464 SECULO
1631 3405 1705 3462 XI
1756 3403 2136 3463 FLORUERE

43 3578 554 3710 LEGES
676 3580 1955 3714 ECCLESIASTIC/E
2073 3583 2275 3712 ET
2403 3580 3326 3718 DIPLOMATA.

399 3037 409 3038 ί
2991 2994 3324 3037 ...Ι

387 3037 419 3050 ’⁵

987 3925 1614 4038 ΕΤΕΕι

2029 3899 2038 3914 \
2554 3891 2584 3918 τ’

1779 3924 2238 4041 Ευυε
2286 3930 2431 4040 Π
2527 3940 2618 3998 ί
2885 3975 2896 3986 ’

558 3993 610 4061 Θ
987 3993 1614 4038 “aluum

1779 3993 2238 4041 unus:
2287 3993 2428 4040 ιι

2554 4094 2569 4114 ἐ

1380 4135 1596 4216 (Anno

1779 4139 1991 4217 4016.)
2219 4130 2444 4240 717⁸19--
2471 4149 2550 4212 βίη
2748 4172 2750 4174 τ
2853 4126 2886 4178 ί
3135 4227 3139 4230 1
3307 4183 3378 4194 ,ρ
3411 4227 3421 4234 Ι
3459 4177 3462 4186 .

359 4358 801 4483 LEGES
885 4361 2050 4486 ECCLESIASTICIE
2129 4363 3000 4488 AETHELREDI

1137 4545 1356 4619 (MANSI,
1399 4547 1602 4605 Concil.
1631 4556 1761 4604 tom.
1799 4547 1938 4615 XIX,
1970 4548 2074 4606 col.
2103 4548 2256 4622 519.)

1459 4672 1902 4703 —_

46 4789 286 4863 Quatuor
313 4806 488 4870 partes
515 4799 773 4857 habentur
811 4803 868 4857 in
907 4791 1208 4857 Jornalensi
1246 4804 1625 4876 man’uscriplo.
1667 4803 1799 4928 [Tres
1834 4805 2034 4929 prior‘les
2080 4804 2154 4860 nil
2190 4804 2468 4877 Conferant
2512 4806 2568 4860 in
2609 4818 2719 4861 rem
2761 4804 3047 4877 Ecclesiw,
3078 4817 3284 4881 quarta

1361 4889 1479 4927 vero
1519 4888 1638 4929 sunt
1685 4890 1779 4929 uec
1801 4887 1978 4929 camtu
2003 4894 2055 4929 a.

1361 4889 1479 4927 vero
1519 4888 1638 4931 sunt
1667 4887 1779 4931 meo
1801 4887 2055 4948 capitula.

436 5024 665 5082 TlTULl
703 5022 904 5084 CAPIT
915 5029 1218 5088 ULORUM.

40 5128 79 5184 1.
119 5133 197 5189 De
219 5135 431 5191 denario
460 5149 655 5195 sancta:
684 5139 935 5198 Ecclesia
973 5145 1183 5212 dando,
1213 5156 1260 5202 et
1303 5147 1366 5202 de
1393 5147 1619 5203 decima-

110 5224 244 5278 tione
271 5225 603 5296 thaynarum.

43 5306 100 5362 11.
139 5313 213 5368 De
233 5315 463 5386 jejunio,
496 5329 543 5371 et
569 5319 845 5389 {eriatione
871 5325 1031 5380 trium
1059 5327 1262 5382 dierum
1287 5338 1406 5382 ante
1424 5329 1616 5399 festum

105 5409 268 5461 sancti
296 5408 587 5465 Michaelis.

33 5487 108 5545 ιη.
156 5497 298 5564 Quid
327 5501 435 5570 regi
457 5509 506 5556 et
535 5503 726 5574 populo
754 5509 894 5562 omni
919 5508 1004 5561 die
1026 5508 1091 5561 sit
1123 5509 1460 5565 cantandum.

28 5577 232 5728 wgﬂe
277 5595 737 5651 consuetudinibus
784 5608 980 5654 sancta:
1030 5598 1127 5654 Dei
1180 5597 1434 5656 Ecclesia
1491 5601 1609 5657 red—

138 5683 298 5728 endis-

138 5683 300 5741 endis.

1655 5047 1699 5102 ι)
1728 5035 1789 5088 V.
1835 5032 1920 5088 Ne
1955 5033 2071 5105 quis
2102 5033 2358 5087 vendatur
2383 5041 2530 5088 extra
2556 5033 2809 5117 patriam.

1726 5127 1827 5182 Vl.‘
1853 5127 1931 5181 De
1960 5125 2187 5180 roboria.

1724 5218 1832 5274 V'll.
1874 5217 1951 5274 De
1981 5218 2340 5288 eleemosynis,
2365 5227 2412 5272 et
2445 5208 2844 5273 rectitudinibus
2865 5218 3117 5283 ecclesiw.

1801 5339 1941 5381 HEC
1984 5337 2454 5381 INSTITUERUNT
2495 5338 2627 5380 REX
2670 5337 3103 5382 ETHELREDUS
3151 5337 3230 5381 ΕΤ

1999 5417 2336 5460 SAPIENTES
2382 5415 2529 5461 EJUS
2571 5416 2740 5459 APUD
2780 5417 3000 5460 ΗΔΒΔΜ

1798 5589 1800 5592 _
2027 5543 2038 5552 .
2331 5503 2694 5562 CAPITULA.

1787 5597 1830 5655 l.
1861 5598 1920 5654 In
1966 5599 2158 5671 primis
2188 5608 2248 5656 ut
2288 5615 2427 5655 unus
2466 5599 2610 5654 Deus
2641 5611 2806 5668 super
2829 5597 3012 5655 omnia
3049 5599 3308 5670 diligatur

1717 5699 1772 5749 et
1807 5693 2124 5763 honoratur,
2164 5704 2217 5749 et
2263 5700 2322 5748 ut
2363 5706 2552 5750 omnes
2601 5690 2718 5762 regi
2764 5705 2864 5749 suo
2904 5699 3133 5774 pareant
3160 5692 3302 5748 sicut
