3916 6316
541 272 679 324 ΗϋἸ

1814 210 1841 226 ⁸
1858 263 2129 324 MONUM.
2173 263 2447 321 DIPLOM.

3623 288 3730 346 H08

540 392 914 439 antecessores
955 380 1034 438 sui
1066 380 1258 437 melius
1285 379 1549 442 fecerunt,
1580 386 1636 434 et
1672 395 1792 434 cum
1821 393 1886 435 eo
1917 380 2122 450 pariter
2153 382 2202 439 Λ
2302 378 2391 434 Vl.
2416 383 2480 435 Et
2502 382 2850 450 prohibemus
2872 399 3084 439 omnem
3120 385 3385 440 roboriam
3411 394 3532 448 omni
3551 395 3726 456 homini.

537 472 832 528 defendant
861 487 1084 542 regnum
1115 487 1293 527 suum.
1323 471 1390 525 Et
1416 471 1814 527 constituerunt
1850 472 1901 525 in
1933 470 2123 541 primis

539 562 635 619 Dei
689 564 1115 618 misericordiam
1160 572 1218 619 et
1258 562 1517 618 auxilium
1574 562 1828 618 invocare
1865 560 2119 632 jejuniis,

534 653 1282 727 eleemosynis,.confessione
1319 664 1374 710 et
1417 653 1774 720 abstinentia,
1800 663 1856 709 et
1898 652 2125 713 malefa-

535 748 669 812 etis,
717 758 773 803 et
816 748 1080 815 injustitia
1128 747 1419 803 abstinere.
1461 746 1524 801 Et
1555 755 1614 801 ut
1661 748 1819 803 detur
1860 746 1927 803 de
1968 745 2120 801 omni

535 855 761 895 carruca
792 840 1071 907 denarius,
1122 840 1207 895 vel
1249 840 1531 894 denarium
1584 839 1799 903 valens,
1849 847 1902 892 et
1943 839 2125 897 omnis,

533 931 625 1000 qui
679 930 939 985 familiam
988 930 1172 997 habet,
1224 928 1423 985 etiiciat
1472 937 1531 983 ut
1571 928 1751 985 omnis
1798 929 2119 982 hirmannus

533 1037 663 1077 suus
690 1022 780 1078 det
804 1037 972 1077 unum
998 1022 1305 1077 denarium.
1339 1020 1492 1089 Quod
1538 1021 1584 1075 si
1620 1035 1728 1089 non
1754 1018 1958 1075 habeat
1982 1060 2002 1085 ,
2028 1018 2120 1072 det

532 1113 786 1169 dominus
833 1114 950 1184 ejus
994 1128 1093 1184 pro
1135 1128 1223 1168 eo.
1276 1112 1342 1167 Et
1388 1111 1575 1175 omnis
1618 1110 1851 1183 tbaynus
1904 1112 2122 1183 detonet

532 1209 596 1282 {'f.
624 1208 881 1280 decimet]
912 1217 1081 1264 totum
1108 1207 1250 1278 quod
1284 1207 1466 1262 habet.

550 1324 555 1333 ι
602 1300 664 1354 ll.
698 1301 758 1354 Et
794 1299 1130 1354 instituimus
1164 1307 1225 1353 ut
1262 1296 1441 1351 omnis
1479 1293 1823 1363 ChriSIianus
1858 1293 1949 1363 qui
1988 1301 2121 1349 aeta-

530 1399 639 1445 tem
670 1391 834 1445 habet
873 1388 1085 1458 jejunet
1116 1389 1287 1443 tribus
1314 1386 1536 1449 diebus,
1572 1383 1778 1455 jejunet
1808 1385 1861 1439 in
1898 1398 2037 1454 pane
2062 1392 2120 1439 et

530 1497 689 1553 aqua,
715 1492 769 1539 et
796 1483 878 1537 bis
902 1482 1036 1555 [lege
1067 1480 1280 1552 herbis}
1304 1480 1486 1536 crudis
1509 1520 1523 1544 ,
1562 1488 1687 1533 ante
1713 1477 1912 1534 festum
1944 1477 2123 1541 sancti-

529 1575 831 1630 Michaelis.
860 1574 925 1629 Et
955 1575 1137 1629 omnis
1175 1574 1345 1627 homo
1378 1571 1445 1625 ad
1496 1570 1892 1625 confessionem
1923 1568 2114 1632 vadat,

530 1674 584 1720 et
616 1666 770 1721 nudis
799 1664 1024 1733 pedibus
1063 1664 1129 1717 ad
1170 1662 1481 1727 ecclesiam,
1512 1671 1566 1716 ct
1596 1660 1839 1729 peccatis
1863 1658 2118 1714 omnibus

530 1759 875 1811 abrenuntiet
900 1756 1240 1811 emendando
1301 1764 1357 1810 et
1402 1754 1681 1809 cessando.
1718 1754 1782 1808 Et
1810 1761 1901 1807 eat
1939 1751 2118 1806 onmis
2148 1753 2195 1808 B
2244 1816 2249 1821 ,

528 1848 810 1917 presbyter
838 1861 962 1901 eum
1005 1845 1201 1915 populo
1249 1860 1350 1900 suo
1397 1844 1465 1899 ad
1507 1844 1909 1919 processionem
1945 1842 2115 1897 tribus

528 1940 719 1994 diebus
764 1939 922 1994 nudis
956 1938 1200 2008 pedibus,
1248 1946 1303 1994 et
1348 1951 1512 2006 super
1556 1937 1659 1991 hoc
1708 1944 1888 1992 cantet
1935 1934 2114 1991 omnis

526 2031 812 2102 presbyter
860 2030 1083 2101 triginta
1132 2028 1351 2094 missas,
1390 2036 1448 2081 et
1498 2028 1675 2081 omnis
1722 2026 2014 2091 diaconus,
2058 2031 2112 2079 et

525 2122 757 2176 clericus
787 2121 1005 2191 triginta
1038 2120 1296 2188 psalmos,
1322 2128 1376 2173 et
1403 2125 1697 2187 apparetur
1726 2116 1901 2170 tribus
1922 2114 2115 2170 diebus

524 2204 833 2265 eorrodium
862 2208 1292 2278 uniuscujusque
1312 2208 1428 2262 sine
1450 2221 1614 2261 carne
1646 2205 1698 2261 in
1727 2206 1848 2261 cibo
1878 2212 1931 2259 ct
1959 2215 2109 2274 potu,

525 2303 664 2357 sicut
694 2302 836 2356 idem
858 2301 1145 2357 comedere
1169 2300 1412 2363 deberet,
1441 2306 1493 2354 et
1516 2297 1786 2352 dividatur
1807 2296 1912 2352 hoc
1939 2306 2110 2352 totum

523 2392 870 2462 pauperibus.
908 2392 974 2446 Et
1003 2391 1075 2446 sit
1100 2390 1281 2445 omnis
1310 2403 1503 2444 servus
1543 2386 1681 2451 liber
1710 2387 1781 2441 ab
1810 2401 1973 2457 opere
2008 2386 2113 2441 illis

529 2482 704 2535 tribus
735 2482 925 2536 diebus
962 2493 1071 2549 quo
1102 2478 1295 2535 melius
1334 2476 1581 2545 jejuuare
1617 2475 1816 2544 possit;
1856 2483 2113 2545 Operetur

526 2572 746 2626 sibimet
769 2570 911 2641 quod
941 2569 1075 2623 vult.
1102 2568 1164 2622 ili
1194 2577 1318 2621 sunt
1347 2567 1417 2621 illi
1450 2576 1565 2622 tres
1588 2566 1702 2620 dies
1732 2583 1745 2619 :
1778 2566 1894 2619 dics
1925 2563 2109 2629 Lunae,

527 2664 643 2719 dies
689 2663 897 2729 Martis,
926 2671 981 2717 ct
1018 2661 1133 2717 dies
1180 2659 1432 2715 Mercurii
1474 2658 1707 2729 proximi
1747 2667 1873 2712 ante
1915 2656 2109 2711 festum

526 2755 701 2809 sancti
732 2752 1036 2812 Michaelis.
1065 2751 1123 2808 Si
1155 2741 1282 2822 quis.
1317 2750 1583 2820 jejunium
1631 2765 1789 2804 suum
1830 2749 2110 2820 infringat,

526 2858 721 2901 servus
774 2844 924 2900 corio
971 2858 1071 2899 suo
1114 2852 1445 2912 componat,
1491 2840 1684 2896 reddat
1725 2839 1859 2894 liber
1908 2854 2115 2908 pauper

527 2937 747 3009 triginta
776 2936 1063 3003 denarios,
1110 2944 1166 2991 et
1210 2933 1359 3005 regis
1392 2933 1623 3003 thayuus
1657 2941 1875 2986 centum
1923 2930 2109 3001 viginti

525 3030 751 3096 sdlidos,
798 3038 854 3084 et
892 3028 1167 3083 dividatur
1214 3028 1329 3082 haec
1377 3023 1608 3096 pecunia
1661 3023 2013 3093 pauperibus.
2044 3020 2110 3074 Et

525 3121 667 3176 sciat
701 3093 879 3174 omnis
925 3117 1232 3189 presbyter,
1273 3125 1325 3172 et
1371 3093 1716 3186 tungravius,
1742 3121 1797 3167 et
1824 3110 2112 3167 decimales
2140 3093 2182 3151 Ο

525 3209 794 3273 homines,
821 3215 879 3261 ut
902 3208 1019 3262 haec
1044 3207 1409 3277 eleemosyna,
1437 3213 1491 3258 et
1509 3200 1776 3273 jejunium
1806 3199 2111 3271 proveniat,

524 3305 665 3356 sicut
697 3300 750 3355 in
783 3300 989 3354 sanctis
1012 3298 1198 3367 jurare
1224 3306 1501 3367 poterunt.

596 3393 682 3447 ιιι.
735 3394 801 3447 Ει
844 3392 1209 3463 praecipimus,
1252 3398 1312 3444 ιιι
1367 3390 1426 3444 in
1469 3387 1625 3444 omni.
1665 3384 2114 3456 congregatione

526 3493 779 3539 cantetur
829 3484 1068 3554 quotidie
1103 3481 1465 3537 communiter
1501 3495 1598 3549 pro
1648 3492 1813 3550 rege,
1863 3486 1919 3533 et
1965 3476 2113 3531 omni

524 3573 723 3646 populo
750 3588 849 3628 suo
878 3587 981 3626 una
1014 3572 1176 3626 missa
1206 3572 1273 3625 ad
1306 3568 1676 3625 matutinalem
1711 3568 1933 3623 missam
1952 3605 1971 3634 ,
1994 3581 2115 3635 qute

526 3666 790 3736 inscripta
816 3673 902 3719 est
931 3679 946 3718 :
972 3663 1167 3718 Contra
1195 3678 1457 3732 paganos,
1492 3669 1547 3714 et
1572 3660 1638 3713 ad
1685 3658 1927 3729 singulas
1952 3658 2123 3714 horas

527 3758 777 3811 decantet
808 3764 959 3809 totus»
974 3762 1272 3808 conventus
1301 3754 1551 3808 extensis
1588 3750 1925 3807 membrisdu
1969 3759 2113 3805 terra

528 3848 793 3918 psalmum
825 3865 843 3901 :-
867 3847 1111 3912 Domine,
1129 3847 1257 3917 quid
1287 3845 1623 3916 multiplicati
1650 3854 1769 3900 sunt
1797 3842 1965 3915 (Psal.
2006 3844 2111 3914 ιιι),

529 3950 586 3993 et
637 3938 916 3994 collectam
969 3947 1154 3993 contra
1202 3952 1442 4010 paganos
1465 3977 1486 4005 γ
1521 3945 1575 3991 et
1611 3937 1713 3991 hoc
1755 3935 1843 3989 liat
1876 3934 2113 4005 quandiu

527 4030 832 4087 necessitas
876 4030 976 4083 ista
1019 4029 1174 4083 nobis
1220 4038 1305 4084 est
1352 4018 1429 4083 in‘
1458 4028 1727 4082 manibus.
1759 4025 1827 4080 Et
1869 4025 1921 4079 in
1967 4023 2115 4079 omni

514 4117 779 4182 iuenobio
811 4122 891 4177 vel
933 4130 1200 4177 conventu
1246 4122 1636 4177 monachorum
1672 4118 1911 4175 celebret
1938 4117 2115 4175 omnis

509 4216 813 4284 presbyter
862 4212 1138 4283 sigillatim
1190 4212 1407 4283 triginta
1459 4211 1654 4265 missas
1719 4224 1819 4279 pro
1883 4224 2009 4280 rege
2061 4216 2117 4264 et

529 4310 679 4365 omni
729 4308 961 4379 populo,
1018 4316 1075 4364 et
1119 4307 1297 4363 omnis
1351 4305 1646 4361 utoaachus
1694 4305 1840 4359 dicat
1892 4303 2112 4376 triginta

529 4401 815 4457 Psalteria.
1666 4444 1693 4471 ο

466 4524 479 4571 έ
600 4493 689 4549 IV.
720 4494 787 4548 Et
811 4493 1155 4564 praecipimus
1183 4499 1240 4544 ut
1265 4490 1440 4545 omnis
1471 4490 1633 4544 homo
1672 4504 1834 4560 super
1863 4488 2110 4543 dilectio-

446 4599 450 4603 '
532 4602 654 4643 nem
682 4586 775 4640 Dei
803 4596 858 4640 et
887 4586 1133 4640 omnium
1152 4593 1462 4639 sanctorum
1494 4584 1584 4636 det
1616 4584 2032 4653 cyrisceattum,
2060 4589 2115 4636 et

530 4691 734 4737 rectam
781 4680 1049 4735 decimam
1090 4693 1267 4743 suam,
1298 4676 1439 4730 sicut
1486 4673 1539 4727 in
1585 4674 1773 4729 diebus
1805 4684 2116 4730 antecesso-

530 4791 651 4829 rum
694 4781 1005 4827 nostrorum
1034 4769 1182 4836 fecit,
1208 4769 1425 4839 quando
1471 4765 1663 4820 melius
1707 4767 1872 4833 fecit;
1896 4767 1996 4821 hoc
2032 4775 2115 4831 est

530 4868 671 4922 sicut
700 4875 937 4919 aratrum
971 4864 1297 4933 peragrabit,
1327 4862 1591 4916 decimam
1643 4875 1823 4925 acratn
1868 4875 1881 4913 :
1914 4870 1969 4913 ct
1997 4875 2115 4914 om-

530 4957 618 5012 nis
666 4954 999 5011 consuetudo
1055 4953 1313 5007 reddatur
1356 4966 1520 5017 super
1565 4952 1857 5005 amicitiam
1912 4952 2000 5005 Dei
2047 4951 2113 5006 ad

530 5059 761 5104 matrem
791 5046 1078 5103 ecclesiam
1108 5045 1194 5100 cui
1228 5042 1467 5112 adjacet,
1499 5053 1552 5098 et
1581 5060 1736 5098 nemo
1766 5044 1975 5098 auferat
2008 5045 2114 5101 Dco

531 5139 674 5209 quod
722 5140 788 5193 ad
842 5140 1009 5193 Dettm
1061 5135 1316 5206 pertinet,
1370 5142 1424 5188 et
1472 5135 1898 5204 prindecessores
1944 5136 2113 5191 nostri

533 5237 941 5285 COIICCSSEI‘UIII.

607 5322 667 5376 V.
705 5323 771 5377 Et
797 5321 1163 5392 prohibemus,
1198 5336 1267 5374 ne
1303 5321 1426 5389 quis
1469 5329 1620 5376 extra
1655 5320 1883 5390 patriam
1912 5320 2116 5375 venda-

534 5423 657 5480 tur;
691 5415 733 5468 si
765 5414 887 5484 quis
924 5413 1026 5467 hoc
1072 5422 1399 5482 prmsumat,
1447 5417 1519 5469 sit
1557 5423 1751 5483 prieter
1784 5413 2115 5467 benedictio-

533 5522 658 5562 nem
697 5506 787 5561 Dei
820 5515 874 5561 et
902 5505 1144 5559 omnium
1177 5514 1521 5573 sanctorum,
1564 5518 1618 5561 et
1658 5516 1851 5577 pratter
1896 5524 2112 5563 omnem

534 5598 1023 5661 Christianitatem,
1074 5597 1174 5653 nisi
1230 5598 1489 5667 poeniteat
1537 5610 1590 5654 ct
1638 5600 1918 5670 emendet,
1972 5603 2115 5658 sicut

530 5690 817 5759 episcopus
843 5701 976 5743 suns
990 5688 1260 5745 edocebit.

2225 469 2293 524 Et
2321 474 2592 527 sitomnis
2620 473 2785 529 homo
2824 472 2950 543 jure
2992 478 3211 546 publico
3258 478 3658 557 diguus,pauper
3690 503 3730 549 et

2224 560 2400 628 dives,
2442 571 2498 618 et
2544 564 2801 620 reddatur
2849 568 3028 621 onmis
3057 568 3308 633 roboris;
3335 570 3379 623 si
3406 573 3510 641 quis
3548 576 3730 649 aliquam

2224 652 2434 721 fecerit,
2470 658 2721 714 emendet
2764 658 2904 714 sicut
2934 659 3085 729 prius
3133 668 3187 715 et
3240 671 3423 731 postea
3465 666 3589 722 lecit.
3614 670 3666 724 Et
3697 675 3730 729 si

2222 745 2344 815 quis
2391 749 2716 817 praepositus
2756 764 2879 806 eam
2935 750 3164 817 fecerit,
3220 751 3492 822 dupliciter
3538 763 3733 819 emendet

2221 838 2364 907 quod
2397 839 2485 892 alii
2512 839 2871 908 judicaretur.

2294 928 2401 987 Vll.
2437 930 2500 985 Et
2531 933 2786 987 reddatur
2822 934 3049 1004 pecunia
3079 934 3433 1006 cleemosynte
3474 938 3551 994 hic
3586 942 3640 998 ad
3678 943 3733 1000 le-

2222 1031 2367 1083 stum
2400 1024 2575 1079 sancti
2611 1023 2913 1092 Michaelis,
2957 1026 3001 1082 si
3033 1026 3229 1082 alicubi
3269 1036 3416 1083 retro
3449 1030 3507 1084 sit
3537 1047 3616 1101 per
3647 1036 3733 1105 plc-

2220 1128 2346 1167 nam
2374 1113 2572 1181 vitam,
2611 1124 2666 1171 et
2710 1117 2963 1173 omnibus
3007 1119 3166 1173 annis
3210 1116 3460 1190 deinceps
3505 1125 3736 1183 reddantur

2221 1205 2316 1260 Dei
2348 1208 2704 1264 rectitudines
2731 1209 2785 1264 in
2815 1210 3071 1266 omnibus
3100 1210 3265 1266 rebus
3300 1226 3419 1281 qua:
3455 1228 3597 1284 supra
3618 1218 3738 1275 dicite

2219 1309 2366 1362 sunt,
2395 1315 2491 1369 per
2524 1301 2818 1356 amicitiam
2849 1302 2945 1357 Dei
2988 1313 3043 1357 et
3085 1314 3401 1360 sanctorum
3446 1307 3669 1375 omnitun,
3698 1322 3740 1368 ut

2223 1391 2364 1447 Deus
2392 1392 2737 1462 omnipotens
2782 1386 3210 1449 misericordiam
3249 1395 3406 1449 nobis
3443 1396 3602 1462 faciat,
3628 1404 3741 1457 etde

2220 1482 2468 1567 hostibus
2501 1485 2834 1555 triumphum
2866 1486 3022 1542 nobis
3054 1495 3109 1540 et
3150 1502 3340 1557 pacem
3372 1487 3741 1561 indulgeat,qu2

2220 1576 2408 1632 sedulo
2453 1577 2846 1648 deprecentur,
2882 1590 2942 1635 ut
2978 1581 3411 1636 misericordiam
3452 1581 3555 1651 ejus
3595 1600 3741 1641 conse-

2218 1685 2454 1740 quamur
2497 1671 2586 1727 hic
2607 1711 2622 1737 ,
2651 1680 2707 1734 et
2733 1671 2785 1726 iu
2818 1671 2999 1728 futuro
3028 1673 3271 1743 requiem
3304 1672 3423 1729 sine
3451 1673 3568 1730 ﬁne.
3594 1677 3739 1736 Amen.

2758 1760 2835 1815 De
2866 1762 3030 1832 oﬁicio
3050 1762 3273 1830 judicia.

2286 1850 2477 1907 Omnis
2516 1851 2682 1922 judex
2734 1851 2912 1921 justus
2961 1854 3397 1910 misericordiam
3443 1865 3495 1912 et
3528 1858 3740 1926 judicium

2217 1940 2408 1997 liberet
2443 1941 2499 1996 in
2535 1942 2807 2007 omnibus,
2837 1952 2896 1997 ut
2925 1943 2978 1997 in
3027 1944 3217 2015 primis
3263 1959 3360 2014 per
3393 1956 3582 2003 rectam
3607 1950 3742 2004 scien-

2218 2034 2347 2093 tiam
2394 2033 2541 2089 dicat
2603 2034 3040 2090 emendationem
3084 2037 3384 2091 sccundum
3428 2035 3656 2108 culpam,
3703 2050 3743 2095 et

2214 2140 2335 2181 eam
2372 2133 2484 2179 tum
2527 2125 2873 2181 admeusnret
2920 2135 3145 2198 propter
3194 2126 3593 2197 indulgentiam.
3629 2127 3744 2196 Qua.

2214 2216 2337 2270 dam
2380 2215 2549 2287 culpae
2579 2225 2902 2285 reputantur
2931 2232 2963 2270 a
3007 2217 3169 2273 nobis
3202 2217 3474 2288 judicibus
3500 2220 3744 2274 secundum

2216 2316 2422 2362 rectum
2452 2307 2831 2375 emendanda;
2861 2307 3106 2377 qutedam
3131 2322 3227 2378 per
3256 2309 3347 2363 Dei
3378 2308 3745 2363 misericordiam

2214 2395 2604 2459 condonandas.
2634 2396 2845 2452 iudicia
2893 2397 3092 2453 debent
3132 2394 3254 2455 esse
3288 2399 3406 2454 siue
3447 2400 3585 2454 omni
3618 2398 3746 2454 lladc-

2217 2504 2385 2559 ruuga
2424 2488 2567 2558 quod
2612 2504 2716 2544 non
2752 2500 3011 2560 parcatur
3042 2490 3243 2546 dimitti
3271 2490 3463 2557 alicui,
3495 2492 3575 2545 vel
3602 2507 3746 2562 egeno,

2214 2581 2412 2648 amico,
2446 2580 2526 2634 vel
2577 2580 2831 2648 inimico,
2873 2580 2963 2650 jus
3008 2581 3284 2653 publicum
3330 2582 3555 2646 rectori,
3583 2592 3628 2637 et
3652 2583 3749 2636 nihil

2215 2670 2466 2737 injustius
2510 2682 2593 2725 est
2638 2686 2801 2742 quam
2836 2672 3109 2744 susceptio
3152 2687 3438 2727 munerum
3466 2688 3562 2742 pro
3592 2670 3751 2742 judicio

2214 2763 2600 2827 subvertendo,
2634 2764 2760 2833 quia
2812 2778 3035 2818 munera
3086 2764 3331 2819 excitant
3373 2763 3532 2819 corda
3583 2764 3750 2835 sapien-

2216 2862 2364 2920 tum,
2418 2863 2474 2909 et
2502 2844 2843 2909 subvertunt
2888 2836 3050 2909 verba
3108 2854 3385 2925 justorum
3424 2854 3600 2926 (Deut.
3637 2855 3749 2922 ιιι),

2217 2945 2476 3001 Dominus
2519 2944 2683 3002 lenus
2711 2948 2847 3002 dixit
2888 2966 2902 3001 :
2938 2947 3005 3001 In
3043 2965 3144 3015 quo
3174 2949 3380 3019 judicio
3414 2949 3751 3019 judicareritis,

2208 3039 2578 3107 judicabimini
2608 3039 2825 3110 (Matth.
2873 3040 2990 3113 vn).
3037 3040 3253 3096 Timent
3276 3042 3464 3097 omnis
3488 3039 3671 3110 judcx,
3706 3055 3752 3095 ac

2216 3128 2667 3200 diligatjudicem
2695 3146 2851 3185 suum
2873 3172 2889 3197 ,
2920 3147 2987 3186 ue
3024 3132 3078 3188 in
3112 3133 3202 3187 die
3232 3132 3425 3203 judicii
3460 3142 3627 3187 mutus
3667 3131 3749 3194 liat,

2216 3229 2271 3276 et
2306 3221 2623 3277 humiliatus
2665 3232 2793 3278 ante
2837 3224 3023 3280 oculos
3061 3223 3270 3280 Iudicis
3318 3236 3512 3279 cuncta
3549 3222 3753 3278 videntis.

2216 3307 2315 3378 Qui
2368 3312 2709 3368 innocentem
2755 3315 3044 3384 opprimit,
3092 3323 3149 3370 et
3194 3315 3420 3371 dimittit
3440 3315 3660 3380 noxium,
3682 3330 3755 3383 pro

2216 3404 2444 3474 pecunia
2464 3447 2481 3471 ,
2515 3405 2599 3460 vel
2640 3407 2880 3462 amicitia
2901 3451 2915 3475 ,
2947 3408 3030 3463 vel
3060 3409 3221 3478 odio,
3246 3408 3329 3463 vel
3372 3423 3669 3479 quacunque
3693 3407 3752 3460 fa-

2216 3498 2417 3561 ctione,
2443 3498 2779 3567 opprimetur
2808 3501 2877 3555 ab
2902 3501 3259 3570 omnipotenti
3292 3500 3498 3555 Iudice.
3533 3500 3592 3553 Et
3619 3499 3754 3553 nullus

2217 3590 2471 3646 dominus
2512 3591 2707 3646 stultos
2761 3602 2856 3647 aut
2908 3594 3184 3662 improbos
3226 3594 3441 3664 judiccs
3480 3593 3751 3652 constituat,

2216 3679 2342 3749 quia
2375 3681 2571 3735 stultus
2611 3696 2709 3752 per
2738 3682 3121 3753 ignorantiam,
3151 3684 3433 3753 improbus
3469 3699 3563 3753 per
3592 3680 3756 3752 cupidi-

2218 3778 2412 3835 tatem,
2441 3772 2575 3826 vitat
2621 3788 2787 3842 quam
2834 3760 3023 3830 didicit
3070 3777 3375 3830 veritatem.
3405 3774 3624 3831 Gravius
3645 3773 3755 3827 enim

2218 3860 2526 3916 lacerantur
2576 3877 2843 3933 pauperes
2889 3880 2919 3918 a
2979 3866 3161 3936 pravis
3215 3865 3490 3935 jndicibus
3543 3880 3684 3934 quam
3732 3878 3755 3915 a

2217 3938 2455 4008 cruentis
2491 3952 2754 4008 hostibus.
2786 3948 2976 4009 Nullus
3019 3954 3195 4011 hostis
3227 3955 3505 4018 acerbior,
3536 3954 3662 4007 nulla
3687 3967 3755 4022 pc-

2218 4043 2315 4097 stis
2344 4041 2617 4098 ellicacior
2642 4059 2803 4114 quam
2847 4046 3133 4101 familiaris
3178 4046 3451 4101 inimicus.
3490 4047 3656 4101 Potest
3679 4043 3755 4097 ali-

2216 4136 2429 4205 quoties
2474 4138 2633 4193 homo
2679 4137 2804 4210 fuga
2863 4138 2951 4195 vel
2999 4139 3315 4194 defensione
3373 4140 3543 4195 vitare
3599 4150 3757 4208 pravos

2209 4227 2438 4296 judices.
2466 4228 2579 4283 Non
2628 4230 2699 4284 ita
2749 4240 2974 4300 possunt
3013 4230 3258 4299 jndices,
3291 4233 3505 4300 quoties
3538 4231 3757 4283 adversus

2217 4319 2467 4373 subditos
2497 4320 2654 4376 malis
2679 4321 2963 4376 desideriis
2996 4322 3421 4376 inﬂammantur.
3453 4321 3599 4393 Sa‘pe
3624 4320 3754 4374 etiam

2145 4434 2192 4494 ο
2220 4412 2344 4465 boni
2382 4413 2592 4483 judices
2647 4413 2848 4469 habent
2903 4415 3077 4471 multo
3121 4418 3383 4495 vicarius,
3432 4424 3485 4472 et
3531 4415 3758 4470 ministros

2218 4504 2513 4568 nefandos,
2568 4520 2795 4575 quorum
2847 4508 2946 4576 ipsi
2991 4509 3193 4562 dutuini
3244 4508 3691 4577 constringuntur,
3721 4500 3757 4554 si

2217 4602 2322 4648 non
2366 4612 2458 4650 eos
2490 4606 2798 4663 coerceant,
2829 4609 2885 4654 et
2930 4614 2960 4653 a
3004 4602 3305 4670 rapacitate
3336 4601 3633 4661 eohibeant,
3658 4593 3756 4665 quia

2214 4686 2476 4743 Dominus
2522 4698 2578 4744 et
2628 4691 2876 4745 minister
2923 4693 3239 4746 saeculorum
3287 4692 3363 4747 ait
3406 4710 3420 4747 :
3469 4691 3582 4745 Non
3622 4688 3756 4742 solum

2216 4777 2352 4831 male
2400 4790 2629 4850 agentes,
2676 4781 2766 4834 sed
2812 4797 2987 4836 omnes
3038 4784 3442 4844 consentientes,
3494 4780 3624 4850 digni
3661 4784 3756 4831 sunt

2216 4881 2412 4925 a‘terna
2451 4882 2613 4927 morte
2659 4872 2831 4943 (Rom.
2877 4875 2938 4944 ι).
2990 4875 3143 4943 Saepe
3187 4875 3352 4929 etiam
3404 4876 3553 4943 pravi
3586 4872 3755 4941 judiccs

2212 4960 2473 5030 judicium
2523 4974 2867 5032 pervertunt,
2899 4965 2977 5019 vel
3009 4974 3353 5035 respectant,
3380 4974 3434 5019 et
3472 4980 3573 5018 non
3604 4961 3757 5014 linitmt

2215 5069 2463 5119 causam,
2488 5048 2657 5108 donec
2682 5053 2927 5109 voluntas
2952 5070 3139 5108 eorum
3166 5054 3473 5124 impleatur.
3501 5053 3560 5106 Et
3581 5051 3757 5121 quando

2209 5142 2478 5211 Ῑιιίιῑριιηι,
2512 5159 2616 5197 ιιοιι
2645 5160 2828 5213 opera,
2859 5146 2951 5201 sed
2999 5161 3221 5200 munera
3268 5146 3605 5201 considerant
3634 5138 3755 5209 inpii

2207 5233 2455 5299 jndices,
2494 5232 2651 5301 juxta
2698 5237 2920 5290 verbum
2974 5236 3290 5305 Supientum
3333 5255 3347 5291 :
3390 5236 3535 5292 Sicut
3580 5247 3755 5304 rapam

2213 5323 2324 5393 lupi
2368 5340 2574 5396 vespere
2621 5325 2696 5381 nil
2727 5328 2992 5381 residuam
3026 5345 3186 5399 usque
3230 5345 3386 5383 mane
3433 5327 3686 5398 (Sap.tu),
3713 5322 3754 5376 id

2215 5425 2297 5472 est
2328 5419 2394 5471 de
2424 5419 2673 5487 [lt‘lBSCItli
2706 5420 2881 5475 soluat
2911 5421 3016 5475 vita
3061 5422 3325 5492 cogitant,
3360 5421 3427 5475 de
3460 5422 3620 5475 futura
3647 5412 3753 5469 nihil

2215 5510 2584 5566 considerant.
2648 5510 2908 5567 Malorum
2970 5514 3383 5584 praepositorum
3446 5525 3556 5567 mos
3596 5516 3669 5563 est
3708 5512 3753 5557 ut

2214 5604 2474 5674 quidquid
2511 5615 2736 5674 possunt
2767 5606 3033 5673 auferant,
3065 5615 3127 5661 et.
3164 5607 3252 5660 vix
3305 5603 3648 5660 necessarium
3678 5612 3751 5667 με·

2219 5710 2336 5750 rum
2400 5697 2528 5766 quid
2592 5697 2896 5768 relinquant
2962 5700 3435 5756 sustentationum.
3498 5691 3756 5751 Iracundus
