3838 6322
62 425 195 484 Η69

1172 423 1661 484 ᾹΞΤΙΙΕῙΛὶΕυυὸ
1698 426 1741 482 ll
1776 427 1917 483 REX
1954 430 2156 487 ANGL.

3170 398 3315 500 iure

51 544 213 611 judex
246 560 343 596 non
376 552 547 611 poteSt
573 542 832 597 accedere
856 551 1061 597 rectam
1084 539 1275 609 iudicii
1297 539 1629 597 satisfactio-
1658 557 1707 607 Α
1733 544 1917 598 tendat
1960 563 2234 615 personam
2279 548 2502 603 hominis
2534 532 2853 617 iit/judicio,
2888 566 2980 604 nec
3014 567 3106 619 pro
3139 552 3315 621 aliqua

62 648 215 697 nem;
243 648 359 686 nam
395 648 492 702 per
531 633 732 687 furoris
773 633 1188 687 exeaecationem
1233 648 1339 688 non
1373 633 1630 703 perspicit

60 728 393 781 rectitudinis
441 726 768 782 claritatem.
817 727 1029 782 Justum
1066 727 1331 795 iudicium
1383 735 1486 794 est,
1539 727 1635 783 ubi

62 830 166 870 non
213 833 432 887 persona
463 818 861 873 consideratur.
905 817 1178 888 Scriptum
1220 826 1350 874 est:
1399 816 1521 872 Non
1547 826 1631 871 at-

1736 634 1897 704 facies
1928 647 1980 689 ut
2010 653 2042 689 a
2071 653 2187 691 rere
2213 638 2456 709 declines,
2490 649 2534 692 et
2563 639 2757 709 injuste
2772 638 2998 709 judices.
3033 641 3316 710 Susteptio

1722 727 1980 799 .muneris
2014 740 2096 783 est
2125 727 2367 783 dimissio
2399 730 2660 786 veritatis.

56 971 3289 1002 Μ

679 1126 1494 1218 PRIVILEGIUM
1574 1122 1918 1214 REGIS
1986 1120 2713 1213 IETHELREDI

1075 1360 1077 1362 -
1128 1318 1265 1376 PRO
1305 1316 1637 1374 ECCLESIA
1674 1315 2199 1376 CANTUARIENSI

34 1472 194 1548 Quo
229 1474 579 1553 ejectionem
611 1474 984 1534 clericorum
1012 1470 1085 1532 de
1121 1473 1516 1553 monasterio
1555 1471 1796 1553 Christi
1844 1470 2372 1553 Cantuariepsid
2409 1470 2833 1553 inductionem
2880 1472 3324 1553 monachorum

218 1549 580 1632 gratulatur
616 1562 670 1613 et
698 1552 1024 1631 conﬁrmat
1066 1551 1252 1612 villas
1298 1550 1489 1611 eidem
1528 1550 1871 1629 plurimas,
1918 1558 1975 1610 et
2023 1549 2411 1629 amplissima
2449 1551 2789 1630 privilegia
2828 1551 3128 1613 concedit.

589 1714 803 1783 (Massr,
827 1713 1028 1770 Concil.
1065 1723 1193 1769 tom.
1240 1712 1383 1778 XIX,
1410 1712 1674 1778 col..52l,
1703 1727 1769 1767 ex
1808 1727 1917 1768 ms.
1950 1710 2299 1780 Cottoniano,
2336 1712 2591 1769 Claudius
2620 1713 2687 1768 A.
2717 1713 2792 1787 ὅ.)

116 2026 189 2081 In
219 2024 435 2081 nomine
464 2023 673 2079 Domini
704 2023 795 2077 Dei
832 2020 1236 2090 omnipotentis.
1264 2020 1376 2090 Ego
1400 2019 1642 2075 Ᾱξτιιει-
1671 2004 1719 2064 Β
1747 2020 1941 2081 Cautio
1970 2020 2283 2090 Meapham,
2313 1999 2591 2093 Culittgas.
2632 2020 2690 2076 in
2733 2021 2951 2077 Suthria
2996 2038 3161 2094 prope
3187 2023 3329 2079 Lon-

31 2134 253 2184 mzncs,
282 2117 369 2171 Dei
402 2116 573 2187 gratia
604 2115 779 2185 gentis
822 2113 1064 2184 Anglicaa
1110 2127 1229 2177 rex,
1258 2121 1314 2167 et
1339 2113 1640 2169 monarcha

36 2208 222 2262 etiam
250 2207 472 2261 aliarmn
492 2203 797 2269 insulanum
830 2201 1349 2273 circumjacentium.

130 2302 331 2356 Notum
360 2299 498 2354 facio
520 2298 757 2368 Anglicis
780 2296 1108 2352 Christianis
1130 2295 1275 2366 quod
1300 2296 1642 2351 venerandus

52 2393 496 2462 archiepiscopus
517 2390 798 2456 IEllricus,
828 2403 895 2444 ex
917 2387 1207 2461 episcopali
1231 2402 1326 2443 sua
1351 2387 1641 2456 sapientia,

66 2497 203 2537 cura
241 2497 320 2537 me
346 2482 491 2536 circa
520 2488 793 2550 przecepta
826 2479 916 2534 Dei
945 2479 1142 2549 saepius
1172 2486 1495 2546 occupatum
1523 2479 1617 2533 red

57 2574 230 2639 didit;
277 2587 375 2641 ego
416 2572 579 2626 etiam
628 2570 722 2626 Dei
785 2571 1074 2635 instinctu,
1130 2570 1390 2640 quidquid
1448 2569 1644 2624 divinae

54 2664 213 2719 illius
255 2664 511 2719 doctrinae
558 2672 613 2717 et
654 2662 1049 2733 przedicalionis
1098 2662 1228 2717 mihi
1276 2644 1644 2719 necessarium

54 2753 229 2810 fuerit
277 2739 460 2811 sedqu
504 2755 789 2821 addiscere
823 2753 967 2809 volo.
1012 2754 1080 2830 Et
1122 2754 1263 2809 hanc
1304 2752 1641 2823 disciplinam

48 2848 308 2917 intelligo
332 2863 425 2916 per
454 2847 732 2901 hominum
762 2844 1023 2899 malitiam
1050 2855 1104 2898 et
1131 2843 1452 2913 injustitiam
1482 2843 1644 2899 nimis

42 2937 183 2995 late
206 2939 459 3007 perditam
492 2947 546 3005 et
568 2937 825 2992 abolitam
851 2950 992 2992 esse.
1140 2962 1143 2963 ν
1206 3002 1211 3007 ξ

135 3031 200 3085 ιιι
226 3030 492 3085 intellectu
528 3044 649 3085 meo
693 3029 859 3084 etiam
906 3027 1062 3083 video
1100 3036 1155 3082 et
1190 3026 1346 3097 plane
1374 3027 1647 3098 perspicio

52 3124 214 3183 hanc
234 3121 565 3192 disciplinam
594 3136 692 3191 per
732 3121 1166 3192 presbyterorum
1195 3119 1457 3173 incuriam
1488 3119 1645 3190 longe

50 3216 281 3283 lateque
319 3213 654 3285 negligenter
697 3222 1042 3283 corruptam,
1097 3227 1162 3266 ac
1212 3211 1308 3266 Dei
1364 3210 1646 3266 servitium

46 3306 323 3364 omissum
358 3314 414 3362 et
464 3306 759 3377 frigescens
795 3319 913 3360 esse
938 3304 1288 3360 vehementer
1316 3304 1492 3359 doleo.
1522 3302 1645 3359 Dixi

1742 2114 1929 2170 dinum
1960 2113 2361 2185 Wealawyroth
2392 2114 2576 2168 itidem
2604 2115 2743 2167 ultra
2774 2114 3105 2170 'I‘hamissin.
3147 2115 3333 2171 llrise-

1742 2206 1948 2276 byrgan
1991 2205 2058 2259 ad
2102 2207 2403 2277 marginem
2435 2205 2718 2267 Cilternre,
2748 2209 2815 2260 ad
2855 2207 3331 2262 urbemecclesite

1742 2294 1948 2351 Christi
2016 2311 2181 2366 prope
2240 2296 2514 2366 adiacens.
2570 2296 2625 2350 lu
2675 2297 2896 2351 Essexia
2954 2295 3216 2368 Laelling.
3274 2298 3330 2352 lu

1694 2456 1697 2457 ν
1743 2386 1992 2443 orientali
2023 2387 2216 2457 Anglia
2238 2388 2483 2456 Ilaadleh,
2504 2397 2560 2444 et
2590 2389 2783 2443 vicinia
2815 2389 3017 2444 lllaleh.
3043 2388 3099 2443 ln
3130 2388 3333 2449 Tuncta

1744 2482 1967 2552 regione
1992 2482 2189 2551 aliqua:
2222 2490 2398 2535 terrae.

1817 2573 1902 2627 Sit
1944 2574 2300 2645 impo‘sterum
2338 2573 2443 2628 hoc
2470 2573 2801 2628 antedietum
2837 2572 3228 2627 monasterium
3266 2572 3335 2625 ab

1742 2664 1893 2720 omni
1947 2673 2165 2719 terreno
2208 2664 2433 2719 servitio
2466 2664 2694 2721 liberum
2741 2680 2864 2719 cum
2911 2662 3166 2720 omnibus
3195 2662 3336 2717 villis

1746 2756 1815 2811 ad
1863 2756 1918 2811 id
1967 2756 2386 2826 pertinentibus,
2418 2757 2522 2810 hoc
2557 2758 2640 2810 est
2691 2756 2744 2809 in
2778 2755 3006 2824 campis,
3035 2762 3091 2808 et
3133 2754 3189 2808 in
3243 2768 3337 2823 pa-

1746 2848 1918 2915 scuis,
1944 2857 2001 2904 et
2029 2849 2082 2904 in
2121 2849 2313 2919 pratis,
2343 2858 2400 2904 et
2426 2849 2477 2903 in
2508 2848 2676 2912 silvis,
2700 2857 2755 2903 et
2789 2847 2841 2902 in
2871 2847 3117 2902 mariscis
3155 2845 3334 2912 salsis,

1747 2949 1805 2997 et
1832 2941 1885 2996 in
1928 2940 2337 3011 piseationibus,
2367 2950 2421 2997 et
2451 2941 2503 2994 in
2535 2940 2936 3006 venationibus,
2974 2948 3029 2994 et
3069 2939 3123 2994 in
3163 2954 3335 2993 aucu-

1746 3033 2073 3103 patiouihus,
2104 3034 2347 3104 exceptis
2376 3034 2459 3088 his
2493 3034 2697 3095 tribus,
2730 3034 2941 3087 scilicet
2966 3031 3333 3100 expeditione,

1744 3124 1993 3194 pontium
2043 3125 2365 3189 refectione,
2397 3136 2452 3179 et
2496 3126 2703 3178 arcium
2742 3123 3101 3194 reparatione.
3131 3123 3187 3178 Si
3214 3122 3347 3191 quis.

1748 3213 1889 3271 bene
1913 3226 2156 3272 moratus
2178 3217 2340 3271 homo
2366 3217 2466 3271 hoc
2491 3215 2828 3286 privilegium
2861 3230 3036 3269 meum
3060 3214 3338 3269 beneﬁciis

1749 3315 1965 3376 augeat,
1998 3306 2140 3363 Deus
2161 3307 2508 3377 omnipotens
2536 3306 2924 3362 habitationem
2948 3304 3066 3373 ejus
3093 3305 3149 3360 in
3180 3304 3340 3360 coele-

44 3401 226 3459 etiam
258 3398 586 3455 consiliariis
634 3398 798 3465 meis,
830 3397 922 3467 qui
966 3397 1096 3452 mibi
1130 3397 1197 3452 de
1240 3397 1404 3453 rebus
1446 3396 1645 3452 divinis
1672 3412 1718 3475 (ς
1749 3398 1924 3453 stibus
1961 3399 2353 3465 mansionibus,
2387 3414 2510 3454 cmn
2557 3399 2809 3454 omnibus
2837 3398 3040 3453 sanctis
3074 3396 3336 3453 cumulet.

48 3505 102 3549 et
139 3492 433 3548 mundanis
457 3491 747 3547 consilium
794 3491 944 3556 dant,
986 3490 1131 3559 quod
1175 3489 1318 3545 Deus
1360 3490 1468 3546 illis
1496 3489 1651 3545 intel-

47 3586 256 3642 lectum
300 3585 516 3640 dederit
561 3586 614 3639 in
661 3584 825 3639 animi
874 3584 980 3638 mei
1028 3582 1437 3638 exaltationem.
1497 3582 1650 3638 Tunc

48 3676 128 3732 illi
168 3674 508 3743 iuquiebant,
555 3674 665 3731 Deo
686 3673 1002 3744 epitulante,
1037 3672 1230 3737 melius
1256 3672 1405 3739 fore,
1434 3672 1482 3727 si
1525 3688 1650 3743 pre-

46 3768 307 3836 sbyteros
335 3765 408 3819 ab
453 3763 698 3820 ecclesiis
735 3763 933 3819 Christi
960 3773 1180 3834 propter
1210 3763 1494 3819 manifesta
1533 3763 1650 3818 illo-

46 3871 170 3911 rum
216 3855 432 3909 scelera
480 3863 533 3907 et
574 3854 802 3910 crimina
851 3854 1195 3925 expellerem,
1221 3863 1276 3909 et
1319 3855 1371 3908 in
1406 3854 1648 3909 ecclesiis

43 3945 251 4005 Christi
285 3944 575 4000 monastici
605 3944 809 3998 ordinis
835 3944 1080 3998 homines
1114 3936 1525 4007 constituerere,
1553 3942 1647 4012 qui

42 4055 143 4108 pro
174 4056 265 4094 me
295 4049 354 4093 ct
385 4045 548 4108 gente
577 4049 696 4091 nzea
727 4036 923 4089 ibidem
954 4035 1059 4090 rite
1090 4034 1197 4089 Deo
1224 4050 1415 4103 preces
1440 4044 1495 4088 et
1520 4049 1645 4104 gra-

42 4132 148 4187 tias
200 4128 525 4185 funderent.
571 4126 685 4182 lloc
736 4128 878 4181 idem
930 4141 1031 4197 ego
1077 4124 1261 4190 eﬂcci;
1315 4125 1367 4178 itt
1406 4124 1648 4179 ccclesiis

39 4224 251 4278 Christi
314 4222 621 4285 monachos
683 4218 936 4275 constitui
983 4218 1048 4271 ad
1095 4232 1282 4272 eorum
1339 4214 1645 4284 exemplum

34 4329 179 4382 quos
208 4313 272 4366 S.
305 4311 646 4377 Augustinus
678 4311 783 4365 huc
827 4310 1005 4363 attulit
1033 4308 1174 4379 quod
1220 4306 1305 4361 ille
1343 4306 1551 4361 scilicet
1595 4306 1647 4359 in

34 4406 308 4462 ecclesiis
340 4403 548 4459 Christi
581 4417 648 4462 ex
678 4400 737 4456 S.
782 4400 1028 4472 Gregorii
1072 4408 1359 4468 prcecepto,
1386 4407 1441 4451 et
1470 4396 1649 4465 magni

28 4499 186 4568 regis
225 4495 566 4551 zEthelberti
612 4494 841 4550 consilio
911 4501 968 4547 et
1012 4491 1244 4554 auxilio,
1291 4504 1385 4543 eos
1433 4497 1651 4542 sanctos

24 4591 357 4646 monachos
402 4588 602 4643 ibidem
627 4586 937 4651 collocaret,
965 4600 1101 4654 quos
1142 4598 1326 4638 secum
1355 4582 1408 4635 in
1449 4590 1649 4636 terram

28 4682 181 4737 hanc
239 4679 520 4734 attulerat.
578 4677 648 4733 Et
699 4693 822 4734 cum
878 4674 1125 4730 monachi
1183 4673 1524 4743 postmodum
1580 4672 1649 4726 ob

1758 3489 1815 3546 Si
1845 3498 2031 3545 autem
2059 3490 2255 3561 aliquis
2285 3491 2461 3546 malus
2490 3492 2650 3546 homo
2674 3506 2706 3545 a
2734 3489 2948 3545 diabolo
2975 3492 3351 3545 inﬂammatus

1753 3582 1846 3647 sit,
1874 3591 1933 3637 ιιι
1973 3583 2079 3638 hoc
2116 3597 2295 3638 meum
2344 3582 2683 3653 privilegium
2727 3581 3015 3645 diminuat,
3063 3580 3146 3635 vel
3186 3581 3340 3650 parvi

1753 3674 1937 3739 faciat,
1967 3675 2039 3731 sit
2080 3676 2262 3730 socius
2299 3673 2451 3731 Judae
2479 3674 2769 3746 proditoris
2806 3673 3042 3738 Christi,
3068 3672 3341 3729 laceretur

1753 3780 1949 3819 canum
1984 3763 2334 3820 infcrnalinm
2356 3764 2608 3820 dentibus
2632 3764 2772 3819 inter
2790 3763 3046 3819 terribilia
3074 3763 3341 3833 gehennae

1740 3855 2017 3924 supplicia
2065 3871 2188 3910 cum
2239 3855 2492 3910 omnibus
2534 3854 2765 3909 diabolis
2806 3853 3010 3923 absque
3050 3853 3158 3907 ullo
3208 3852 3343 3917 ﬁne.

1752 3946 1854 4000 nisi
1903 3946 2032 4000 illud
2074 3956 2200 4001 ante
2226 3948 2433 4002 obitum
2462 3962 2617 4002 suum
2650 3946 2754 4000 rite
2794 3944 3166 4000 emendaverit
3194 3944 3338 4013 quod

1751 4049 1943 4093 contra
1973 4038 2260 4094 Dominum
2303 4054 2459 4093 suum
2499 4038 2661 4107 impie
2693 4035 3014 4107 deliquerat.
3056 4035 3337 4105 Siquidem

1742 4133 1922 4188 satius
1946 4142 2031 4188 est
2061 4134 2332 4187 hominem
2362 4147 2391 4185 a
2424 4131 2659 4201 peccatis
2689 4145 2885 4185 cavere
2903 4143 3065 4198 quam
3093 4142 3155 4182 ea
3187 4127 3339 4182 labe-

1752 4226 1893 4279 riose
1923 4224 2237 4280 emendare.
2274 4224 2513 4280 Obsecro
2555 4231 2609 4278 et
2637 4222 2828 4292 adjuro
2870 4236 2991 4284 vos,
3015 4235 3202 4274 omnes
3230 4221 3338 4275 mei

1752 4316 1976 4387 legitimi
2008 4330 2371 4379 successores,
2402 4328 2556 4383 reges
2585 4321 2639 4369 et
2663 4310 2898 4381 episcopi
2943 4319 2998 4364 et
3039 4319 3336 4374 senatores,
3408 4312 3411 4315 ’

1753 4407 2037 4478 gentisque
2092 4405 2499 4468 dominatores,
2559 4418 2628 4457 ne
2680 4402 2798 4456 sitis
2847 4400 3089 4455 ecclesiae
3136 4399 3339 4454 Christi
3400 4456 3403 4459 ,

1752 4497 2069 4566 przedones,
2111 4495 2206 4551 sed
2254 4502 2314 4548 ut
2355 4493 2475 4548 sitis
2517 4490 2686 4547 seduli
2729 4489 2979 4547 custodes
3024 4488 3341 4559 patrimonii

1752 4586 1985 4655 Christi,
2016 4596 2074 4643 et
2102 4586 2491 4643 monachorum
2541 4583 2788 4648 illorum,
2819 4580 2911 4650 qui
2942 4580 3014 4636 ibi
3062 4580 3173 4634 Deo
3218 4594 3336 4633 ser-

1753 4681 1925 4746 viunt,
1953 4690 2012 4736 ut
2038 4680 2089 4734 in
2117 4687 2436 4749 perpetuum
2461 4676 2669 4746 requie,
2696 4673 2805 4728 vita
2831 4682 3035 4727 {eterna
3064 4680 3117 4724 et
3145 4669 3339 4740 gaudio

25 4782 308 4828 sanctam
337 4787 528 4827 eorum
570 4770 1037 4827 conversationem
1069 4768 1306 4839 episc0pi
1334 4766 1459 4821 facti
1501 4775 1645 4831 sunt,
1683 4768 1727 4822 D
1753 4778 2008 4834 [numini
2042 4792 2164 4832 cum
2188 4774 2439 4831 omnibus
2468 4772 2585 4842 ejus
2614 4769 2814 4825 sanctis
2843 4781 3061 4836 semper
3096 4765 3148 4819 ίη
3177 4773 3336 4818 me..-

26 4874 214 4921 terra:
281 4879 473 4920 eorum
553 4863 937 4920 ecclesiasticae
997 4860 1284 4916 ﬂorebant.
1358 4857 1650 4921 Monachus

21 4960 207 5015 etiam
268 4958 372 5017 hos
421 4957 618 5013 ibidem
663 4956 996 5019 habitantes,
1042 4962 1402 5024 congregatos
1440 4950 1648 5006 essein

21 5064 324 5111 aeternum
374 5053 479 5109 hoc
525 5050 811 5123 privilegio
854 5050 1150 5111 conﬁrmo,
1213 5056 1268 5100 et
1326 5043 1647 5098 nominatim

21 5143 310 5201 describo
354 5143 569 5198 illarum
616 5142 808 5208 urbes,
855 5156 973 5209 qua:
1020 5138 1320 5209 antiquitus
1364 5146 1418 5189 et
1477 5153 1508 5191 ξι
1564 5152 1651 5190 me

22 5236 355 5306 Anglorum
402 5248 557 5306 rege,
589 5248 653 5289 ac
680 5234 749 5288 ab
778 5232 898 5287 aliis
926 5229 1173 5286 ﬁdelibus
1203 5229 1512 5284 hominibus
1548 5229 1647 5283 ha-

26 5330 246 5378 ctenus
271 5325 342 5379 ad
373 5324 585 5381 illorum
616 5338 826 5378 sacram
864 5322 1046 5377 sedem
1071 5334 1341 5375 concessa:
1372 5330 1516 5373 sunt.

105 5416 313 5471 Prima
352 5421 443 5473 est
479 5416 741 5487 Eastrige,
773 5430 935 5485 quam
965 5413 1237 5484 regionem
1278 5412 1345 5465 ad
1388 5410 1644 5465 ecclesias

30 5508 260 5563 Christi
292 5526 390 5577 pro
412 5510 593 5564 anima
618 5524 759 5577 mea,
793 5519 901 5563 tam
934 5508 986 5562 in
1015 5510 1357 5576 terrisquam
1386 5506 1438 5560 in
1465 5505 1644 5561 littore

29 5600 247 5662 maris,
292 5608 553 5669 perpetuo
576 5601 834 5655 concedo.
860 5599 995 5655 Tum
1020 5599 1298 5665 Joccham,
1326 5597 1644 5668 Bosingtun,

27 5687 329 5745 Edesham
374 5700 430 5747 et
478 5691 740 5762 Apeldra,
793 5692 1004 5747 Berwic
1052 5692 1307 5761 parvula,
1358 5702 1411 5746 et
1463 5691 1646 5764 Swyr-

27 5779 308 5837 dhlincas
358 5784 745 5851 Prmestatum,
796 5784 1105 5849 Gravanea,
1172 5786 1397 5856 Wylan,
1464 5786 1645 5847 Ciart,

25 5867 348 5933 Ferttleah.
402 5878 461 5934 ιιι
517 5876 756 5935 Suﬁ'cxia
829 5877 1148 5947 Pecciugas.
1211 5881 1270 5937 ln
1330 5878 1649 5936 occidentali

1753 4886 1901 4925 num.
1932 4870 2124 4923 Amen.

1824 4960 1937 5031 Ego
1966 4955 2317 5014 Ethelredus
2347 4951 2571 5019 Anglize,
2599 4950 2700 5004 hoc
2729 4946 2973 5002 ecclesia:
3001 4942 3203 5001 Christi
3231 4941 3340 5012 pri-

1753 5054 2006 5124 vilegium
2036 5068 2101 5106 ex
2138 5049 2466 5105 auctoritate
2501 5045 2701 5102 Christi
2732 5041 3017 5099 conﬁrmo.

1825 5147 1936 5216 Ego
1976 5144 2273 5203 IEll'ricus.
2322 5138 2579 5199 Ecclesiae
2616 5133 2817 5192 Christi
2867 5130 3334 5201 archiepiscopus.

1751 5238 1874 5294 boni
1908 5236 2062 5307 regis
2100 5233 2527 5289 muniﬁcentiam
2576 5230 2728 5301 signo
2770 5226 2952 5285 crucis
2990 5224 3044 5279 in
3074 5232 3335 5291 teteruum

1752 5329 2076 5387 curruboro.
2912 5378 2915 5379 ,

1805 5423 1934 5494 .Ego
1963 5418 2317 5483 Wulistanus,
2349 5414 2768 5479 Londinensium
2790 5409 3098 5481 episcopus,
3130 5402 3347 5489 domini-

1753 5514 1859 5569 mei
1891 5512 2055 5568 nobili
2086 5512 2226 5565 dono
2260 5523 2474 5578 seraper
2498 5502 2797 5561 consentio.

1826 5607 1937 5677 Ego
1964 5604 2241 5667 Elfheab,
2268 5597 2728 5655 Wintoniensium
2757 5595 3063 5665 episcopus,
3096 5590 3197 5646 hoc
3229 5602 3331 5642 an-

1754 5695 1939 5751 tedicti
1972 5696 2114 5765 regis
2144 5693 2403 5762 scriptum
2436 5688 2572 5745 meis
2597 5687 2803 5742 viribus
2827 5686 3107 5740 conﬁrmo.

1823 5788 1936 5857 Ego
1979 5786 2321 5855 Ordhyrhtus
2368 5782 2649 5853 cpiscopus
2708 5779 2847 5834 idem
2900 5778 2999 5831 hoc
3053 5788 3172 5828 cum
3238 5765 3331 5822 Dei

1748 5878 2121 5936 benedictione
2143 5875 2264 5931 feci.
