3838 6322
411 1099 421 1138 't'
465 1127 474 1137 .
566 1131 570 1136 ,
606 1117 630 1147 ι’
657 1057 788 1146 κ’·(ιθί
823 1131 828 1142 ,
873 1122 886 1124 -
919 1121 934 1123 -
965 1122 970 1125 ~
1012 1084 1056 1134 λζ)
1079 1100 1160 1132 Ar."
1187 1101 1244 1118 "'

1986 360 2255 420 nonum.
2287 362 2556 419 omnes.
3643 373 3712 434 in,

2239 477 2296 544 Α
2393 476 2507 544 Ego
2540 473 2835 530 Wulfricus
2859 473 3027 535 abbas
3053 451 3215 531 verus
3247 475 3400 530 testis.

2391 568 2503 638 Ego
2530 565 2864 636 (Elswardus
2891 566 3060 621 abbas
3085 565 3343 622 similiter.

2388 659 2501 730 Ego
2540 657 2816 712 Wulfosar
2846 657 3032 720 abbas,

2385 752 2497 827 Ego
2523 751 2737 823 Elﬂige
2770 750 2956 808 abbas.

639 357 769 421 ιιῑι

703 467 816 539 Ego
843 465 1177 529 Etltelricus
1202 465 1489 540 episcopus
1510 467 1614 526 hoc
1635 470 1779 535 idem
1803 470 1926 538 feci.

702 558 814 628 Ego
842 557 1095 618 Athulfus
1122 558 1407 637 episcopus
1429 562 1534 622 hoc
1559 561 1701 617 idem
1731 562 1856 620 feci.

697 648 808 718 Ego
836 646 1130 704 Godwinus
1158 651 1441 722 episcopus
1463 668 1624 710 omne
1651 653 1755 710 hoc
1775 654 1915 711 idem
1945 653 2069 714 feci.

696 738 806 807 Ego
835 737 1026 810 Lyllng
1067 740 1351 813 episcopus
1395 745 1600 801 domini
1639 745 1746 802 mei
1786 745 2121 806 voluntatem
2157 756 2214 811 et

623 827 917 892 bonitatem
955 833 1008 886 in
1037 843 1300 888 aeternum
1322 837 1602 904 confirmo.

621 969 866 994 .—

2963 981 3715 1011 ..ι-ἡ

1424 1031 1926 1109 [σίό-ίθόιίί

2029 1026 2052 1048 ,’
2105 1013 2136 1056 χ’
2335 1009 2370 1056 vl.
2446 1029 2494 1046 "7
2578 1041 2581 1052 ,

2020 1053 2027 1084 l
2095 1057 2350 1084 "LV/'1’.
2433 1059 2480 1080 -ί

962 1315 1188 1382 HUIUS
1227 1318 1510 1384 NOMlNlS
1533 1319 1745 1388 lNTEB
1783 1320 2012 1378 REGES
2051 1320 2284 1377 DAMAE
2321 1321 2708 1392 SECUNDUS,
2744 1323 2955 1379 INTER
2995 1321 3280 1380 ANGLOS
3318 1321 3536 1382 PRIMUS

2006 1457 2127 1528 (An
2177 1456 2562 1537 lett-1036.)

568 1630 629 1706 θ
691 1709 1198 1840 LEGES
1295 1629 2576 1845 ECCLESIASTIC/E
2673 1710 3275 1844 CANUTI
3366 1711 3697 1838 REGIS

609 1944 828 2019 (iusst,
859 1944 1061 2003 Concil.
1094 1952 1225 2010 tom.
1257 1944 1400 2015 XIX,
1437 1947 1541 2003 col.
1577 1947 1700 2014 555,
1742 1947 1828 2003 Ea:
1856 1965 1956 2005 ms.
1990 1948 2305 2006 Cottoniano
2333 1948 2479 2005 Nero
2511 1951 2574 2018 Α,
2609 1950 2662 2017 1,
2691 1947 2886 2006 collato
2917 1963 3056 2024 cum
3082 1947 3230 2020 legg.
3273 1958 3409 2005 nost.
3444 1946 3720 2017 Aegle-Suos)

608 2209 742 2282 Hoc
775 2216 868 2298 est
890 2210 1242 2298 consilium
1275 2211 1445 2298 quod
1488 2211 1762 2298 Qn‘utus,
1819 2213 2018 2298 totius
2044 2213 2292 2298 Anglia)
2343 2219 2405 2298 e_t
2455 2215 2782 2298 Danorum
2819 2219 2887 2298 et_
2926 2215 3394 2298 Norwegorum
3423 2227 3533 2279 rex,
3567 2223 3722 2298 eumsi

725 2289 1018 2370 pientum
1052 2289 1318 2356 suoruni
1356 2292 1631 2355 consilio
1661 2294 1960 2368 saneivit,
1993 2293 2059 2355 in
2087 2289 2339 2355 laudem
2373 2295 2514 2368 Dei,
2541 2301 2604 2356 et
2625 2293 2745 2353 sibi
2767 2291 2890 2370 ipsi
2921 2292 2989 2353 in
3021 2299 3467 2370 ornamentum
3496 2289 3674 2367 regium,
3692 2295 3720 2345 et

727 2369 805 2432 ad
842 2371 1179 2435 utilitatem
1208 2371 1464 2454 populi;
1504 2380 1564 2434 et
1605 2371 1724 2436 hoc
1763 2377 1902 2435 erat
1931 2372 2131 2434 sacris
2164 2372 2488 2436 natalibus
2528 2369 2806 2434 Domini
2831 2371 3041 2434 nostri
3083 2369 3465 2432 Wintonize.

736 2551 777 2607 Ι.
821 2551 898 2608 De
925 2551 1058 2620 Deo,
1089 2554 1340 2624 religione
1391 2564 1441 2610 et
1472 2571 1587 2626 rege
1611 2554 1780 2608 debile
1803 2553 2054 2610 colendis.

676 2640 792 2696 Hoc
813 2651 897 2698 est
923 2644 1160 2712 primum
1189 2643 1354 2716 igitur
1380 2652 1439 2700 ut
1482 2660 1646 2716 super
1667 2645 1848 2700 omnia
1897 2645 2000 2699 alia
2027 2661 2192 2700 unum

608 2732 773 2788 Deum
824 2747 1042 2804 semper
1089 2734 1350 2806 diligere,
1400 2746 1454 2790 et
1499 2752 1669 2790 ttnutn
1717 2734 2192 2791 Christianismum

594 2825 943 2880 unanimiter
971 2841 1314 2894 conservare,
1341 2841 1396 2882 et
1446 2843 1628 2900 regem
1679 2828 1914 2883 Cautum
1948 2839 2002 2884 et
2047 2830 2194 2899 justa

605 2917 864 2982 lidelitate
891 2921 1140 2974 venerari
1176 2919 1366 2974 velint.

827 3009 890 3066 ll.
933 3009 1012 3064 De
1047 3027 1175 3080 pace
1205 3010 1320 3078 Dei,
1354 3013 1488 3083 regis
1518 3022 1564 3066 et
1594 3011 1954 3066 ecclesiarum.

673 3100 742 3156 Et
768 3101 863 3156 Dei
906 3100 1168 3158 ecclesias
1205 3102 1444 3158 salutent
1481 3119 1551 3161 ,ac
1582 3114 1889 3174 protegant,
1919 3113 1974 3158 et
2001 3105 2193 3162 crebro

591 3191 954 3265 {frequentem
999 3197 1054 3252 in
1103 3197 1332 3256 salutem
1393 3199 1609 3266 animae,
1661 3208 1717 3256 et
1776 3201 2067 3272 nobisipsis
2124 3201 2192 3256 ad

605 3289 925 3346 utilitatem.
979 3290 1242 3360 Qualibet
1290 3294 1520 3350 ecclesia
1567 3294 1692 3364 jure
1740 3305 1824 3351 est
1864 3283 1928 3350 in.
1973 3297 2191 3366 propria

603 3383 806 3439 Christi
834 3399 992 3455 pace,
1009 3395 1065 3442 et
1086 3386 1310 3457 quilibet
1326 3387 1668 3443 Christianus
1692 3389 1916 3444 multum
1941 3389 2192 3445 laborare

602 3473 766 3532 debet
804 3487 869 3532 nt
902 3492 1036 3548 pace
1065 3478 1209 3532 illam
1242 3495 1436 3550 magna
1476 3479 1532 3534 in
1571 3481 1923 3536 veneratione
1968 3481 2189 3535 habeat.

603 3567 713 3622 Pax
738 3570 886 3636 enim
917 3570 1120 3636 divina,
1154 3579 1208 3626 et
1248 3586 1410 3642 quam
1450 3571 1695 3641 proxime
1722 3573 1862 3643 regis
1911 3587 2022 3642 pra:
2043 3571 2191 3629 omni

602 3659 709 3713 alia
731 3675 866 3730 pace
889 3661 1204 3727 obtinenda,
1226 3671 1281 3717 et
1301 3663 1486 3719 sedulo
1511 3664 1882 3720 conservanda
1910 3672 2014 3718 est.
2041 3664 2192 3720 Tunc

602 3750 764 3806 valde
803 3751 1011 3821 justum
1041 3762 1122 3809 est
1155 3762 1215 3808 ut
1243 3754 1335 3810 Dei
1366 3755 1734 3811 ecclesiastica
1785 3771 1890 3825 pax
1917 3755 2059 3811 intra
2105 3772 2194 3826 pa-

604 3843 795 3909 rietes,
834 3853 890 3899 et
912 3859 1018 3925 pax
1067 3846 1360 3901 Christiani
1415 3849 1558 3919 regis
1589 3865 1748 3902 manu
1795 3850 1918 3904 data
1975 3864 2194 3914 semper

2225 2548 2429 2623 Blata,
2480 2557 2666 2613 sedqu
2721 2564 3104 2626 compensetur
3157 2569 3266 2624 pro
3322 2552 3506 2608 ratione
3540 2549 3619 2617 ejus
3645 2548 3719 2615 (pel

2299 2653 2502 2706 factum
2532 2659 2637 2714 est,
2667 2649 2780 2704 sive
2809 2649 2881 2702 sit
2911 2661 3007 2718 per
3034 2661 3302 2717 pugnam,
3333 2644 3438 2700 sive
3465 2640 3721 2724 pert-ipim.

2297 2745 2412 2801 sive
2438 2759 2534 2814 per
2576 2742 2720 2797 aliud
2750 2739 3330 2811 quid.compensanda
3359 2748 3434 2793 est
3459 2733 3722 2798 ecclesispria

2297 2837 2449 2906 pacis
2475 2834 2693 2889 violatio
2730 2848 2829 2902 pro
2863 2833 3072 2886 ratione
3118 2830 3246 2899 ejus
3286 2829 3419 2900 quod
3461 2827 3610 2881 factum
3625 2831 3723 2874 etet

2297 2943 2394 2996 pro
2417 2927 2625 2981 ratione
2650 2923 2930 2995 dignitatis
2959 2921 3233 2977 ecclesiae.
3262 2921 3376 2976 Non
3413 2928 3520 2979 sunt
3541 2928 3663 2970 omnes
3680 2927 3720 2963 te

2296 3017 2474 3074 clesia:
2520 3017 2713 3088 aequali
2772 3014 2929 3069 modo
2979 3023 3203 3068 terreno
3251 3013 3446 3068 honore
3488 3009 3633 3078 digne,
3662 3002 3722 3055 lic?-

2295 3106 2542 3161 eamdem
2617 3105 2852 3160 habeant
2907 3102 3344 3159 ecclesiasticam
3399 3096 3719 3156 consecrationis.

2299 3197 2528 3252 Violatio
2558 3197 2708 3268 pacis
2736 3194 3010 3265 primariae
3040 3194 3294 3249 ecclesia:
3316 3203 3394 3248 est
3428 3190 3720 3245 eademst-tea-

2296 3292 2543 3362 pensatio
2592 3304 2776 3343 rerum
2835 3303 2934 3358 pro
2987 3287 3132 3357 regis
3176 3301 3340 3356 pace,
3379 3285 3469 3338 hoc
3504 3290 3566 3335 est
3593 3279 3722 3341 ειιιίιιιεε

2295 3383 2470 3448 libris,
2499 3381 2796 3438 secundum
2825 3379 3121 3450 Anglorum
3171 3377 3343 3447 leges,
3369 3384 3419 3429 et
3445 3375 3489 3427 in
3513 3383 3614 3426 terra
3634 3365 3723 3422 fami

2294 3491 2394 3548 pro
2421 3473 2712 3529 violatione
2735 3471 2883 3542 pacis
2903 3486 2936 3525 v
2961 3470 3115 3526 libris
3133 3469 3277 3539 regi,
3303 3477 3355 3522 et
3375 3483 3426 3521 ιιι
3448 3460 3721 3530 archiepiscopi.

2294 3580 2351 3624 et
2378 3565 2669 3624 mediocris
2693 3564 2939 3621 ecclesizr.
2968 3579 3071 3619 cxx
3110 3561 3330 3626 solidis,
3369 3569 3419 3614 et
3462 3557 3572 3611 idem
3603 3561 3719 3612 callis-

2296 3659 2440 3730 regis
2474 3657 2679 3722 multa;
2737 3664 2792 3710 et
2830 3663 2958 3710 tunc
3015 3653 3197 3708 adhuc
3231 3651 3467 3714 minoris,
3499 3646 3565 3701 ubi
3601 3652 3720 3730 tum

2295 3729 2380 3808 est
2408 3750 2793 3815 ministerium,
2839 3755 2892 3802 et
2920 3745 3300 3801 cusmeterium
3359 3752 3512 3797 tamen
3549 3729 3722 3791 moli-ii

2295 3854 2352 3900 et
2381 3843 2564 3914 templi
2595 3840 2941 3912 campestris,
2967 3837 3057 3893 ubi
3077 3837 3450 3894 cmmeterium
3479 3846 3561 3886 non
3582 3835 3647 3889 εει,
3672 3833 3721 3873 ω

603 3935 871 4000 consistat
921 3935 1239 4004 immobilis.
1285 3937 1352 3992 Et
1401 3939 1444 3993 si
1488 3939 1610 4007 quis
1645 3938 1960 3994 alterutram
2001 3939 2186 4009 violet,
2217 3931 2261 3994 C
2294 3936 2503 3993 solidis.

602 4025 802 4096 perdat
826 4029 1061 4097 patriam
1091 4038 1148 4083 et
1173 4030 1360 4093 vlt-am,
1393 4030 1494 4084 nisi
1549 4045 1638 4084 rex
1691 4031 1738 4084 ei
1771 4030 2081 4086 condonare
2108 4045 2196 4086 ve-

602 4119 687 4182 lit.
720 4119 859 4178 Etsi
892 4134 1128 4190 unquam
1163 4119 1361 4188 aliquis
1415 4120 1576 4173 homo
1613 4119 1854 4194 posthaec
1881 4121 1975 4200 Dei
2013 4121 2194 4176 eccle-

601 4212 884 4268 siasticam
931 4227 1126 4284 pacem
1179 4213 1314 4268 adeo
1353 4211 1640 4267 violaverit
1668 4221 1726 4266 ut
1768 4211 1911 4267 intra
1953 4212 2196 4268 ecclesiae

601 4307 844 4391 parietes
866 4291 1139 4363 homicida
1185 4306 1360 4373 fleret,
1390 4315 1518 4362 tunc
1543 4306 1687 4362 istud
1739 4314 1824 4362 est
1845 4305 2192 4376 inexpiabile,

604 4409 662 4467 et
687 4407 1087 4470 persequantur
1115 4398 1283 4470 (eum)
1337 4413 1526 4454 omnes
1576 4399 1666 4472 qui
1699 4398 1795 4454 Dei
1839 4397 2000 4453 amici
2045 4405 2192 4462 sunt,

605 4493 712 4550 nisi
745 4479 922 4561 ﬁeret,
962 4501 1020 4558 ut
1067 4493 1193 4547 inde
1218 4500 1551 4563 erumperet,
1578 4502 1633 4548 et
1674 4493 1740 4547 ad
1767 4492 1903 4547 adeo
1937 4505 2195 4564 magnum

605 4587 818 4660 asylum
846 4587 1151 4662 confugerit
1175 4595 1234 4642 ut
1265 4602 1358 4642 rex
1401 4587 1500 4665 ipsi
1530 4595 1820 4665 eapropter
1856 4585 2025 4639 vitam
2068 4599 2196 4638 con-

605 4681 838 4744 donaret
865 4689 986 4752 post
1012 4680 1312 4750 plenariam
1355 4663 1878 4749 compensationem,
1915 4684 2024 4732 tam
2052 4675 2194 4744 apud

603 4777 774 4832 Deum
807 4791 968 4846 quam
998 4775 1140 4846 apud
1193 4775 1462 4829 homines.
1510 4772 1578 4826 Et
1607 4773 1711 4827 hoc
1752 4778 1836 4826 est
1877 4771 2111 4841 primum
2138 4777 2198 4824 ut

603 4868 886 4949 propriam
925 4867 1340 4926 aestimationem
1373 4864 1570 4935 capitis
1613 4863 1831 4918 Christo
1859 4871 1913 4917 et
1940 4863 2052 4932 regi
2081 4861 2193 4927 det,

601 4972 659 5017 et
685 4962 788 5018 hoc
823 4961 984 5016 modo
1009 4951 1250 5042 seipsum
1276 4958 1522 5028 exlegem
1557 4958 1812 5020 restituat
1832 4955 1898 5009 ad
1934 4970 2195 5024 compen-

603 5051 895 5119 sationem.
929 5051 996 5105 Et
1024 5051 1068 5106 si
1109 5061 1238 5113 tunc
1266 5049 1333 5114 ad
1359 5047 1858 5119 compensationem
1890 5061 1979 5102 res
2010 5045 2193 5112 rediit,

601 5153 661 5198 et
685 5158 807 5211 eam
841 5159 934 5208 rex
969 5142 1181 5205 toleret,
1216 5149 1347 5208 tunc
1395 5139 1639 5196 solvatur
1669 5138 2039 5194 ecclesiastica
2089 5151 2194 5208 pax

604 5234 682 5290 illi
712 5236 958 5292 ecclesia;
989 5251 1086 5306 per
1120 5235 1265 5306 regis
1308 5233 1606 5305 plenariam
1646 5232 1796 5302 pacis
1820 5231 2194 5293 violationem,

603 5335 660 5384 et
707 5329 952 5386 ecclesia:
1006 5327 1512 5392 reconciliationem
1577 5333 1981 5396 consequatur,
2039 5323 2197 5379 sicuti

604 5420 783 5488 decet,
807 5429 865 5477 et
887 5421 1084 5477 deinde
1132 5431 1242 5477 tam
1283 5419 1501 5489 cognati
1537 5433 1702 5487 quam
1731 5416 1832 5471 viri
1856 5415 2024 5471 occisi
2051 5429 2199 5469 com-

603 5512 982 5594 pensationem
1017 5511 1175 5586 plene
1202 5495 1396 5578 solvat,
1434 5517 1490 5566 et
1519 5510 1660 5580 apud
1684 5509 1854 5564 Deum
1893 5505 2086 5566 saltem
2117 5505 2194 5560 in-

602 5600 872 5659 tercedat.
1241 5676 1245 5680 ἱ

677 5691 765 5760 ll].
808 5689 887 5744 De
923 5689 1088 5743 multa
1126 5707 1220 5759 pro
1255 5693 1507 5759 dignitate
1533 5689 1763 5745 ecclesia!
1783 5689 2119 5758 conferenda.

677 5783 750 5842 Ει
778 5784 824 5840 si
858 5780 965 5837 ulla
1007 5779 1251 5836 ecclesia:
1284 5797 1389 5840 oux
1431 5781 1546 5837 sine
1579 5778 1950 5836 interiectione
1976 5779 2046 5834 sit
2078 5779 2192 5834 vio-

2464 4027 2554 4085 lV.
2593 4027 2670 4081 De
2695 4024 2981 4081 reverentia
3007 4021 3370 4077 sacerdotibus
3395 4011 3640 4088 praetuta.

2367 4121 2568 4179 Omnes
2592 4119 2935 4175 Christianos
2959 4131 3124 4188 quam
3175 4116 3410 4168 maxime
3446 4111 3567 4164 decet
3589 4105 3724 4156 sint“?

2296 4213 2438 4270 rium
2461 4219 2516 4268 et
2543 4210 2764 4266 ordines
2792 4217 2847 4264 et
2890 4215 3271 4263 consecratam
3308 4203 3398 4258 Dei
3419 4202 3591 4255 domum
3611 4196 3722 4251 ﬂii

2298 4305 2710 4376 diligentissime
2733 4305 3078 4371 frequentare
3100 4309 3153 4353 et
3175 4307 3470 4368 protegere,
3494 4303 3537 4346 et

2297 4397 2543 4452 ordinem
2590 4393 2841 4449 venerari
2867 4392 3021 4461 juxta
3051 4389 3390 4458 dignitatern.
3432 4379 3629 4447 lntellipl
3651 4379 3720 4423 6'13

2297 4488 2630 4559 quicunque,
2669 4484 2802 4540 velit
2831 4483 2914 4538 vel
2939 4481 3134 4553 possit,
3185 4493 3430 4550 magnum
3458 4485 3504 4528 et
3535 4465 3720 4540 parum

2299 4593 2418 4634 esse
2445 4577 2588 4646 quod
2633 4575 2892 4631 sacerdos
2921 4573 3190 4643 agendum
3239 4573 3398 4626 habet
3437 4581 3519 4637 pro
3541 4560 3720 4650 salute

2296 4671 2430 4743 puli,
2464 4670 2506 4725 si
2543 4668 2769 4724 Domino
2814 4682 2912 4723 suo
2950 4666 3131 4720 debite
3162 4665 3386 4734 placeat.
3413 4659 3606 4727 Magnum
3635 4653 3712 4711 ita“

2298 4773 2381 4820 est
2417 4763 2780 4826 exorcismos,
2810 4769 2866 4814 et
2914 4757 3234 4830 prteclarttm
3270 4764 3353 4810 est
3379 4743 3717 4828 consech

2299 4854 2571 4910 diabolum
2633 4851 2896 4921 dispellit,
2955 4859 3010 4904 et
3065 4848 3349 4918 profugum
3412 4839 3578 4898 reddit,
3613 4838 3718 4899 qnam

2297 4946 2601 5016 baptismns
2627 4942 2932 5014 peragitur,
2964 4940 3048 4994 vel
3073 4939 3133 4994 S.
3159 4935 3470 4993 eucharistia
3493 4923 3716 5016 consemlf'f

2299 5037 2365 5092 Et
2415 5035 2587 5091 sancti
2639 5033 2814 5104 angeli
2860 5032 2929 5086 ibi
2972 5028 3482 5086 circumfunduntur,
3508 5027 3548 5073 et
3587 5016 3718 5104 ΜΨ

2299 5131 2630 5194 “smmum:
2660 5137 2713 5183 θι
2744 5143 2840 5196 Per
2887 5125 2980 5180 1)θὶ
3014 5125 3310 5193 potentiam
3342 5116 3617 5174 sacerdotem
3646 5109 3716 5159 id?"

2301 5231 2453 5285 vant,
2487 5219 2698 5289 quoties
2721 5218 2936 5273 Christo
2961 5215 3142 5270 debite
3188 5213 3438 5268 serviunt.
3466 5206 3520 5260 Et
3543 5203 3612 5255 hoc

2305 5281 2532 5379 faciunt,
2560 5311 2774 5381 quoties
2805 5309 2990 5364 sedulo
3023 5307 3217 5362 intimo
3245 5314 3451 5375 pectore
3479 5281 3715 5388 inrle

2303 5415 2469 5470 stum,
2503 5412 2557 5458 et
2579 5418 2678 5474 pro
2700 5400 2883 5472 populi
2913 5398 3240 5454 necessitate
3263 5393 3520 5460 diligenter

2302 5507 2358 5552 et
2413 5467 2490 5550 illi
2529 5467 2897 5565 propter-Dei
2945 5492 3197 5546 timorem
3244 5501 3336 5558 pro
3364 5478 3541 5538 ordinis
3574 5467 3711 5533 ἀίιδιατ

2305 5607 2426 5646 cum
2466 5572 2677 5646 ratione
2710 5595 2835 5642 sunt
2870 5583 3252 5655 cognoscendi.

2622 5680 2684 5733 V.
2729 5677 2803 5730 De
2842 5673 3153 5744 purgatione
3183 5669 3524 5722 ordinarat-um.

2376 5775 2438 5831 Et
2466 5774 2508 5831 si
2539 5773 2816 5841 conlingat
2867 5778 2922 5823 ιιι
2951 5743 3090 5836 quis
3121 5757 3517 5822 accusationibus
3539 5743 3705 5803 etiam!ir
