3838 6322
102 363 138 418 l
159 362 260 418 I73

1327 328 1707 396 CANUHJSI
1747 337 1886 392 IiliX
1921 337 2123 392 ANGL.

3255 336 3386 392 “TI

102 475 208 527 l-iis
241 467 598 530 sacerdotem,
641 463 730 534 qui
778 463 1097 533 regulariter
1126 459 1274 523 vivit,
1307 463 1502 509 oneret
1533 463 1693 522 atque
1721 453 1769 512 Α
1799 450 2067 520 gnatiouis
2092 450 2316 519 gradum
2346 453 2398 504 in
2442 450 2654 520 propria
2696 441 2959 502 afﬁnitate
2995 467 3226 520 unquam
3255 467 3387 516 uxo-

103 561 206 616 ille
242 560 357 628 ipse
396 557 644 613 conscius
681 557 752 610 sit
799 552 1140 616 innocentiae,
1174 549 1410 605 celebret
1454 549 1696 609 missam,

99 655 156 708 si
202 653 390 717 audet,
419 658 474 705 et
497 658 687 720 purget
715 648 858 703 solus
885 646 1118 714 seipsum
1168 658 1266 712 per
1302 640 1470 696 solam
1501 640 1700 697 eucha-

99 745 330 799 ristiam
362 757 393 796 a
450 740 680 810 simplici
720 738 1101 802 accusatione;
1146 744 1200 790 et
1245 733 1506 804 triplicem
1539 747 1698 786 accu-

98 837 388 891 sationem
417 841 627 904 purget,
660 833 703 888 si
746 831 942 886 audeat
971 830 1136 884 etiam
1182 828 1234 882 in
1289 827 1346 881 S.
1373 825 1702 882 eucharistia

94 942 241 981 cum
270 925 478 980 duobus
502 922 738 991 ejusdem
767 936 888 976 eum
934 936 998 976 eo
1024 918 1251 974 ordinis.
1296 916 1352 972 Si
1383 917 1502 985 quis
1523 916 1704 972 diaco-

98 1033 250 1071 num
275 1024 510 1076 accuset,
539 1015 628 1084 qui
667 1013 985 1084 regulariter
1023 1011 1176 1073 vivit,
1209 1009 1436 1078 simplici
1486 1020 1706 1062 accusa-

98 1109 288 1171 tione,
336 1115 512 1161 sumat
561 1105 694 1160 duos
750 1105 990 1173 ejusdem
1037 1101 1328 1157 secundum
1376 1098 1600 1159 ordinis,
1649 1105 1706 1150 et

96 1208 317 1272 purget
344 1215 401 1254 se
424 1213 545 1253 cum
579 1197 700 1251 illis.
734 1197 870 1250 Etsi
921 1203 1208 1248 accusetur
1245 1190 1438 1260 triplici
1482 1202 1705 1242 accusa-

101 1291 292 1358 tione,
329 1300 507 1344 sumat
535 1302 630 1343 sex
657 1285 895 1354 ejusdem
925 1283 1134 1340 ordinis
1167 1283 1241 1351 (et
1273 1281 1386 1350 ipse
1427 1279 1500 1334 sit
1543 1278 1707 1346 septi-

103 1383 265 1453 mus)
299 1389 354 1436 et
378 1387 568 1450 purget
607 1393 663 1433 se
687 1378 809 1431 illis.
842 1376 898 1431 Si
929 1375 1170 1445 plebeius
1197 1372 1448 1427 sacerdos
1477 1385 1703 1424 accusa-

111 1474 363 1529 tionibus
390 1481 647 1529 oneretur
675 1470 816 1540 quod
849 1467 1148 1539 regularem
1179 1464 1345 1519 vitam
1386 1479 1492 1518 non
1526 1462 1705 1532 degat,

105 1575 322 1637 purget
390 1580 446 1619 se
495 1563 635 1618 sicut
697 1563 958 1615 diaconus
1012 1558 1104 1628 qui
1170 1557 1471 1626 regularem
1540 1553 1707 1606 vitam

105 1661 254 1730 agit.
299 1659 364 1712 Et
388 1658 432 1712 si
474 1657 594 1726 quis
616 1655 804 1710 amicis
835 1653 1152 1708 destitutum
1185 1649 1372 1704 altaris
1401 1648 1708 1702 ministrum

109 1749 568 1807 accusationibus
595 1758 801 1812 oneret,
830 1747 921 1818 qui
951 1761 1055 1801 non
1081 1745 1242 1799 habet
1263 1740 1704 1803 sacramentales,

111 1851 213 1897 cat
253 1841 323 1896 ad
367 1839 528 1895 offam
585 1848 940 1900 exsecratam,
983 1846 1037 1891 et
1072 1836 1141 1891 ibi
1196 1834 1312 1900 ﬁat,
1358 1833 1515 1888 sicuti
1567 1833 1712 1887 Deus

112 1931 382 1996 voluerit,
408 1929 509 1984 nisi
550 1945 609 1985 se
635 1945 730 2000 per
759 1929 817 1983 S.
849 1926 1233 1982 eucharistiam
1261 1939 1491 1996 purgare
1517 1923 1710 1994 possit.

116 2023 191 2078 Et
235 2022 280 2077 si
328 2022 450 2091 quis
497 2021 666 2076 sacris
712 2020 984 2086 initiatum
1035 2016 1330 2073 inimicitiae
1379 2021 1620 2079 accuset,
1657 2021 1712 2067 et

117 2117 274 2171 dicat
327 2114 470 2184 quod
516 2112 790 2168 homicidii
850 2119 1038 2166 auctor
1077 2109 1168 2173 sit,
1223 2107 1305 2163 vel
1348 2106 1711 2172 consiliarius,

116 2217 321 2278 purget
356 2220 415 2260 se
438 2221 533 2275 per
560 2214 820 2275 cognatos
849 2218 995 2267 suos,
1032 2201 1123 2272 qui
1151 2200 1486 2254 inimicitiam
1517 2198 1712 2252 tolera-

118 2313 185 2352 re
211 2296 297 2351 vel
326 2295 613 2350 emendare
644 2294 856 2348 debent.
889 2293 954 2346 Et
981 2292 1025 2346 si
1057 2292 1127 2345 sit
1157 2289 1397 2360 cognatis
1426 2287 1716 2343 destitutus

121 2397 324 2460 purget
351 2404 410 2443 se
437 2403 532 2457 per
577 2387 772 2453 socios,
802 2387 887 2440 vel
924 2385 1186 2456 jejunium
1220 2383 1500 2453 suscipiat,
1533 2383 1574 2437 si
1622 2398 1716 2436 au-

123 2483 275 2546 deat,
323 2489 376 2534 ct
401 2495 464 2535 ea
504 2480 570 2533 ad
616 2478 777 2534 offam
810 2486 1171 2542 exsecratam,
1212 2484 1267 2531 et
1308 2476 1378 2530 ibi
1411 2476 1526 2539 tiat,
1557 2475 1716 2529 sicuti

123 2575 274 2629 Deus
298 2571 638 2641 judicaverit.
667 2571 733 2627 Et
753 2570 932 2626 nullus
957 2569 1139 2638 templi
1162 2567 1458 2624 monachus
1481 2581 1716 2636 unquam

124 2668 250 2736 jure
302 2666 599 2721 inimicitiae
645 2663 1141 2735 compensationem
1173 2671 1380 2732 petere,
1409 2675 1510 2715 nec
1536 2658 1716 2713 inimi-

123 2759 280 2815 citiae
329 2757 823 2829 compensationem
855 2756 1066 2813 solvere
1097 2763 1328 2819 tenetur,
1361 2753 1592 2822 deponat
1627 2767 1722 2806 co-

122 2851 405 2926 gnationis
432 2850 596 2919 leges,
624 2864 746 2904 cum
790 2849 985 2904 transit
1023 2848 1088 2900 ad
1116 2847 1259 2917 leges
1301 2845 1594 2914 regulares.
1633 2844 1718 2908 Et,

123 2940 174 2995 si
211 2939 494 3010 presbyter
545 2952 782 3007 unquam
821 2937 984 2992 fuerit
1023 2935 1193 2990 falsus
1221 2935 1396 3000 testis,
1430 2933 1511 2988 vel
1549 2933 1722 3002 perju-

123 3045 254 3094 rus,
285 3027 368 3083 vel
407 3028 533 3082 furti
567 3027 840 3093 conscius,
874 3036 966 3082 aut
993 3025 1338 3082 consiliarius
1378 3024 1560 3088 fuerit,
1595 3033 1720 3078 tunc

123 3122 209 3174 sit
234 3117 572 3174 sanctiﬁcata
620 3115 850 3172 ecclesia
904 3116 1180 3178 exclusus,
1210 3125 1265 3171 et
1295 3117 1484 3186 perdat
1522 3115 1720 3185 ubique

123 3226 248 3270 tam
281 3211 596 3266 societatem
625 3226 786 3280 quam
825 3210 1142 3273 amicitiam,
1171 3217 1226 3264 et
1255 3208 1540 3277 cujuslibet
1567 3224 1723 3263 vene-

123 3303 428 3370 rationem,
461 3303 564 3357 nisi
602 3302 742 3374 apud
771 3302 940 3356 Deum
981 3310 1036 3357 et
1067 3301 1206 3371 apud
1238 3302 1485 3356 homines
1534 3299 1724 3368 majori

123 3394 304 3453 modo
335 3403 666 3463 compcnset,
697 3394 872 3462 prouti
906 3393 1190 3462 episcopus
1233 3408 1357 3447 eum
1386 3391 1722 3457 instruxerit,

124 3497 200 3544 et
249 3487 488 3541 inveniat
557 3486 660 3542 sibi
712 3485 1117 3556 ﬁdejussorem,
1178 3485 1320 3554 quod
1373 3485 1726 3554 imposterum

125 3593 364 3648 semper
419 3592 450 3630 a
507 3577 669 3633 simili
727 3577 997 3646 (crimine)
1038 3585 1352 3632 cessaturus
1397 3576 1488 3632 sit.
1539 3576 1632 3642 Et,
1681 3577 1729 3630 si

127 3684 270 3725 cum
302 3683 530 3738 purgare
568 3667 722 3732 velit,
748 3675 940 3737 purget
981 3681 1076 3736 pro
1104 3666 1229 3721 facti
1261 3667 1441 3732 modo,
1469 3667 1586 3722 sive
1630 3667 1729 3722 tri-

129 3759 272 3832 plici
304 3759 415 3812 sive
441 3757 666 3827 simplici
699 3757 1016 3826 purgatione
1045 3771 1144 3825 pro
1171 3755 1301 3810 l'acti
1334 3757 1514 3812 modo.

187 3867 280 3922 VI.
316 3867 626 3922 Exhortatio
663 3866 733 3921 ad
761 3864 1166 3930 ecclesiasticos,
1207 3875 1259 3918 ut
1289 3874 1468 3918 sancte
1498 3865 1692 3919 vivant.

221 3982 292 4036 Et
326 3981 569 4036 voluntas
610 3989 667 4034 ut
688 3979 972 4050 cujuslibet
1001 3977 1208 4032 ordinis
1237 3977 1339 4031 viri
1371 3977 1656 4046 diligenter
1675 3991 1734 4032 se

138 4074 475 4133 submittant
502 4073 696 4142 singuli
721 4072 829 4143 juri
857 4071 998 4142 quod
1028 4070 1094 4123 ad
1115 4085 1208 4125 cos
1237 4070 1491 4139 pertinet,
1516 4079 1570 4123 et
1597 4084 1734 4139 prae-

139 4166 343 4224 sertim
369 4165 460 4220 Dei
486 4164 741 4230 ministri,
773 4163 1009 4234 episcopi
1037 4170 1094 4216 et
1128 4162 1378 4226 abbates,
1404 4161 1653 4216 monachi
1682 4170 1735 4215 et

144 4254 442 4320 moniales,
482 4253 728 4309 canonici
757 4261 812 4307 et
843 4253 1076 4306 vestales
1103 4251 1172 4305 ad
1216 4259 1422 4305 rectum
1453 4250 1732 4313 inclinent,

144 4361 211 4406 et
243 4348 559 4420 regulariter
584 4347 786 4408 vivant,
818 4355 871 4401 et
894 4347 981 4399 die
1000 4360 1064 4399 ac
1091 4353 1268 4407 nocte,
1298 4359 1442 4412 saepe
1469 4353 1523 4398 et
1544 4344 1738 4397 crebro

145 4442 429 4500 Christum
467 4441 749 4505 invocent,
778 4449 833 4494 et
867 4453 965 4509 pro
1015 4438 1160 4491 omni
1193 4436 1392 4507 p0pulo
1432 4434 1740 4489 Christiano

150 4536 442 4605 diligenter
488 4533 842 4588 intercedant.
871 4508 942 4584 Et
970 4545 1159 4584 omnes
1211 4529 1306 4582 Dei
1347 4528 1624 4582 ministros
1657 4542 1740 4581 ro—
1773 4508 1817 4568 ι)

152 4643 348 4702 gamus
371 4636 427 4682 et
455 4627 731 4692 docemus,
767 4634 823 4680 et
849 4623 1150 4694 praesertim
1179 4621 1512 4683 sacerdotes,
1545 4628 1602 4672 ut
1634 4619 1742 4672 Deo

153 4722 434 4786 obediant,
470 4730 523 4774 et
549 4719 854 4775 castitatem
885 4725 1088 4780 ament,
1132 4723 1186 4768 et
1225 4725 1455 4768 caveant
1482 4711 1584 4766 sibi
1615 4709 1742 4779 ipsis

159 4821 234 4874 ab
279 4817 352 4870 ira
399 4816 516 4881 Dei,
544 4824 595 4870 et
628 4815 696 4869 ab
720 4820 980 4868 aestuante
1032 4807 1281 4864 incendio
1327 4806 1470 4876 quod
1515 4804 1646 4858 furit
1689 4802 1742 4856 in

162 4908 399 4966 inferno.
428 4905 846 4977 Diligentissime
871 4903 1046 4957 sciant
1072 4901 1216 4968 quod
1241 4899 1463 4952 omnino
1490 4913 1594 4950 nou
1650 4895 1744 4948 de—

161 5003 332 5057 beant
358 4999 534 5054 coitus
561 5011 725 5051 causa
758 5010 880 5050 cum
926 4992 1124 5046 femina
1154 4989 1577 5046 communicare.
1605 4987 1673 5041 Et
1699 4985 1744 5040 si

164 5097 290 5166 quis
316 5095 380 5148 ab
407 5109 474 5149 eo
510 5092 782 5147 abstinere
812 5101 868 5146 et
892 5087 1194 5144 casti-tatem
1224 5099 1441 5141 servare
1469 5083 1616 5148 velit,
1651 5083 1746 5136 ha-

168 5192 293 5244 beat
337 5186 428 5239 Dei
457 5183 903 5247 misericordiam,
933 5189 988 5234 et
1015 5178 1189 5249 quoad
1219 5187 1488 5231 terrenam
1519 5187 1745 5228 venera-

171 5281 370 5333 tionem
399 5277 472 5332 sit
503 5274 627 5345 jure
675 5275 825 5330 thani
856 5273 1068 5343 dignus.
1103 5271 1170 5324 Et
1222 5269 1446 5338 quilibet
1488 5265 1744 5321 Christia.

170 5384 275 5423 nus
301 5382 366 5420 ex
411 5366 604 5420 timore
635 5363 847 5420 Domini
899 5361 981 5417 sui
1029 5360 1284 5431 injustum
1314 5358 1511 5413 coitum
1563 5354 1751 5410 sedulo

166 5460 356 5523 evitet,
389 5467 444 5562 et
473 5459 616 5528 leges
634 5455 1033 5512 ecclesiasticas
1046 5453 1191 5523 juste
1213 5454 1480 5508 observet.

562 5570 665 5625 \'ll.
706 5569 782 5626 De
807 5568 1064 5640 conjugiis
1102 5565 1396 5638 prohibitis.

247 5686 512 5740 Docemus
563 5685 725 5739 etiam
776 5693 832 5739 ct
870 5697 1141 5753 rogamus,
1199 5689 1254 5737 et
1304 5680 1358 5735 in
1409 5677 1503 5734 Dei
1536 5677 1755 5734 nomine

169 5783 506 5852 imperamus
533 5797 598 5837 nc
643 5779 836 5851 aliquis
866 5776 1207 5835 Christianus
1238 5773 1377 5831 infra
1411 5781 1626 5829 sextum
1657 5786 1749 5829 co-

1802 555 1914 595 rem
1953 540 2133 604 ducat,
2186 555 2361 610 neque
2406 541 2619 610 cognati
2673 538 2758 595 sui
2786 535 3020 604 viduam,
3055 540 3139 594 cui
3196 540 3382 594 cadent

1801 633 1998 688 vicinia
2030 641 2458 710 coguatuslerat,
2508 645 2680 700 neque
2721 639 3006 700 cognatam
3039 627 3222 685 uxoris
3250 644 3382 695 suae,

1803 740 1962 795 quam
1981 734 2137 778 antea
2159 723 2423 777 habuerat
2443 723 2577 792 ipse,
2599 736 2773 792 neque
2796 721 3181 792 susceptricem
3205 735 3379 785 suam,

1804 831 1979 888 neque
2031 823 2404 870 consecratam
2466 813 2754 878 vestalem,
2817 827 2993 880 neque
3047 809 3384 880 repudiatam

1805 910 2000 980 aliquis
2051 908 2389 964 Christianus
2437 923 2675 978 unquam
2727 924 2947 962 uxorem
2989 907 3171 970 ducat,
3211 918 3389 972 neque

1807 1000 2041 1068 aliquam
2076 999 2418 1052 meretricem
2449 1014 2684 1066 unquam
2714 1005 2973 1061 sectetur,
2999 1010 3173 1064 neque
3204 993 3388 1064 plures

1808 1105 1910 1143 uua
1952 1103 2119 1142 uxore
2171 1089 2385 1152 habeat,
2427 1097 2481 1142 et
2521 1103 2583 1140 ea
2616 1086 2686 1140 sit
2717 1087 2954 1155 legitime
3003 1092 3168 1153 nupta
3227 1097 3386 1145 uxor,

1807 1181 1902 1234 sed
1934 1179 2139 1233 habitet
2177 1194 2298 1232 cum
2334 1177 2421 1230 illa
2454 1176 2590 1236 sola,
2633 1175 2869 1244 quatuliu
2904 1174 3019 1244 ipsa
3051 1172 3265 1226 vixerit.
3313 1169 3389 1222 Ita

1807 1285 2024 1339 semper
2060 1267 2285 1340 (facere)
2339 1267 2499 1321 debet
2529 1265 2620 1334 qui
2677 1264 2767 1318 Dei
2809 1264 2953 1333 leges
2997 1261 3145 1330 j‘uste
3174 1273 3387 1320 curare,

1807 1372 1860 1416 et
1892 1362 1959 1416 ab
2015 1359 2212 1416 inferni
2268 1358 2514 1414 incendio
2543 1357 2777 1412 auitnam
2808 1370 2961 1410 suam
2996 1352 3270 1408 custodire
3303 1365 3390 1400 ve-

1809 1453 1895 1508 Iit.
2387 1435 2391 1444 ’

2205 1539 2334 1594 VIII.
2375 1539 2454 1593 De
2480 1539 2693 1592 decimis
2723 1537 3020 1590 reddendis.

1882 1629 1947 1686 Et
1973 1631 2352 1701 persolvantur
2385 1630 2478 1684 Dei
2505 1629 2624 1699 jura
2652 1627 2844 1698 quovis
2896 1641 3039 1678 anno
3081 1624 3236 1689 juste
3270 1621 3392 1674 dili-

1816 1734 2024 1793 genter,
2055 1724 2157 1778 hoc
2182 1732 2264 1778 est
2313 1722 2573 1776 arationis
2603 1721 2938 1790 eleemosyna
2968 1717 3176 1772 decimo
3205 1715 3398 1784 quinte

1743 1803 1786 1862 Β
1815 1816 1902 1872 die
1931 1831 1962 1870 a
2010 1815 2298 1879 Paschate,
2323 1822 2396 1869 et,
2425 1814 2628 1868 fetuum
2672 1812 2895 1866 decimae
2923 1810 2987 1864 ad
3016 1809 3392 1870 Pentecosteu,

1812 1917 1868 1964 et
1892 1917 2050 1964 terra:
2078 1906 2428 1978 primitiae-ad
2457 1906 2651 1960 festum
2681 1903 2934 1959 Omnium
2959 1902 3313 1963 Sanctorum;
3340 1908 3400 1952 et

1813 1999 1857 2053 si
1882 1998 2002 2067 quis
2025 2005 2152 2052 tunc
2173 1997 2412 2052 decimas
2435 1997 2742 2066 persolvere
2767 1993 2920 2059 nolit,
2939 1991 3113 2062 prouti
3136 1990 3392 2052 diximus,

1815 2091 1920 2146 hoc
1942 2099 2024 2144 est
2055 2090 2294 2145 decimas
2319 2089 2456 2156 agri,
2486 2089 2674 2142 eodem
2709 2087 2866 2140 modo
2896 2100 2960 2139 ac
2993 2089 3234 2138 aratrum
3265 2097 3394 2150 pro-

1815 2195 2058 2252 gressum
2105 2180 2264 2244 fecit;
2320 2189 2447 2234 tunc
2475 2177 2798 2233 conveniant
2829 2176 2970 2244 regis
2997 2174 3318 2244 pra-positus
3345 2179 3406 2223 ct-

1817 2272 2076 2341 episcopi,
2104 2280 2158 2326 et
2189 2270 2336 2324 fundi
2380 2269 2628 2324 dominus
2657 2276 2712 2322 et
2737 2267 2980 2322 ecclesia:
3015 2263 3316 2333 presbyter,
3345 2269 3401 2314 et

1817 2370 2034 2417 sumant
2079 2360 2246 2414 invito
2275 2359 2365 2414 illo
2399 2359 2661 2414 decimam
2693 2368 2899 2427 partem
2930 2370 3026 2425 pro
3069 2352 3301 2408 ecclesia
3333 2350 3400 2404 ad

1817 2470 1978 2524 quam
2011 2453 2265 2522 pertinet,
2315 2462 2370 2508 et
2417 2453 2690 2522 assignent
2718 2450 2766 2505 ei
2812 2464 3008 2504 nonam
3051 2456 3295 2516 partem;
3349 2455 3412 2499 er

1819 2537 2094 2602 dividatur
2121 2554 2311 2600 octava
2340 2558 2467 2613 pars
2512 2543 2564 2596 in
2605 2541 2730 2607 duo,
2758 2549 2812 2595 ct
2842 2540 3020 2609 capiat
3045 2548 3203 2592 terra:
3231 2535 3404 2591 domi-

1821 2653 1922 2692 nus
1951 2637 2333 2703 dimidiumret
2357 2635 2636 2692 dimidium
2665 2635 2970 2704 episcopus,
2999 2633 3115 2688 sive
3139 2629 3212 2686 sit
3233 2629 3407 2700 regis,

1821 2732 1935 2787 sive
1965 2731 2115 2785 thani
2149 2732 2418 2785 minister.
2500 2765 2502 2768 -

2236 2821 2328 2875 IX.
2371 2821 2448 2875 De
2486 2836 2698 2874 nummo
2733 2818 2989 2872 Romano.
3245 2868 3259 2879 ,

1893 2913 1961 2967 Ει
1988 2912 2242 2967 denarius
2267 2911 2414 2965 Petri
2455 2910 2520 2964 ad
2548 2908 2741 2962 festum
2775 2906 2920 2960 Petri
2952 2903 3234 2976 (solvatur)
3266 2909 3322 2955 et
3348 2901 3406 2956 si-

1822 3006 1946 3075 quis
1973 3021 2094 3060 eum
2127 3019 2296 3074 usque
2333 3010 2455 3072 post
2483 3001 2629 3055 illum
2661 3001 2801 3054 diem
2839 2997 3145 3060 retinuerit,
3170 2994 3261 3048 det
3288 2993 3406 3060 θρὶ-

1828 3110 1991 3162 scopo
2019 3093 2166 3147 illmn
2197 3092 2500 3158 denarium,
2537 3099 2593 3145 et
2626 3089 2790 3145 addat
2817 3103 2925 3140 xxx
2952 3095 3007 3142 et
3053 3085 3162 3156 regi
3191 3090 3406 3138 centum

1828 3186 2016 3256 viginti
2045 3184 2273 3239 solidos.

2243 3275 2310 3330 Χ.
2353 3274 2428 3330 De
2457 3275 2704 3344 primitiis
2733 3272 3011 3329 seminum.

1827 3415 1832 3419 μ
1903 3373 1967 3426 Et
1992 3372 2260 3426 seminum
2283 3368 2537 3439 primitiae
2565 3367 2630 3421 ad
2653 3365 2864 3420 Martini
2899 3364 3110 3424 festum,
3140 3371 3194 3415 et
3219 3359 3263 3414 si
3288 3357 3411 3427 quis

1830 3476 2095 3531 casusque
2125 3469 2245 3530 post
2268 3459 2413 3512 illum
2445 3458 2589 3513 diem
2627 3447 2931 3516 retinuerit,
2963 3455 3052 3507 det
3080 3465 3174 3506 eas
3199 3449 3410 3518 episco-

1830 3570 1918 3626 po,
1946 3561 2002 3608 et
2029 3559 2340 3622 compenset
2367 3548 2624 3604 undecies
2655 3555 2708 3602 et
2739 3545 2849 3616 regi
2878 3561 2984 3599 cxx
3014 3541 3234 3597 solidos.

1900 3643 1991 3698 XI.
2033 3642 2108 3697 De
2134 3641 2348 3697 decimis
2377 3639 2445 3693 ad
2472 3637 2742 3696 ecclesiam
2771 3634 2917 3688 thani
2943 3630 3337 3702 pertinentibus.

1825 3737 1828 3742 ’
1903 3733 1960 3788 Si
2011 3733 2133 3802 quis
2187 3739 2316 3786 tunc
2343 3730 2541 3784 thanu's
2571 3726 2660 3790 sit,
2708 3723 2902 3793 quiin
2948 3721 3286 3791 possessione
3312 3733 3411 3771 sua

1831 3826 2117 3883 ecclesiam
2161 3823 2380 3886 habeat,
2429 3822 2482 3876 in
2523 3836 2628 3889 qua
2676 3818 2746 3872 sit
2795 3814 3193 3876 cmmeterium,
3236 3810 3415 3865 tradat

1832 3928 1962 3974 tunc
1980 3917 2192 3973 tertiam
2215 3924 2422 3987 partem
2450 3911 2792 3982 propriarum
2814 3906 3144 3961 decimarum
3171 3900 3417 3957 ecclesias

1833 4024 1963 4065 suae.
2015 4007 2081 4062 Et
2112 4007 2155 4062 si
2208 4007 2328 4075 quis
2376 4002 2660 4057 ecclesiam
2700 3997 2893 4053 habeat
2922 3997 2974 4050 in
3026 4007 3132 4064 qua
3175 4008 3281 4046 nou
3331 3997 3418 4045 est

1834 4099 2225 4162 coemeterium,
2273 4098 2362 4152 det
2391 4111 2457 4150 ex
2490 4110 2544 4148 ix
2597 4089 2844 4162 partibus
2873 4085 3190 4158 presbytero
3235 4097 3334 4136 suo
3363 4079 3417 4133 id

1835 4195 1977 4263 quod
2027 4192 2188 4247 velit.
2237 4199 2294 4244 et
2345 4187 2572 4258 quilibet
2619 4181 2862 4238 ecclesia:
2917 4193 3112 4232 census
3161 4171 3429 4242 primario

1839 4285 2082 4340 tradatur
2111 4281 2308 4351 templo
2333 4295 2399 4334 ex
2429 4275 2679 4332 omnibus
2707 4275 3060 4342 ingenuorum
3091 4266 3247 4322 focis.

2185 4373 2297 4428 XII.
2344 4371 2422 4425 De
2446 4369 2666 4440 pecunia
2704 4383 2798 4435 pro
2829 4363 3076 4417 lucernis.

1913 4467 1980 4521 Et
2033 4477 2285 4521 nummus
2329 4457 2632 4515 candelaris
2680 4463 2762 4509 ter
2813 4450 3106 4523 quotannis
3139 4444 3426 4518 (solvatur)

1845 4561 2019 4630 primo
2067 4554 2247 4625 vigilia
2283 4550 2585 4614 Paschalis,
2635 4561 2763 4603 cera
2813 4543 3010 4598 valoris
3042 4539 3246 4597 dimidii
3279 4536 3426 4593 oboli

1844 4665 1940 4721 pro
1982 4646 2220 4717 qualibet
2243 4644 2408 4716 hyda,
2439 4648 2494 4697 et
2519 4640 2714 4695 deinde
2743 4637 2809 4692 ad
2838 4635 3077 4690 omnium
3111 4642 3427 4688 sanctorum

1845 4742 2044 4798 festum
2078 4747 2155 4792 tot
2183 4737 2369 4805 etiam,
2399 4743 2454 4791 et
2481 4742 2666 4805 postea
2695 4730 2761 4785 ad
2791 4727 3234 4783 Purilicationem
3257 4723 3430 4777 beata:

1846 4833 2027 4886 Maria:
2055 4829 2324 4885 similiter.

1847 4941 1983 4997 XIII.
2026 4941 2100 4995 De
2126 4939 2344 5009 pecunia
2367 4952 2486 5006 qum
2508 4934 2702 5056 diritgr
2726 4930 3015 5003 symbolum
3042 4929 3254 4994 anima,
3284 4935 3332 4980 et
3367 4925 3431 4979 de

2498 5021 2623 5056 δευυ
2672 5020 2788 5056 ura.

2498 5020 2788 5075 sepuuura.

1921 5107 1987 5160 Et
2015 5103 2383 5175 aequissimum
2414 5107 2499 5154 est
2535 5108 2594 5152 ut
2621 5095 2846 5166 pecunia
2876 5090 3195 5162 sepulcralis
3220 5102 3433 5157 semper

1851 5205 2092 5261 solvatur
2132 5204 2487 5271 adapertum
2527 5194 2855 5264 sepulcrum,
2892 5202 2948 5246 et
2983 5191 3028 5245 si
3059 5191 3178 5259 quis
3215 5187 3434 5255 aliquod

1852 5311 2047 5368 corpus
2088 5309 2155 5348 ex
2201 5307 2296 5344 sua
2347 5287 2602 5360 parochia
2650 5284 2775 5338 alibi
2826 5284 3148 5344 lmmaverit,
3193 5278 3433 5332 solvatur:

1854 5387 2202 5443 nihilominus
2228 5370 2452 5455 pectmia
2482 5376 2795 5451 sepulcralis
2816 5375 2891 5431 illi
2915 5373 3158 5430 ecclesia:
3177 5372 3242 5424 ad
3269 5385 3431 5440 quant

1854 5480 1985 5537 illud
2013 5479 2268 5550 pertinet.

1861 5571 2001 5630 XIV.
2040 5571 2117 5626 De
2140 5569 2237 5624 Dei
2254 5566 2491 5640 juribus,
2522 5564 2687 5634 festis,
2723 5573 2770 5618 et
2796 5560 3018 5631 jejuniis
3046 5553 3429 5612 conservandis.

1927 5672 1996 5727 Et
2025 5669 2206 5726 omnia
2249 5666 2344 5721 Dei
2368 5665 2491 5734 jura
2522 5667 2920 5731 praeserveutur
2946 5655 3229 5724 diligenter
3255 5646 3434 5720 prouti

1859 5763 2229 5824 necessarium
2265 5768 2386 5825 est;
2411 5756 2547 5813 festa
2580 5763 2631 5811 ct
2651 5750 2850 5822 jejunia
2884 5747 3063 5805 debito
3107 5742 3264 5800 modo
3294 5738 3435 5794 cele-
