  <div class='ocr_page' id='page_1' title='image "/cluster/home/n/w/nwhite01/storage/ocr_20150623/151/hvd.32044015473796/593.png"; bbox 0 0 3838 6322; ppageno 0'>
   <div class='ocr_carea' id='block_1_1' title="bbox 563 279 700 333">
    <p class='ocr_par' dir='ltr' id='par_1_1' title="bbox 563 279 700 333">
     <span class='ocr_line' id='line_1_1' title="bbox 563 279 700 333; baseline -0.007 0"><span class='ocrx_word' id='word_1_1' title='bbox 563 279 700 333; x_wconf 75' lang='lat' dir='ltr'><strong>H75</strong></span> 
     </span>
    </p>
   </div>
   <div class='ocr_carea' id='block_1_2' title="bbox 1911 277 2479 359">
    <p class='ocr_par' dir='ltr' id='par_1_2' title="bbox 1911 277 2479 359">
     <span class='ocr_line' id='line_1_2' title="bbox 1911 277 2479 359; baseline -0.002 -22"><span class='ocrx_word' id='word_1_2' title='bbox 1911 277 2177 337; x_wconf 61' lang='lat' dir='ltr'><strong>nomen.</strong></span> <span class='ocrx_word' id='word_1_3' title='bbox 2211 279 2479 359; x_wconf 62' lang='lat' dir='ltr'><strong>menon,</strong></span> 
     </span>
    </p>
   </div>
   <div class='ocr_carea' id='block_1_3' title="bbox 3583 303 3666 366">
    <p class='ocr_par' dir='ltr' id='par_1_3' title="bbox 3583 303 3666 366">
     <span class='ocr_line' id='line_1_3' title="bbox 3583 303 3666 366; baseline -0.012 -6"><span class='ocrx_word' id='word_1_4' title='bbox 3583 303 3666 366; x_wconf 76' lang='lat' dir='ltr'><strong>liii</strong></span> 
     </span>
    </p>
   </div>
   <div class='ocr_carea' id='block_1_4' title="bbox 560 388 3668 477">
    <p class='ocr_par' dir='ltr' id='par_1_4' title="bbox 560 388 3668 477">
     <span class='ocr_line' id='line_1_4' title="bbox 560 388 3668 477; baseline 0.011 -36"><span class='ocrx_word' id='word_1_5' title='bbox 560 390 816 456; x_wconf 80' lang='lat' dir='ltr'><strong>hrcnlur;</strong></span> <span class='ocrx_word' id='word_1_6' title='bbox 845 397 900 446; x_wconf 91' lang='lat' dir='ltr'><strong>et</strong></span> <span class='ocrx_word' id='word_1_7' title='bbox 926 389 1018 445; x_wconf 90' lang='lat' dir='ltr'><strong>llat</strong></span> <span class='ocrx_word' id='word_1_8' title='bbox 1046 388 1293 460; x_wconf 91' lang='lat' dir='ltr'><strong>quolibet</strong></span> <span class='ocrx_word' id='word_1_9' title='bbox 1320 389 1408 446; x_wconf 88' lang='lat' dir='ltr'><strong>die</strong></span> <span class='ocrx_word' id='word_1_10' title='bbox 1441 391 1726 462; x_wconf 89' lang='lat' dir='ltr'><strong>Dominico</strong></span> <span class='ocrx_word' id='word_1_11' title='bbox 1753 392 1873 455; x_wconf 84' lang='lat' dir='ltr'><strong>l’esti</strong></span> <span class='ocrx_word' id='word_1_12' title='bbox 1907 395 2150 462; x_wconf 87' lang='lat' dir='ltr'><strong>celebra-</strong></span> <span class='ocrx_word' id='word_1_13' title='bbox 2177 399 2222 462; x_wconf 74' lang='grc' dir='ltr'>Α</span> <span class='ocrx_word' id='word_1_14' title='bbox 2255 401 2357 472; x_wconf 79' lang='lat' dir='ltr'><strong>hoc</strong></span> <span class='ocrx_word' id='word_1_15' title='bbox 2387 410 2470 457; x_wconf 90' lang='lat' dir='ltr'><strong>est</strong></span> <span class='ocrx_word' id='word_1_16' title='bbox 2495 405 2711 476; x_wconf 86' lang='lat' dir='ltr'><strong>propria</strong></span> <span class='ocrx_word' id='word_1_17' title='bbox 2754 404 2861 464; x_wconf 85' lang='lat' dir='ltr'><strong>vita</strong></span> <span class='ocrx_word' id='word_1_18' title='bbox 2887 419 3049 476; x_wconf 86' lang='lat' dir='ltr'><strong>quam</strong></span> <span class='ocrx_word' id='word_1_19' title='bbox 3074 421 3170 477; x_wconf 88' lang='lat' dir='ltr'><strong>pro</strong></span> <span class='ocrx_word' id='word_1_20' title='bbox 3197 409 3341 465; x_wconf 82' lang='lat' dir='ltr'><strong>nonis</strong></span> <span class='ocrx_word' id='word_1_21' title='bbox 3361 413 3668 473; x_wconf 61' lang='lat' dir='ltr'><strong>omnibustum-</strong></span> 
     </span>
    </p>
   </div>
   <div class='ocr_carea' id='block_1_5' title="bbox 564 481 2140 555">
    <p class='ocr_par' dir='ltr' id='par_1_5' title="bbox 564 481 2140 555">
     <span class='ocr_line' id='line_1_5' title="bbox 564 481 2140 555; baseline 0.004 -20"><span class='ocrx_word' id='word_1_22' title='bbox 564 483 639 536; x_wconf 90' lang='lat' dir='ltr'><strong>tio</strong></span> <span class='ocrx_word' id='word_1_23' title='bbox 667 497 696 535; x_wconf 90' lang='lat' dir='ltr'><strong>a</strong></span> <span class='ocrx_word' id='word_1_24' title='bbox 739 482 824 538; x_wconf 83' lang='lat' dir='ltr'><strong>die</strong></span> <span class='ocrx_word' id='word_1_25' title='bbox 856 481 1079 539; x_wconf 77' lang='lat' dir='ltr'><strong>Saturni</strong></span> <span class='ocrx_word' id='word_1_26' title='bbox 1110 482 1242 538; x_wconf 87' lang='lat' dir='ltr'><strong>hora</strong></span> <span class='ocrx_word' id='word_1_27' title='bbox 1291 483 1682 555; x_wconf 86' lang='lat' dir='ltr'><strong>pomeridiaua,</strong></span> <span class='ocrx_word' id='word_1_28' title='bbox 1713 497 1882 554; x_wconf 89' lang='lat' dir='ltr'><strong>usque</strong></span> <span class='ocrx_word' id='word_1_29' title='bbox 1923 487 1989 543; x_wconf 86' lang='lat' dir='ltr'><strong>ad</strong></span> <span class='ocrx_word' id='word_1_30' title='bbox 2034 487 2140 543; x_wconf 88' lang='lat' dir='ltr'><strong>diei</strong></span> 
     </span>
    </p>
   </div>
   <div class='ocr_carea' id='block_1_6' title="bbox 558 569 2138 654">
    <p class='ocr_par' dir='ltr' id='par_1_6' title="bbox 558 569 2138 654">
     <span class='ocr_line' id='line_1_6' title="bbox 558 569 2138 654; baseline 0.004 -29"><span class='ocrx_word' id='word_1_31' title='bbox 558 569 725 625; x_wconf 82' lang='lat' dir='ltr'><strong>Lunae</strong></span> <span class='ocrx_word' id='word_1_32' title='bbox 752 587 1026 639; x_wconf 88' lang='lat' dir='ltr'><strong>auroram,</strong></span> <span class='ocrx_word' id='word_1_33' title='bbox 1072 581 1127 628; x_wconf 91' lang='lat' dir='ltr'><strong>et</strong></span> <span class='ocrx_word' id='word_1_34' title='bbox 1149 571 1376 644; x_wconf 88' lang='lat' dir='ltr'><strong>quilibet</strong></span> <span class='ocrx_word' id='word_1_35' title='bbox 1419 573 1559 630; x_wconf 90' lang='lat' dir='ltr'><strong>alius</strong></span> <span class='ocrx_word' id='word_1_36' title='bbox 1597 574 1716 650; x_wconf 7' lang='lat' dir='ltr'><strong>dies}</strong></span> <span class='ocrx_word' id='word_1_37' title='bbox 1741 574 1929 646; x_wconf 86' lang='lat' dir='ltr'><strong>festus,</strong></span> <span class='ocrx_word' id='word_1_38' title='bbox 1961 576 2138 654; x_wconf 75' lang='lat' dir='ltr'><strong>prouti</strong></span> 
     </span>
    </p>
   </div>
   <div class='ocr_carea' id='block_1_7' title="bbox 559 658 1017 718">
    <p class='ocr_par' dir='ltr' id='par_1_7' title="bbox 559 658 1017 718">
     <span class='ocr_line' id='line_1_7' title="bbox 559 658 1017 718; baseline 0.002 -3"><span class='ocrx_word' id='word_1_39' title='bbox 559 658 798 718; x_wconf 88' lang='lat' dir='ltr'><strong>indictus</strong></span> <span class='ocrx_word' id='word_1_40' title='bbox 832 659 1017 718; x_wconf 82' lang='lat' dir='ltr'><strong>fuerit.</strong></span> 
     </span>
    </p>
   </div>
   <div class='ocr_carea' id='block_1_8' title="bbox 690 753 1880 830">
    <p class='ocr_par' dir='ltr' id='par_1_8' title="bbox 690 753 1880 830">
     <span class='ocr_line' id='line_1_8' title="bbox 690 753 1880 830; baseline 0.001 -19"><span class='ocrx_word' id='word_1_41' title='bbox 690 817 695 826; x_wconf 50' lang='grc'><em>,</em></span> <span class='ocrx_word' id='word_1_42' title='bbox 1013 753 1132 811; x_wconf 81' lang='lat' dir='ltr'><strong>XV.</strong></span> <span class='ocrx_word' id='word_1_43' title='bbox 1171 754 1249 810; x_wconf 89' lang='lat' dir='ltr'><strong>De</strong></span> <span class='ocrx_word' id='word_1_44' title='bbox 1278 756 1363 812; x_wconf 81' lang='lat' dir='ltr'><strong>die</strong></span> <span class='ocrx_word' id='word_1_45' title='bbox 1388 755 1686 812; x_wconf 86' lang='lat' dir='ltr'><strong>Dominico.</strong></span> <span class='ocrx_word' id='word_1_46' title='bbox 1877 827 1880 830; x_wconf 18' lang='grc' dir='ltr'>ν</span> 
     </span>
    </p>
   </div>
   <div class='ocr_carea' id='block_1_9' title="bbox 628 841 2138 920">
    <p class='ocr_par' dir='ltr' id='par_1_9' title="bbox 628 841 2138 920">
     <span class='ocr_line' id='line_1_9' title="bbox 628 841 2138 920; baseline 0.005 -21"><span class='ocrx_word' id='word_1_47' title='bbox 628 841 692 899; x_wconf 82' lang='lat' dir='ltr'><strong>Et</strong></span> <span class='ocrx_word' id='word_1_48' title='bbox 729 843 816 900; x_wconf 90' lang='lat' dir='ltr'><strong>die</strong></span> <span class='ocrx_word' id='word_1_49' title='bbox 841 842 986 901; x_wconf 89' lang='lat' dir='ltr'><strong>Solis</strong></span> <span class='ocrx_word' id='word_1_50' title='bbox 1014 855 1380 902; x_wconf 80' lang='lat' dir='ltr'><strong>mercaturam</strong></span> <span class='ocrx_word' id='word_1_51' title='bbox 1409 848 1571 902; x_wconf 90' lang='lat' dir='ltr'><strong>etiam</strong></span> <span class='ocrx_word' id='word_1_52' title='bbox 1621 847 1964 918; x_wconf 84' lang='lat' dir='ltr'><strong>severissime</strong></span> <span class='ocrx_word' id='word_1_53' title='bbox 2013 864 2138 920; x_wconf 76' lang='lat' dir='ltr'><strong>pro-</strong></span> 
     </span>
    </p>
   </div>
   <div class='ocr_carea' id='block_1_10' title="bbox 543 883 2138 1013">
    <p class='ocr_par' dir='ltr' id='par_1_10' title="bbox 543 883 2138 1013">
     <span class='ocr_line' id='line_1_10' title="bbox 628 883 2138 920; baseline 0.005 -22"><span class='ocrx_word' id='word_1_54' title='bbox 628 883 692 899; x_wconf 71' lang='lat'><strong>...</strong></span> <span class='ocrx_word' id='word_1_55' title='bbox 729 883 814 900; x_wconf 73' lang='grc' dir='ltr'><strong>...υ</strong></span> <span class='ocrx_word' id='word_1_56' title='bbox 841 883 986 901; x_wconf 67' lang='grc' dir='ltr'><strong>υνυς.</strong></span> <span class='ocrx_word' id='word_1_57' title='bbox 1014 883 1380 902; x_wconf 49' lang='lat' dir='ltr'><strong>“summa...</strong></span> <span class='ocrx_word' id='word_1_58' title='bbox 1409 883 1571 902; x_wconf 71' lang='grc' dir='ltr'><strong>υιια...</strong></span> <span class='ocrx_word' id='word_1_59' title='bbox 1621 883 1964 918; x_wconf 26' lang='grc' dir='ltr'><strong>οωωωςηιιησ</strong></span> <span class='ocrx_word' id='word_1_60' title='bbox 2015 883 2138 920; x_wconf 67' lang='lat' dir='ltr'><strong>pw-</strong></span> 
     </span>
     <span class='ocr_line' id='line_1_11' title="bbox 543 883 2138 1013; baseline 0.006 -27"><span class='ocrx_word' id='word_1_61' title='bbox 543 883 825 1010; x_wconf 50' lang='lat' dir='ltr'><strong>lnibemus,</strong></span> <span class='ocrx_word' id='word_1_62' title='bbox 886 943 941 989; x_wconf 92' lang='lat' dir='ltr'><strong>et</strong></span> <span class='ocrx_word' id='word_1_63' title='bbox 983 949 1196 990; x_wconf 91' lang='lat' dir='ltr'><strong>omnem</strong></span> <span class='ocrx_word' id='word_1_64' title='bbox 1253 946 1580 1013; x_wconf 84' lang='lat' dir='ltr'><strong>conventum</strong></span> <span class='ocrx_word' id='word_1_65' title='bbox 1642 937 1850 1009; x_wconf 80' lang='lat' dir='ltr'><strong>populi,</strong></span> <span class='ocrx_word' id='word_1_66' title='bbox 1894 939 1996 993; x_wconf 83' lang='lat' dir='ltr'><strong>nisi</strong></span> <span class='ocrx_word' id='word_1_67' title='bbox 2039 955 2138 1010; x_wconf 84' lang='lat' dir='ltr'><strong>pro</strong></span> 
     </span>
    </p>
   </div>
   <div class='ocr_carea' id='block_1_11' title="bbox 553 1023 2138 1098">
    <p class='ocr_par' dir='ltr' id='par_1_11' title="bbox 553 1023 2138 1098">
     <span class='ocr_line' id='line_1_12' title="bbox 553 1023 2138 1098; baseline 0.006 -23"><span class='ocrx_word' id='word_1_68' title='bbox 553 1023 792 1097; x_wconf 78' lang='lat' dir='ltr'><strong>maxima</strong></span> <span class='ocrx_word' id='word_1_69' title='bbox 825 1025 1148 1084; x_wconf 89' lang='lat' dir='ltr'><strong>necessitate</strong></span> <span class='ocrx_word' id='word_1_70' title='bbox 1173 1026 1263 1091; x_wconf 92' lang='lat' dir='ltr'><strong>sit,</strong></span> <span class='ocrx_word' id='word_1_71' title='bbox 1292 1037 1347 1082; x_wconf 91' lang='lat' dir='ltr'><strong>et</strong></span> <span class='ocrx_word' id='word_1_72' title='bbox 1377 1026 1741 1093; x_wconf 89' lang='lat' dir='ltr'><strong>venationem,</strong></span> <span class='ocrx_word' id='word_1_73' title='bbox 1787 1037 1842 1082; x_wconf 93' lang='lat' dir='ltr'><strong>et</strong></span> <span class='ocrx_word' id='word_1_74' title='bbox 1869 1027 1936 1082; x_wconf 88' lang='lat' dir='ltr'><strong>ab</strong></span> <span class='ocrx_word' id='word_1_75' title='bbox 1963 1029 2138 1098; x_wconf 49' lang='lat' dir='ltr'><strong>omnie</strong></span> 
     </span>
    </p>
   </div>
   <div class='ocr_carea' id='block_1_12' title="bbox 549 1113 2137 1193">
    <p class='ocr_par' dir='ltr' id='par_1_12' title="bbox 549 1113 2137 1193">
     <span class='ocr_line' id='line_1_13' title="bbox 549 1113 2137 1193; baseline 0.005 -25"><span class='ocrx_word' id='word_1_76' title='bbox 549 1113 652 1169; x_wconf 71' lang='lat' dir='ltr'><strong>llus</strong></span> <span class='ocrx_word' id='word_1_77' title='bbox 695 1115 982 1171; x_wconf 74' lang='lat' dir='ltr'><strong>mundanis</strong></span> <span class='ocrx_word' id='word_1_78' title='bbox 1025 1118 1280 1188; x_wconf 78' lang='lat' dir='ltr'><strong>operibus</strong></span> <span class='ocrx_word' id='word_1_79' title='bbox 1333 1119 1388 1193; x_wconf 85' lang='lat' dir='ltr'><strong>in</strong></span> <span class='ocrx_word' id='word_1_80' title='bbox 1436 1118 1538 1187; x_wconf 85' lang='lat' dir='ltr'><strong>hoc</strong></span> <span class='ocrx_word' id='word_1_81' title='bbox 1567 1129 1762 1190; x_wconf 73' lang='lat' dir='ltr'><strong>sanctq</strong></span> <span class='ocrx_word' id='word_1_82' title='bbox 1803 1120 1891 1178; x_wconf 87' lang='lat' dir='ltr'><strong>die</strong></span> <span class='ocrx_word' id='word_1_83' title='bbox 1947 1120 2137 1188; x_wconf 81' lang='lat' dir='ltr'><strong>sedulo</strong></span> 
     </span>
    </p>
   </div>
   <div class='ocr_carea' id='block_1_13' title="bbox 552 1207 1012 1265">
    <p class='ocr_par' dir='ltr' id='par_1_13' title="bbox 552 1207 1012 1265">
     <span class='ocr_line' id='line_1_14' title="bbox 552 1207 1012 1265; baseline 0.004 -5"><span class='ocrx_word' id='word_1_84' title='bbox 552 1207 874 1262; x_wconf 89' lang='lat' dir='ltr'><strong>cessandum</strong></span> <span class='ocrx_word' id='word_1_85' title='bbox 907 1216 1012 1265; x_wconf 90' lang='lat' dir='ltr'><strong>est.</strong></span> 
     </span>
    </p>
   </div>
   <div class='ocr_carea' id='block_1_14' title="bbox 1083 1319 1597 1392">
    <p class='ocr_par' dir='ltr' id='par_1_14' title="bbox 1083 1319 1597 1392">
     <span class='ocr_line' id='line_1_15' title="bbox 1083 1319 1597 1392; baseline 0 -17"><span class='ocrx_word' id='word_1_86' title='bbox 1083 1319 1216 1388; x_wconf 76' lang='lat' dir='ltr'><strong>XVI.</strong></span> <span class='ocrx_word' id='word_1_87' title='bbox 1262 1319 1338 1375; x_wconf 87' lang='lat' dir='ltr'><strong>De</strong></span> <span class='ocrx_word' id='word_1_88' title='bbox 1353 1321 1597 1392; x_wconf 78' lang='lat' dir='ltr'><strong>jejuniis.</strong></span> 
     </span>
    </p>
   </div>
   <div class='ocr_carea' id='block_1_15' title="bbox 624 1406 2133 1482">
    <p class='ocr_par' dir='ltr' id='par_1_15' title="bbox 624 1406 2133 1482">
     <span class='ocr_line' id='line_1_16' title="bbox 624 1406 2133 1482; baseline 0.007 -23"><span class='ocrx_word' id='word_1_89' title='bbox 624 1406 690 1460; x_wconf 84' lang='lat' dir='ltr'><strong>Et</strong></span> <span class='ocrx_word' id='word_1_90' title='bbox 730 1417 789 1462; x_wconf 90' lang='lat' dir='ltr'><strong>ut</strong></span> <span class='ocrx_word' id='word_1_91' title='bbox 840 1408 1119 1480; x_wconf 85' lang='lat' dir='ltr'><strong>quodlibet</strong></span> <span class='ocrx_word' id='word_1_92' title='bbox 1164 1410 1462 1481; x_wconf 82' lang='lat' dir='ltr'><strong>injunctum</strong></span> <span class='ocrx_word' id='word_1_93' title='bbox 1513 1410 1777 1482; x_wconf 83' lang='lat' dir='ltr'><strong>jejunium</strong></span> <span class='ocrx_word' id='word_1_94' title='bbox 1824 1426 1948 1470; x_wconf 92' lang='lat' dir='ltr'><strong>cum</strong></span> <span class='ocrx_word' id='word_1_95' title='bbox 1984 1427 2133 1474; x_wconf 75' lang='lat' dir='ltr'><strong>omni</strong></span> 
     </span>
    </p>
   </div>
   <div class='ocr_carea' id='block_1_16' title="bbox 547 1496 2135 1577">
    <p class='ocr_par' dir='ltr' id='par_1_16' title="bbox 547 1496 2135 1577">
     <span class='ocr_line' id='line_1_17' title="bbox 547 1496 2135 1577; baseline 0.009 -29"><span class='ocrx_word' id='word_1_96' title='bbox 547 1496 826 1568; x_wconf 77' lang='lat' dir='ltr'><strong>diligentia</strong></span> <span class='ocrx_word' id='word_1_97' title='bbox 887 1501 1231 1570; x_wconf 73' lang='lat' dir='ltr'><strong>observetur,</strong></span> <span class='ocrx_word' id='word_1_98' title='bbox 1294 1503 1408 1570; x_wconf 83' lang='lat' dir='ltr'><strong>sive</strong></span> <span class='ocrx_word' id='word_1_99' title='bbox 1460 1504 1532 1558; x_wconf 89' lang='lat' dir='ltr'><strong>sit</strong></span> <span class='ocrx_word' id='word_1_100' title='bbox 1579 1503 1843 1577; x_wconf 85' lang='lat' dir='ltr'><strong>jejunium</strong></span> <span class='ocrx_word' id='word_1_101' title='bbox 1889 1505 2135 1572; x_wconf 82' lang='lat' dir='ltr'><strong>Quatuor</strong></span> 
     </span>
    </p>
   </div>
   <div class='ocr_carea' id='block_1_17' title="bbox 547 1585 2134 1666">
    <p class='ocr_par' dir='ltr' id='par_1_17' title="bbox 547 1585 2134 1666">
     <span class='ocr_line' id='line_1_18' title="bbox 547 1585 2134 1666; baseline 0.009 -26"><span class='ocrx_word' id='word_1_102' title='bbox 547 1585 897 1657; x_wconf 89' lang='lat' dir='ltr'><strong>Temporum,</strong></span> <span class='ocrx_word' id='word_1_103' title='bbox 941 1592 1054 1650; x_wconf 84' lang='lat' dir='ltr'><strong>sive</strong></span> <span class='ocrx_word' id='word_1_104' title='bbox 1085 1593 1153 1647; x_wconf 87' lang='lat' dir='ltr'><strong>sit</strong></span> <span class='ocrx_word' id='word_1_105' title='bbox 1175 1592 1441 1662; x_wconf 81' lang='lat' dir='ltr'><strong>jejunium</strong></span> <span class='ocrx_word' id='word_1_106' title='bbox 1491 1594 1988 1666; x_wconf 79' lang='lat' dir='ltr'><strong>Quadragesimale,</strong></span> <span class='ocrx_word' id='word_1_107' title='bbox 2019 1599 2134 1654; x_wconf 88' lang='lat' dir='ltr'><strong>sive</strong></span> 
     </span>
    </p>
   </div>
   <div class='ocr_carea' id='block_1_18' title="bbox 545 1679 2126 1758">
    <p class='ocr_par' dir='ltr' id='par_1_18' title="bbox 545 1679 2126 1758">
     <span class='ocr_line' id='line_1_19' title="bbox 545 1679 2126 1758; baseline 0.007 -25"><span class='ocrx_word' id='word_1_108' title='bbox 545 1679 616 1734; x_wconf 91' lang='lat' dir='ltr'><strong>sit</strong></span> <span class='ocrx_word' id='word_1_109' title='bbox 641 1681 782 1737; x_wconf 86' lang='lat' dir='ltr'><strong>aliud</strong></span> <span class='ocrx_word' id='word_1_110' title='bbox 827 1685 1186 1756; x_wconf 81' lang='lat' dir='ltr'><strong>quodcunque</strong></span> <span class='ocrx_word' id='word_1_111' title='bbox 1225 1685 1510 1757; x_wconf 80' lang='lat' dir='ltr'><strong>jejunium,</strong></span> <span class='ocrx_word' id='word_1_112' title='bbox 1539 1697 1596 1743; x_wconf 89' lang='lat' dir='ltr'><strong>et</strong></span> <span class='ocrx_word' id='word_1_113' title='bbox 1624 1688 1865 1758; x_wconf 87' lang='lat' dir='ltr'><strong>quolibet</strong></span> <span class='ocrx_word' id='word_1_114' title='bbox 1892 1689 2033 1747; x_wconf 77' lang='lat' dir='ltr'><strong>festo</strong></span> <span class='ocrx_word' id='word_1_115' title='bbox 2067 1690 2126 1745; x_wconf 88' lang='lat' dir='ltr'><strong>B.</strong></span> 
     </span>
    </p>
   </div>
   <div class='ocr_carea' id='block_1_19' title="bbox 544 1745 2208 1852">
    <p class='ocr_par' dir='ltr' id='par_1_19' title="bbox 544 1745 2208 1852">
     <span class='ocr_line' id='line_1_20' title="bbox 544 1745 2208 1852; baseline 0.007 -25"><span class='ocrx_word' id='word_1_116' title='bbox 544 1771 748 1848; x_wconf 52' lang='lat' dir='ltr'><strong>alarias,</strong></span> <span class='ocrx_word' id='word_1_117' title='bbox 779 1745 1000 1837; x_wconf 47' lang='lat' dir='ltr'><strong>et-festo</strong></span> <span class='ocrx_word' id='word_1_118' title='bbox 1042 1745 1413 1849; x_wconf 64' lang='lat' dir='ltr'><strong>cujuscunque</strong></span> <span class='ocrx_word' id='word_1_119' title='bbox 1443 1745 1672 1850; x_wconf 73' lang='lat' dir='ltr'><strong>apostoli</strong></span> <span class='ocrx_word' id='word_1_120' title='bbox 1709 1781 2005 1852; x_wconf 89' lang='lat' dir='ltr'><strong>jejnnetur,</strong></span> <span class='ocrx_word' id='word_1_121' title='bbox 2038 1797 2132 1839; x_wconf 81' lang='lat' dir='ltr'><strong>ex-</strong></span> <span class='ocrx_word' id='word_1_122' title='bbox 2165 1745 2208 1814; x_wconf 65' lang='grc' dir='ltr'><strong>Β</strong></span> 
     </span>
    </p>
   </div>
   <div class='ocr_carea' id='block_1_20' title="bbox 542 1863 2130 1946">
    <p class='ocr_par' dir='ltr' id='par_1_20' title="bbox 542 1863 2130 1946">
     <span class='ocr_line' id='line_1_21' title="bbox 542 1863 2130 1946; baseline 0.008 -29"><span class='ocrx_word' id='word_1_123' title='bbox 542 1873 700 1933; x_wconf 83' lang='lat' dir='ltr'><strong>cepto</strong></span> <span class='ocrx_word' id='word_1_124' title='bbox 723 1863 860 1921; x_wconf 79' lang='lat' dir='ltr'><strong>festo</strong></span> <span class='ocrx_word' id='word_1_125' title='bbox 881 1867 1111 1946; x_wconf 85' lang='lat' dir='ltr'><strong>Philippi</strong></span> <span class='ocrx_word' id='word_1_126' title='bbox 1138 1880 1193 1946; x_wconf 88' lang='lat' dir='ltr'><strong>et</strong></span> <span class='ocrx_word' id='word_1_127' title='bbox 1212 1868 1420 1938; x_wconf 82' lang='lat' dir='ltr'><strong>Jacobi,</strong></span> <span class='ocrx_word' id='word_1_128' title='bbox 1455 1870 1630 1942; x_wconf 89' lang='lat' dir='ltr'><strong>(quia)</strong></span> <span class='ocrx_word' id='word_1_129' title='bbox 1657 1887 1766 1936; x_wconf 88' lang='lat' dir='ltr'><strong>non</strong></span> <span class='ocrx_word' id='word_1_130' title='bbox 1797 1871 2130 1946; x_wconf 74' lang='lat' dir='ltr'><strong>iniungimus</strong></span> 
     </span>
    </p>
   </div>
   <div class='ocr_carea' id='block_1_21' title="bbox 542 1945 2128 2036">
    <p class='ocr_par' dir='ltr' id='par_1_21' title="bbox 542 1945 2128 2036">
     <span class='ocr_line' id='line_1_22' title="bbox 542 1945 2128 2036; baseline 0.008 -27"><span class='ocrx_word' id='word_1_131' title='bbox 542 1956 756 2026; x_wconf 83' lang='lat' dir='ltr'><strong>aliquod</strong></span> <span class='ocrx_word' id='word_1_132' title='bbox 777 1945 1039 2028; x_wconf 84' lang='lat' dir='ltr'><strong>jejunium</strong></span> <span class='ocrx_word' id='word_1_133' title='bbox 1069 1945 1196 2016; x_wconf 80' lang='lat' dir='ltr'><strong>ante</strong></span> <span class='ocrx_word' id='word_1_134' title='bbox 1232 1962 1428 2020; x_wconf 81' lang='lat' dir='ltr'><strong>festum</strong></span> <span class='ocrx_word' id='word_1_135' title='bbox 1471 1957 1771 2032; x_wconf 80' lang='lat' dir='ltr'><strong>Paschalis,</strong></span> <span class='ocrx_word' id='word_1_136' title='bbox 1801 1973 1858 2021; x_wconf 90' lang='lat' dir='ltr'><strong>et</strong></span> <span class='ocrx_word' id='word_1_137' title='bbox 1885 1945 2128 2036; x_wconf 86' lang='lat' dir='ltr'><strong>quolibet</strong></span> 
     </span>
    </p>
   </div>
   <div class='ocr_carea' id='block_1_22' title="bbox 539 2047 2130 2124">
    <p class='ocr_par' dir='ltr' id='par_1_22' title="bbox 539 2047 2130 2124">
     <span class='ocr_line' id='line_1_23' title="bbox 539 2047 2130 2124; baseline 0.009 -24"><span class='ocrx_word' id='word_1_138' title='bbox 539 2047 629 2107; x_wconf 84' lang='lat' dir='ltr'><strong>die</strong></span> <span class='ocrx_word' id='word_1_139' title='bbox 677 2048 900 2116; x_wconf 80' lang='lat' dir='ltr'><strong>Veneris</strong></span> <span class='ocrx_word' id='word_1_140' title='bbox 941 2052 1056 2124; x_wconf 87' lang='lat' dir='ltr'><strong>(sit)</strong></span> <span class='ocrx_word' id='word_1_141' title='bbox 1077 2053 1367 2122; x_wconf 83' lang='lat' dir='ltr'><strong>jejunium,</strong></span> <span class='ocrx_word' id='word_1_142' title='bbox 1402 2055 1505 2110; x_wconf 90' lang='lat' dir='ltr'><strong>nisi</strong></span> <span class='ocrx_word' id='word_1_143' title='bbox 1559 2057 1629 2111; x_wconf 88' lang='lat' dir='ltr'><strong>sit</strong></span> <span class='ocrx_word' id='word_1_144' title='bbox 1669 2057 1888 2122; x_wconf 82' lang='lat' dir='ltr'><strong>festum,</strong></span> <span class='ocrx_word' id='word_1_145' title='bbox 1935 2065 1990 2112; x_wconf 94' lang='lat' dir='ltr'><strong>et</strong></span> <span class='ocrx_word' id='word_1_146' title='bbox 2022 2072 2130 2114; x_wconf 90' lang='lat' dir='ltr'><strong>non</strong></span> 
     </span>
    </p>
   </div>
   <div class='ocr_carea' id='block_1_23' title="bbox 543 2141 2128 2216">
    <p class='ocr_par' dir='ltr' id='par_1_23' title="bbox 543 2141 2128 2216">
     <span class='ocr_line' id='line_1_24' title="bbox 543 2141 2128 2216; baseline 0.005 -24"><span class='ocrx_word' id='word_1_147' title='bbox 543 2153 768 2195; x_wconf 78' lang='lat' dir='ltr'><strong>necesse</strong></span> <span class='ocrx_word' id='word_1_148' title='bbox 792 2152 877 2210; x_wconf 88' lang='lat' dir='ltr'><strong>est</strong></span> <span class='ocrx_word' id='word_1_149' title='bbox 901 2141 1150 2212; x_wconf 88' lang='lat' dir='ltr'><strong>jejunare</strong></span> <span class='ocrx_word' id='word_1_150' title='bbox 1190 2159 1220 2198; x_wconf 90' lang='lat' dir='ltr'><strong>a</strong></span> <span class='ocrx_word' id='word_1_151' title='bbox 1260 2142 1527 2213; x_wconf 73' lang='lat' dir='ltr'><strong>Pasehate</strong></span> <span class='ocrx_word' id='word_1_152' title='bbox 1553 2161 1744 2216; x_wconf 80' lang='lat' dir='ltr'><strong>usque</strong></span> <span class='ocrx_word' id='word_1_153' title='bbox 1770 2147 1836 2202; x_wconf 91' lang='lat' dir='ltr'><strong>ad</strong></span> <span class='ocrx_word' id='word_1_154' title='bbox 1863 2146 2128 2214; x_wconf 62' lang='lat' dir='ltr'><strong>Pentccm</strong></span> 
     </span>
    </p>
   </div>
   <div class='ocr_carea' id='block_1_24' title="bbox 539 2229 2129 2306">
    <p class='ocr_par' dir='ltr' id='par_1_24' title="bbox 539 2229 2129 2306">
     <span class='ocr_line' id='line_1_25' title="bbox 539 2229 2129 2306; baseline 0.006 -25"><span class='ocrx_word' id='word_1_155' title='bbox 539 2240 686 2294; x_wconf 78' lang='lat' dir='ltr'><strong>stcn,</strong></span> <span class='ocrx_word' id='word_1_156' title='bbox 718 2229 821 2298; x_wconf 79' lang='lat' dir='ltr'><strong>nisi</strong></span> <span class='ocrx_word' id='word_1_157' title='bbox 851 2231 1151 2302; x_wconf 86' lang='lat' dir='ltr'><strong>injunctum</strong></span> <span class='ocrx_word' id='word_1_158' title='bbox 1199 2234 1294 2298; x_wconf 91' lang='lat' dir='ltr'><strong>sit,</strong></span> <span class='ocrx_word' id='word_1_159' title='bbox 1316 2235 1402 2289; x_wconf 85' lang='lat' dir='ltr'><strong>vel</strong></span> <span class='ocrx_word' id='word_1_160' title='bbox 1433 2235 1547 2306; x_wconf 89' lang='lat' dir='ltr'><strong>ipse</strong></span> <span class='ocrx_word' id='word_1_161' title='bbox 1573 2236 1796 2291; x_wconf 88' lang='lat' dir='ltr'><strong>omnino</strong></span> <span class='ocrx_word' id='word_1_162' title='bbox 1836 2234 2129 2306; x_wconf 84' lang='lat' dir='ltr'><strong>velitjeju-</strong></span> 
     </span>
    </p>
   </div>
   <div class='ocr_carea' id='block_1_25' title="bbox 537 2321 2128 2399">
    <p class='ocr_par' dir='ltr' id='par_1_25' title="bbox 537 2321 2128 2399">
     <span class='ocr_line' id='line_1_26' title="bbox 537 2321 2128 2399; baseline 0.007 -28"><span class='ocrx_word' id='word_1_163' title='bbox 537 2333 694 2384; x_wconf 85' lang='lat' dir='ltr'><strong>nare,</strong></span> <span class='ocrx_word' id='word_1_164' title='bbox 723 2321 802 2382; x_wconf 88' lang='lat' dir='ltr'><strong>uti</strong></span> <span class='ocrx_word' id='word_1_165' title='bbox 823 2323 988 2381; x_wconf 91' lang='lat' dir='ltr'><strong>etiam</strong></span> <span class='ocrx_word' id='word_1_166' title='bbox 1040 2340 1072 2379; x_wconf 90' lang='lat' dir='ltr'><strong>a</strong></span> <span class='ocrx_word' id='word_1_167' title='bbox 1110 2323 1285 2388; x_wconf 75' lang='lat' dir='ltr'><strong>Natali</strong></span> <span class='ocrx_word' id='word_1_168' title='bbox 1338 2325 1552 2399; x_wconf 87' lang='lat' dir='ltr'><strong>Domini</strong></span> <span class='ocrx_word' id='word_1_169' title='bbox 1586 2342 1757 2397; x_wconf 81' lang='lat' dir='ltr'><strong>usque</strong></span> <span class='ocrx_word' id='word_1_170' title='bbox 1787 2327 1854 2382; x_wconf 86' lang='lat' dir='ltr'><strong>ad</strong></span> <span class='ocrx_word' id='word_1_171' title='bbox 1881 2336 2128 2384; x_wconf 87' lang='lat' dir='ltr'><strong>octavam</strong></span> 
     </span>
    </p>
   </div>
   <div class='ocr_carea' id='block_1_26' title="bbox 539 2406 2127 2496">
    <p class='ocr_par' dir='ltr' id='par_1_26' title="bbox 539 2406 2127 2496">
     <span class='ocr_line' id='line_1_27' title="bbox 539 2406 2127 2496; baseline 0.01 -36"><span class='ocrx_word' id='word_1_172' title='bbox 539 2406 870 2481; x_wconf 66' lang='lat' dir='ltr'><strong>Epiphaniae,</strong></span> <span class='ocrx_word' id='word_1_173' title='bbox 915 2412 1006 2480; x_wconf 84' lang='lat' dir='ltr'><strong>hic</strong></span> <span class='ocrx_word' id='word_1_174' title='bbox 1033 2421 1119 2475; x_wconf 86' lang='lat' dir='ltr'><strong>est</strong></span> <span class='ocrx_word' id='word_1_175' title='bbox 1171 2423 1379 2495; x_wconf 79' lang='lat' dir='ltr'><strong>septem</strong></span> <span class='ocrx_word' id='word_1_176' title='bbox 1415 2415 1529 2474; x_wconf 87' lang='lat' dir='ltr'><strong>dies</strong></span> <span class='ocrx_word' id='word_1_177' title='bbox 1574 2425 1698 2490; x_wconf 91' lang='lat' dir='ltr'><strong>post</strong></span> <span class='ocrx_word' id='word_1_178' title='bbox 1750 2417 2127 2496; x_wconf 82' lang='lat' dir='ltr'><strong>duodecimum</strong></span> 
     </span>
    </p>
   </div>
   <div class='ocr_carea' id='block_1_27' title="bbox 541 2493 1246 2584">
    <p class='ocr_par' dir='ltr' id='par_1_27' title="bbox 541 2493 1246 2584">
     <span class='ocr_line' id='line_1_28' title="bbox 541 2493 1246 2584; baseline 0.013 -33"><span class='ocrx_word' id='word_1_179' title='bbox 541 2499 684 2562; x_wconf 80' lang='lat' dir='ltr'><strong>diem</strong></span> <span class='ocrx_word' id='word_1_180' title='bbox 715 2500 939 2584; x_wconf 63' lang='lat' dir='ltr'><strong>festum,</strong></span> <span class='ocrx_word' id='word_1_181' title='bbox 1242 2493 1246 2495; x_wconf 9' lang='lat' dir='ltr'><strong>i</strong></span> 
     </span>
    </p>
   </div>
   <div class='ocr_carea' id='block_1_28' title="bbox 901 2615 1786 2692">
    <p class='ocr_par' dir='ltr' id='par_1_28' title="bbox 901 2615 1786 2692">
     <span class='ocr_line' id='line_1_29' title="bbox 901 2615 1786 2692; baseline 0.006 -21"><span class='ocrx_word' id='word_1_182' title='bbox 901 2615 1060 2678; x_wconf 74' lang='lat' dir='ltr'><strong>XVII.</strong></span> <span class='ocrx_word' id='word_1_183' title='bbox 1099 2617 1176 2674; x_wconf 85' lang='lat' dir='ltr'><strong>De</strong></span> <span class='ocrx_word' id='word_1_184' title='bbox 1201 2619 1524 2691; x_wconf 72' lang='lat' dir='ltr'><strong>temporibus.</strong></span> <span class='ocrx_word' id='word_1_185' title='bbox 1534 2621 1786 2692; x_wconf 64' lang='lat' dir='ltr'><strong>iustitia.</strong></span> 
     </span>
    </p>
   </div>
   <div class='ocr_carea' id='block_1_29' title="bbox 611 2709 2132 2784">
    <p class='ocr_par' dir='ltr' id='par_1_29' title="bbox 611 2709 2132 2784">
     <span class='ocr_line' id='line_1_30' title="bbox 611 2709 2132 2784; baseline 0.006 -20"><span class='ocrx_word' id='word_1_186' title='bbox 611 2709 674 2764; x_wconf 85' lang='lat' dir='ltr'><strong>Et</strong></span> <span class='ocrx_word' id='word_1_187' title='bbox 707 2710 1060 2780; x_wconf 85' lang='lat' dir='ltr'><strong>prohibemus</strong></span> <span class='ocrx_word' id='word_1_188' title='bbox 1097 2711 1366 2768; x_wconf 91' lang='lat' dir='ltr'><strong>ordalium</strong></span> <span class='ocrx_word' id='word_1_189' title='bbox 1402 2728 1468 2770; x_wconf 91' lang='lat' dir='ltr'><strong>ac</strong></span> <span class='ocrx_word' id='word_1_190' title='bbox 1488 2712 1799 2784; x_wconf 76' lang='lat' dir='ltr'><strong>iuramenta</strong></span> <span class='ocrx_word' id='word_1_191' title='bbox 1828 2714 1984 2772; x_wconf 77' lang='lat' dir='ltr'><strong>festis</strong></span> <span class='ocrx_word' id='word_1_192' title='bbox 2012 2716 2132 2773; x_wconf 52' lang='lat' dir='ltr'><strong>die.</strong></span> 
     </span>
    </p>
   </div>
   <div class='ocr_carea' id='block_1_30' title="bbox 535 2801 2126 2880">
    <p class='ocr_par' dir='ltr' id='par_1_30' title="bbox 535 2801 2126 2880">
     <span class='ocr_line' id='line_1_31' title="bbox 535 2801 2126 2880; baseline 0.005 -25"><span class='ocrx_word' id='word_1_193' title='bbox 535 2801 660 2874; x_wconf 74' lang='lat' dir='ltr'><strong>bus,</strong></span> <span class='ocrx_word' id='word_1_194' title='bbox 687 2810 742 2857; x_wconf 93' lang='lat' dir='ltr'><strong>et</strong></span> <span class='ocrx_word' id='word_1_195' title='bbox 771 2802 960 2876; x_wconf 89' lang='lat' dir='ltr'><strong>diebus</strong></span> <span class='ocrx_word' id='word_1_196' title='bbox 981 2803 1226 2880; x_wconf 81' lang='lat' dir='ltr'><strong>Quatuor</strong></span> <span class='ocrx_word' id='word_1_197' title='bbox 1256 2805 1604 2877; x_wconf 87' lang='lat' dir='ltr'><strong>Temporum,</strong></span> <span class='ocrx_word' id='word_1_198' title='bbox 1651 2814 1707 2878; x_wconf 85' lang='lat' dir='ltr'><strong>et</strong></span> <span class='ocrx_word' id='word_1_199' title='bbox 1764 2807 1953 2863; x_wconf 90' lang='lat' dir='ltr'><strong>diebus</strong></span> <span class='ocrx_word' id='word_1_200' title='bbox 1980 2807 2126 2876; x_wconf 85' lang='lat' dir='ltr'><strong>Qua-</strong></span> 
     </span>
    </p>
   </div>
   <div class='ocr_carea' id='block_1_31' title="bbox 536 2889 2122 2972">
    <p class='ocr_par' dir='ltr' id='par_1_31' title="bbox 536 2889 2122 2972">
     <span class='ocr_line' id='line_1_32' title="bbox 536 2889 2122 2972; baseline 0.007 -27"><span class='ocrx_word' id='word_1_201' title='bbox 536 2889 1008 2961; x_wconf 75' lang='lat' dir='ltr'><strong>dragesimalibus,</strong></span> <span class='ocrx_word' id='word_1_202' title='bbox 1039 2905 1095 2951; x_wconf 89' lang='lat' dir='ltr'><strong>et</strong></span> <span class='ocrx_word' id='word_1_203' title='bbox 1129 2897 1292 2967; x_wconf 86' lang='lat' dir='ltr'><strong>justis</strong></span> <span class='ocrx_word' id='word_1_204' title='bbox 1333 2897 1525 2972; x_wconf 85' lang='lat' dir='ltr'><strong>diebus</strong></span> <span class='ocrx_word' id='word_1_205' title='bbox 1568 2898 1915 2968; x_wconf 81' lang='lat' dir='ltr'><strong>jejunalibus,</strong></span> <span class='ocrx_word' id='word_1_206' title='bbox 1952 2909 2008 2957; x_wconf 88' lang='lat' dir='ltr'><strong>et</strong></span> <span class='ocrx_word' id='word_1_207' title='bbox 2053 2902 2122 2956; x_wconf 91' lang='lat' dir='ltr'><strong>ab</strong></span> 
     </span>
    </p>
   </div>
   <div class='ocr_carea' id='block_1_32' title="bbox 535 2981 2124 3059">
    <p class='ocr_par' dir='ltr' id='par_1_32' title="bbox 535 2981 2124 3059">
     <span class='ocr_line' id='line_1_33' title="bbox 535 2981 2124 3059; baseline 0.007 -23"><span class='ocrx_word' id='word_1_208' title='bbox 535 2981 780 3057; x_wconf 58' lang='lat' dir='ltr'><strong>Adventu</strong></span> <span class='ocrx_word' id='word_1_209' title='bbox 818 2985 1032 3052; x_wconf 78' lang='lat' dir='ltr'><strong>Domini</strong></span> <span class='ocrx_word' id='word_1_210' title='bbox 1061 2988 1360 3058; x_wconf 86' lang='lat' dir='ltr'><strong>usquedum</strong></span> <span class='ocrx_word' id='word_1_211' title='bbox 1383 2997 1609 3056; x_wconf 84' lang='lat' dir='ltr'><strong>octavus</strong></span> <span class='ocrx_word' id='word_1_212' title='bbox 1641 2990 1756 3046; x_wconf 89' lang='lat' dir='ltr'><strong>dies</strong></span> <span class='ocrx_word' id='word_1_213' title='bbox 1796 3005 1960 3059; x_wconf 81' lang='lat' dir='ltr'><strong>supra</strong></span> <span class='ocrx_word' id='word_1_214' title='bbox 1988 2991 2124 3047; x_wconf 88' lang='lat' dir='ltr'><strong>duo-</strong></span> 
     </span>
    </p>
   </div>
   <div class='ocr_carea' id='block_1_33' title="bbox 535 3074 2186 3154">
    <p class='ocr_par' dir='ltr' id='par_1_33' title="bbox 535 3074 2186 3154">
     <span class='ocr_line' id='line_1_34' title="bbox 535 3074 2186 3154; baseline 0.007 -27"><span class='ocrx_word' id='word_1_215' title='bbox 535 3074 804 3134; x_wconf 82' lang='lat' dir='ltr'><strong>decimum</strong></span> <span class='ocrx_word' id='word_1_216' title='bbox 834 3077 976 3132; x_wconf 89' lang='lat' dir='ltr'><strong>diem</strong></span> <span class='ocrx_word' id='word_1_217' title='bbox 1005 3080 1286 3148; x_wconf 68' lang='lat' dir='ltr'><strong>praeteriit,</strong></span> <span class='ocrx_word' id='word_1_218' title='bbox 1318 3089 1375 3142; x_wconf 83' lang='lat' dir='ltr'><strong>et</strong></span> <span class='ocrx_word' id='word_1_219' title='bbox 1425 3096 1456 3136; x_wconf 92' lang='lat' dir='ltr'><strong>a</strong></span> <span class='ocrx_word' id='word_1_220' title='bbox 1504 3081 1914 3154; x_wconf 85' lang='lat' dir='ltr'><strong>Septuagesima</strong></span> <span class='ocrx_word' id='word_1_221' title='bbox 1945 3097 2118 3152; x_wconf 88' lang='lat' dir='ltr'><strong>usque</strong></span> <span class='ocrx_word' id='word_1_222' title='bbox 2144 3080 2186 3138; x_wconf 88' lang='lat' dir='ltr'>C</span> 
     </span>
    </p>
   </div>
   <div class='ocr_carea' id='block_1_34' title="bbox 535 3167 2119 3245">
    <p class='ocr_par' dir='ltr' id='par_1_34' title="bbox 535 3167 2119 3245">
     <span class='ocr_line' id='line_1_35' title="bbox 535 3167 2119 3245; baseline 0.007 -26"><span class='ocrx_word' id='word_1_223' title='bbox 535 3167 602 3235; x_wconf 78' lang='lat' dir='ltr'><strong>ad</strong></span> <span class='ocrx_word' id='word_1_224' title='bbox 628 3167 894 3242; x_wconf 79' lang='lat' dir='ltr'><strong>decimum</strong></span> <span class='ocrx_word' id='word_1_225' title='bbox 925 3170 1170 3240; x_wconf 87' lang='lat' dir='ltr'><strong>quintum</strong></span> <span class='ocrx_word' id='word_1_226' title='bbox 1214 3171 1357 3228; x_wconf 90' lang='lat' dir='ltr'><strong>diem</strong></span> <span class='ocrx_word' id='word_1_227' title='bbox 1385 3188 1546 3243; x_wconf 83' lang='lat' dir='ltr'><strong>supra</strong></span> <span class='ocrx_word' id='word_1_228' title='bbox 1591 3174 1819 3245; x_wconf 81' lang='lat' dir='ltr'><strong>Pascha.</strong></span> <span class='ocrx_word' id='word_1_229' title='bbox 1851 3173 1918 3230; x_wconf 87' lang='lat' dir='ltr'><strong>Et</strong></span> <span class='ocrx_word' id='word_1_230' title='bbox 1943 3175 2119 3231; x_wconf 88' lang='lat' dir='ltr'><strong>sancti</strong></span> 
     </span>
    </p>
   </div>
   <div class='ocr_carea' id='block_1_35' title="bbox 535 3246 2118 3340">
    <p class='ocr_par' dir='ltr' id='par_1_35' title="bbox 535 3246 2118 3340">
     <span class='ocr_line' id='line_1_36' title="bbox 535 3246 2118 3340; baseline 0.008 -30"><span class='ocrx_word' id='word_1_231' title='bbox 535 3257 820 3330; x_wconf 75' lang='lat' dir='ltr'><strong>Edweardi</strong></span> <span class='ocrx_word' id='word_1_232' title='bbox 873 3246 1068 3340; x_wconf 76' lang='lat' dir='ltr'><strong>festum</strong></span> <span class='ocrx_word' id='word_1_233' title='bbox 1127 3265 1402 3335; x_wconf 87' lang='lat' dir='ltr'><strong>sapientes</strong></span> <span class='ocrx_word' id='word_1_234' title='bbox 1455 3266 1757 3338; x_wconf 90' lang='lat' dir='ltr'><strong>elegerunt,</strong></span> <span class='ocrx_word' id='word_1_235' title='bbox 1815 3278 1876 3326; x_wconf 90' lang='lat' dir='ltr'><strong>ut</strong></span> <span class='ocrx_word' id='word_1_236' title='bbox 1914 3267 2118 3328; x_wconf 79' lang='lat' dir='ltr'><strong>festum</strong></span> 
     </span>
    </p>
   </div>
   <div class='ocr_carea' id='block_1_36' title="bbox 533 3336 2120 3428">
    <p class='ocr_par' dir='ltr' id='par_1_36' title="bbox 533 3336 2120 3428">
     <span class='ocr_line' id='line_1_37' title="bbox 533 3336 2120 3428; baseline 0.008 -27"><span class='ocrx_word' id='word_1_237' title='bbox 533 3348 902 3406; x_wconf 86' lang='lat' dir='ltr'><strong>celebrareutr</strong></span> <span class='ocrx_word' id='word_1_238' title='bbox 949 3336 1046 3422; x_wconf 85' lang='lat' dir='ltr'><strong>per</strong></span> <span class='ocrx_word' id='word_1_239' title='bbox 1093 3369 1310 3410; x_wconf 89' lang='lat' dir='ltr'><strong>omnem</strong></span> <span class='ocrx_word' id='word_1_240' title='bbox 1369 3336 1641 3428; x_wconf 79' lang='lat' dir='ltr'><strong>Angliam,</strong></span> <span class='ocrx_word' id='word_1_241' title='bbox 1675 3358 1754 3428; x_wconf 90' lang='lat' dir='ltr'><strong>(b.</strong></span> <span class='ocrx_word' id='word_1_242' title='bbox 1799 3373 1850 3414; x_wconf 90' lang='lat' dir='ltr'><strong>e.</strong></span> <span class='ocrx_word' id='word_1_243' title='bbox 1891 3373 1985 3416; x_wconf 78' lang='lat' dir='ltr'><strong>xrv</strong></span> <span class='ocrx_word' id='word_1_244' title='bbox 2031 3359 2120 3414; x_wconf 90' lang='lat' dir='ltr'><strong>die</strong></span> 
     </span>
    </p>
   </div>
   <div class='ocr_carea' id='block_1_37' title="bbox 533 3439 2116 3524">
    <p class='ocr_par' dir='ltr' id='par_1_37' title="bbox 533 3439 2116 3524">
     <span class='ocr_line' id='line_1_38' title="bbox 533 3439 2116 3524; baseline 0.006 -28"><span class='ocrx_word' id='word_1_245' title='bbox 533 3439 733 3508; x_wconf 79' lang='lat' dir='ltr'><strong>Martii,</strong></span> <span class='ocrx_word' id='word_1_246' title='bbox 771 3459 844 3497; x_wconf 81' lang='lat' dir='ltr'><strong>xv</strong></span> <span class='ocrx_word' id='word_1_247' title='bbox 894 3443 1016 3524; x_wconf 64' lang='lat' dir='ltr'><strong>Kal.</strong></span> <span class='ocrx_word' id='word_1_248' title='bbox 1045 3445 1270 3516; x_wconf 82' lang='lat' dir='ltr'><strong>Aprilis,</strong></span> <span class='ocrx_word' id='word_1_249' title='bbox 1311 3457 1368 3505; x_wconf 91' lang='lat' dir='ltr'><strong>et</strong></span> <span class='ocrx_word' id='word_1_250' title='bbox 1399 3450 1576 3513; x_wconf 84' lang='lat' dir='ltr'><strong>sancti</strong></span> <span class='ocrx_word' id='word_1_251' title='bbox 1606 3449 1867 3506; x_wconf 90' lang='lat' dir='ltr'><strong>Dunstani</strong></span> <span class='ocrx_word' id='word_1_252' title='bbox 1897 3451 2116 3517; x_wconf 76' lang='lat' dir='ltr'><strong>festum,</strong></span> 
     </span>
    </p>
   </div>
   <div class='ocr_carea' id='block_1_38' title="bbox 530 3529 2119 3610">
    <p class='ocr_par' dir='ltr' id='par_1_38' title="bbox 530 3529 2119 3610">
     <span class='ocr_line' id='line_1_39' title="bbox 530 3529 2119 3610; baseline 0.006 -23"><span class='ocrx_word' id='word_1_253' title='bbox 530 3549 625 3588; x_wconf 77' lang='lat' dir='ltr'><strong>xw</strong></span> <span class='ocrx_word' id='word_1_254' title='bbox 653 3533 772 3602; x_wconf 82' lang='lat' dir='ltr'><strong>Kal.</strong></span> <span class='ocrx_word' id='word_1_255' title='bbox 796 3533 964 3608; x_wconf 77' lang='lat' dir='ltr'><strong>Junii,</strong></span> <span class='ocrx_word' id='word_1_256' title='bbox 992 3538 1096 3610; x_wconf 79' lang='lat' dir='ltr'><strong>hoc</strong></span> <span class='ocrx_word' id='word_1_257' title='bbox 1120 3547 1204 3594; x_wconf 91' lang='lat' dir='ltr'><strong>est</strong></span> <span class='ocrx_word' id='word_1_258' title='bbox 1228 3529 1337 3608; x_wconf 72' lang='lat' dir='ltr'><strong>xxx</strong></span> <span class='ocrx_word' id='word_1_259' title='bbox 1353 3538 1442 3597; x_wconf 88' lang='lat' dir='ltr'><strong>die</strong></span> <span class='ocrx_word' id='word_1_260' title='bbox 1467 3539 1522 3595; x_wconf 93' lang='lat' dir='ltr'><strong>in</strong></span> <span class='ocrx_word' id='word_1_261' title='bbox 1555 3540 1710 3596; x_wconf 81' lang='lat' dir='ltr'><strong>Maio.</strong></span> <span class='ocrx_word' id='word_1_262' title='bbox 1729 3542 1896 3598; x_wconf 87' lang='lat' dir='ltr'><strong>Ethis</strong></span> <span class='ocrx_word' id='word_1_263' title='bbox 1915 3541 2119 3604; x_wconf 86' lang='lat' dir='ltr'><strong>sanctis</strong></span> 
     </span>
    </p>
   </div>
   <div class='ocr_carea' id='block_1_39' title="bbox 535 3625 2120 3698">
    <p class='ocr_par' dir='ltr' id='par_1_39' title="bbox 535 3625 2120 3698">
     <span class='ocr_line' id='line_1_40' title="bbox 535 3625 2120 3698; baseline 0.01 -23"><span class='ocrx_word' id='word_1_264' title='bbox 535 3625 889 3693; x_wconf 86' lang='lat' dir='ltr'><strong>temporibus,</strong></span> <span class='ocrx_word' id='word_1_265' title='bbox 913 3629 1092 3698; x_wconf 89' lang='lat' dir='ltr'><strong>prouti</strong></span> <span class='ocrx_word' id='word_1_266' title='bbox 1113 3627 1322 3697; x_wconf 85' lang='lat' dir='ltr'><strong>justum</strong></span> <span class='ocrx_word' id='word_1_267' title='bbox 1343 3641 1446 3696; x_wconf 91' lang='lat' dir='ltr'><strong>est,</strong></span> <span class='ocrx_word' id='word_1_268' title='bbox 1476 3631 1619 3687; x_wconf 90' lang='lat' dir='ltr'><strong>inter</strong></span> <span class='ocrx_word' id='word_1_269' title='bbox 1640 3648 1829 3689; x_wconf 91' lang='lat' dir='ltr'><strong>onmes</strong></span> <span class='ocrx_word' id='word_1_270' title='bbox 1855 3632 2120 3690; x_wconf 81' lang='lat' dir='ltr'><strong>Christia—</strong></span> 
     </span>
    </p>
   </div>
   <div class='ocr_carea' id='block_1_40' title="bbox 535 3716 2124 3792">
    <p class='ocr_par' dir='ltr' id='par_1_40' title="bbox 535 3716 2124 3792">
     <span class='ocr_line' id='line_1_41' title="bbox 535 3716 2124 3792; baseline 0.014 -31"><span class='ocrx_word' id='word_1_271' title='bbox 535 3726 633 3764; x_wconf 91' lang='lat' dir='ltr'><strong>nos</strong></span> <span class='ocrx_word' id='word_1_272' title='bbox 656 3726 762 3780; x_wconf 78' lang='lat' dir='ltr'><strong>pax</strong></span> <span class='ocrx_word' id='word_1_273' title='bbox 789 3723 843 3769; x_wconf 92' lang='lat' dir='ltr'><strong>et</strong></span> <span class='ocrx_word' id='word_1_274' title='bbox 876 3719 1164 3772; x_wconf 90' lang='lat' dir='ltr'><strong>concordia</strong></span> <span class='ocrx_word' id='word_1_275' title='bbox 1194 3719 1286 3786; x_wconf 92' lang='lat' dir='ltr'><strong>sit,</strong></span> <span class='ocrx_word' id='word_1_276' title='bbox 1323 3716 1377 3774; x_wconf 85' lang='lat' dir='ltr'><strong>e&#39;t</strong></span> <span class='ocrx_word' id='word_1_277' title='bbox 1416 3723 1594 3777; x_wconf 92' lang='lat' dir='ltr'><strong>omnis</strong></span> <span class='ocrx_word' id='word_1_278' title='bbox 1623 3721 1772 3778; x_wconf 84' lang='lat' dir='ltr'><strong>fraus</strong></span> <span class='ocrx_word' id='word_1_279' title='bbox 1800 3722 2124 3792; x_wconf 72' lang='lat' dir='ltr'><strong>dissipetur.</strong></span> 
     </span>
    </p>
   </div>
   <div class='ocr_carea' id='block_1_41' title="bbox 536 3802 2116 3884">
    <p class='ocr_par' dir='ltr' id='par_1_41' title="bbox 536 3802 2116 3884">
     <span class='ocr_line' id='line_1_42' title="bbox 536 3802 2116 3884; baseline 0.009 -29"><span class='ocrx_word' id='word_1_280' title='bbox 536 3802 600 3855; x_wconf 74' lang='lat' dir='ltr'><strong>Et</strong></span> <span class='ocrx_word' id='word_1_281' title='bbox 629 3802 672 3856; x_wconf 86' lang='lat' dir='ltr'><strong>si</strong></span> <span class='ocrx_word' id='word_1_282' title='bbox 705 3804 828 3872; x_wconf 87' lang='lat' dir='ltr'><strong>quis</strong></span> <span class='ocrx_word' id='word_1_283' title='bbox 855 3805 1016 3863; x_wconf 89' lang='lat' dir='ltr'><strong>alicui</strong></span> <span class='ocrx_word' id='word_1_284' title='bbox 1066 3807 1468 3878; x_wconf 84' lang='lat' dir='ltr'><strong>ﬂdejussionem</strong></span> <span class='ocrx_word' id='word_1_285' title='bbox 1500 3812 1582 3867; x_wconf 86' lang='lat' dir='ltr'><strong>vel</strong></span> <span class='ocrx_word' id='word_1_286' title='bbox 1613 3815 2116 3884; x_wconf 89' lang='lat' dir='ltr'><strong>compensationem</strong></span> 
     </span>
    </p>
   </div>
   <div class='ocr_carea' id='block_1_42' title="bbox 533 3896 2119 3988">
    <p class='ocr_par' dir='ltr' id='par_1_42' title="bbox 533 3896 2119 3988">
     <span class='ocr_line' id='line_1_43' title="bbox 533 3896 2119 3988; baseline 0.013 -44"><span class='ocrx_word' id='word_1_287' title='bbox 533 3909 632 3962; x_wconf 85' lang='lat' dir='ltr'><strong>pro</strong></span> <span class='ocrx_word' id='word_1_288' title='bbox 686 3896 848 3951; x_wconf 90' lang='lat' dir='ltr'><strong>rebus</strong></span> <span class='ocrx_word' id='word_1_289' title='bbox 875 3899 1102 3980; x_wconf 79' lang='lat' dir='ltr'><strong>terrenis</strong></span> <span class='ocrx_word' id='word_1_290' title='bbox 1143 3899 1409 3983; x_wconf 85' lang='lat' dir='ltr'><strong>debuerit,</strong></span> <span class='ocrx_word' id='word_1_291' title='bbox 1447 3904 1634 3965; x_wconf 87' lang='lat' dir='ltr'><strong>reddat</strong></span> <span class='ocrx_word' id='word_1_292' title='bbox 1677 3906 1728 3968; x_wconf 92' lang='lat' dir='ltr'><strong>ei</strong></span> <span class='ocrx_word' id='word_1_293' title='bbox 1771 3905 1960 3988; x_wconf 75' lang='lat' dir='ltr'><strong>sedulo</strong></span> <span class='ocrx_word' id='word_1_294' title='bbox 1988 3916 2119 3986; x_wconf 82' lang='lat' dir='ltr'><strong>ante</strong></span> 
     </span>
    </p>
   </div>
   <div class='ocr_carea' id='block_1_43' title="bbox 532 3984 784 4055">
    <p class='ocr_par' dir='ltr' id='par_1_43' title="bbox 532 3984 784 4055">
     <span class='ocr_line' id='line_1_44' title="bbox 532 3984 784 4055; baseline 0.012 -16"><span class='ocrx_word' id='word_1_295' title='bbox 532 3984 616 4047; x_wconf 82' lang='lat' dir='ltr'><strong>vel</strong></span> <span class='ocrx_word' id='word_1_296' title='bbox 645 3994 784 4055; x_wconf 89' lang='lat' dir='ltr'><strong>post.</strong></span> 
     </span>
    </p>
   </div>
   <div class='ocr_carea' id='block_1_44' title="bbox 573 4114 2084 4208">
    <p class='ocr_par' dir='ltr' id='par_1_44' title="bbox 573 4114 2084 4208">
     <span class='ocr_line' id='line_1_45' title="bbox 573 4114 2084 4208; baseline 0.01 -39"><span class='ocrx_word' id='word_1_297' title='bbox 573 4114 752 4189; x_wconf 68' lang='lat' dir='ltr'><strong>)iVlll.</strong></span> <span class='ocrx_word' id='word_1_298' title='bbox 791 4115 893 4195; x_wconf 53' lang='lat' dir='ltr'><strong>fit;</strong></span> <span class='ocrx_word' id='word_1_299' title='bbox 923 4119 1213 4197; x_wconf 53' lang='lat' dir='ltr'><strong>exhortatio</strong></span> <span class='ocrx_word' id='word_1_300' title='bbox 1244 4126 1328 4208; x_wconf 54' lang='lat' dir='ltr'><strong>iul</strong></span> <span class='ocrx_word' id='word_1_301' title='bbox 1357 4125 1732 4196; x_wconf 70' lang='lat' dir='ltr'><strong>confessionem</strong></span> <span class='ocrx_word' id='word_1_302' title='bbox 1761 4135 1811 4199; x_wconf 82' lang='lat' dir='ltr'><strong>et</strong></span> <span class='ocrx_word' id='word_1_303' title='bbox 1833 4129 2084 4197; x_wconf 63' lang='lat' dir='ltr'><strong>pwniten-g</strong></span> 
     </span>
    </p>
   </div>
   <div class='ocr_carea' id='block_1_45' title="bbox 1238 4204 1388 4252">
    <p class='ocr_par' dir='ltr' id='par_1_45' title="bbox 1238 4204 1388 4252">
     <span class='ocr_line' id='line_1_46' title="bbox 1238 4204 1388 4252; baseline 0.007 -3"><span class='ocrx_word' id='word_1_304' title='bbox 1238 4204 1388 4252; x_wconf 70' lang='lat' dir='ltr'><strong>tiam.</strong></span> 
     </span>
    </p>
   </div>
   <div class='ocr_carea' id='block_1_46' title="bbox 601 4301 2113 4382">
    <p class='ocr_par' dir='ltr' id='par_1_46' title="bbox 601 4301 2113 4382">
     <span class='ocr_line' id='line_1_47' title="bbox 601 4301 2113 4382; baseline 0.01 -28"><span class='ocrx_word' id='word_1_305' title='bbox 601 4301 874 4382; x_wconf 75' lang='lat' dir='ltr'><strong>Rogamus</strong></span> <span class='ocrx_word' id='word_1_306' title='bbox 901 4304 1070 4359; x_wconf 88' lang='lat' dir='ltr'><strong>etiam</strong></span> <span class='ocrx_word' id='word_1_307' title='bbox 1099 4322 1196 4376; x_wconf 87' lang='lat' dir='ltr'><strong>per</strong></span> <span class='ocrx_word' id='word_1_308' title='bbox 1218 4306 1312 4372; x_wconf 89' lang='lat' dir='ltr'><strong>Dei</strong></span> <span class='ocrx_word' id='word_1_309' title='bbox 1339 4325 1580 4366; x_wconf 89' lang='lat' dir='ltr'><strong>amorem</strong></span> <span class='ocrx_word' id='word_1_310' title='bbox 1611 4321 1670 4370; x_wconf 92' lang='lat' dir='ltr'><strong>ut</strong></span> <span class='ocrx_word' id='word_1_311' title='bbox 1706 4311 1934 4382; x_wconf 83' lang='lat' dir='ltr'><strong>quilibet</strong></span> <span class='ocrx_word' id='word_1_312' title='bbox 1956 4310 2113 4374; x_wconf 61' lang='lat' dir='ltr'><strong>Chris-</strong></span> 
     </span>
    </p>
   </div>
   <div class='ocr_carea' id='block_1_47' title="bbox 2242 491 2618 577">
    <p class='ocr_par' dir='ltr' id='par_1_47' title="bbox 2242 491 2618 577">
     <span class='ocr_line' id='line_1_48' title="bbox 2242 491 2618 577; baseline 0.003 -29"><span class='ocrx_word' id='word_1_313' title='bbox 2242 491 2342 577; x_wconf 65' lang='lat' dir='ltr'><strong>dit,</strong></span> <span class='ocrx_word' id='word_1_314' title='bbox 2369 493 2618 550; x_wconf 87' lang='lat' dir='ltr'><strong>redemit.</strong></span> 
     </span>
    </p>
   </div>
   <div class='ocr_carea' id='block_1_48' title="bbox 2478 585 3521 661">
    <p class='ocr_par' dir='ltr' id='par_1_48' title="bbox 2478 585 3521 661">
     <span class='ocr_line' id='line_1_49' title="bbox 2478 585 3521 661; baseline 0.01 -23"><span class='ocrx_word' id='word_1_315' title='bbox 2478 585 2620 644; x_wconf 81' lang='lat' dir='ltr'><strong>XIX.</strong></span> <span class='ocrx_word' id='word_1_316' title='bbox 2663 586 2746 641; x_wconf 79' lang='lat' dir='ltr'><strong>Ad</strong></span> <span class='ocrx_word' id='word_1_317' title='bbox 2780 590 3147 646; x_wconf 75' lang='lat' dir='ltr'><strong>eucharistiam</strong></span> <span class='ocrx_word' id='word_1_318' title='bbox 3175 601 3223 646; x_wconf 84' lang='lat' dir='ltr'><strong>et</strong></span> <span class='ocrx_word' id='word_1_319' title='bbox 3247 587 3521 661; x_wconf 60' lang='lat' dir='ltr'><strong>probitatem.</strong></span> 
     </span>
    </p>
   </div>
   <div class='ocr_carea' id='block_1_49' title="bbox 2315 674 3670 760">
    <p class='ocr_par' dir='ltr' id='par_1_49' title="bbox 2315 674 3670 760">
     <span class='ocr_line' id='line_1_50' title="bbox 2315 674 3670 760; baseline 0.01 -31"><span class='ocrx_word' id='word_1_320' title='bbox 2315 674 2380 730; x_wconf 83' lang='lat' dir='ltr'><strong>Et</strong></span> <span class='ocrx_word' id='word_1_321' title='bbox 2407 677 2637 746; x_wconf 81' lang='lat' dir='ltr'><strong>quilibet</strong></span> <span class='ocrx_word' id='word_1_322' title='bbox 2659 677 3000 749; x_wconf 85' lang='lat' dir='ltr'><strong>Christianus</strong></span> <span class='ocrx_word' id='word_1_323' title='bbox 3027 681 3192 738; x_wconf 78' lang='lat' dir='ltr'><strong>faciat</strong></span> <span class='ocrx_word' id='word_1_324' title='bbox 3212 684 3342 751; x_wconf 91' lang='lat' dir='ltr'><strong>quod</strong></span> <span class='ocrx_word' id='word_1_325' title='bbox 3361 684 3499 755; x_wconf 86' lang='lat' dir='ltr'><strong>ipsum</strong></span> <span class='ocrx_word' id='word_1_326' title='bbox 3516 702 3670 760; x_wconf 72' lang='lat' dir='ltr'><strong>Oportet;</strong></span> 
     </span>
    </p>
   </div>
   <div class='ocr_carea' id='block_1_50' title="bbox 2241 749 3674 850">
    <p class='ocr_par' dir='ltr' id='par_1_50' title="bbox 2241 749 3674 850">
     <span class='ocr_line' id='line_1_51' title="bbox 2241 749 3674 850; baseline 0.013 -33"><span class='ocrx_word' id='word_1_327' title='bbox 2241 749 2519 833; x_wconf 78' lang='lat' dir='ltr'><strong>incumbat</strong></span> <span class='ocrx_word' id='word_1_328' title='bbox 2547 763 3013 847; x_wconf 86' lang='lat' dir='ltr'><strong>Christianissimo</strong></span> <span class='ocrx_word' id='word_1_329' title='bbox 3053 785 3153 829; x_wconf 86' lang='lat' dir='ltr'><strong>suo</strong></span> <span class='ocrx_word' id='word_1_330' title='bbox 3180 749 3457 842; x_wconf 70' lang='lat' dir='ltr'><strong>diligenter,</strong></span> <span class='ocrx_word' id='word_1_331' title='bbox 3479 785 3520 830; x_wconf 81' lang='lat' dir='ltr'><strong>et</strong></span> 
     </span>
    </p>
   </div>
   <div class='ocr_carea' id='block_1_51' title="bbox 2241 845 3672 928">
    <p class='ocr_par' dir='ltr' id='par_1_51' title="bbox 2241 845 3672 928">
     <span class='ocr_line' id='line_1_52' title="bbox 2241 845 3672 928; baseline 0.01 -20"><span class='ocrx_word' id='word_1_332' title='bbox 2241 862 2323 908; x_wconf 93' lang='lat' dir='ltr'><strong>ret</strong></span> <span class='ocrx_word' id='word_1_333' title='bbox 2347 869 2406 910; x_wconf 89' lang='lat' dir='ltr'><strong>se</strong></span> <span class='ocrx_word' id='word_1_334' title='bbox 2432 845 2694 911; x_wconf 81' lang='lat' dir='ltr'><strong>etiamad</strong></span> <span class='ocrx_word' id='word_1_335' title='bbox 2708 860 3142 921; x_wconf 87' lang='lat' dir='ltr'><strong>communionem</strong></span> <span class='ocrx_word' id='word_1_336' title='bbox 3168 860 3224 918; x_wconf 88' lang='lat' dir='ltr'><strong>S.</strong></span> <span class='ocrx_word' id='word_1_337' title='bbox 3250 845 3672 928; x_wconf 31' lang='lat' dir='ltr'><strong>Enchrista—saltem</strong></span> 
     </span>
    </p>
   </div>
   <div class='ocr_carea' id='block_1_52' title="bbox 2240 946 3673 1024">
    <p class='ocr_par' dir='ltr' id='par_1_52' title="bbox 2240 946 3673 1024">
     <span class='ocr_line' id='line_1_53' title="bbox 2240 946 3673 1024; baseline 0.011 -25"><span class='ocrx_word' id='word_1_338' title='bbox 2240 953 2324 1001; x_wconf 88' lang='lat' dir='ltr'><strong>ter</strong></span> <span class='ocrx_word' id='word_1_339' title='bbox 2351 946 2403 1001; x_wconf 91' lang='lat' dir='ltr'><strong>in</strong></span> <span class='ocrx_word' id='word_1_340' title='bbox 2437 961 2582 1002; x_wconf 88' lang='lat' dir='ltr'><strong>anno</strong></span> <span class='ocrx_word' id='word_1_341' title='bbox 2618 949 2836 1005; x_wconf 88' lang='lat' dir='ltr'><strong>cuilibet</strong></span> <span class='ocrx_word' id='word_1_342' title='bbox 2883 952 2974 1023; x_wconf 89' lang='lat' dir='ltr'><strong>qui</strong></span> <span class='ocrx_word' id='word_1_343' title='bbox 3015 953 3285 1024; x_wconf 85' lang='lat' dir='ltr'><strong>propriam</strong></span> <span class='ocrx_word' id='word_1_344' title='bbox 3328 959 3614 1016; x_wconf 80' lang='lat' dir='ltr'><strong>necessitatem</strong></span> <span class='ocrx_word' id='word_1_345' title='bbox 3632 966 3673 1016; x_wconf 65' lang='lat' dir='ltr'><strong>ie</strong></span> 
     </span>
    </p>
   </div>
   <div class='ocr_carea' id='block_1_53' title="bbox 2243 1039 3674 1126">
    <p class='ocr_par' dir='ltr' id='par_1_53' title="bbox 2243 1039 3674 1126">
     <span class='ocr_line' id='line_1_54' title="bbox 2243 1039 3674 1126; baseline 0.008 -31"><span class='ocrx_word' id='word_1_346' title='bbox 2243 1039 2487 1113; x_wconf 84' lang='lat' dir='ltr'><strong>telligere</strong></span> <span class='ocrx_word' id='word_1_347' title='bbox 2522 1042 2652 1116; x_wconf 75' lang='lat' dir='ltr'><strong>velit</strong></span> <span class='ocrx_word' id='word_1_348' title='bbox 2674 1058 2895 1115; x_wconf 85' lang='lat' dir='ltr'><strong>necesse</strong></span> <span class='ocrx_word' id='word_1_349' title='bbox 2923 1055 3034 1126; x_wconf 77' lang='lat' dir='ltr'><strong>est,</strong></span> <span class='ocrx_word' id='word_1_350' title='bbox 3053 1057 3108 1103; x_wconf 90' lang='lat' dir='ltr'><strong>et</strong></span> <span class='ocrx_word' id='word_1_351' title='bbox 3139 1047 3351 1124; x_wconf 78' lang='lat' dir='ltr'><strong>verbum</strong></span> <span class='ocrx_word' id='word_1_352' title='bbox 3372 1065 3426 1110; x_wconf 81' lang='lat' dir='ltr'><strong>ac</strong></span> <span class='ocrx_word' id='word_1_353' title='bbox 3444 1049 3674 1126; x_wconf 71' lang='lat' dir='ltr'><strong>factumergi</strong></span> 
     </span>
    </p>
   </div>
   <div class='ocr_carea' id='block_1_54' title="bbox 2237 1121 3675 1215">
    <p class='ocr_par' dir='ltr' id='par_1_54' title="bbox 2237 1121 3675 1215">
     <span class='ocr_line' id='line_1_55' title="bbox 2237 1121 3675 1215; baseline 0.008 -30"><span class='ocrx_word' id='word_1_354' title='bbox 2237 1125 2532 1202; x_wconf 77' lang='lat' dir='ltr'><strong>quemlibet</strong></span> <span class='ocrx_word' id='word_1_355' title='bbox 2585 1135 2819 1199; x_wconf 83' lang='lat' dir='ltr'><strong>amicum</strong></span> <span class='ocrx_word' id='word_1_356' title='bbox 2861 1121 3078 1198; x_wconf 80' lang='lat' dir='ltr'><strong>ordinet</strong></span> <span class='ocrx_word' id='word_1_357' title='bbox 3108 1121 3234 1196; x_wconf 71' lang='lat' dir='ltr'><strong>ctum</strong></span> <span class='ocrx_word' id='word_1_358' title='bbox 3275 1140 3476 1209; x_wconf 76' lang='lat' dir='ltr'><strong>iustitia,</strong></span> <span class='ocrx_word' id='word_1_359' title='bbox 3513 1151 3552 1196; x_wconf 89' lang='lat' dir='ltr'><strong>et</strong></span> <span class='ocrx_word' id='word_1_360' title='bbox 3578 1121 3675 1215; x_wconf 64' lang='lat' dir='ltr'><strong>jusju-</strong></span> 
     </span>
    </p>
   </div>
   <div class='ocr_carea' id='block_1_55' title="bbox 2237 1223 3676 1298">
    <p class='ocr_par' dir='ltr' id='par_1_55' title="bbox 2237 1223 3676 1298">
     <span class='ocr_line' id='line_1_56' title="bbox 2237 1223 3676 1298; baseline 0.012 -24"><span class='ocrx_word' id='word_1_361' title='bbox 2237 1224 2468 1276; x_wconf 87' lang='lat' dir='ltr'><strong>randum</strong></span> <span class='ocrx_word' id='word_1_362' title='bbox 2491 1237 2555 1278; x_wconf 88' lang='lat' dir='ltr'><strong>ac</strong></span> <span class='ocrx_word' id='word_1_363' title='bbox 2578 1223 2752 1280; x_wconf 68' lang='lat' dir='ltr'><strong>foedus</strong></span> <span class='ocrx_word' id='word_1_364' title='bbox 2772 1235 2929 1280; x_wconf 89' lang='lat' dir='ltr'><strong>caute</strong></span> <span class='ocrx_word' id='word_1_365' title='bbox 2951 1236 3164 1294; x_wconf 82' lang='lat' dir='ltr'><strong>servet;</strong></span> <span class='ocrx_word' id='word_1_366' title='bbox 3191 1239 3246 1283; x_wconf 90' lang='lat' dir='ltr'><strong>et</strong></span> <span class='ocrx_word' id='word_1_367' title='bbox 3263 1229 3500 1298; x_wconf 86' lang='lat' dir='ltr'><strong>quodlibet</strong></span> <span class='ocrx_word' id='word_1_368' title='bbox 3517 1232 3676 1298; x_wconf 73' lang='lat' dir='ltr'><strong>injustas</strong></span> 
     </span>
    </p>
   </div>
   <div class='ocr_carea' id='block_1_56' title="bbox 2237 1311 3677 1395">
    <p class='ocr_par' dir='ltr' id='par_1_56' title="bbox 2237 1311 3677 1395">
     <span class='ocr_line' id='line_1_57' title="bbox 2237 1311 3677 1395; baseline 0.008 -27"><span class='ocrx_word' id='word_1_369' title='bbox 2237 1311 2526 1384; x_wconf 85' lang='lat' dir='ltr'><strong>diligenter</strong></span> <span class='ocrx_word' id='word_1_370' title='bbox 2553 1330 2617 1389; x_wconf 68' lang='lat' dir='ltr'><strong>es</strong></span> <span class='ocrx_word' id='word_1_371' title='bbox 2650 1315 2754 1372; x_wconf 87' lang='lat' dir='ltr'><strong>hac</strong></span> <span class='ocrx_word' id='word_1_372' title='bbox 2804 1327 2948 1374; x_wconf 90' lang='lat' dir='ltr'><strong>terra</strong></span> <span class='ocrx_word' id='word_1_373' title='bbox 2979 1319 3250 1387; x_wconf 82' lang='lat' dir='ltr'><strong>ejiciatur,</strong></span> <span class='ocrx_word' id='word_1_374' title='bbox 3282 1331 3506 1391; x_wconf 84' lang='lat' dir='ltr'><strong>quantum</strong></span> <span class='ocrx_word' id='word_1_375' title='bbox 3526 1323 3605 1378; x_wconf 82' lang='lat' dir='ltr'><strong>ﬁeri</strong></span> <span class='ocrx_word' id='word_1_376' title='bbox 3625 1343 3677 1395; x_wconf 71' lang='lat' dir='ltr'><strong>po-</strong></span> 
     </span>
    </p>
   </div>
   <div class='ocr_carea' id='block_1_57' title="bbox 2238 1407 3680 1478">
    <p class='ocr_par' dir='ltr' id='par_1_57' title="bbox 2238 1407 3680 1478">
     <span class='ocr_line' id='line_1_58' title="bbox 2238 1407 3680 1478; baseline 0.01 -20"><span class='ocrx_word' id='word_1_377' title='bbox 2238 1413 2362 1472; x_wconf 87' lang='lat' dir='ltr'><strong>test,</strong></span> <span class='ocrx_word' id='word_1_378' title='bbox 2392 1416 2447 1461; x_wconf 89' lang='lat' dir='ltr'><strong>et</strong></span> <span class='ocrx_word' id='word_1_379' title='bbox 2476 1407 2736 1478; x_wconf 80' lang='lat' dir='ltr'><strong>diligatur</strong></span> <span class='ocrx_word' id='word_1_380' title='bbox 2763 1409 2856 1463; x_wconf 88' lang='lat' dir='ltr'><strong>Dei</strong></span> <span class='ocrx_word' id='word_1_381' title='bbox 2877 1408 3092 1478; x_wconf 73' lang='lat' dir='ltr'><strong>iustitia</strong></span> <span class='ocrx_word' id='word_1_382' title='bbox 3121 1413 3318 1468; x_wconf 87' lang='lat' dir='ltr'><strong>abhinc</strong></span> <span class='ocrx_word' id='word_1_383' title='bbox 3334 1412 3493 1468; x_wconf 81' lang='lat' dir='ltr'><strong>sedulo</strong></span> <span class='ocrx_word' id='word_1_384' title='bbox 3513 1417 3680 1472; x_wconf 72' lang='lat' dir='ltr'><strong>rerbiset</strong></span> 
     </span>
    </p>
   </div>
   <div class='ocr_carea' id='block_1_58' title="bbox 2235 1491 3680 1577">
    <p class='ocr_par' dir='ltr' id='par_1_58' title="bbox 2235 1491 3680 1577">
     <span class='ocr_line' id='line_1_59' title="bbox 2235 1491 3680 1577; baseline 0.01 -30"><span class='ocrx_word' id='word_1_385' title='bbox 2235 1491 2415 1550; x_wconf 79' lang='lat' dir='ltr'><strong>lactis.</strong></span> <span class='ocrx_word' id='word_1_386' title='bbox 2455 1495 2606 1553; x_wconf 91' lang='lat' dir='ltr'><strong>Tunc</strong></span> <span class='ocrx_word' id='word_1_387' title='bbox 2639 1497 2796 1554; x_wconf 88' lang='lat' dir='ltr'><strong>nobis</strong></span> <span class='ocrx_word' id='word_1_388' title='bbox 2845 1502 3099 1558; x_wconf 87' lang='lat' dir='ltr'><strong>omnibus</strong></span> <span class='ocrx_word' id='word_1_389' title='bbox 3150 1503 3244 1558; x_wconf 85' lang='lat' dir='ltr'><strong>Dei</strong></span> <span class='ocrx_word' id='word_1_390' title='bbox 3285 1503 3587 1561; x_wconf 79' lang='lat' dir='ltr'><strong>misericordia</strong></span> <span class='ocrx_word' id='word_1_391' title='bbox 3614 1523 3680 1577; x_wconf 67' lang='lat' dir='ltr'><strong>pro.</strong></span> 
     </span>
    </p>
   </div>
   <div class='ocr_carea' id='block_1_59' title="bbox 2235 1587 2642 1659">
    <p class='ocr_par' dir='ltr' id='par_1_59' title="bbox 2235 1587 2642 1659">
     <span class='ocr_line' id='line_1_60' title="bbox 2235 1587 2642 1659; baseline 0.017 -21"><span class='ocrx_word' id='word_1_392' title='bbox 2235 1587 2489 1659; x_wconf 89' lang='lat' dir='ltr'><strong>pinquior</strong></span> <span class='ocrx_word' id='word_1_393' title='bbox 2515 1590 2642 1646; x_wconf 88' lang='lat' dir='ltr'><strong>erit.</strong></span> 
     </span>
    </p>
   </div>
   <div class='ocr_carea' id='block_1_60' title="bbox 2513 1679 3499 1755">
    <p class='ocr_par' dir='ltr' id='par_1_60' title="bbox 2513 1679 3499 1755">
     <span class='ocr_line' id='line_1_61' title="bbox 2513 1679 3499 1755; baseline 0.009 -23"><span class='ocrx_word' id='word_1_394' title='bbox 2513 1679 2633 1749; x_wconf 75' lang='lat' dir='ltr'><strong>XX.</strong></span> <span class='ocrx_word' id='word_1_395' title='bbox 2673 1680 2758 1750; x_wconf 69' lang='lat' dir='ltr'><strong>Ad,</strong></span> <span class='ocrx_word' id='word_1_396' title='bbox 2781 1681 3090 1750; x_wconf 76' lang='lat' dir='ltr'><strong>ﬁdelitatem</strong></span> <span class='ocrx_word' id='word_1_397' title='bbox 3118 1701 3245 1755; x_wconf 85' lang='lat' dir='ltr'><strong>erga</strong></span> <span class='ocrx_word' id='word_1_398' title='bbox 3268 1685 3499 1744; x_wconf 78' lang='lat' dir='ltr'><strong>dominos.</strong></span> 
     </span>
    </p>
   </div>
   <div class='ocr_carea' id='block_1_61' title="bbox 2304 1768 3682 1849">
    <p class='ocr_par' dir='ltr' id='par_1_61' title="bbox 2304 1768 3682 1849">
     <span class='ocr_line' id='line_1_62' title="bbox 2304 1768 3682 1849; baseline 0.009 -26"><span class='ocrx_word' id='word_1_399' title='bbox 2304 1768 2585 1840; x_wconf 80' lang='lat' dir='ltr'><strong>Agendum</strong></span> <span class='ocrx_word' id='word_1_400' title='bbox 2614 1769 2882 1828; x_wconf 85' lang='lat' dir='ltr'><strong>faciamus</strong></span> <span class='ocrx_word' id='word_1_401' title='bbox 2922 1775 3089 1830; x_wconf 89' lang='lat' dir='ltr'><strong>etiam</strong></span> <span class='ocrx_word' id='word_1_402' title='bbox 3119 1775 3328 1842; x_wconf 90' lang='lat' dir='ltr'><strong>sedulo,</strong></span> <span class='ocrx_word' id='word_1_403' title='bbox 3353 1778 3476 1831; x_wconf 82' lang='lat' dir='ltr'><strong>sicut</strong></span> <span class='ocrx_word' id='word_1_404' title='bbox 3506 1779 3682 1849; x_wconf 61' lang='lat' dir='ltr'><strong>docetis,</strong></span> 
     </span>
    </p>
   </div>
   <div class='ocr_carea' id='block_1_62' title="bbox 2233 1857 3681 1937">
    <p class='ocr_par' dir='ltr' id='par_1_62' title="bbox 2233 1857 3681 1937">
     <span class='ocr_line' id='line_1_63' title="bbox 2233 1857 3681 1937; baseline 0.009 -24"><span class='ocrx_word' id='word_1_405' title='bbox 2233 1857 2404 1914; x_wconf 87' lang='lat' dir='ltr'><strong>simus</strong></span> <span class='ocrx_word' id='word_1_406' title='bbox 2443 1865 2662 1932; x_wconf 85' lang='lat' dir='ltr'><strong>semper</strong></span> <span class='ocrx_word' id='word_1_407' title='bbox 2687 1863 2905 1922; x_wconf 88' lang='lat' dir='ltr'><strong>domino</strong></span> <span class='ocrx_word' id='word_1_408' title='bbox 2930 1873 3122 1922; x_wconf 88' lang='lat' dir='ltr'><strong>nostro</strong></span> <span class='ocrx_word' id='word_1_409' title='bbox 3144 1865 3484 1937; x_wconf 84' lang='lat' dir='ltr'><strong>obsequentes</strong></span> <span class='ocrx_word' id='word_1_410' title='bbox 3502 1877 3544 1924; x_wconf 83' lang='lat' dir='ltr'><strong>et</strong></span> <span class='ocrx_word' id='word_1_411' title='bbox 3559 1869 3681 1936; x_wconf 74' lang='lat' dir='ltr'><strong>ﬁdeles,</strong></span> 
     </span>
    </p>
   </div>
   <div class='ocr_carea' id='block_1_63' title="bbox 2232 1954 3682 2029">
    <p class='ocr_par' dir='ltr' id='par_1_63' title="bbox 2232 1954 3682 2029">
     <span class='ocr_line' id='line_1_64' title="bbox 2232 1954 3682 2029; baseline 0.006 -23"><span class='ocrx_word' id='word_1_412' title='bbox 2232 1957 2288 2006; x_wconf 89' lang='lat' dir='ltr'><strong>et</strong></span> <span class='ocrx_word' id='word_1_413' title='bbox 2311 1960 2570 2023; x_wconf 84' lang='lat' dir='ltr'><strong>perpetuo</strong></span> <span class='ocrx_word' id='word_1_414' title='bbox 2590 1954 2842 2010; x_wconf 90' lang='lat' dir='ltr'><strong>omnibus</strong></span> <span class='ocrx_word' id='word_1_415' title='bbox 2872 1955 3080 2011; x_wconf 88' lang='lat' dir='ltr'><strong>viribus</strong></span> <span class='ocrx_word' id='word_1_416' title='bbox 3121 1957 3324 2012; x_wconf 90' lang='lat' dir='ltr'><strong>cultum</strong></span> <span class='ocrx_word' id='word_1_417' title='bbox 3346 1958 3490 2029; x_wconf 87' lang='lat' dir='ltr'><strong>ipsius</strong></span> <span class='ocrx_word' id='word_1_418' title='bbox 3512 1969 3682 2026; x_wconf 74' lang='lat' dir='ltr'><strong>tueamur,</strong></span> 
     </span>
    </p>
   </div>
   <div class='ocr_carea' id='block_1_64' title="bbox 2231 2042 3683 2124">
    <p class='ocr_par' dir='ltr' id='par_1_64' title="bbox 2231 2042 3683 2124">
     <span class='ocr_line' id='line_1_65' title="bbox 2231 2042 3683 2124; baseline 0.008 -29"><span class='ocrx_word' id='word_1_419' title='bbox 2231 2051 2287 2095; x_wconf 91' lang='lat' dir='ltr'><strong>et</strong></span> <span class='ocrx_word' id='word_1_420' title='bbox 2326 2042 2656 2104; x_wconf 83' lang='lat' dir='ltr'><strong>voluntatem</strong></span> <span class='ocrx_word' id='word_1_421' title='bbox 2689 2045 2807 2116; x_wconf 88' lang='lat' dir='ltr'><strong>ejus</strong></span> <span class='ocrx_word' id='word_1_422' title='bbox 2840 2061 3155 2118; x_wconf 85' lang='lat' dir='ltr'><strong>operemur.</strong></span> <span class='ocrx_word' id='word_1_423' title='bbox 3183 2047 3352 2110; x_wconf 77' lang='lat' dir='ltr'><strong>ane</strong></span> <span class='ocrx_word' id='word_1_424' title='bbox 3382 2053 3683 2124; x_wconf 80' lang='lat' dir='ltr'><strong>namque,quol</strong></span> 
     </span>
    </p>
   </div>
   <div class='ocr_carea' id='block_1_65' title="bbox 2231 2139 3683 2209">
    <p class='ocr_par' dir='ltr' id='par_1_65' title="bbox 2231 2139 3683 2209">
     <span class='ocr_line' id='line_1_66' title="bbox 2231 2139 3683 2209; baseline 0.011 -24"><span class='ocrx_word' id='word_1_425' title='bbox 2231 2147 2468 2202; x_wconf 90' lang='lat' dir='ltr'><strong>unquam</strong></span> <span class='ocrx_word' id='word_1_426' title='bbox 2499 2151 2597 2204; x_wconf 90' lang='lat' dir='ltr'><strong>pro</strong></span> <span class='ocrx_word' id='word_1_427' title='bbox 2623 2152 2755 2192; x_wconf 91' lang='lat' dir='ltr'><strong>vero</strong></span> <span class='ocrx_word' id='word_1_428' title='bbox 2781 2139 3014 2195; x_wconf 89' lang='lat' dir='ltr'><strong>Domino</strong></span> <span class='ocrx_word' id='word_1_429' title='bbox 3056 2140 3294 2200; x_wconf 80' lang='lat' dir='ltr'><strong>ﬁdeliter</strong></span> <span class='ocrx_word' id='word_1_430' title='bbox 3316 2142 3572 2209; x_wconf 80' lang='lat' dir='ltr'><strong>fecerimus,</strong></span> <span class='ocrx_word' id='word_1_431' title='bbox 3592 2161 3683 2201; x_wconf 81' lang='lat' dir='ltr'><strong>omne</strong></span> 
     </span>
    </p>
   </div>
   <div class='ocr_carea' id='block_1_66' title="bbox 2231 2223 3683 2304">
    <p class='ocr_par' dir='ltr' id='par_1_66' title="bbox 2231 2223 3683 2304">
     <span class='ocr_line' id='line_1_67' title="bbox 2231 2223 3683 2304; baseline 0.01 -26"><span class='ocrx_word' id='word_1_432' title='bbox 2231 2223 2362 2279; x_wconf 89' lang='lat' dir='ltr'><strong>illud</strong></span> <span class='ocrx_word' id='word_1_433' title='bbox 2418 2227 2575 2283; x_wconf 89' lang='lat' dir='ltr'><strong>nobis</strong></span> <span class='ocrx_word' id='word_1_434' title='bbox 2620 2228 2750 2304; x_wconf 77' lang='lat' dir='ltr'><strong>ipsis</strong></span> <span class='ocrx_word' id='word_1_435' title='bbox 2799 2230 3030 2288; x_wconf 79' lang='lat' dir='ltr'><strong>facimus</strong></span> <span class='ocrx_word' id='word_1_436' title='bbox 3075 2235 3147 2290; x_wconf 91' lang='lat' dir='ltr'><strong>ad</strong></span> <span class='ocrx_word' id='word_1_437' title='bbox 3196 2235 3440 2304; x_wconf 87' lang='lat' dir='ltr'><strong>majorem</strong></span> <span class='ocrx_word' id='word_1_438' title='bbox 3481 2237 3683 2292; x_wconf 66' lang='lat' dir='ltr'><strong>militum.</strong></span> 
     </span>
    </p>
   </div>
   <div class='ocr_carea' id='block_1_67' title="bbox 2229 2313 3688 2398">
    <p class='ocr_par' dir='ltr' id='par_1_67' title="bbox 2229 2313 3688 2398">
     <span class='ocr_line' id='line_1_68' title="bbox 2229 2313 3688 2398; baseline 0.01 -30"><span class='ocrx_word' id='word_1_439' title='bbox 2229 2313 2310 2384; x_wconf 77' lang='lat' dir='ltr'><strong>illi</strong></span> <span class='ocrx_word' id='word_1_440' title='bbox 2357 2332 2593 2388; x_wconf 82' lang='lat' dir='ltr'><strong>namque</strong></span> <span class='ocrx_word' id='word_1_441' title='bbox 2629 2329 2778 2377; x_wconf 90' lang='lat' dir='ltr'><strong>certe</strong></span> <span class='ocrx_word' id='word_1_442' title='bbox 2804 2321 2946 2380; x_wconf 90' lang='lat' dir='ltr'><strong>Deus</strong></span> <span class='ocrx_word' id='word_1_443' title='bbox 2999 2327 3279 2396; x_wconf 82' lang='lat' dir='ltr'><strong>gratiosus</strong></span> <span class='ocrx_word' id='word_1_444' title='bbox 3319 2337 3416 2396; x_wconf 89' lang='lat' dir='ltr'><strong>est,</strong></span> <span class='ocrx_word' id='word_1_445' title='bbox 3447 2329 3521 2398; x_wconf 87' lang='lat' dir='ltr'><strong>qui</strong></span> <span class='ocrx_word' id='word_1_446' title='bbox 3555 2329 3688 2383; x_wconf 77' lang='lat' dir='ltr'><strong>domino</strong></span> 
     </span>
    </p>
   </div>
   <div class='ocr_carea' id='block_1_68' title="bbox 2228 2409 3687 2486">
    <p class='ocr_par' dir='ltr' id='par_1_68' title="bbox 2228 2409 3687 2486">
     <span class='ocr_line' id='line_1_69' title="bbox 2228 2409 3687 2486; baseline 0.009 -26"><span class='ocrx_word' id='word_1_447' title='bbox 2228 2419 2328 2461; x_wconf 88' lang='lat' dir='ltr'><strong>suo</strong></span> <span class='ocrx_word' id='word_1_448' title='bbox 2359 2422 2485 2463; x_wconf 90' lang='lat' dir='ltr'><strong>vere</strong></span> <span class='ocrx_word' id='word_1_449' title='bbox 2512 2409 2816 2481; x_wconf 85' lang='lat' dir='ltr'><strong>obsequens</strong></span> <span class='ocrx_word' id='word_1_450' title='bbox 2843 2422 2949 2468; x_wconf 92' lang='lat' dir='ltr'><strong>est.</strong></span> <span class='ocrx_word' id='word_1_451' title='bbox 2975 2413 3172 2486; x_wconf 78' lang='lat' dir='ltr'><strong>Magna</strong></span> <span class='ocrx_word' id='word_1_452' title='bbox 3193 2417 3354 2474; x_wconf 88' lang='lat' dir='ltr'><strong>etiam</strong></span> <span class='ocrx_word' id='word_1_453' title='bbox 3384 2416 3564 2473; x_wconf 86' lang='lat' dir='ltr'><strong>cuilibet</strong></span> <span class='ocrx_word' id='word_1_454' title='bbox 3585 2418 3687 2473; x_wconf 77' lang='lat' dir='ltr'><strong>doni-</strong></span> 
     </span>
    </p>
   </div>
   <div class='ocr_carea' id='block_1_69' title="bbox 2231 2500 3581 2579">
    <p class='ocr_par' dir='ltr' id='par_1_69' title="bbox 2231 2500 3581 2579">
     <span class='ocr_line' id='line_1_70' title="bbox 2231 2500 3581 2579; baseline 0.006 -25"><span class='ocrx_word' id='word_1_455' title='bbox 2231 2503 2303 2554; x_wconf 80' lang='lat' dir='ltr'><strong>no</strong></span> <span class='ocrx_word' id='word_1_456' title='bbox 2329 2507 2414 2553; x_wconf 88' lang='lat' dir='ltr'><strong>est</strong></span> <span class='ocrx_word' id='word_1_457' title='bbox 2440 2500 2644 2555; x_wconf 88' lang='lat' dir='ltr'><strong>utilitas</strong></span> <span class='ocrx_word' id='word_1_458' title='bbox 2673 2511 2732 2558; x_wconf 91' lang='lat' dir='ltr'><strong>ut</strong></span> <span class='ocrx_word' id='word_1_459' title='bbox 2768 2503 3000 2560; x_wconf 78' lang='lat' dir='ltr'><strong>famulos</strong></span> <span class='ocrx_word' id='word_1_460' title='bbox 3025 2522 3156 2562; x_wconf 89' lang='lat' dir='ltr'><strong>suos</strong></span> <span class='ocrx_word' id='word_1_461' title='bbox 3178 2508 3323 2579; x_wconf 83' lang='lat' dir='ltr'><strong>juste</strong></span> <span class='ocrx_word' id='word_1_462' title='bbox 3348 2509 3581 2578; x_wconf 80' lang='lat' dir='ltr'><strong>gubernet.</strong></span> 
     </span>
    </p>
   </div>
   <div class='ocr_carea' id='block_1_70' title="bbox 2335 2585 3629 2667">
    <p class='ocr_par' dir='ltr' id='par_1_70' title="bbox 2335 2585 3629 2667">
     <span class='ocr_line' id='line_1_71' title="bbox 2335 2585 3629 2667; baseline 0.007 -26"><span class='ocrx_word' id='word_1_463' title='bbox 2335 2585 2478 2658; x_wconf 65' lang='lat' dir='ltr'><strong>XXI.</strong></span> <span class='ocrx_word' id='word_1_464' title='bbox 2511 2589 2596 2662; x_wconf 60' lang='lat' dir='ltr'><strong>Ad</strong></span> <span class='ocrx_word' id='word_1_465' title='bbox 2628 2589 2793 2647; x_wconf 84' lang='lat' dir='ltr'><strong>Deum</strong></span> <span class='ocrx_word' id='word_1_466' title='bbox 2825 2610 2894 2650; x_wconf 81' lang='lat' dir='ltr'><strong>ea:</strong></span> <span class='ocrx_word' id='word_1_467' title='bbox 2918 2595 3120 2651; x_wconf 84' lang='lat' dir='ltr'><strong>intimis</strong></span> <span class='ocrx_word' id='word_1_468' title='bbox 3147 2597 3417 2652; x_wconf 82' lang='lat' dir='ltr'><strong>colendum</strong></span> <span class='ocrx_word' id='word_1_469' title='bbox 3442 2610 3480 2653; x_wconf 83' lang='lat' dir='ltr'><strong>et</strong></span> <span class='ocrx_word' id='word_1_470' title='bbox 3503 2600 3629 2667; x_wconf 75' lang='lat' dir='ltr'><strong>ﬁdem.</strong></span> 
     </span>
    </p>
   </div>
   <div class='ocr_carea' id='block_1_71' title="bbox 2300 2676 3690 2762">
    <p class='ocr_par' dir='ltr' id='par_1_71' title="bbox 2300 2676 3690 2762">
     <span class='ocr_line' id='line_1_72' title="bbox 2300 2676 3690 2762; baseline 0.009 -29"><span class='ocrx_word' id='word_1_471' title='bbox 2300 2676 2368 2733; x_wconf 87' lang='lat' dir='ltr'><strong>Et</strong></span> <span class='ocrx_word' id='word_1_472' title='bbox 2401 2693 2592 2736; x_wconf 90' lang='lat' dir='ltr'><strong>omnes</strong></span> <span class='ocrx_word' id='word_1_473' title='bbox 2632 2681 2975 2742; x_wconf 87' lang='lat' dir='ltr'><strong>Christianos</strong></span> <span class='ocrx_word' id='word_1_474' title='bbox 3005 2703 3176 2758; x_wconf 87' lang='lat' dir='ltr'><strong>quam</strong></span> <span class='ocrx_word' id='word_1_475' title='bbox 3223 2687 3690 2762; x_wconf 76' lang='lat' dir='ltr'><strong>diligentissimedoce—</strong></span> 
     </span>
    </p>
   </div>
   <div class='ocr_carea' id='block_1_72' title="bbox 2228 2773 3691 2852">
    <p class='ocr_par' dir='ltr' id='par_1_72' title="bbox 2228 2773 3691 2852">
     <span class='ocr_line' id='line_1_73' title="bbox 2228 2773 3691 2852; baseline 0.01 -29"><span class='ocrx_word' id='word_1_476' title='bbox 2228 2785 2371 2836; x_wconf 90' lang='lat' dir='ltr'><strong>mus,</strong></span> <span class='ocrx_word' id='word_1_477' title='bbox 2409 2779 2469 2826; x_wconf 93' lang='lat' dir='ltr'><strong>ut</strong></span> <span class='ocrx_word' id='word_1_478' title='bbox 2524 2773 2784 2831; x_wconf 89' lang='lat' dir='ltr'><strong>interiore</strong></span> <span class='ocrx_word' id='word_1_479' title='bbox 2827 2778 2993 2834; x_wconf 84' lang='lat' dir='ltr'><strong>cbrde</strong></span> <span class='ocrx_word' id='word_1_480' title='bbox 3018 2778 3194 2834; x_wconf 89' lang='lat' dir='ltr'><strong>Deum</strong></span> <span class='ocrx_word' id='word_1_481' title='bbox 3225 2796 3431 2851; x_wconf 87' lang='lat' dir='ltr'><strong>semper</strong></span> <span class='ocrx_word' id='word_1_482' title='bbox 3462 2781 3639 2852; x_wconf 77' lang='lat' dir='ltr'><strong>diligant,</strong></span> <span class='ocrx_word' id='word_1_483' title='bbox 3660 2792 3691 2838; x_wconf 79' lang='lat' dir='ltr'><strong>et</strong></span> 
     </span>
    </p>
   </div>
   <div class='ocr_carea' id='block_1_73' title="bbox 2225 2862 3690 2944">
    <p class='ocr_par' dir='ltr' id='par_1_73' title="bbox 2225 2862 3690 2944">
     <span class='ocr_line' id='line_1_74' title="bbox 2225 2862 3690 2944; baseline 0.007 -28"><span class='ocrx_word' id='word_1_484' title='bbox 2225 2874 2414 2916; x_wconf 86' lang='lat' dir='ltr'><strong>verum</strong></span> <span class='ocrx_word' id='word_1_485' title='bbox 2450 2862 2976 2936; x_wconf 84' lang='lat' dir='ltr'><strong>Christianissimum</strong></span> <span class='ocrx_word' id='word_1_486' title='bbox 3013 2868 3254 2944; x_wconf 78' lang='lat' dir='ltr'><strong>libenter</strong></span> <span class='ocrx_word' id='word_1_487' title='bbox 3285 2873 3690 2940; x_wconf 72' lang='lat' dir='ltr'><strong>servent,eteoclt-</strong></span> 
     </span>
    </p>
   </div>
   <div class='ocr_carea' id='block_1_74' title="bbox 2226 2950 3689 3036">
    <p class='ocr_par' dir='ltr' id='par_1_74' title="bbox 2226 2950 3689 3036">
     <span class='ocr_line' id='line_1_75' title="bbox 2226 2950 3689 3036; baseline 0.006 -28"><span class='ocrx_word' id='word_1_488' title='bbox 2226 2950 2480 3026; x_wconf 84' lang='lat' dir='ltr'><strong>siasticos</strong></span> <span class='ocrx_word' id='word_1_489' title='bbox 2506 2957 2754 3021; x_wconf 85' lang='lat' dir='ltr'><strong>doctores</strong></span> <span class='ocrx_word' id='word_1_490' title='bbox 2781 2961 3247 3036; x_wconf 75' lang='lat' dir='ltr'><strong>seduloaudiaut,</strong></span> <span class='ocrx_word' id='word_1_491' title='bbox 3290 2976 3346 3022; x_wconf 84' lang='lat' dir='ltr'><strong>et</strong></span> <span class='ocrx_word' id='word_1_492' title='bbox 3381 2966 3464 3021; x_wconf 87' lang='lat' dir='ltr'><strong>Dei</strong></span> <span class='ocrx_word' id='word_1_493' title='bbox 3483 2965 3689 3021; x_wconf 70' lang='lat' dir='ltr'><strong>doctrinam</strong></span> 
     </span>
    </p>
   </div>
   <div class='ocr_carea' id='block_1_75' title="bbox 2224 3045 3692 3127">
    <p class='ocr_par' dir='ltr' id='par_1_75' title="bbox 2224 3045 3692 3127">
     <span class='ocr_line' id='line_1_76' title="bbox 2224 3045 3692 3127; baseline 0.009 -28"><span class='ocrx_word' id='word_1_494' title='bbox 2224 3058 2289 3108; x_wconf 80' lang='lat' dir='ltr'><strong>ac</strong></span> <span class='ocrx_word' id='word_1_495' title='bbox 2326 3045 2473 3118; x_wconf 81' lang='lat' dir='ltr'><strong>leges</strong></span> <span class='ocrx_word' id='word_1_496' title='bbox 2515 3048 2952 3122; x_wconf 84' lang='lat' dir='ltr'><strong>contemplemur</strong></span> <span class='ocrx_word' id='word_1_497' title='bbox 2994 3068 3060 3110; x_wconf 87' lang='lat' dir='ltr'><strong>ac</strong></span> <span class='ocrx_word' id='word_1_498' title='bbox 3104 3065 3501 3127; x_wconf 87' lang='lat' dir='ltr'><strong>perscrutentur</strong></span> <span class='ocrx_word' id='word_1_499' title='bbox 3541 3067 3692 3126; x_wconf 62' lang='grc' dir='ltr'><strong>ξενία</strong></span> 
     </span>
    </p>
   </div>
   <div class='ocr_carea' id='block_1_76' title="bbox 2224 3135 3254 3211">
    <p class='ocr_par' dir='ltr' id='par_1_76' title="bbox 2224 3135 3254 3211">
     <span class='ocr_line' id='line_1_77' title="bbox 2224 3135 3254 3211; baseline 0.009 -20"><span class='ocrx_word' id='word_1_500' title='bbox 2224 3135 2420 3193; x_wconf 86' lang='lat' dir='ltr'><strong>crebro</strong></span> <span class='ocrx_word' id='word_1_501' title='bbox 2443 3140 2720 3211; x_wconf 87' lang='lat' dir='ltr'><strong>propriam</strong></span> <span class='ocrx_word' id='word_1_502' title='bbox 2748 3156 2903 3198; x_wconf 90' lang='lat' dir='ltr'><strong>suam</strong></span> <span class='ocrx_word' id='word_1_503' title='bbox 2929 3143 3254 3202; x_wconf 89' lang='lat' dir='ltr'><strong>utilitatem.</strong></span> 
     </span>
    </p>
   </div>
   <div class='ocr_carea' id='block_1_77' title="bbox 2293 3248 3655 3382">
    <p class='ocr_par' dir='ltr' id='par_1_77' title="bbox 2293 3248 3655 3382">
     <span class='ocr_line' id='line_1_78' title="bbox 2293 3248 3655 3382; baseline 0.007 -80"><span class='ocrx_word' id='word_1_504' title='bbox 2293 3248 2460 3306; x_wconf 71' lang='lat' dir='ltr'><strong>XXII.</strong></span> <span class='ocrx_word' id='word_1_505' title='bbox 2500 3250 2571 3307; x_wconf 87' lang='lat' dir='ltr'><strong>Ut</strong></span> <span class='ocrx_word' id='word_1_506' title='bbox 2622 3251 2927 3321; x_wconf 82' lang='lat' dir='ltr'><strong>Orationem</strong></span> <span class='ocrx_word' id='word_1_507' title='bbox 2959 3256 3314 3382; x_wconf 56' lang='lat' dir='ltr'><strong>&quot;Dont‘inicam</strong></span> <span class='ocrx_word' id='word_1_508' title='bbox 3344 3273 3389 3315; x_wconf 82' lang='lat' dir='ltr'><strong>et</strong></span> <span class='ocrx_word' id='word_1_509' title='bbox 3430 3259 3655 3332; x_wconf 65' lang='lat' dir='ltr'><strong>Symbolu-</strong></span> 
     </span>
     <span class='ocr_line' id='line_1_79' title="bbox 2893 3342 3144 3382; baseline 0.012 -2"><span class='ocrx_word' id='word_1_510' title='bbox 2893 3342 2954 3380; x_wconf 84' lang='lat' dir='ltr'><strong>ca</strong></span> <span class='ocrx_word' id='word_1_511' title='bbox 3001 3344 3098 3382; x_wconf 88' lang='lat' dir='ltr'><strong>ean</strong></span> <span class='ocrx_word' id='word_1_512' title='bbox 3130 3370 3144 3382; x_wconf 94' lang='lat'><strong>.</strong></span> 
     </span>
    </p>
   </div>
   <div class='ocr_carea' id='block_1_78' title="bbox 2893 3342 3144 3383">
    <p class='ocr_par' dir='ltr' id='par_1_78' title="bbox 2893 3342 3144 3383">
     <span class='ocr_line' id='line_1_80' title="bbox 2893 3342 3144 3383; baseline 0.012 -3"><span class='ocrx_word' id='word_1_513' title='bbox 2893 3342 3144 3383; x_wconf 85' lang='lat' dir='ltr'><strong>caueant.</strong></span> 
     </span>
    </p>
   </div>
   <div class='ocr_carea' id='block_1_79' title="bbox 2293 3409 3783 3489">
    <p class='ocr_par' dir='ltr' id='par_1_79' title="bbox 2293 3409 3783 3489">
     <span class='ocr_line' id='line_1_81' title="bbox 2293 3409 3783 3489; baseline 0.006 -25"><span class='ocrx_word' id='word_1_514' title='bbox 2293 3409 2562 3468; x_wconf 75' lang='lat' dir='ltr'><strong>Iocemus</strong></span> <span class='ocrx_word' id='word_1_515' title='bbox 2597 3413 2760 3488; x_wconf 88' lang='lat' dir='ltr'><strong>etiam</strong></span> <span class='ocrx_word' id='word_1_516' title='bbox 2789 3424 2847 3470; x_wconf 90' lang='lat' dir='ltr'><strong>ut</strong></span> <span class='ocrx_word' id='word_1_517' title='bbox 2874 3417 3103 3489; x_wconf 89' lang='lat' dir='ltr'><strong>quilibet</strong></span> <span class='ocrx_word' id='word_1_518' title='bbox 3129 3419 3462 3479; x_wconf 85' lang='lat' dir='ltr'><strong>Christianus</strong></span> <span class='ocrx_word' id='word_1_519' title='bbox 3501 3423 3691 3483; x_wconf 62' lang='lat' dir='ltr'><strong>discum</strong></span> <span class='ocrx_word' id='word_1_520' title='bbox 3782 3443 3783 3488; x_wconf 55' lang='lat'>1</span> 
     </span>
    </p>
   </div>
   <div class='ocr_carea' id='block_1_80' title="bbox 2221 3495 3695 3585">
    <p class='ocr_par' dir='ltr' id='par_1_80' title="bbox 2221 3495 3695 3585">
     <span class='ocr_line' id='line_1_82' title="bbox 2221 3495 3695 3585; baseline 0.004 -30"><span class='ocrx_word' id='word_1_521' title='bbox 2221 3501 2412 3573; x_wconf 83' lang='lat' dir='ltr'><strong>saltem</strong></span> <span class='ocrx_word' id='word_1_522' title='bbox 2445 3505 2616 3581; x_wconf 87' lang='lat' dir='ltr'><strong>possit</strong></span> <span class='ocrx_word' id='word_1_523' title='bbox 2643 3521 2828 3573; x_wconf 77' lang='lat' dir='ltr'><strong>veram</strong></span> <span class='ocrx_word' id='word_1_524' title='bbox 2865 3495 3030 3566; x_wconf 80' lang='lat' dir='ltr'><strong>tidem</strong></span> <span class='ocrx_word' id='word_1_525' title='bbox 3056 3521 3210 3575; x_wconf 84' lang='lat' dir='ltr'><strong>recte</strong></span> <span class='ocrx_word' id='word_1_526' title='bbox 3235 3510 3695 3585; x_wconf 65' lang='lat' dir='ltr'><strong>intelligereetl’un</strong></span> 
     </span>
    </p>
   </div>
   <div class='ocr_carea' id='block_1_81' title="bbox 2221 3595 3783 3690">
    <p class='ocr_par' dir='ltr' id='par_1_81' title="bbox 2221 3595 3783 3690">
     <span class='ocr_line' id='line_1_83' title="bbox 2221 3595 3783 3690; baseline 0.006 -42"><span class='ocrx_word' id='word_1_527' title='bbox 2221 3605 2398 3649; x_wconf 80' lang='lat' dir='ltr'><strong>noster</strong></span> <span class='ocrx_word' id='word_1_528' title='bbox 2425 3611 2487 3652; x_wconf 90' lang='lat' dir='ltr'><strong>ac</strong></span> <span class='ocrx_word' id='word_1_529' title='bbox 2516 3595 2685 3653; x_wconf 79' lang='lat' dir='ltr'><strong>Credo</strong></span> <span class='ocrx_word' id='word_1_530' title='bbox 2727 3599 2920 3666; x_wconf 87' lang='lat' dir='ltr'><strong>discat,</strong></span> <span class='ocrx_word' id='word_1_531' title='bbox 2959 3605 3226 3672; x_wconf 90' lang='lat' dir='ltr'><strong>quoniam</strong></span> <span class='ocrx_word' id='word_1_532' title='bbox 3271 3623 3377 3661; x_wconf 89' lang='lat' dir='ltr'><strong>uno</strong></span> <span class='ocrx_word' id='word_1_533' title='bbox 3406 3605 3695 3690; x_wconf 80' lang='lat' dir='ltr'><strong>quilibetChri-</strong></span> <span class='ocrx_word' id='word_1_534' title='bbox 3782 3613 3783 3658; x_wconf 68' lang='grc' dir='ltr'><em>ἲ</em></span> 
     </span>
    </p>
   </div>
   <div class='ocr_carea' id='block_1_82' title="bbox 2219 3685 3783 3761">
    <p class='ocr_par' dir='ltr' id='par_1_82' title="bbox 2219 3685 3783 3761">
     <span class='ocr_line' id='line_1_84' title="bbox 2219 3685 3783 3761; baseline 0.005 -21"><span class='ocrx_word' id='word_1_535' title='bbox 2219 3685 2430 3743; x_wconf 88' lang='lat' dir='ltr'><strong>stianus</strong></span> <span class='ocrx_word' id='word_1_536' title='bbox 2479 3689 2649 3744; x_wconf 91' lang='lat' dir='ltr'><strong>Deum</strong></span> <span class='ocrx_word' id='word_1_537' title='bbox 2695 3690 3010 3761; x_wconf 87' lang='lat' dir='ltr'><strong>implorare,</strong></span> <span class='ocrx_word' id='word_1_538' title='bbox 3074 3704 3130 3750; x_wconf 91' lang='lat' dir='ltr'><strong>et</strong></span> <span class='ocrx_word' id='word_1_539' title='bbox 3184 3696 3367 3753; x_wconf 85' lang='lat' dir='ltr'><strong>altero</strong></span> <span class='ocrx_word' id='word_1_540' title='bbox 3411 3685 3562 3753; x_wconf 75' lang='lat' dir='ltr'><strong>veram</strong></span> <span class='ocrx_word' id='word_1_541' title='bbox 3598 3695 3694 3749; x_wconf 75' lang='lat' dir='ltr'><strong>ﬁdem</strong></span> <span class='ocrx_word' id='word_1_542' title='bbox 3782 3733 3783 3744; x_wconf 36' lang='grc' dir='ltr'>χ</span> 
     </span>
    </p>
   </div>
   <div class='ocr_carea' id='block_1_83' title="bbox 2218 3780 3696 3864">
    <p class='ocr_par' dir='ltr' id='par_1_83' title="bbox 2218 3780 3696 3864">
     <span class='ocr_line' id='line_1_85' title="bbox 2218 3780 3696 3864; baseline 0.004 -31"><span class='ocrx_word' id='word_1_543' title='bbox 2218 3782 2506 3858; x_wconf 89' lang='lat' dir='ltr'><strong>ostendere</strong></span> <span class='ocrx_word' id='word_1_544' title='bbox 2533 3780 2713 3836; x_wconf 89' lang='lat' dir='ltr'><strong>debet.</strong></span> <span class='ocrx_word' id='word_1_545' title='bbox 2760 3783 3011 3840; x_wconf 86' lang='lat' dir='ltr'><strong>Christus</strong></span> <span class='ocrx_word' id='word_1_546' title='bbox 3057 3787 3172 3858; x_wconf 92' lang='lat' dir='ltr'><strong>ipse</strong></span> <span class='ocrx_word' id='word_1_547' title='bbox 3228 3792 3418 3864; x_wconf 81' lang='lat' dir='ltr'><strong>orabat</strong></span> <span class='ocrx_word' id='word_1_548' title='bbox 3459 3788 3580 3861; x_wconf 85' lang='lat' dir='ltr'><strong>prius</strong></span> <span class='ocrx_word' id='word_1_549' title='bbox 3599 3785 3696 3839; x_wconf 74' lang='lat' dir='ltr'><strong>Pun</strong></span> 
     </span>
    </p>
   </div>
   <div class='ocr_carea' id='block_1_84' title="bbox 2219 3855 3695 3950">
    <p class='ocr_par' dir='ltr' id='par_1_84' title="bbox 2219 3855 3695 3950">
     <span class='ocr_line' id='line_1_86' title="bbox 2219 3855 3695 3950; baseline 0.006 -26"><span class='ocrx_word' id='word_1_550' title='bbox 2219 3855 2415 3939; x_wconf 78' lang='lat' dir='ltr'><strong>noster,</strong></span> <span class='ocrx_word' id='word_1_551' title='bbox 2449 3879 2506 3930; x_wconf 89' lang='lat' dir='ltr'><strong>et</strong></span> <span class='ocrx_word' id='word_1_552' title='bbox 2544 3871 2687 3927; x_wconf 90' lang='lat' dir='ltr'><strong>hanc</strong></span> <span class='ocrx_word' id='word_1_553' title='bbox 2722 3873 3029 3949; x_wconf 83' lang='lat' dir='ltr'><strong>orationem</strong></span> <span class='ocrx_word' id='word_1_554' title='bbox 3077 3855 3383 3950; x_wconf 73' lang='lat' dir='ltr'><strong>discipulos</strong></span> <span class='ocrx_word' id='word_1_555' title='bbox 3423 3855 3529 3934; x_wconf 75' lang='lat' dir='ltr'><strong>suos</strong></span> <span class='ocrx_word' id='word_1_556' title='bbox 3551 3875 3695 3932; x_wconf 62' lang='lat' dir='ltr'><strong>docebat</strong></span> 
     </span>
    </p>
   </div>
   <div class='ocr_carea' id='block_1_85' title="bbox 2218 3961 3697 4042">
    <p class='ocr_par' dir='ltr' id='par_1_85' title="bbox 2218 3961 3697 4042">
     <span class='ocr_line' id='line_1_87' title="bbox 2218 3961 3697 4042; baseline 0.005 -28"><span class='ocrx_word' id='word_1_557' title='bbox 2218 3961 2436 4042; x_wconf 73' lang='lat' dir='ltr'><strong>(Matth.</strong></span> <span class='ocrx_word' id='word_1_558' title='bbox 2468 3961 2566 4034; x_wconf 77' lang='lat' dir='ltr'><strong>v1).</strong></span> <span class='ocrx_word' id='word_1_559' title='bbox 2620 3964 2689 4018; x_wconf 88' lang='lat' dir='ltr'><strong>Et</strong></span> <span class='ocrx_word' id='word_1_560' title='bbox 2736 3964 2791 4020; x_wconf 92' lang='lat' dir='ltr'><strong>in</strong></span> <span class='ocrx_word' id='word_1_561' title='bbox 2843 3967 3091 4040; x_wconf 78' lang='lat' dir='ltr'><strong>oratione</strong></span> <span class='ocrx_word' id='word_1_562' title='bbox 3130 3970 3237 4025; x_wconf 90' lang='lat' dir='ltr'><strong>hac</strong></span> <span class='ocrx_word' id='word_1_563' title='bbox 3289 3972 3604 4032; x_wconf 81' lang='lat' dir='ltr'><strong>ecclesiastica</strong></span> <span class='ocrx_word' id='word_1_564' title='bbox 3624 3977 3697 4022; x_wconf 67' lang='lat' dir='ltr'><strong>mi</strong></span> 
     </span>
    </p>
   </div>
   <div class='ocr_carea' id='block_1_86' title="bbox 2218 4055 3783 4142">
    <p class='ocr_par' dir='ltr' id='par_1_86' title="bbox 2218 4055 3783 4142">
     <span class='ocr_line' id='line_1_88' title="bbox 2218 4055 3783 4142; baseline 0 -36"><span class='ocrx_word' id='word_1_565' title='bbox 2218 4059 2426 4125; x_wconf 82' lang='lat' dir='ltr'><strong>septem</strong></span> <span class='ocrx_word' id='word_1_566' title='bbox 2457 4055 2767 4130; x_wconf 82' lang='lat' dir='ltr'><strong>petitiones,</strong></span> <span class='ocrx_word' id='word_1_567' title='bbox 2801 4056 2944 4114; x_wconf 91' lang='lat' dir='ltr'><strong>hanc</strong></span> <span class='ocrx_word' id='word_1_568' title='bbox 2975 4058 3020 4127; x_wconf 86' lang='lat' dir='ltr'><strong>si</strong></span> <span class='ocrx_word' id='word_1_569' title='bbox 3054 4062 3176 4129; x_wconf 88' lang='lat' dir='ltr'><strong>quis</strong></span> <span class='ocrx_word' id='word_1_570' title='bbox 3224 4078 3296 4117; x_wconf 77' lang='lat' dir='ltr'><strong>ex</strong></span> <span class='ocrx_word' id='word_1_571' title='bbox 3340 4064 3506 4117; x_wconf 85' lang='lat' dir='ltr'><strong>animo</strong></span> <span class='ocrx_word' id='word_1_572' title='bbox 3527 4058 3694 4116; x_wconf 71' lang='lat' dir='ltr'><strong>oraverit,</strong></span> <span class='ocrx_word' id='word_1_573' title='bbox 3782 4139 3783 4142; x_wconf 8' lang='grc' dir='ltr'><strong>η</strong></span> 
     </span>
    </p>
   </div>
   <div class='ocr_carea' id='block_1_87' title="bbox 2217 4143 3696 4224">
    <p class='ocr_par' dir='ltr' id='par_1_87' title="bbox 2217 4143 3696 4224">
     <span class='ocr_line' id='line_1_89' title="bbox 2217 4143 3696 4224; baseline -0.005 -20"><span class='ocrx_word' id='word_1_574' title='bbox 2217 4143 2470 4216; x_wconf 82' lang='lat' dir='ltr'><strong>nuntium</strong></span> <span class='ocrx_word' id='word_1_575' title='bbox 2499 4159 2716 4215; x_wconf 88' lang='lat' dir='ltr'><strong>semper</strong></span> <span class='ocrx_word' id='word_1_576' title='bbox 2741 4148 2906 4218; x_wconf 87' lang='lat' dir='ltr'><strong>mittit</strong></span> <span class='ocrx_word' id='word_1_577' title='bbox 2935 4152 3000 4203; x_wconf 92' lang='lat' dir='ltr'><strong>ad</strong></span> <span class='ocrx_word' id='word_1_578' title='bbox 3045 4151 3213 4220; x_wconf 83' lang='lat' dir='ltr'><strong>Deum</strong></span> <span class='ocrx_word' id='word_1_579' title='bbox 3241 4153 3410 4224; x_wconf 78' lang='lat' dir='ltr'><strong>ipsum</strong></span> <span class='ocrx_word' id='word_1_580' title='bbox 3438 4165 3521 4223; x_wconf 88' lang='lat' dir='ltr'><strong>pro</strong></span> <span class='ocrx_word' id='word_1_581' title='bbox 3542 4146 3696 4220; x_wconf 69' lang='lat' dir='ltr'><strong>quolilxt</strong></span> 
     </span>
    </p>
   </div>
   <div class='ocr_carea' id='block_1_88' title="bbox 2214 4234 3694 4309">
    <p class='ocr_par' dir='ltr' id='par_1_88' title="bbox 2214 4234 3694 4309">
     <span class='ocr_line' id='line_1_90' title="bbox 2214 4234 3694 4309; baseline 0.003 -22"><span class='ocrx_word' id='word_1_582' title='bbox 2214 4234 2502 4289; x_wconf 91' lang='lat' dir='ltr'><strong>commodo</strong></span> <span class='ocrx_word' id='word_1_583' title='bbox 2543 4236 2686 4305; x_wconf 90' lang='lat' dir='ltr'><strong>quod</strong></span> <span class='ocrx_word' id='word_1_584' title='bbox 2731 4237 2832 4309; x_wconf 86' lang='lat' dir='ltr'><strong>ipsi</strong></span> <span class='ocrx_word' id='word_1_585' title='bbox 2885 4241 3261 4308; x_wconf 87' lang='lat' dir='ltr'><strong>necessarium</strong></span> <span class='ocrx_word' id='word_1_586' title='bbox 3290 4251 3394 4306; x_wconf 89' lang='lat' dir='ltr'><strong>est,</strong></span> <span class='ocrx_word' id='word_1_587' title='bbox 3439 4241 3536 4296; x_wconf 75' lang='lat' dir='ltr'><strong>Sive</strong></span> <span class='ocrx_word' id='word_1_588' title='bbox 3565 4243 3603 4293; x_wconf 82' lang='lat' dir='ltr'><strong>in</strong></span> <span class='ocrx_word' id='word_1_589' title='bbox 3637 4236 3694 4287; x_wconf 61' lang='lat' dir='ltr'><strong>hac</strong></span> 
     </span>
    </p>
   </div>
   <div class='ocr_carea' id='block_1_89' title="bbox 2215 4321 3695 4404">
    <p class='ocr_par' dir='ltr' id='par_1_89' title="bbox 2215 4321 3695 4404">
     <span class='ocr_line' id='line_1_91' title="bbox 2215 4321 3695 4404; baseline 0.002 -29"><span class='ocrx_word' id='word_1_590' title='bbox 2215 4321 2350 4390; x_wconf 85' lang='lat' dir='ltr'><strong>vita,</strong></span> <span class='ocrx_word' id='word_1_591' title='bbox 2375 4324 2489 4379; x_wconf 88' lang='lat' dir='ltr'><strong>sive</strong></span> <span class='ocrx_word' id='word_1_592' title='bbox 2519 4327 2573 4396; x_wconf 86' lang='lat' dir='ltr'><strong>in</strong></span> <span class='ocrx_word' id='word_1_593' title='bbox 2601 4328 2804 4403; x_wconf 81' lang='lat' dir='ltr'><strong>futura.</strong></span> <span class='ocrx_word' id='word_1_594' title='bbox 2848 4327 2955 4384; x_wconf 86' lang='lat' dir='ltr'><strong>Sed</strong></span> <span class='ocrx_word' id='word_1_595' title='bbox 2998 4333 3278 4399; x_wconf 87' lang='lat' dir='ltr'><strong>quomodo</strong></span> <span class='ocrx_word' id='word_1_596' title='bbox 3305 4334 3426 4404; x_wconf 91' lang='lat' dir='ltr'><strong>quis</strong></span> <span class='ocrx_word' id='word_1_597' title='bbox 3463 4342 3639 4400; x_wconf 75' lang='lat' dir='ltr'><strong>unquam</strong></span> <span class='ocrx_word' id='word_1_598' title='bbox 3656 4338 3695 4379; x_wconf 73' lang='lat' dir='ltr'><strong>et</strong></span> 
     </span>
    </p>
   </div>
   <div class='ocr_carea' id='block_1_90' title="bbox 528 4380 3695 4492">
    <p class='ocr_par' dir='ltr' id='par_1_90' title="bbox 528 4380 3695 4492">
     <span class='ocr_line' id='line_1_92' title="bbox 528 4380 3695 4492; baseline 0.009 -50"><span class='ocrx_word' id='word_1_599' title='bbox 528 4380 739 4470; x_wconf 78' lang='lat' dir='ltr'><strong>stianus</strong></span> <span class='ocrx_word' id='word_1_600' title='bbox 761 4388 1025 4471; x_wconf 70' lang='lat' dir='ltr'><strong>intelligat</strong></span> <span class='ocrx_word' id='word_1_601' title='bbox 1045 4395 1232 4471; x_wconf 73' lang='lat' dir='ltr'><strong>sedulo,</strong></span> <span class='ocrx_word' id='word_1_602' title='bbox 1265 4399 1540 4480; x_wconf 88' lang='lat' dir='ltr'><strong>proprium</strong></span> <span class='ocrx_word' id='word_1_603' title='bbox 1564 4380 2108 4481; x_wconf 26' lang='lat' dir='ltr'><strong>suumvcommodum.</strong></span> <span class='ocrx_word' id='word_1_604' title='bbox 2137 4417 2189 4484; x_wconf 67' lang='grc' dir='ltr'><strong>Π</strong></span> <span class='ocrx_word' id='word_1_605' title='bbox 2215 4380 2398 4471; x_wconf 50' lang='lat' dir='ltr'><strong>animo</strong></span> <span class='ocrx_word' id='word_1_606' title='bbox 2423 4417 2491 4472; x_wconf 77' lang='lat' dir='ltr'><strong>ad</strong></span> <span class='ocrx_word' id='word_1_607' title='bbox 2537 4380 2912 4478; x_wconf 15' lang='lat' dir='ltr'><strong>Deut-morai;</strong></span> <span class='ocrx_word' id='word_1_608' title='bbox 2929 4380 3574 4492; x_wconf 36' lang='lat' dir='ltr'><strong>“pgleszvnisijinternain</strong></span> <span class='ocrx_word' id='word_1_609' title='bbox 3597 4420 3695 4473; x_wconf 69' lang='lat' dir='ltr'><strong>lustret</strong></span> 
     </span>
    </p>
   </div>
   <div class='ocr_carea' id='block_1_91' title="bbox 525 4466 2105 4565">
    <p class='ocr_par' dir='ltr' id='par_1_91' title="bbox 525 4466 2105 4565">
     <span class='ocr_line' id='line_1_93' title="bbox 525 4466 2105 4565; baseline 0.01 -36"><span class='ocrx_word' id='word_1_610' title='bbox 525 4466 664 4558; x_wconf 43' lang='lat' dir='ltr'><strong>Ante</strong></span> <span class='ocrx_word' id='word_1_611' title='bbox 711 4466 913 4560; x_wconf 69' lang='lat' dir='ltr'><strong>omnia</strong></span> <span class='ocrx_word' id='word_1_612' title='bbox 952 4466 1178 4552; x_wconf 82' lang='lat' dir='ltr'><strong>tempus</strong></span> <span class='ocrx_word' id='word_1_613' title='bbox 1219 4466 1447 4565; x_wconf 81' lang='lat' dir='ltr'><strong>aliquod</strong></span> <span class='ocrx_word' id='word_1_614' title='bbox 1476 4469 1792 4563; x_wconf 75' lang='lat' dir='ltr'><strong>exspectare</strong></span> <span class='ocrx_word' id='word_1_615' title='bbox 1821 4478 2105 4556; x_wconf 84' lang='lat' dir='ltr'><strong>debemus,</strong></span> 
     </span>
    </p>
   </div>
   <div class='ocr_carea' id='block_1_92' title="bbox 525 4573 2109 4655">
    <p class='ocr_par' dir='ltr' id='par_1_92' title="bbox 525 4573 2109 4655">
     <span class='ocr_line' id='line_1_94' title="bbox 525 4573 2109 4655; baseline 0.01 -32"><span class='ocrx_word' id='word_1_616' title='bbox 525 4588 647 4625; x_wconf 80' lang='lat' dir='ltr'><strong>cum</strong></span> <span class='ocrx_word' id='word_1_617' title='bbox 676 4573 840 4645; x_wconf 76' lang='lat' dir='ltr'><strong>quod,</strong></span> <span class='ocrx_word' id='word_1_618' title='bbox 869 4575 1104 4644; x_wconf 85' lang='lat' dir='ltr'><strong>quandiu</strong></span> <span class='ocrx_word' id='word_1_619' title='bbox 1132 4578 1426 4648; x_wconf 91' lang='lat' dir='ltr'><strong>potuimus,</strong></span> <span class='ocrx_word' id='word_1_620' title='bbox 1451 4581 1793 4650; x_wconf 90' lang='lat' dir='ltr'><strong>paruerimus</strong></span> <span class='ocrx_word' id='word_1_621' title='bbox 1822 4584 2109 4655; x_wconf 82' lang='lat' dir='ltr'><strong>diligenter</strong></span> 
     </span>
    </p>
   </div>
   <div class='ocr_carea' id='block_1_93' title="bbox 523 4664 2106 4747">
    <p class='ocr_par' dir='ltr' id='par_1_93' title="bbox 523 4664 2106 4747">
     <span class='ocr_line' id='line_1_95' title="bbox 523 4664 2106 4747; baseline 0.011 -32"><span class='ocrx_word' id='word_1_622' title='bbox 523 4664 791 4746; x_wconf 81' lang='lat' dir='ltr'><strong>voluntati</strong></span> <span class='ocrx_word' id='word_1_623' title='bbox 819 4664 936 4732; x_wconf 89' lang='lat' dir='ltr'><strong>Dei,</strong></span> <span class='ocrx_word' id='word_1_624' title='bbox 966 4668 1124 4744; x_wconf 83' lang='lat' dir='ltr'><strong>nubis</strong></span> <span class='ocrx_word' id='word_1_625' title='bbox 1168 4671 1375 4747; x_wconf 84' lang='lat' dir='ltr'><strong>gratius</strong></span> <span class='ocrx_word' id='word_1_626' title='bbox 1401 4673 1508 4726; x_wconf 87' lang='lat' dir='ltr'><strong>erit</strong></span> <span class='ocrx_word' id='word_1_627' title='bbox 1533 4688 1696 4743; x_wconf 91' lang='lat' dir='ltr'><strong>quam</strong></span> <span class='ocrx_word' id='word_1_628' title='bbox 1747 4689 1910 4730; x_wconf 91' lang='lat' dir='ltr'><strong>omne</strong></span> <span class='ocrx_word' id='word_1_629' title='bbox 1958 4677 2106 4746; x_wconf 91' lang='lat' dir='ltr'><strong>quod</strong></span> 
     </span>
    </p>
   </div>
   <div class='ocr_carea' id='block_1_94' title="bbox 525 4742 2104 4835">
    <p class='ocr_par' dir='ltr' id='par_1_94' title="bbox 525 4742 2104 4835">
     <span class='ocr_line' id='line_1_96' title="bbox 525 4742 2104 4835; baseline 0.009 -28"><span class='ocrx_word' id='word_1_630' title='bbox 525 4754 578 4834; x_wconf 83' lang='lat' dir='ltr'><strong>in</strong></span> <span class='ocrx_word' id='word_1_631' title='bbox 623 4742 734 4811; x_wconf 86' lang='lat' dir='ltr'><strong>toto</strong></span> <span class='ocrx_word' id='word_1_632' title='bbox 786 4756 917 4813; x_wconf 90' lang='lat' dir='ltr'><strong>orbe</strong></span> <span class='ocrx_word' id='word_1_633' title='bbox 947 4769 1051 4814; x_wconf 92' lang='lat' dir='ltr'><strong>est.</strong></span> <span class='ocrx_word' id='word_1_634' title='bbox 1103 4742 1209 4815; x_wconf 85' lang='lat' dir='ltr'><strong>Sed</strong></span> <span class='ocrx_word' id='word_1_635' title='bbox 1259 4743 1387 4818; x_wconf 80' lang='lat' dir='ltr'><strong>tunc</strong></span> <span class='ocrx_word' id='word_1_636' title='bbox 1448 4742 1746 4835; x_wconf 81' lang='lat' dir='ltr'><strong>simplicem</strong></span> <span class='ocrx_word' id='word_1_637' title='bbox 1800 4766 2104 4821; x_wconf 89' lang='lat' dir='ltr'><strong>mercedem</strong></span> 
     </span>
    </p>
   </div>
   <div class='ocr_carea' id='block_1_95' title="bbox 524 4847 2102 4932">
    <p class='ocr_par' dir='ltr' id='par_1_95' title="bbox 524 4847 2102 4932">
     <span class='ocr_line' id='line_1_97' title="bbox 524 4847 2102 4932; baseline 0.011 -34"><span class='ocrx_word' id='word_1_638' title='bbox 524 4847 726 4925; x_wconf 81' lang='lat' dir='ltr'><strong>habere</strong></span> <span class='ocrx_word' id='word_1_639' title='bbox 753 4849 1014 4922; x_wconf 82' lang='lat' dir='ltr'><strong>debemus</strong></span> <span class='ocrx_word' id='word_1_640' title='bbox 1040 4850 1156 4920; x_wconf 91' lang='lat' dir='ltr'><strong>ejus</strong></span> <span class='ocrx_word' id='word_1_641' title='bbox 1201 4855 1345 4922; x_wconf 92' lang='lat' dir='ltr'><strong>quod</strong></span> <span class='ocrx_word' id='word_1_642' title='bbox 1404 4856 1459 4932; x_wconf 81' lang='lat' dir='ltr'><strong>in</strong></span> <span class='ocrx_word' id='word_1_643' title='bbox 1498 4857 1607 4912; x_wconf 85' lang='lat' dir='ltr'><strong>vita</strong></span> <span class='ocrx_word' id='word_1_644' title='bbox 1639 4868 1800 4930; x_wconf 80' lang='lat' dir='ltr'><strong>antea</strong></span> <span class='ocrx_word' id='word_1_645' title='bbox 1851 4859 2102 4927; x_wconf 85' lang='lat' dir='ltr'><strong>fecimus.</strong></span> 
     </span>
    </p>
   </div>
   <div class='ocr_carea' id='block_1_96' title="bbox 517 4935 2101 5020">
    <p class='ocr_par' dir='ltr' id='par_1_96' title="bbox 517 4935 2101 5020">
     <span class='ocr_line' id='line_1_98' title="bbox 517 4935 2101 5020; baseline 0.011 -29"><span class='ocrx_word' id='word_1_646' title='bbox 517 4935 668 4994; x_wconf 79' lang='lat' dir='ltr'><strong>Voce</strong></span> <span class='ocrx_word' id='word_1_647' title='bbox 692 4938 836 5020; x_wconf 87' lang='lat' dir='ltr'><strong>illius</strong></span> <span class='ocrx_word' id='word_1_648' title='bbox 863 4949 1018 5008; x_wconf 90' lang='lat' dir='ltr'><strong>tunc,</strong></span> <span class='ocrx_word' id='word_1_649' title='bbox 1045 4944 1135 5013; x_wconf 90' lang='lat' dir='ltr'><strong>qui</strong></span> <span class='ocrx_word' id='word_1_650' title='bbox 1165 4941 1587 5020; x_wconf 81' lang='lat' dir='ltr'><strong>promeruerunt</strong></span> <span class='ocrx_word' id='word_1_651' title='bbox 1617 4949 1812 5008; x_wconf 80' lang='lat' dir='ltr'><strong>inferni</strong></span> <span class='ocrx_word' id='word_1_652' title='bbox 1855 4953 2101 5009; x_wconf 89' lang='lat' dir='ltr'><strong>multam.</strong></span> 
     </span>
    </p>
   </div>
   <div class='ocr_carea' id='block_1_97' title="bbox 522 5016 2106 5110">
    <p class='ocr_par' dir='ltr' id='par_1_97' title="bbox 522 5016 2106 5110">
     <span class='ocr_line' id='line_1_99' title="bbox 522 5016 2106 5110; baseline 0.01 -26"><span class='ocrx_word' id='word_1_653' title='bbox 522 5027 628 5084; x_wconf 90' lang='lat' dir='ltr'><strong>Sed</strong></span> <span class='ocrx_word' id='word_1_654' title='bbox 656 5016 947 5110; x_wconf 83' lang='lat' dir='ltr'><strong>agendum,</strong></span> <span class='ocrx_word' id='word_1_655' title='bbox 974 5050 1136 5104; x_wconf 89' lang='lat' dir='ltr'><strong>quam</strong></span> <span class='ocrx_word' id='word_1_656' title='bbox 1161 5018 1573 5107; x_wconf 85' lang='lat' dir='ltr'><strong>diligentissime</strong></span> <span class='ocrx_word' id='word_1_657' title='bbox 1603 5055 1631 5094; x_wconf 92' lang='lat' dir='ltr'><strong>a</strong></span> <span class='ocrx_word' id='word_1_658' title='bbox 1652 5044 1888 5110; x_wconf 88' lang='lat' dir='ltr'><strong>peccatis</strong></span> <span class='ocrx_word' id='word_1_659' title='bbox 1914 5059 2106 5100; x_wconf 86' lang='lat' dir='ltr'><strong>rever--</strong></span> 
     </span>
    </p>
   </div>
   <div class='ocr_carea' id='block_1_98' title="bbox 523 5113 2100 5198">
    <p class='ocr_par' dir='ltr' id='par_1_98' title="bbox 523 5113 2100 5198">
     <span class='ocr_line' id='line_1_100' title="bbox 523 5113 2100 5198; baseline 0.013 -26"><span class='ocrx_word' id='word_1_660' title='bbox 523 5128 719 5187; x_wconf 85' lang='lat' dir='ltr'><strong>tamur,</strong></span> <span class='ocrx_word' id='word_1_661' title='bbox 751 5133 806 5192; x_wconf 88' lang='lat' dir='ltr'><strong>et</strong></span> <span class='ocrx_word' id='word_1_662' title='bbox 849 5125 1046 5198; x_wconf 89' lang='lat' dir='ltr'><strong>singuli</strong></span> <span class='ocrx_word' id='word_1_663' title='bbox 1088 5113 1286 5184; x_wconf 82' lang='lat' dir='ltr'><strong>delicta</strong></span> <span class='ocrx_word' id='word_1_664' title='bbox 1309 5139 1491 5185; x_wconf 89' lang='lat' dir='ltr'><strong>nostra</strong></span> <span class='ocrx_word' id='word_1_665' title='bbox 1536 5133 1872 5191; x_wconf 84' lang='lat' dir='ltr'><strong>conlessario</strong></span> <span class='ocrx_word' id='word_1_666' title='bbox 1916 5145 2100 5192; x_wconf 91' lang='lat' dir='ltr'><strong>nostra</strong></span> 
     </span>
    </p>
   </div>
   <div class='ocr_carea' id='block_1_99' title="bbox 519 5213 2104 5295">
    <p class='ocr_par' dir='ltr' id='par_1_99' title="bbox 519 5213 2104 5295">
     <span class='ocr_line' id='line_1_101' title="bbox 519 5213 2104 5295; baseline 0.013 -29"><span class='ocrx_word' id='word_1_667' title='bbox 519 5213 706 5293; x_wconf 85' lang='lat' dir='ltr'><strong>sedulo</strong></span> <span class='ocrx_word' id='word_1_668' title='bbox 740 5217 1120 5286; x_wconf 80' lang='lat' dir='ltr'><strong>conliteamur,</strong></span> <span class='ocrx_word' id='word_1_669' title='bbox 1153 5233 1210 5276; x_wconf 91' lang='lat' dir='ltr'><strong>ut</strong></span> <span class='ocrx_word' id='word_1_670' title='bbox 1236 5237 1453 5294; x_wconf 79' lang='lat' dir='ltr'><strong>semper</strong></span> <span class='ocrx_word' id='word_1_671' title='bbox 1493 5226 1880 5295; x_wconf 89' lang='lat' dir='ltr'><strong>abstineamus,</strong></span> <span class='ocrx_word' id='word_1_672' title='bbox 1910 5245 1976 5285; x_wconf 89' lang='lat' dir='ltr'><strong>ac</strong></span> <span class='ocrx_word' id='word_1_673' title='bbox 2018 5246 2104 5286; x_wconf 87' lang='lat' dir='ltr'><strong>se-</strong></span> 
     </span>
    </p>
   </div>
   <div class='ocr_carea' id='block_1_100' title="bbox 519 5306 2104 5395">
    <p class='ocr_par' dir='ltr' id='par_1_100' title="bbox 519 5306 2104 5395">
     <span class='ocr_line' id='line_1_102' title="bbox 519 5306 2104 5395; baseline 0.013 -33"><span class='ocrx_word' id='word_1_674' title='bbox 519 5306 644 5362; x_wconf 88' lang='lat' dir='ltr'><strong>dulo</strong></span> <span class='ocrx_word' id='word_1_675' title='bbox 671 5323 1110 5384; x_wconf 78' lang='lat' dir='ltr'><strong>compens‘emus.</strong></span> <span class='ocrx_word' id='word_1_676' title='bbox 1146 5316 1211 5380; x_wconf 83' lang='lat' dir='ltr'><strong>Et</strong></span> <span class='ocrx_word' id='word_1_677' title='bbox 1256 5319 1452 5390; x_wconf 85' lang='lat' dir='ltr'><strong>singuli</strong></span> <span class='ocrx_word' id='word_1_678' title='bbox 1483 5332 1728 5377; x_wconf 90' lang='lat' dir='ltr'><strong>nostrum</strong></span> <span class='ocrx_word' id='word_1_679' title='bbox 1779 5325 1900 5381; x_wconf 88' lang='lat' dir='ltr'><strong>aliis</strong></span> <span class='ocrx_word' id='word_1_680' title='bbox 1928 5325 2104 5395; x_wconf 89' lang='lat' dir='ltr'><strong>injun-</strong></span> 
     </span>
    </p>
   </div>
   <div class='ocr_carea' id='block_1_101' title="bbox 519 5403 2103 5489">
    <p class='ocr_par' dir='ltr' id='par_1_101' title="bbox 519 5403 2103 5489">
     <span class='ocr_line' id='line_1_103' title="bbox 519 5403 2103 5489; baseline 0.015 -38"><span class='ocrx_word' id='word_1_681' title='bbox 519 5412 711 5477; x_wconf 80' lang='lat' dir='ltr'><strong>gam&#39;ts</strong></span> <span class='ocrx_word' id='word_1_682' title='bbox 738 5405 882 5474; x_wconf 92' lang='lat' dir='ltr'><strong>quod</strong></span> <span class='ocrx_word' id='word_1_683' title='bbox 916 5405 1163 5464; x_wconf 89' lang='lat' dir='ltr'><strong>volumus</strong></span> <span class='ocrx_word' id='word_1_684' title='bbox 1196 5417 1254 5463; x_wconf 91' lang='lat' dir='ltr'><strong>ut</strong></span> <span class='ocrx_word' id='word_1_685' title='bbox 1300 5410 1454 5467; x_wconf 90' lang='lat' dir='ltr'><strong>nobis</strong></span> <span class='ocrx_word' id='word_1_686' title='bbox 1503 5412 1833 5489; x_wconf 83' lang='lat' dir='ltr'><strong>injungatur.</strong></span> <span class='ocrx_word' id='word_1_687' title='bbox 1865 5403 1990 5473; x_wconf 81' lang='lat' dir='ltr'><strong>llaec</strong></span> <span class='ocrx_word' id='word_1_688' title='bbox 2020 5429 2103 5474; x_wconf 91' lang='lat' dir='ltr'><strong>est</strong></span> 
     </span>
    </p>
   </div>
   <div class='ocr_carea' id='block_1_102' title="bbox 520 5487 2102 5575">
    <p class='ocr_par' dir='ltr' id='par_1_102' title="bbox 520 5487 2102 5575">
     <span class='ocr_line' id='line_1_104' title="bbox 520 5487 2102 5575; baseline 0.015 -33"><span class='ocrx_word' id='word_1_689' title='bbox 520 5487 604 5543; x_wconf 79' lang='lat' dir='ltr'><strong>lex</strong></span> <span class='ocrx_word' id='word_1_690' title='bbox 630 5487 796 5558; x_wconf 78' lang='lat' dir='ltr'><strong>j&#39;Jsta,</strong></span> <span class='ocrx_word' id='word_1_691' title='bbox 828 5504 883 5550; x_wconf 91' lang='lat' dir='ltr'><strong>et</strong></span> <span class='ocrx_word' id='word_1_692' title='bbox 925 5495 1036 5575; x_wconf 87' lang='lat' dir='ltr'><strong>Deo</strong></span> <span class='ocrx_word' id='word_1_693' title='bbox 1063 5499 1226 5553; x_wconf 88' lang='lat' dir='ltr'><strong>valde</strong></span> <span class='ocrx_word' id='word_1_694' title='bbox 1251 5510 1425 5571; x_wconf 86' lang='lat' dir='ltr'><strong>grata,</strong></span> <span class='ocrx_word' id='word_1_695' title='bbox 1458 5513 1513 5557; x_wconf 92' lang='lat' dir='ltr'><strong>et</strong></span> <span class='ocrx_word' id='word_1_696' title='bbox 1552 5487 1598 5560; x_wconf 89' lang='lat' dir='ltr'><strong>is</strong></span> <span class='ocrx_word' id='word_1_697' title='bbox 1626 5507 1730 5560; x_wconf 88' lang='lat' dir='ltr'><strong>erit</strong></span> <span class='ocrx_word' id='word_1_698' title='bbox 1757 5504 2102 5565; x_wconf 83' lang='lat' dir='ltr'><strong>felicissimus</strong></span> 
     </span>
    </p>
   </div>
   <div class='ocr_carea' id='block_1_103' title="bbox 516 5576 2101 5668">
    <p class='ocr_par' dir='ltr' id='par_1_103' title="bbox 516 5576 2101 5668">
     <span class='ocr_line' id='line_1_105' title="bbox 516 5576 2101 5668; baseline 0.017 -41"><span class='ocrx_word' id='word_1_699' title='bbox 516 5579 608 5652; x_wconf 78' lang='lat' dir='ltr'><strong>qui</strong></span> <span class='ocrx_word' id='word_1_700' title='bbox 637 5576 808 5649; x_wconf 81' lang='lat' dir='ltr'><strong>legem</strong></span> <span class='ocrx_word' id='word_1_701' title='bbox 842 5583 982 5639; x_wconf 91' lang='lat' dir='ltr'><strong>hanc</strong></span> <span class='ocrx_word' id='word_1_702' title='bbox 1026 5584 1345 5644; x_wconf 88' lang='lat' dir='ltr'><strong>servaverit.</strong></span> <span class='ocrx_word' id='word_1_703' title='bbox 1390 5589 1634 5663; x_wconf 83' lang='lat' dir='ltr'><strong>Namque</strong></span> <span class='ocrx_word' id='word_1_704' title='bbox 1670 5595 1810 5650; x_wconf 86' lang='lat' dir='ltr'><strong>Deus</strong></span> <span class='ocrx_word' id='word_1_705' title='bbox 1856 5599 2101 5668; x_wconf 90' lang='lat' dir='ltr'><strong>omnipo-</strong></span> 
     </span>
    </p>
   </div>
   <div class='ocr_carea' id='block_1_104' title="bbox 517 5673 2095 5762">
    <p class='ocr_par' dir='ltr' id='par_1_104' title="bbox 517 5673 2095 5762">
     <span class='ocr_line' id='line_1_106' title="bbox 517 5673 2095 5762; baseline 0.014 -36"><span class='ocrx_word' id='word_1_706' title='bbox 517 5677 640 5749; x_wconf 79' lang='lat' dir='ltr'><strong>teus</strong></span> <span class='ocrx_word' id='word_1_707' title='bbox 672 5687 769 5728; x_wconf 87' lang='lat' dir='ltr'><strong>nos</strong></span> <span class='ocrx_word' id='word_1_708' title='bbox 813 5689 1002 5757; x_wconf 85' lang='lat' dir='ltr'><strong>omnes</strong></span> <span class='ocrx_word' id='word_1_709' title='bbox 1041 5682 1270 5748; x_wconf 86' lang='lat' dir='ltr'><strong>creavit,</strong></span> <span class='ocrx_word' id='word_1_710' title='bbox 1319 5691 1374 5739; x_wconf 87' lang='lat' dir='ltr'><strong>ct</strong></span> <span class='ocrx_word' id='word_1_711' title='bbox 1422 5684 1613 5761; x_wconf 83' lang='lat' dir='ltr'><strong>deinde</strong></span> <span class='ocrx_word' id='word_1_712' title='bbox 1661 5673 1854 5762; x_wconf 79' lang='lat' dir='ltr'><strong>magno</strong></span> <span class='ocrx_word' id='word_1_713' title='bbox 1903 5673 2095 5762; x_wconf 73' lang='lat' dir='ltr'><strong>pretio,</strong></span> 
     </span>
    </p>
   </div>
   <div class='ocr_carea' id='block_1_105' title="bbox 2211 4505 3695 4586">
    <p class='ocr_par' dir='ltr' id='par_1_105' title="bbox 2211 4505 3695 4586">
     <span class='ocr_line' id='line_1_107' title="bbox 2211 4505 3695 4586; baseline -0.003 -24"><span class='ocrx_word' id='word_1_714' title='bbox 2211 4507 2557 4580; x_wconf 86' lang='lat' dir='ltr'><strong>charitatem,</strong></span> <span class='ocrx_word' id='word_1_715' title='bbox 2586 4518 2644 4565; x_wconf 90' lang='lat' dir='ltr'><strong>et</strong></span> <span class='ocrx_word' id='word_1_716' title='bbox 2667 4525 2853 4579; x_wconf 90' lang='lat' dir='ltr'><strong>veram</strong></span> <span class='ocrx_word' id='word_1_717' title='bbox 2887 4512 2949 4567; x_wconf 91' lang='lat' dir='ltr'><strong>in</strong></span> <span class='ocrx_word' id='word_1_718' title='bbox 2995 4513 3164 4569; x_wconf 90' lang='lat' dir='ltr'><strong>Deum</strong></span> <span class='ocrx_word' id='word_1_719' title='bbox 3197 4515 3382 4581; x_wconf 76' lang='lat' dir='ltr'><strong>fidem,</strong></span> <span class='ocrx_word' id='word_1_720' title='bbox 3421 4513 3623 4586; x_wconf 79' lang='lat' dir='ltr'><strong>quoniam</strong></span> <span class='ocrx_word' id='word_1_721' title='bbox 3645 4505 3695 4559; x_wconf 73' lang='lat' dir='ltr'><strong>ille</strong></span> 
     </span>
    </p>
   </div>
   <div class='ocr_carea' id='block_1_106' title="bbox 2208 4599 3694 4684">
    <p class='ocr_par' dir='ltr' id='par_1_106' title="bbox 2208 4599 3694 4684">
     <span class='ocr_line' id='line_1_108' title="bbox 2208 4599 3694 4684; baseline 0.002 -30"><span class='ocrx_word' id='word_1_722' title='bbox 2208 4599 2470 4673; x_wconf 89' lang='lat' dir='ltr'><strong>deinceps</strong></span> <span class='ocrx_word' id='word_1_723' title='bbox 2515 4615 2623 4656; x_wconf 91' lang='lat' dir='ltr'><strong>non</strong></span> <span class='ocrx_word' id='word_1_724' title='bbox 2653 4602 2767 4670; x_wconf 87' lang='lat' dir='ltr'><strong>obit</strong></span> <span class='ocrx_word' id='word_1_725' title='bbox 2793 4613 3022 4664; x_wconf 85' lang='lat' dir='ltr'><strong>mortem</strong></span> <span class='ocrx_word' id='word_1_726' title='bbox 3072 4606 3127 4676; x_wconf 89' lang='lat' dir='ltr'><strong>in</strong></span> <span class='ocrx_word' id='word_1_727' title='bbox 3170 4606 3572 4684; x_wconf 82' lang='lat' dir='ltr'><strong>Christianorum</strong></span> <span class='ocrx_word' id='word_1_728' title='bbox 3603 4613 3694 4654; x_wconf 72' lang='grc' dir='ltr'><strong>ωα-</strong></span> 
     </span>
    </p>
   </div>
   <div class='ocr_carea' id='block_1_107' title="bbox 2211 4690 3692 4769">
    <p class='ocr_par' dir='ltr' id='par_1_107' title="bbox 2211 4690 3692 4769">
     <span class='ocr_line' id='line_1_109' title="bbox 2211 4690 3692 4769; baseline 0.002 -25"><span class='ocrx_word' id='word_1_729' title='bbox 2211 4692 2492 4758; x_wconf 89' lang='lat' dir='ltr'><strong>munione,</strong></span> <span class='ocrx_word' id='word_1_730' title='bbox 2551 4708 2652 4763; x_wconf 84' lang='lat' dir='ltr'><strong>nec</strong></span> <span class='ocrx_word' id='word_1_731' title='bbox 2701 4693 2754 4749; x_wconf 91' lang='lat' dir='ltr'><strong>in</strong></span> <span class='ocrx_word' id='word_1_732' title='bbox 2809 4708 3132 4765; x_wconf 83' lang='lat' dir='ltr'><strong>consecrato</strong></span> <span class='ocrx_word' id='word_1_733' title='bbox 3188 4699 3491 4769; x_wconf 70' lang='lat' dir='ltr'><strong>euemeterio</strong></span> <span class='ocrx_word' id='word_1_734' title='bbox 3524 4690 3692 4765; x_wconf 59' lang='lat' dir='ltr'><strong>quiesci.</strong></span> 
     </span>
    </p>
   </div>
   <div class='ocr_carea' id='block_1_108' title="bbox 2209 4785 3694 4861">
    <p class='ocr_par' dir='ltr' id='par_1_108' title="bbox 2209 4785 3694 4861">
     <span class='ocr_line' id='line_1_110' title="bbox 2209 4785 3694 4861; baseline 0.009 -26"><span class='ocrx_word' id='word_1_735' title='bbox 2209 4798 2387 4858; x_wconf 89' lang='lat' dir='ltr'><strong>neque</strong></span> <span class='ocrx_word' id='word_1_736' title='bbox 2439 4785 2493 4852; x_wconf 86' lang='lat' dir='ltr'><strong>in</strong></span> <span class='ocrx_word' id='word_1_737' title='bbox 2545 4787 2654 4854; x_wconf 82' lang='lat' dir='ltr'><strong>vita</strong></span> <span class='ocrx_word' id='word_1_738' title='bbox 2692 4803 2788 4842; x_wconf 86' lang='lat' dir='ltr'><strong>sua</strong></span> <span class='ocrx_word' id='word_1_739' title='bbox 2825 4788 2882 4843; x_wconf 91' lang='lat' dir='ltr'><strong>S.</strong></span> <span class='ocrx_word' id='word_1_740' title='bbox 2929 4791 3320 4855; x_wconf 83' lang='lat' dir='ltr'><strong>eucharistiam</strong></span> <span class='ocrx_word' id='word_1_741' title='bbox 3349 4792 3694 4861; x_wconf 56' lang='lat' dir='ltr'><strong>percipiunﬁl“</strong></span> 
     </span>
    </p>
   </div>
   <div class='ocr_carea' id='block_1_109' title="bbox 2208 4873 3692 4956">
    <p class='ocr_par' dir='ltr' id='par_1_109' title="bbox 2208 4873 3692 4956">
     <span class='ocr_line' id='line_1_111' title="bbox 2208 4873 3692 4956; baseline 0.005 -29"><span class='ocrx_word' id='word_1_742' title='bbox 2208 4873 2385 4930; x_wconf 91' lang='lat' dir='ltr'><strong>bonus</strong></span> <span class='ocrx_word' id='word_1_743' title='bbox 2411 4884 2491 4945; x_wconf 83' lang='lat' dir='ltr'><strong>est</strong></span> <span class='ocrx_word' id='word_1_744' title='bbox 2515 4875 2858 4956; x_wconf 88' lang='lat' dir='ltr'><strong>Christianus</strong></span> <span class='ocrx_word' id='word_1_745' title='bbox 2875 4921 2888 4940; x_wconf 88' lang='lat'><strong>.</strong></span> <span class='ocrx_word' id='word_1_746' title='bbox 2913 4883 3007 4952; x_wconf 91' lang='lat' dir='ltr'><strong>qui</strong></span> <span class='ocrx_word' id='word_1_747' title='bbox 3039 4883 3142 4937; x_wconf 88' lang='lat' dir='ltr'><strong>hoc</strong></span> <span class='ocrx_word' id='word_1_748' title='bbox 3164 4883 3376 4946; x_wconf 86' lang='lat' dir='ltr'><strong>discere</strong></span> <span class='ocrx_word' id='word_1_749' title='bbox 3405 4883 3548 4944; x_wconf 90' lang='lat' dir='ltr'><strong>nolit;</strong></span> <span class='ocrx_word' id='word_1_750' title='bbox 3583 4887 3692 4942; x_wconf 62' lang='lat' dir='ltr'><strong>neque</strong></span> 
     </span>
    </p>
   </div>
   <div class='ocr_carea' id='block_1_110' title="bbox 2206 4963 3690 5048">
    <p class='ocr_par' dir='ltr' id='par_1_110' title="bbox 2206 4963 3690 5048">
     <span class='ocr_line' id='line_1_112' title="bbox 2206 4963 3690 5048; baseline 0.007 -29"><span class='ocrx_word' id='word_1_751' title='bbox 2206 4966 2299 5022; x_wconf 91' lang='lat' dir='ltr'><strong>ille</strong></span> <span class='ocrx_word' id='word_1_752' title='bbox 2322 4967 2504 5025; x_wconf 88' lang='lat' dir='ltr'><strong>debite</strong></span> <span class='ocrx_word' id='word_1_753' title='bbox 2529 4970 2694 5024; x_wconf 86' lang='lat' dir='ltr'><strong>alium</strong></span> <span class='ocrx_word' id='word_1_754' title='bbox 2741 4975 3016 5043; x_wconf 85' lang='lat' dir='ltr'><strong>suscipere</strong></span> <span class='ocrx_word' id='word_1_755' title='bbox 3042 4985 3222 5046; x_wconf 87' lang='lat' dir='ltr'><strong>potest</strong></span> <span class='ocrx_word' id='word_1_756' title='bbox 3250 4977 3318 5031; x_wconf 91' lang='lat' dir='ltr'><strong>ad</strong></span> <span class='ocrx_word' id='word_1_757' title='bbox 3367 4975 3608 5048; x_wconf 75' lang='lat' dir='ltr'><strong>baptisma,</strong></span> <span class='ocrx_word' id='word_1_758' title='bbox 3641 4963 3690 5016; x_wconf 67' lang='grc' dir='ltr'><strong>*τί</strong></span> 
     </span>
    </p>
   </div>
   <div class='ocr_carea' id='block_1_111' title="bbox 2206 5056 3689 5136">
    <p class='ocr_par' dir='ltr' id='par_1_111' title="bbox 2206 5056 3689 5136">
     <span class='ocr_line' id='line_1_113' title="bbox 2206 5056 3689 5136; baseline 0.003 -21"><span class='ocrx_word' id='word_1_759' title='bbox 2206 5061 2274 5131; x_wconf 83' lang='lat' dir='ltr'><strong>ad</strong></span> <span class='ocrx_word' id='word_1_760' title='bbox 2305 5061 2910 5136; x_wconf 85' lang='lat' dir='ltr'><strong>conlirmatiouem,nisi</strong></span> <span class='ocrx_word' id='word_1_761' title='bbox 2949 5056 3062 5123; x_wconf 64' lang='lat' dir='ltr'><strong>ham</strong></span> <span class='ocrx_word' id='word_1_762' title='bbox 3091 5069 3287 5133; x_wconf 89' lang='lat' dir='ltr'><strong>discat,</strong></span> <span class='ocrx_word' id='word_1_763' title='bbox 3323 5078 3379 5123; x_wconf 93' lang='lat' dir='ltr'><strong>ut</strong></span> <span class='ocrx_word' id='word_1_764' title='bbox 3403 5069 3525 5121; x_wconf 87' lang='lat' dir='ltr'><strong>bene</strong></span> <span class='ocrx_word' id='word_1_765' title='bbox 3545 5063 3610 5118; x_wconf 75' lang='lat' dir='ltr'><strong>illa</strong></span> <span class='ocrx_word' id='word_1_766' title='bbox 3631 5072 3689 5110; x_wconf 72' lang='lat' dir='ltr'><strong>M-</strong></span> 
     </span>
    </p>
   </div>
   <div class='ocr_carea' id='block_1_112' title="bbox 2208 5151 2300 5204">
    <p class='ocr_par' dir='ltr' id='par_1_112' title="bbox 2208 5151 2300 5204">
     <span class='ocr_line' id='line_1_114' title="bbox 2208 5151 2300 5204; baseline 0 -1"><span class='ocrx_word' id='word_1_767' title='bbox 2208 5151 2300 5204; x_wconf 90' lang='lat' dir='ltr'><strong>rit.</strong></span> 
     </span>
    </p>
   </div>
   <div class='ocr_carea' id='block_1_113' title="bbox 2591 5244 3408 5322">
    <p class='ocr_par' dir='ltr' id='par_1_113' title="bbox 2591 5244 3408 5322">
     <span class='ocr_line' id='line_1_115' title="bbox 2591 5244 3408 5322; baseline -0.001 -20"><span class='ocrx_word' id='word_1_768' title='bbox 2591 5244 2779 5322; x_wconf 74' lang='grc' dir='ltr'><strong>ΧΧῌΙ.</strong></span> <span class='ocrx_word' id='word_1_769' title='bbox 2826 5246 2893 5302; x_wconf 87' lang='lat' dir='ltr'><strong>Ut</strong></span> <span class='ocrx_word' id='word_1_770' title='bbox 2920 5249 3156 5306; x_wconf 73' lang='lat' dir='ltr'><strong>exitialia</strong></span> <span class='ocrx_word' id='word_1_771' title='bbox 3185 5250 3408 5320; x_wconf 72' lang='lat' dir='ltr'><strong>fugiant.</strong></span> 
     </span>
    </p>
   </div>
   <div class='ocr_carea' id='block_1_114' title="bbox 2282 5324 3686 5416">
    <p class='ocr_par' dir='ltr' id='par_1_114' title="bbox 2282 5324 3686 5416">
     <span class='ocr_line' id='line_1_116' title="bbox 2282 5324 3686 5416; baseline -0.001 -26"><span class='ocrx_word' id='word_1_772' title='bbox 2282 5334 2542 5416; x_wconf 81' lang='lat' dir='ltr'><strong>Docemus</strong></span> <span class='ocrx_word' id='word_1_773' title='bbox 2576 5340 2766 5406; x_wconf 87' lang='lat' dir='ltr'><strong>etiam,</strong></span> <span class='ocrx_word' id='word_1_774' title='bbox 2810 5324 2870 5394; x_wconf 89' lang='lat' dir='ltr'><strong>ut</strong></span> <span class='ocrx_word' id='word_1_775' title='bbox 2913 5343 3150 5416; x_wconf 81' lang='lat' dir='ltr'><strong>exitialia</strong></span> <span class='ocrx_word' id='word_1_776' title='bbox 3188 5352 3403 5411; x_wconf 88' lang='lat' dir='ltr'><strong>peccata</strong></span> <span class='ocrx_word' id='word_1_777' title='bbox 3427 5349 3476 5396; x_wconf 88' lang='lat' dir='ltr'><strong>et</strong></span> <span class='ocrx_word' id='word_1_778' title='bbox 3501 5329 3686 5393; x_wconf 65' lang='lat' dir='ltr'><strong>diaboliﬂ</strong></span> 
     </span>
    </p>
   </div>
   <div class='ocr_carea' id='block_1_115' title="bbox 2203 5425 3783 5503">
    <p class='ocr_par' dir='ltr' id='par_1_115' title="bbox 2203 5425 3783 5503">
     <span class='ocr_line' id='line_1_117' title="bbox 2203 5425 3783 5503; baseline 0.006 -25"><span class='ocrx_word' id='word_1_779' title='bbox 2203 5425 2346 5503; x_wconf 70' lang='lat' dir='ltr'><strong>facta</strong></span> <span class='ocrx_word' id='word_1_780' title='bbox 2397 5443 2562 5498; x_wconf 87' lang='lat' dir='ltr'><strong>quam</strong></span> <span class='ocrx_word' id='word_1_781' title='bbox 2592 5431 3006 5502; x_wconf 84' lang='lat' dir='ltr'><strong>diligentissime</strong></span> <span class='ocrx_word' id='word_1_782' title='bbox 3054 5449 3083 5488; x_wconf 90' lang='lat' dir='ltr'><strong>a</strong></span> <span class='ocrx_word' id='word_1_783' title='bbox 3128 5435 3367 5503; x_wconf 87' lang='lat' dir='ltr'><strong>quolibet</strong></span> <span class='ocrx_word' id='word_1_784' title='bbox 3405 5427 3688 5486; x_wconf 61' lang='lat' dir='ltr'><strong>evitentur.ei</strong></span> 
     </span>
    </p>
   </div>
   <div class='ocr_carea' id='block_1_116' title="bbox 2203 5508 3783 5602">
    <p class='ocr_par' dir='ltr' id='par_1_116' title="bbox 2203 5508 3783 5602">
     <span class='ocr_line' id='line_1_118' title="bbox 2203 5508 3783 5602; baseline 0.005 -35"><span class='ocrx_word' id='word_1_785' title='bbox 2203 5510 2622 5599; x_wconf 85' lang='lat' dir='ltr'><strong>cmnpensentur</strong></span> <span class='ocrx_word' id='word_1_786' title='bbox 2656 5514 3045 5602; x_wconf 83' lang='lat' dir='ltr'><strong>libentissime,</strong></span> <span class='ocrx_word' id='word_1_787' title='bbox 3067 5524 3221 5602; x_wconf 82' lang='lat' dir='ltr'><strong>juxta</strong></span> <span class='ocrx_word' id='word_1_788' title='bbox 3250 5517 3544 5580; x_wconf 78' lang='lat' dir='ltr'><strong>confessarii</strong></span> <span class='ocrx_word' id='word_1_789' title='bbox 3566 5508 3686 5568; x_wconf 66' lang='grc' dir='ltr'><strong>ωιςὶο</strong></span> 
     </span>
    </p>
   </div>
   <div class='ocr_carea' id='block_1_117' title="bbox 2204 5601 3685 5686">
    <p class='ocr_par' dir='ltr' id='par_1_117' title="bbox 2204 5601 3685 5686">
     <span class='ocr_line' id='line_1_119' title="bbox 2204 5601 3685 5686; baseline 0.007 -29"><span class='ocrx_word' id='word_1_790' title='bbox 2204 5605 2353 5670; x_wconf 89' lang='lat' dir='ltr'><strong>lium,</strong></span> <span class='ocrx_word' id='word_1_791' title='bbox 2409 5609 2454 5662; x_wconf 91' lang='lat' dir='ltr'><strong>si</strong></span> <span class='ocrx_word' id='word_1_792' title='bbox 2499 5611 2621 5680; x_wconf 88' lang='lat' dir='ltr'><strong>quis</strong></span> <span class='ocrx_word' id='word_1_793' title='bbox 2663 5628 2760 5682; x_wconf 86' lang='lat' dir='ltr'><strong>per</strong></span> <span class='ocrx_word' id='word_1_794' title='bbox 2800 5613 2998 5668; x_wconf 80' lang='lat' dir='ltr'><strong>diaboli</strong></span> <span class='ocrx_word' id='word_1_795' title='bbox 3042 5601 3438 5686; x_wconf 22' lang='lat' dir='ltr'><strong>linstigationem</strong></span> <span class='ocrx_word' id='word_1_796' title='bbox 3471 5611 3517 5665; x_wconf 90' lang='lat' dir='ltr'><strong>in</strong></span> <span class='ocrx_word' id='word_1_797' title='bbox 3537 5607 3685 5679; x_wconf 59' lang='lat' dir='ltr'><strong>p009“</strong></span> 
     </span>
    </p>
   </div>
   <div class='ocr_carea' id='block_1_118' title="bbox 2203 5695 2594 5778">
    <p class='ocr_par' dir='ltr' id='par_1_118' title="bbox 2203 5695 2594 5778">
     <span class='ocr_line' id='line_1_120' title="bbox 2203 5695 2594 5778; baseline 0.026 -32"><span class='ocrx_word' id='word_1_798' title='bbox 2203 5695 2365 5774; x_wconf 63' lang='lat' dir='ltr'><strong>fuerit</strong></span> <span class='ocrx_word' id='word_1_799' title='bbox 2397 5697 2594 5778; x_wconf 72' lang='lat' dir='ltr'><strong>lapsus.</strong></span> 
     </span>
    </p>
   </div>
  </div>
