3838 6322
90 342 117 393 ί
140 339 225 398 ΙἹἹ

441 450 626 506 XXIV.
668 447 739 505 Et
768 449 901 506 inter
928 448 1037 503 Ita'c
1056 456 1314 518 stuprum.

1263 310 1655 388 CANUTUSI
1693 325 1830 383 nux
1864 318 2067 377 axon.

1692 453 1740 512 Α
1772 432 2031 505 ducatur,
2066 440 2160 495 sed
2183 438 2470 508 diligenter
2500 434 2765 497 foveatur,
2803 439 2870 483 ne
2896 430 3074 495 anima
3104 437 3362 505 perdatur

3231 322 3364 378 “78

161 545 416 600 Docemus
450 544 612 598 etiam
661 550 721 598 ut
750 540 999 597 homines
1038 555 1070 595 a
1096 541 1237 611 turpi
1267 548 1480 607 stupro,
1508 548 1564 594 et
1596 539 1665 595 ab
1768 550 1932 606 quam
1963 533 2212 588 Christus
2248 531 2462 600 propria
2492 543 2588 583 sua
2618 528 2727 582 vita
2760 523 3009 580 redemit.

81 637 271 692 illicito
293 635 599 697 concubitu,
632 642 688 690 et
735 632 807 689 ab
833 634 983 690 omni
1028 632 1297 688 adulterio
1339 642 1665 689 moneantur
1766 625 1855 681 IV.
1888 625 1965 680 De
1990 625 2152 694 sagis,
2182 622 2463 691 sortilegis,
2496 632 2630 684 etc.,
2663 618 2936 689 ejiciendis
2964 617 3068 689 (LI.
3108 617 3234 675 Sax.
3274 616 3355 681 ὅ).

78 743 297 798 semper
323 742 385 783 se
419 726 712 783 abstinere.

224 819 387 877 XXV.
432 817 498 874 Ut
528 827 745 873 caveant
778 817 879 873 sibi
906 819 971 872 de
994 816 1261 872 tremendo
1290 816 1517 887 judicio.

153 912 412 966 Docemus
454 911 619 964 etiam
670 916 731 964 ut
764 906 993 979 quilibet
1046 907 1206 962 homo
1248 907 1534 979 diligenter
1564 909 1660 964 Dei

73 1004 323 1059 timorem
350 1003 402 1056 in
428 1002 612 1057 animo
639 1017 737 1057 suo
763 1000 984 1066 habeat,
1002 1009 1055 1057 et
1081 1000 1169 1055 die
1198 1014 1260 1052 ac
1288 1008 1447 1056 nocte
1470 1007 1662 1055 caveat

67 1112 101 1149 a
148 1094 404 1166 peccatis,
424 1092 566 1149 diem
588 1091 779 1160 iudicii
803 1091 1011 1157 timeat,
1045 1092 1192 1146 etab
1217 1090 1433 1147 inferno
1461 1090 1661 1145 abhor-

67 1195 218 1259 reat,
247 1193 300 1241 et
336 1198 552 1256 semper
598 1183 760 1241 tinem
793 1182 1005 1241 dierum
1043 1191 1224 1239 astare
1270 1181 1372 1237 sibi
1421 1180 1658 1237 arbitre-

66 1285 184 1329 tur.

103 1386 295 1442 XXVI.
332 1384 398 1441 Ut
424 1386 650 1458 episcopi
676 1394 725 1443 et
755 1387 1049 1442 sacerdotes
1074 1386 1180 1456 ﬁde
1208 1385 1395 1441 obeant
1431 1387 1615 1457 oﬁcia.

141 1479 391 1549 Episcopi
421 1478 531 1534 sint
572 1494 854 1549 praecones
879 1486 934 1533 et
964 1480 1217 1535 doctores
1242 1478 1421 1550 legum
1452 1478 1569 1546 Dei,
1601 1489 1658 1535 et

58 1571 341 1641 explicent
381 1580 446 1626 ac
492 1570 741 1641 exemplo
790 1586 888 1627 suo
917 1569 1151 1626 doceant
1201 1570 1437 1627 libenter
1472 1571 1654 1627 eccle-

56 1662 288 1716 siastica
330 1661 532 1728 oﬂicia,
576 1661 821 1716 attendat
865 1661 951 1716 his
978 1661 1287 1731 quicunque
1315 1660 1464 1715 velit.
1508 1657 1654 1728 Quo-

59 1754 218 1812 niam
245 1754 450 1811 inutilis
481 1763 671 1825 pastor
697 1754 1004 1810 invenietur
1029 1753 1206 1825 gregi,
1230 1752 1323 1823 qui
1364 1751 1503 1808 nolit
1528 1768 1651 1823 gre-

1837 715 2195 770 Prohibemus
2236 712 2400 766 etiam
2434 721 2493 763 ut
2529 719 2729 764 terram
2771 710 3194 778 circumquaque
3231 709 3357 761 dili.

1765 817 1955 881 genter
1981 808 2248 861 mundare
2277 804 2565 872 incipiant,
2602 814 2657 858 et
2693 818 2724 857 a
2756 801 3015 857 nefandis
3050 803 3354 856 actionibus

1765 900 1966 969 ubique
1992 898 2320 952 abstineant.
2361 895 2427 949 Et
2472 895 2517 950 si
2563 910 2725 965 sagae,
2769 895 2853 948 vel
2894 888 3113 957 harioli,
3145 895 3348 957 sicarii.

1761 991 1848 1046 vel
1893 990 2207 1045 meretrices
2253 987 2451 1042 alicubi
2487 987 2539 1040 in
2592 986 2811 1055 regione
2854 986 3347 1055 deprehendantur,

1761 1084 2061 1138 educantur
2094 1079 2278 1135 sedulo
2304 1094 2370 1134 ex
2409 1088 2552 1134 terra
2585 1078 2709 1141 illa,
2742 1077 2825 1131 vel
2860 1077 2914 1132 in
2950 1086 3092 1132 terra
3127 1087 3353 1147 pereant

1761 1176 2008 1237 omnino,
2052 1174 2155 1229 nisi
2188 1181 2405 1229 cessent
2430 1188 2459 1226 a
2492 1170 2650 1226 factis
2682 1170 2860 1235 malis,
2890 1180 2945 1224 et
2974 1168 3162 1237 majori
3196 1172 3353 1223 modo

1759 1279 2137 1340 compensent.
2169 1269 2521 1339 Prmoipimus
2545 1268 2708 1324 etiam
2732 1275 2792 1322 ut
2818 1267 3027 1337 profugi
3058 1276 3114 1322 et
3139 1266 3355 1335 exleges

1760 1360 1854 1416 Dei
1895 1377 1960 1417 ac
2002 1361 2315 1425 hominum,
2344 1375 2411 1416 ex
2451 1360 2624 1431 patria
2666 1359 3116 1421 exterminentur,
3163 1358 3263 1412 nisi
3296 1372 3355 1412 se

1759 1454 2081 1509 submittant
2109 1464 2165 1509 et
2194 1469 2359 1524 quam
2383 1451 2797 1523 diligentissime
2827 1449 3133 1506 emendent.
3164 1449 3231 1503 Et
3267 1448 3351 1502 fu-

1757 1560 1846 1601 res
1880 1561 1942 1600 ac
1987 1544 2226 1601 latrones
2254 1544 2455 1616 publici
2503 1543 2655 1599 brevi
2704 1551 2961 1614 pereant,
2991 1541 3096 1598 nisi
3127 1549 3347 1598 cessent

1759 1638 1811 1707 (a
1844 1636 2185 1707 malefactis).
2428 1706 2429 1709 η

1759 1727 1822 1784 V.
1845 1729 1921 1783 De
1943 1728 2214 1798 gentilium
2229 1725 2684 1797 superstitionibus
2706 1723 2976 1781 abolendis
2994 1723 3099 1797 (Li.
3121 1725 3250 1780 Sax.
3271 1724 3347 1795 5).

61 1799 1651 1914 is:3.1.32.2};iussisse:augeas};ag.
1682 1799 1728 1860 Β
1824 1819 2368 1914 mandaueram
2390 1818 2534 1914 εετίο
2560 1816 3351 1914 ειιξιιίείειηυηῖοειιιηῖοίεπξδυε

60 1935 257 2005 possit,
288 1950 410 1990 eum
441 1935 657 2005 aliquod
689 1936 946 1990 damnum
997 1933 1149 2006 gregi
1199 1947 1396 1989 nocere
1443 1934 1650 2004 incipit.

62 2027 280 2083 Nullum
313 2039 396 2082 est
425 2028 686 2083 damnum
722 2027 859 2084 adeo
890 2026 1089 2099 malum
1138 2040 1204 2081 ac
1230 2024 1479 2083 diabolus
1515 2027 1652 2096 ipse,

59 2119 158 2188 qui
186 2134 402 2189 semper
427 2119 533 2174 hoc
587 2133 755 2173 unum
786 2117 1101 2182 meditatur,
1142 2115 1411 2186 quomodo
1440 2116 1650 2171 anima-

56 2210 166 2264 bus
197 2209 478 2265 hominum
522 2210 758 2266 maxime
792 2224 991 2266 nocere
1018 2209 1211 2280 possit.
1258 2208 1396 2265 Tum
1437 2216 1655 2281 oportet

56 2309 311 2369 pastores
336 2313 460 2356 esse
484 2300 641 2356 valde
666 2301 876 2372 vigiles,
918 2310 972 2356 et
1017 2300 1300 2374 diligenter
1325 2301 1650 2367 clamantes,

56 2389 153 2458 qui
185 2388 253 2444 ab
280 2389 385 2444 hoc
410 2388 623 2445 latrone
644 2390 863 2461 publico
888 2390 1141 2462 populum
1174 2391 1313 2446 tueri
1343 2391 1558 2447 debent.
1583 2388 1648 2446 l'li

57 2488 190 2535 sunt
217 2479 456 2551 episcopi
486 2489 544 2535 et
568 2480 895 2552 presbyteri,
935 2479 1027 2551 qui
1073 2480 1500 2537 ecclesiasticum
1528 2496 1651 2551 gre-

56 2587 183 2641 gem
226 2569 519 2626 defendere
544 2579 600 2626 et
627 2572 763 2626 tueri
800 2571 1000 2627 debent
1021 2586 1118 2642 per
1139 2573 1411 2642 sapientes
1440 2568 1649 2627 docti-is

54 2676 183 2726 nas,
214 2675 284 2716 ne
313 2660 551 2718 furiosus
596 2663 987 2737 lycanthropus
1022 2680 1147 2721 eum
1178 2666 1405 2721 nimium
1446 2664 1647 2721 discer-

54 2762 176 2820 pat,
210 2760 306 2807 aut
335 2754 533 2810 multos
579 2768 649 2811 ex
672 2756 1045 2814 ecclesiastico
1090 2771 1256 2829 grege
1284 2757 1547 2819 mOrdeat.
1578 2756 1648 2814 Et

50 2843 97 2901 si
128 2843 257 2913 quis
290 2844 527 2900 maxime
554 2855 729 2913 curet,
758 2858 818 2903 ut
854 2847 954 2903 Dei
986 2848 1193 2903 nuntiis
1216 2847 1459 2915 obediat,
1502 2848 1642 2904 idem

48 2942 137 2989 est
165 2949 237 2991 ac
280 2935 327 2991 si
376 2937 487 2993 Deo
518 2936 620 3009 ipsi
667 2939 907 2996 obediat.
955 2938 1180 3010 Semper
1206 2939 1281 2995 sit
1320 2955 1513 2995 nomen
1549 2939 1641 2995 Dei

42 3022 425 3099 benedictum,
480 3036 537 3082 et
579 3028 652 3084 sit
690 3027 810 3085 laus
836 3028 908 3097 ei,
939 3044 1005 3086 ac
1048 3030 1225 3085 honor
1268 3039 1324 3086 et
1370 3029 1539 3099 gloria
1588 3030 1640 3085 in

42 3130 246 3171 onmes
284 3116 460 3173 saeculi
498 3128 707 3175 aetates.
739 3120 933 3177 Arnen.
1364 3114 1367 3115 ⁷

1757 1921 1843 1969 est
1870 1928 1991 1968 cum
2019 1911 2143 1983 quis
2178 1911 2320 1967 idola
2359 1911 2569 1972 adorat.
2611 1909 2743 1965 deos
2779 1908 3029 1980 gentiles,
3074 1916 3129 1964 et
3178 1906 3347 1963 solem

1757 2006 1840 2059 vel
1870 2004 2073 2067 lunam,
2101 2005 2281 2075 ignem
2316 2003 2401 2058 vel
2428 2002 2678 2067 ﬂuvium,
2708 2011 2920 2057 torrens
2952 2000 3035 2056 vel
3066 2015 3221 2065 saxa,
3258 1999 3347 2054 vel

1754 2095 1982 2165 alicujus
2004 2095 2217 2167 generis
2242 2095 2495 2149 arborum
2522 2093 2691 2163 ligna,
2716 2093 2799 2148 vel
2826 2096 2969 2163 (cum
3001 2092 3148 2163 quis)
3175 2105 3339 2146 vene-

1756 2184 1940 2241 ficium
1965 2193 2133 2251 amat,
2154 2184 2240 2239 vel
2268 2185 2587 2239 vicariatum
2606 2182 2897 2238 committit
2927 2182 3033 2237 ullo
3054 2182 3238 2248 modo,
3256 2180 3346 2237 vel

1765 2278 2070 2350 sortilegio,
2102 2279 2186 2333 vel
2220 2277 2341 2333 teda
2377 2276 2463 2333 vel
2506 2276 2688 2347 aliquo
2732 2276 3115 2347 phantasmate
3145 2274 3346 2344 aliquid

1752 2371 1984 2442 perﬁcit.

1752 2463 1841 2520 VI.
1918 2462 1993 2517 De
2051 2460 2328 2517 homicidis
2385 2459 2781 2529 pejorantibus,
2846 2466 2895 2513 et
2971 2453 3344 2511 mmclmntibus

2356 2548 2461 2620 (LI.
2497 2548 2627 2604 Sax.
2664 2548 2741 2617 6).

1822 2644 2119 2700 Homicidte
2145 2652 2198 2699 et
2221 2643 2426 2714 perjuri
2449 2643 2700 2698 ordinum
2726 2639 3015 2695 violatores
3036 2649 3089 2693 et
3112 2639 3345 2696 adulteri

1747 2736 2074 2793 submittant
2109 2750 2169 2791 se
2197 2744 2254 2791 et
2282 2735 2601 2803 emendent,
2633 2732 2717 2789 vel
2755 2733 2991 2791 scienter
3022 2733 3075 2787 in
3105 2734 3345 2803 peccatis

1748 2828 2077 2882 moriantur.
2884 2878 2887 2881 .

1752 2914 1858 2971 VII.
1885 2915 2038 2983 Quod
2060 2926 2330 2985 peccatum
2353 2914 2562 2987 turpius
2580 2916 2645 2970 sit
2669 2888 2724 2969 in
2743 2914 2925 2981 diebus
2944 2922 2994 2968 et
3011 2911 3140 2967 locis
3157 2912 3344 2979 sacris,

1842 3020 1891 3065 et
1919 3011 2148 3077 majores
2175 3010 2345 3081 magis
2373 3020 2497 3064 sunt
2532 3008 2790 3079 plectendi
2822 3006 2929 3079 (Ll.
2961 3005 3093 3063 Sax.
3134 3005 3247 3077 '55).

1722 3170 1723 3173 η
1817 3100 2079 3172 Iujustum
2113 3117 2218 3157 non
2246 3110 2331 3160 est
2374 3101 2486 3156 ullo
2524 3109 2766 3170 tempore
2801 3098 3127 3170 permissum
3154 3114 3168 3159 ς
3200 3107 3344 3153 atta-

118 3209 244 3263 uoc
276 3220 358 3265 εει
388 3211 647 3267 sacomam
671 3212 955 3268 consilium
982 3214 1125 3285 quod
1154 3229 1219 3270 ex
1252 3214 1647 3273 consultatione
1670 3164 1714 3223 (δ
1749 3209 1874 3251 men
1913 3194 2104 3251 diebus
2131 3193 2309 3259 festis,
2345 3203 2402 3249 et
2428 3195 2482 3249 in
2511 3191 2752 3265 ieiuniis,
2786 3199 2840 3247 et
2884 3192 2939 3247 in
2976 3190 3113 3247 locis
3138 3192 3345 3246 sanctis

33 3318 175 3355 Cttlll
206 3301 546 3370 sapientibus
580 3303 717 3360 meis
755 3305 873 3362 volo
912 3313 972 3361 ut
996 3306 1312 3362 observetur
1339 3321 1437 3377 per
1474 3315 1643 3364 totam

29 3393 333 3462 Angliam.

308 3503 351 3579 Ι.
381 3503 460 3561 De
474 3504 684 3576 justitia
705 3508 976 3583 eﬁ‘erenda
1015 3508 1122 3582 (ιι.
1150 3509 1279 3566 Sax.
1312 3509 1388 3582 i).

106 3593 241 3652 Hoc
274 3593 437 3665 igitur
466 3588 831 3668 estprimum,
862 3599 1004 3671 quod
1040 3601 1186 3665 volo,
1228 3608 1287 3653 ut
1310 3598 1472 3670 justas
1500 3599 1647 3671 leges

29 3687 402 3753 sanciantur,
431 3697 488 3743 et
515 3689 769 3758 quaelibet
816 3689 1077 3760 iniustitia
1113 3690 1302 3746 sedulo
1335 3692 1642 3757 damnetur,

29 3788 83 3834 at
144 3784 210 3830 ut
252 3777 554 3833 sarculetur
592 3787 647 3834 et
689 3782 999 3837 eradicetur
1047 3782 1324 3851 quodlibet
1364 3781 1639 3852 injustum,

30 3882 211 3937 luam
246 3866 652 3938 diligentissime
681 3875 850 3941 possit
881 3873 946 3928 de
990 3873 1092 3928 hac
1139 3881 1304 3940 terra,
1333 3882 1390 3929 et
1424 3889 1644 3944 promo-
1722 3896 1723 3899 η

29 3966 245 4013 t-catur
269 3958 364 4013 Dei
396 3959 631 4029 justitia,
665 3977 731 4018 ac
752 3963 805 4016 in
828 3972 1103 4032 posterum
1126 3977 1341 4029 omnes,
1373 3972 1481 4018 tam
1511 3979 1644 4034 pau-

30 4064 211 4105 JCI‘CS
243 4064 406 4119 quam
429 4051 640 4117 divites,
665 4051 789 4122 jure
812 4053 1028 4127 publico
1056 4052 1331 4122 fruantur,
1356 4066 1410 4112 et
1432 4054 1641 4129 justum

40 4143 152 4197 llis
169 4140 443 4210 judicium
468 4145 748 4221 reddatur.

30 4258 92 4311 .l.
146 4255 229 4310 De
255 4259 612 4315 misericordia
650 4262 937 4317 exhibenda
965 4264 1019 4318 in
1033 4265 1238 4334 judicio
1264 4265 1369 4337 (Ll.
1402 4265 1530 4322 Sax.
1555 4265 1635 4338 ‘2).

102 4367 394 4422 Docemus
420 4369 584 4425 etiam
618 4370 780 4441 quod,
809 4372 933 4427 licet
963 4376 1086 4443 quis
1114 4374 1413 4446 delinquat,
1445 4385 1500 4431 et
1525 4376 1639 4447 ipse

1748 3287 2157 3360 diligentissime
2189 3286 2258 3342 ab
2284 3301 2352 3343 eo
2395 3286 2698 3343 cavendum
2727 3293 2833 3341 est.
2872 3284 2940 3340 Et
2984 3299 3201 3354 semper
3234 3299 3343 3357 quo

1744 3380 1872 3450 quis
1895 3387 1979 3437 est
2010 3379 2289 3451 potentior
2318 3379 2405 3435 vel
2430 3377 2657 3447 majoris
2685 3376 2914 3442 ordinis,
2952 3391 3019 3432 eo
3048 3376 3219 3447 magis
3248 3392 3343 3432 co-

1744 3482 1866 3525 ram
1914 3469 2027 3526 Deo
2074 3478 2131 3525 et
2172 3470 2378 3525 mundo
2419 3466 2679 3538 iniustum
2726 3453 3039 3522 emendare.
3065 3464 3243 3520 debet.
3279 3465 3346 3519 Et

1745 3560 2115 3618 ecclesiastica
2156 3559 2533 3629 compensatio
2577 3572 2793 3628 semper
2823 3556 3112 3626 diligenter
3158 3558 3325 3626 inqui-

1746 3653 1915 3709 renda
1947 3661 2034 3708 est
2066 3667 2133 3708 ex
2177 3651 2420 3723 scriptis,
2458 3660 2515 3706 et
2544 3649 2819 3705 mundana
2853 3648 3224 3718 compensatio
3261 3650 3336 3703 in-

1746 3744 2009 3816 quirenda
2035 3753 2209 3800 estex
2245 3746 2516 3799 mundana
2549 3741 2686 3812 lege.

1783 3834 1916 3891 Vill.
1945 3834 2024 3890 De
2052 3835 2352 3890 ministrum
2381 3832 2569 3888 altaris
2599 3831 2864 3886 occidente
2894 3830 2998 3899 (l.l.
3031 3830 3161 3885 Sax.
3190 3830 3304 3900 '56).

1817 3925 1881 3981 Si
1907 3926 2029 3996 quis
2051 3924 2244 3980 altaris
2276 3924 2586 4004 ministrum
2613 3922 2893 3984 occiderit.
2921 3924 2991 3977 sit
3015 3922 3168 3977 exlex
3196 3924 3339 3992 apud

1743 4018 1912 4075 Deum
1943 4026 1999 4074 et
2035 4018 2178 4089 apud
2217 4017 2485 4085 homines,
2532 4016 2639 4073 nisi
2675 4031 2773 4088 per
2808 4017 3059 4071 exsilium
3103 4024 3159 4070 et
3197 4016 3339 4086 apud

1743 4118 2002 4182 cognatos
2030 4109 2194 4164 etiam
2231 4108 2406 4178 magis
2432 4117 2778 4178 compenset,
2811 4108 2893 4162 vel
2923 4116 3113 4177 purget
3149 4122 3209 4161 se
3246 4122 3338 4175 ca-

1740 4203 1894 4272 pitali
1921 4202 2265 4274 purgatione,
2296 4202 2346 4256 ei
2376 4201 2517 4255 intra
2547 4216 2652 4254 xxx
2684 4200 2798 4254 dies
2830 4199 3053 4267 incipiat
3080 4213 3339 4268 compen-g

1740 4294 2009 4350 sationem
2039 4293 2239 4364 ubique
2264 4301 2373 4347 tam
2398 4292 2538 4360 apud
2556 4291 2724 4344 Deum
2747 4306 2910 4359 quam
2929 4289 3069 4360 apud
3087 4289 3342 4361 homines

1741 4383 2041 4456 (solvendo)
2068 4385 2249 4438 omnia
2282 4398 2402 4453 qua:
2440 4383 2620 4437 habet.

30 4458 318 4565 ποίηηξῖβ
353 4463 645 4566 Ρωηξιθθῑ,
687 4473 814 4519 ιυηο
855 4466 1175 4522 adhibeatur
1215 4468 1513 4533 moderatio
1558 4468 1635 4539 (it!
1669 4474 1829 4566 DIX.
1890 4473 1959 4530 Ut
2010 4491 2103 4529 rea:
2153 4475 2220 4530 sit
2274 4473 2533 4527 ordinatis
2602 4482 2650 4526 et
2719 4471 3024 4542 alienigenis
3078 4480 3337 4543 patronus.

34 4568 207 4606 mena
246 4552 580 4627 irroganda),
601 4557 779 4627 prouti
807 4572 990 4613 coram
1013 4558 1124 4614 Deo
1150 4560 1347 4614 decens
1372 4568 1426 4615 et
1451 4574 1636 4614 coram

38 4643 255 4699 uundo
287 4644 565 4701 tolerabile
606 4655 707 4702 est.
759 4648 823 4702 Et
856 4648 1161 4713 meminerit
1203 4648 1634 4721 diligentissime,

32 4737 125 4804 ιιιί
155 4736 374 4802 judicio
403 4737 684 4806 prtesidet,
717 4740 831 4809 ejus
877 4741 1019 4809 quod
1054 4740 1168 4811 ipse
1207 4740 1409 4797 habere
1444 4741 1634 4811 gessit,

30 4842 161 4880 :um
196 4826 308 4881 hoc
338 4829 499 4895 modo
522 4829 653 4884 dicit
684 4848 696 4884 :
726 4831 794 4885 Et
833 4832 1035 4886 dimitte
1061 4832 1207 4886 nobis
1231 4834 1405 4890 debita
1435 4844 1632 4900 nostra,

2354 4564 2435 4621 LI.
2463 4566 2593 4620 Sax.
2619 4564 2734 4621 37).
3087 4586 3095 4593 ο
3286 4616 3289 4619 λ

2354 4565 2435 4621 LI.
2463 4566 2593 4620 Sax.
2619 4565 2686 4616 57
2719 4603 2734 4619 .
3087 4586 3095 4593 ο
3286 4616 3289 4619 λ

1813 4658 1868 4713 Si
1901 4658 2023 4728 quis
2050 4658 2225 4713 sacris
2261 4567 2531 4711 initiatum
2567 4640 2651 4713 Vel
2679 4565 2923 4711 e)xterum
2956 4628 3136 4719 aliquo
3169 4655 3333 4720 modo

1737 4753 1963 4808 seducet
1998 4751 2067 4807 ad
2102 4767 2317 4822 eaquae
2347 4759 2682 4811 conceruunt
2716 4750 2997 4819 pecuniam
3028 4749 3110 4804 vel
3137 4748 3326 4817 vitam,

1738 4851 1869 4899 tunc
1897 4859 1991 4901 rex
2020 4844 2071 4899 ei
2106 4844 2177 4926 sit
2204 4843 2323 4915 loco
2360 4823 2606 4913 cognati,
2636 4853 2694 4897 et
2727 4840 2847 4896 loco
2875 4841 3113 4911 patroni,
3147 4841 3250 4895 nisi
3284 4842 3331 4895 is

29 4918 170 4972 :icut
206 4926 258 4969 et
282 4932 376 4971 nos
420 4918 730 4974 dimittimus
779 4919 992 4989 (Matth.
1029 4922 1128 4991 vr).
1168 4922 1237 4977 Et
1280 4923 1635 4992 prohibemus

1761 4936 1902 4991 ilium
1926 4918 2205 4992 dominum
2233 4936 2504 5000 habuerit,
2528 4942 2583 4989 et
2603 4941 2985 5003 compensetur
3008 4933 3140 5002 regi,
3168 4943 3330 5001 prout

30 5024 93 5061 te
128 5008 484 5067 Christianus
514 5021 641 5067 ante
668 5013 847 5069 omnia
877 5014 1066 5069 saltem
1098 5015 1230 5072 levis
1266 5016 1344 5071 rei
1373 5032 1531 5071 causa
1566 5018 1632 5071 ad

1736 5029 1914 5095 decet,
1950 5027 2034 5083 vel
2082 5025 2458 5082 factum-illud
2505 5040 2666 5096 quam
2717 5025 2953 5079 maxime
2998 5024 3327 5087 vindicetur,

37 5112 279 5154 nni-tem
330 5102 600 5170 tradatur;
633 5104 726 5161 sed
769 5106 946 5175 potius
988 5108 1134 5165 mitis
1163 5124 1322 5179 poena
1364 5119 1633 5165 statuatur

1761 5136 1915 5193 ’egem
1939 5119 2305 5176 Christianum
2326 5133 2489 5189 quam
2512 5119 2748 5172 maxime
2766 5117 2941 5181 decet,
2960 5115 3052 5170 Dei
3074 5114 3327 5193 injuriam

39 5212 75 5245 ιι
116 5193 315 5261 populi
338 5195 705 5263 commodum,
732 5212 909 5268 neque
934 5202 1335 5271 perdatur,,pro
1359 5216 1416 5256 re
1444 5216 1628 5276 parva,

30 5286 121 5339 )ei
174 5301 445 5340 manuum
500 5289 765 5357 operatio,
803 5298 863 5347 et
900 5293 1179 5363 proprium
1218 5293 1337 5365 ejus
1375 5296 1627 5368 pretium,

29 5381 172 5450 luml
205 5394 343 5435 caro
370 5382 617 5438 redemit.

31 5493 105 5544 Il.
182 5490 268 5547 De
340 5493 829 5637 Claristianownons
867 5500 1131 5640 uengfndo
1201 5512 1349 5557 extra
1414 5520 1628 5575 regnum

740 5606 753 5620 .
833 5584 920 5623 ax.
1016 5608 1030 5624 .

740 5606 753 5620 .
792 5584 920 5623 Sax.
953 5584 1030 5624 ὁ).

84 5654 472 5712 Prohibemus
494 5658 663 5713 etiam
689 5675 754 5714 ne
776 5659 1118 5719 Christianus
1138 5679 1420 5735 quisquam
1445 5669 1628 5737 procul

38 5764 75 5802 c
110 5756 273 5827 terra
303 5749 595 5822 vcndatur,
620 5766 791 5822 neque
815 5753 879 5807 ad
903 5754 1262 5825 gentilismum
1288 5757 1474 5813 saltem
1504 5775 1625 5828 per-

1734 5228 1896 5283 quam
1922 5211 2267 5268 severissime
2296 5209 2482 5266 ulcisci
2521 5225 2619 5280 pro
2649 5223 2717 5265 eo
2743 5208 2887 5278 quod
2916 5206 3117 5263 factum
3146 5213 3259 5285 est.

1733 5302 1803 5359 X.
1834 5304 1917 5360 De
1946 5303 2188 5357 ministro
2220 5301 2407 5356 altaris
2446 5299 2735 5367 homicida,
2765 5307 2870 5355 etc.
2911 5297 3014 5370 (Ll.
3046 5296 3173 5352 Sax.
3209 5294 3325 5375 58).

1805 5394 1862 5452 Si
1891 5395 2145 5450 minister
2167 5393 2358 5450 altaris
2375 5392 2645 5449 homicida
2669 5393 2785 5457 fiat,
2808 5391 2893 5447 vel
2910 5391 3048 5445 alias
3067 5404 3321 5459 magnum

1732 5489 1886 5546 nefas
1909 5489 2326 5559 perpetraverit,
2354 5498 2480 5544 tunc
2502 5487 2697 5558 perdat
2721 5485 2914 5542 deinde
2940 5492 3047 5538 tam
3069 5483 3318 5538 ordinem

1732 5595 1893 5650 quam
1927 5581 2210 5648 honorem,
2238 5590 2294 5637 et
2330 5580 2712 5651 peregrinetur
2742 5593 2902 5649 quam
2948 5575 3137 5648 procul
3181 5590 3320 5645 papa

1730 5674 1780 5727 ei
1810 5672 2226 5743 prmscripserit,
2251 5680 2306 5728 et
2335 5671 2463 5727 illud
2497 5672 2726 5727 libenter
2753 5671 3030 5734 emendet,
3074 5678 3130 5723 ct
3178 5667 3221 5722 si
3260 5682 3321 5722 sc

1736 5765 2139 5845 pttrgat'c_vclit,
2178 5774 2374 5836 purget
2400 5780 2456 5821 sc
2488 5764 2667 5837 lriplo,
2689 5775 2740 5819 et
2764 5764 2865 5820 nisi
2898 5763 3043 5820 intra
3070 5776 3178 5816 xxx
3204 5759 3321 5837 dies
