3916 6316
573 318 710 374 1179

1928 318 2196 376 MONUM.
2225 321 2471 378 DIPLOM

3666 337 3759 396 1ίεῦ

571 437 1066 506 etmtpensatioucm
1104 436 1387 508 increperit
1423 438 1562 509 apud
1602 439 1766 494 Deum
1806 448 1858 493 et
1892 440 2028 510 apud
2066 442 2161 495 ho-
2188 441 2235 497 Α
2262 440 2331 494 sit
2355 440 2591 503 occisus,
2620 455 2718 509 pro
2745 455 2808 495 eo
2828 442 2969 510 quod
3001 440 3090 495 ille
3107 439 3335 508 justitia:
3360 454 3416 496 se
3435 451 3708 516 opposuerit,
3726 455 3755 509 :1

575 531 770 590 mines.
806 540 929 586 tunc
958 530 1026 584 sit
1054 530 1230 584 exlex.

673 642 761 696 XI.
834 641 909 694 De
954 641 1255 695 ordinatum
1312 642 1565 697 vincienle
1614 654 1702 696 aut
1763 644 2063 699 verberante

1151 711 1253 781 (ιι.
1288 712 1416 768 Sax.
1446 713 1561 782 39).

645 804 700 859 Si
729 805 850 875 quis
886 804 1061 859 sacris
1098 804 1371 859 initiatum
1410 806 1613 861 vinciat
1651 804 1734 860 vel
1768 806 2045 868 verberet,
2075 804 2158 859 vel

569 897 859 953 admodum
893 896 1257 961 convicietur,
1300 907 1616 967 compenset
1651 898 1698 952 ei
1752 907 1910 967 prout
1952 898 2156 968 justum

572 997 674 1052 est,
702 996 758 1042 et
790 988 1043 1059 episcopo
1080 1004 1188 1043 ara:
1214 989 1496 1059 expianda:
1542 989 1768 1044 multam
1810 1006 1910 1060 pro
1950 991 2159 1045 ordinis

571 1081 754 1140 modo.
787 1089 839 1135 et
864 1080 1084 1137 domino
1103 1080 1185 1136 vel
1213 1081 1324 1151 regi
1357 1096 1456 1152 pro
1478 1081 1635 1152 plena
1658 1081 1953 1138 violatione
1986 1084 2155 1153 pacis,

568 1170 654 1226 vel
680 1182 873 1240 purget
899 1172 1135 1243 seipsum
1159 1171 1315 1243 plena
1337 1174 1708 1228 excusatione.

716 1261 829 1316 Xll.
856 1261 930 1317 De
962 1263 1207 1318 ordinato
1237 1264 1423 1333 capitis
1457 1280 1543 1318 reo
1588 1264 1689 1335 (LI.
1725 1264 1856 1320 Sax.
1895 1265 2013 1337 40).

642 1352 700 1408 Si
744 1355 871 1424 quis
914 1355 1090 1410 sacris
1127 1354 1374 1410 initiatus
1413 1355 1645 1425 capitale
1691 1356 1896 1411 crimen
1935 1359 2159 1413 commi-

567 1447 727 1513 serit,
768 1447 1231 1519 apprehendatur,
1275 1455 1329 1503 et
1367 1447 1589 1503 sistatur
1623 1464 1806 1504 coram
1845 1450 1995 1504 curia
2050 1452 2160 1522 epi-

569 1538 772 1608 scopali
804 1556 901 1610 pro
930 1540 1020 1595 illo
1046 1541 1190 1612 quod
1216 1538 1420 1595 factum
1449 1549 1553 1595 est.

644 1632 778 1688 XIII.
804 1633 881 1687 De
910 1650 997 1689 reo
1023 1633 1402 1704 confessarium
1430 1643 1631 1704 petente
1660 1633 1763 1705 (LI.
1798 1634 1928 1690 Sax.
1966 1634 2081 1708 41).

640 1724 697 1780 Si
727 1726 849 1795 quis
900 1726 1147 1797 capitalis
1192 1726 1441 1782 criminis
1493 1741 1618 1782 reus
1669 1727 1854 1782 sedulo
1906 1729 2153 1785 confiteri

566 1817 715 1883 velit,
751 1834 857 1873 nou
900 1796 1129 1888 negetur
1166 1818 1297 1874 illud
1334 1819 1437 1889 ipsi
1466 1834 1738 1889 unquam,
1769 1828 1825 1874 et
1867 1822 1910 1875 si
1951 1822 2071 1887 quis
2103 1823 2151 1876 ei
2188 1796 2230 1849 Β

566 1911 859 1980 negaverit,
894 1919 1207 1981 compenset
1245 1912 1350 1967 hoc
1386 1911 1526 1981 apud
1576 1926 1758 1981 regem
1799 1929 1903 1967 cxx
1944 1914 2151 1979 solidis,

565 2001 650 2056 vel
697 2016 889 2073 purget
922 2018 979 2057 sc
1018 2018 1238 2059 sumens
1268 2004 1508 2073 quinque
1543 2004 1812 2069 homines,
1842 2013 1897 2059 et
1940 2005 2053 2074 ipse
2086 2007 2155 2060 sit

563 2102 772 2149 sextus.

637 2205 777 2261 XIV.
841 2206 916 2261 De
969 2208 1053 2262 die
1109 2208 1375 2262 dominica
1440 2204 1486 2264 ei
1553 2210 1697 2279 [estis
1754 2209 2083 2264 observandis

1134 2279 1240 2350 (Ll.
1288 2280 1419 2334 Sax.
1464 2281 1579 2349 te).

642 2367 700 2423 Si
731 2369 1062 2439 apprehendi
1094 2379 1293 2440 potest,
1326 2387 1433 2425 non
1465 2372 1747 2427 occidatur
1776 2388 2011 2441 unquam
2048 2372 2153 2426 diei

566 2461 709 2517 Solis
750 2461 889 2517 festo
932 2462 1126 2533 aliquis
1176 2464 1507 2519 occidendus
1568 2466 1764 2528 homo,
1819 2465 1921 2519 nisi
1985 2464 2154 2535 fugiat

566 2558 653 2609 vel
678 2565 900 2627 pugnet,
926 2558 1017 2611 sed
1042 2557 1477 2626 apprehendatur
1499 2567 1553 2612 et
1580 2567 1826 2611 teneatur
1847 2574 2014 2626 usque
2040 2559 2153 2612 dies

568 2646 741 2703 festus
780 2649 1061 2720 prteteriit.
1114 2648 1174 2705 Si
1218 2649 1354 2704 liber
1402 2649 1567 2705 homo
1612 2651 1697 2705 die
1740 2650 1879 2704 festo
1926 2651 2152 2717 laboret,

567 2748 698 2793 tunc
724 2749 1039 2809 compenset
1076 2740 1180 2796 hoc
1219 2741 1468 2796 obstricti
1497 2740 1617 2796 Colli
1654 2741 1842 2807 multa,
1879 2751 1933 2794 et
1966 2742 2153 2796 saltem

567 2829 710 2899 apud
761 2831 931 2885 Deum
977 2831 1263 2903 diligenter
1294 2822 1644 2903 compenset,
1686 2835 1866 2903 prouti
1910 2835 2151 2889 docetur.

567 2917 773 2976 Servus
794 2921 838 2976 si
862 2921 1096 2989 laboret,
1120 2922 1358 2992 vapulet,
1384 2922 1466 2977 vel
1492 2939 1576 2994 pr.
1592 2923 1723 2978 tium
1755 2925 2037 2979 verberum
2057 2940 2157 2995 pro

570 3012 781 3067 ratione
823 3010 941 3081 ejus
983 3014 1123 3084 quod
1164 3014 1367 3069 factum
1416 3023 1502 3070 est
1567 3015 1755 3085 (luat);
1828 3016 1871 3069 si
1909 3016 2157 3072 dominus

576 3102 767 3160 servos
811 3119 937 3161 suos
980 3106 1066 3162 die
1096 3104 1233 3161 festo
1269 3115 1426 3178 cogat
1463 3108 1531 3162 ad
1566 3107 1918 3163 laborandum
1966 3109 2157 3177 perdat
2182 3138 2225 3195 ο

567 3210 784 3250 servum
804 3236 819 3263 ,
848 3204 904 3251 et
926 3196 997 3253 sit
1022 3196 1073 3252 iit
1101 3205 1378 3267 posterum
1421 3198 1585 3264 liber,
1613 3210 1667 3254 et
1694 3200 1945 3255 dominus
1982 3200 2158 3256 solvat

569 3288 784 3344 violata:
844 3289 979 3361 legis
1032 3305 1249 3359 pcenam
1305 3292 1448 3362 apud
1504 3292 1707 3356 Dauos,
1743 3294 1965 3347 multam
2013 3296 2156 3365 apud

569 3379 790 3451 Anglos,
826 3396 924 3452 pro
954 3382 1164 3437 ratione
1185 3380 1302 3453 ejus
1339 3385 1481 3454 quod
1510 3384 1711 3439 factum
1762 3396 1846 3440 est
1866 3426 1881 3453 ,
1916 3386 1997 3440 vel
2025 3402 2155 3455 pur—

568 3482 658 3542 get
694 3488 770 3528 se.

753 3565 867 3623 XV.
913 3565 988 3620 De
1004 3567 1273 3637 jejunium
1305 3568 1527 3624 violante
1557 3569 1658 3642 (Ll.
1700 3570 1830 3625 Sax.
1862 3571 1977 3641 43).

644 3654 701 3709 Si
751 3654 890 3710 liber
934 3656 1096 3713 homo
1125 3674 1312 3713 verum
1351 3659 1617 3729 jejunium
1656 3660 1938 3725 dissolvat,
1983 3661 2157 3716 solvat

570 3746 781 3802 violata:
809 3744 943 3817 legis
968 3763 1181 3818 ptenam
1214 3748 1352 3819 apud
1375 3750 1584 3816 Danos,
1613 3750 1835 3804 multam
1879 3753 2020 3820 apud
2048 3753 2157 3805 Au-

571 3834 690 3905 glos
742 3851 841 3906 pro
898 3837 1105 3892 ratione
1136 3837 1252 3905 ejus
1280 3839 1423 3908 quod
1460 3840 1664 3894 factum
1704 3850 1805 3895 est.
1851 3840 2045 3894 Malum
2076 3848 2159 3895 est

576 3934 817 3995 tempore
847 3926 962 3981 veri
984 3926 1176 3997 jejuuii
1204 3938 1330 3982 ante
1365 3929 1651 3998 prandium
1688 3930 1868 3993 edere,
1899 3938 1952 3982 et
1983 3930 2159 3984 adhuc

571 4015 747 4086 pejus,
769 4018 1004 4086 seipsum
1023 4034 1185 4073 carne
1209 4019 1505 4074 defmdare.
1531 4020 1586 4073 Si
1610 4035 1797 4074 servus
1820 4021 1922 4075 hoc
1946 4020 2156 4085 fecerit,

573 4109 815 4179 vapulet,
845 4110 927 4165 vel
949 4113 1180 4180 pretium
1212 4111 1493 4167 verberum
1519 4128 1615 4183 pro
1645 4114 1851 4168 ratione
1874 4113 1991 4182 ejus
2015 4114 2157 4182 quod

574 4199 773 4254 factum
811 4211 889 4257 est
920 4202 1101 4274 (luat).

573 4312 713 4370 XVI.
780 4314 848 4370 Ut
907 4315 1325 4387 Quadragrrima
1375 4329 1421 4371 et
1485 4317 1616 4384 festa
1685 4334 1789 4371 non
1848 4327 2160 4371 (emerentur

1161 4389 1264 4457 (LI.
1295 4388 1428 4442 Sax.
1460 4389 1570 4455 44).

646 4476 704 4530 Si
737 4477 860 4545 quis
896 4476 1123 4555 publice
1152 4476 1634 4547 Quadragesimatn
1664 4476 1921 4531 dissolvat
1950 4491 2047 4546 per
2079 4476 2160 4531 di-
2192 4482 2237 4538 Ι)

574 4567 945 4631 tuicationetn,
981 4566 1063 4621 vel
1097 4583 1192 4637 per
1227 4569 1639 4637 patrimonium,
1679 4567 1760 4622 vel
1790 4583 1885 4637 per
1914 4567 2159 4636 rapinam

573 4656 658 4710 vel
694 4671 791 4727 per
818 4655 1035 4727 aliquod
1064 4657 1353 4711 nefandum
1399 4656 1632 4724 facinus,
1664 4657 1826 4727 duplo
1866 4658 1967 4713 hoc
2010 4673 2161 4713 com-

575 4756 856 4818 pcnsetur,
886 4749 961 4803 uti
994 4749 1046 4803 in
1076 4765 1271 4820 magno
1303 4748 1473 4815 festo,
1502 4764 1598 4820 pro
1627 4751 1835 4805 ratione
1872 4751 1987 4820 ejus
2016 4751 2159 4819 quod

577 4843 777 4897 factum
799 4852 900 4899 est.
928 4845 993 4899 Et
1022 4845 1065 4901 si
1084 4846 1203 4915 quis
1234 4844 1381 4917 (hoc)
1411 4854 1585 4914 neget,
1622 4843 1813 4915 triplici
1841 4846 2160 4915 purgatione

576 4947 635 4986 se
658 4942 870 5003 purget.

616 5024 772 5080 XVII.
804 5025 882 5080 De
915 5026 1142 5081 ecclesia:
1169 5027 1343 5081 debila
1370 5026 1417 5081 vi
1440 5026 1697 5081 detinente
1717 5025 1819 5097 (LI.
1853 5026 1982 5081 Sax.
2008 5027 2118 5098 45).

651 5118 707 5172 Si
750 5119 873 5188 quis
909 5119 961 5173 vi
1015 5119 1397 5175 ecclesiasticis
1440 5118 1661 5188 judiciis
1716 5134 1777 5174 se
1827 5121 2159 5189 opposuerit,

578 5207 752 5263 solvat
773 5209 982 5265 violatae
1002 5210 1138 5281 legis
1158 5224 1373 5281 poenam
1394 5210 1535 5281 apud
1555 5210 1757 5276 Danos,
1782 5210 2003 5264 multam
2020 5210 2162 5279 apud

578 5301 781 5373 Anglos
803 5343 818 5368 ,
851 5304 937 5360 vel
966 5313 1159 5376 purget
1191 5318 1253 5360 se
1291 5318 1513 5359 sumens
1538 5301 1824 5367 undecitu,
1858 5308 1913 5356 et
1947 5300 2065 5371 ipse
2093 5301 2165 5357 sit

579 5394 953 5451 duodecimus.
987 5396 1045 5452 Si
1074 5396 1307 5467 aliquem
1335 5397 1602 5460 vulneret,
1629 5402 1941 5464 compenset
1961 5393 2085 5461 hoc,
2109 5401 2165 5448 et

581 5486 751 5541 solvat
777 5488 986 5557 plenam
1024 5488 1248 5542 multam
1292 5489 1542 5554 domino,
1576 5486 1724 5543 etab
1766 5487 2018 5557 episcopo
2049 5501 2165 5539 ma-

580 5596 709 5633 num
741 5581 991 5649 redimat,
1023 5581 1109 5637 vel
1134 5596 1256 5637 eam
1282 5582 1491 5651 perdat.
1533 5581 1590 5635 Si
1621 5581 1857 5649 aliquem
1881 5579 2160 5643 occiderit,

581 5672 652 5725 sit
683 5672 836 5727 exlex
856 5713 872 5739 ,
901 5680 956 5727 et
984 5684 1382 5744 persequantur
1410 5689 1533 5729 eum
1565 5689 1687 5727 cum
1717 5672 1951 5727 clamore
1974 5685 2165 5727 omnes

585 5765 658 5819 illi
681 5766 771 5836 qui
798 5766 1060 5836 justitiam
1105 5766 1309 5823 volunt.
1356 5766 1412 5823 Si
1454 5767 1565 5837 ipse
1606 5773 1792 5822 auctor
1823 5763 1981 5822 fuerit
2019 5762 2163 5837 quod

2260 530 2363 583 hoc
2392 530 2757 593 confirmetur,
2782 529 2962 599 jaceat
2989 532 3215 587 inultus.

2317 619 2500 675 XVIII.
2533 621 2608 676 De
2634 638 2846 675 sacrant
2870 624 3107 677 ordinem
3132 622 3360 677 violente
3388 620 3488 694 (LI.
3517 622 3612 680 Sa:
3633 629 3712 701 46).

2332 711 2388 767 Si
2430 713 2552 783 quis
2590 729 2802 769 sacrum
2834 714 3078 769 ordinem
3115 714 3417 781 violaverit,
3454 722 3666 776 emendet
3688 726 3757 783 hoc

2258 819 2357 874 pro
2379 806 2644 876 dignitate
2670 806 2897 873 ordinis,
2927 808 3041 863 sive
3066 824 3165 879 per
3184 809 3578 867 aestimationem
3599 818 3757 886 capitis,

2259 897 2373 951 sive
2406 912 2503 967 per
2530 899 2779 966 multam,
2809 899 2924 955 sive
2943 916 3041 971 per
3062 900 3278 957 violata:
3306 901 3434 971 legis
3457 917 3659 973 poenam,
3680 911 3759 966 sive

2260 1003 2357 1060 per
2377 1005 2591 1047 omnem
2620 992 3038 1060 possessionem.

2561 1081 2699 1137 XIX.
2726 1084 2804 1139 De
2828 1085 3090 1139 adulterio
3120 1084 3227 1155 (LI.
3262 1085 3392 1139 Sax.
3421 1085 3526 1152 47).

2334 1168 2390 1224 Si
2430 1171 2554 1241 quis
2583 1172 2906 1227 adulterium
2939 1175 3297 1237 counniserit,
3338 1177 3569 1231 emendet
3593 1194 3669 1247 per
3688 1182 3763 1239 hoc

2259 1265 2403 1333 qttud
2435 1263 2636 1319 factum
2670 1275 2775 1320 est.
2808 1266 3002 1321 Malunt
3044 1267 3366 1322 adulterium
3399 1270 3496 1334 est,
3520 1272 3637 1338 quod
3665 1289 3766 1329 ure.

2261 1365 2413 1423 ratus
2454 1356 2615 1411 homo
2654 1372 2776 1411 cum
2808 1357 2983 1412 soluta
3014 1367 3204 1422 coeat,
3235 1368 3292 1412 et
3332 1359 3493 1415 multo
3529 1362 3652 1431 pejus
3672 1381 3783 1419 ('11th

2259 1446 2482 1503 alterius
2508 1463 2697 1514 uxore,
2731 1448 2817 1502 vel
2838 1464 2961 1503 cum
2986 1450 3159 1504 sacris
3190 1450 3405 1504 initiata
3430 1452 3571 1507 votis.

2531 1537 2649 1592 XX.
2687 1537 2765 1593 De
2800 1538 3109 1593 inrestuosis
3144 1538 3247 1609 (LI.
3293 1537 3420 1593 Sax.
3449 1539 3552 1610 48).

2332 1627 2389 1683 Si
2425 1627 2547 1698 quis
2585 1629 2851 1684 incestum
2881 1631 3237 1696 commiserit,
3270 1645 3565 1701 compenset
3595 1635 3673 1689 hoc
3694 1653 3767 1705 pro

2263 1718 2523 1787 dignitate
2554 1720 2914 1790 cognationis,
2941 1721 3055 1776 sive
3076 1738 3172 1791 per
3192 1722 3388 1792 capitis
3405 1725 3769 1793 aestimationem,

2258 1811 2369 1864 sive
2401 1825 2498 1880 per
2527 1810 2772 1876 multam,
2807 1812 2921 1867 sive
2948 1826 3043 1881 per
3075 1822 3241 1867 totam
3284 1815 3657 1882 possessionem.
3677 1816 3765 1871 Non

2256 1908 2341 1954 est
2377 1901 2568 1955 eadem
2600 1902 2737 1956 ratio
2762 1917 2885 1956 eum
2928 1918 3118 1958 sorore
3155 1918 3220 1958 ac
3261 1918 3384 1961 cum
3427 1905 3674 1960 remotiore
3695 1922 3769 1961 eo-

2256 1999 2416 2060 gnata
2444 1990 2613 2044 coire.

2461 2081 2604 2137 XXI.
2637 2082 2711 2137 De
2741 2076 2949 2139 viduam
2974 2084 3199 2140 violente
3227 2084 3329 2155 (LI.
3371 2085 3491 2140 Sax.
3514 2085 3610 2154 i9).

2329 2173 2385 2228 Si
2426 2175 2549 2243 quis
2576 2176 2792 2230 viduam
2822 2176 2872 2229 vi
2904 2176 3224 2242 violaverit,
3252 2189 3546 2247 compenset
3580 2179 3661 2232 hoc
3696 2195 3777 2247 per

2256 2264 2451 2333 capitis
2472 2266 2908 2321 :estimationetn.
2935 2267 2991 2322 Si
3020 2267 3143 2337 quis
3171 2268 3400 2338 puellam
3432 2268 3476 2323 vi
3502 2272 3779 2338 stupraverit

2256 2366 2570 2425 compensat
2593 2358 2695 2415 hoc
2720 2374 2819 2428 per
2840 2360 3032 2429 capitis
3053 2360 3480 2415 aestimationem.

2257 2445 2420 2501 XXII.
2464 2447 2540 2502 De
2569 2450 2748 2503 uxoris
2776 2449 3032 2504 adultera
3060 2466 3209 2519 pwna
3242 2450 3388 2519 gravi
3418 2450 3514 2521 (Li.
3548 2450 3659 2505 Sax.
3682 2450 3786 2519 50.)

2329 2538 2384 2593 Si
2418 2541 2614 2594 marito
2641 2541 2762 2595 vivo
2791 2557 2928 2596 uxor
2957 2557 3078 2596 cum
3103 2542 3210 2595 alio
3230 2542 3579 2609 concubuerit,
3598 2554 3646 2596 et
3669 2545 3789 2597 illud

2257 2628 2605 2685 manifestutn
2661 2631 2850 2697 ﬂeret,
2888 2632 2983 2686 fiat
3031 2632 3144 2702 ipsa
3200 2634 3252 2686 in
3303 2642 3554 2701 posterum
3593 2632 3797 2691 infamia

2258 2724 2463 2787 mundi,
2513 2733 2569 2778 et
2613 2723 2807 2779 habeat
2853 2740 3014 2779 verus
3068 2725 3296 2780 maritus
3340 2726 3506 2781 omnia
3536 2742 3637 2795 qu'c
3665 2728 3787 2791 (illa)

2258 2814 2593 2884 possidebat,
2645 2829 2711 2869 ac
2754 2815 2944 2885 perdat
2994 2815 3083 2870 illa
3136 2825 3439 2883 utrumque,
3488 2824 3579 2868 tam
3618 2833 3801 2870 nasum

2258 2921 2421 2975 quam
2448 2923 2626 2963 aures.
2657 2908 2725 2962 Et
2763 2908 2811 2962 si
2860 2910 3133 2963 accusatio
3174 2909 3265 2973 sit,
3304 2919 3360 2963 et
3394 2908 3612 2979 purgatio
3640 2909 3794 2962 fracta

2258 2999 2350 3064 sit,
2386 3009 2513 3056 tunc
2548 3001 2835 3072 episcopus
2876 3009 3198 3071 potestatem
3232 3001 3313 3070 (in
3361 3000 3492 3071 eam)
3518 3000 3718 3063 habeat,
3742 3012 3796 3053 et

2260 3093 2600 3149 severissime
2625 3092 2855 3163 judicet.

2259 3208 2446 3265 XXIII.
2472 3206 2549 3261 De
2573 3216 2793 3261 uxorato
2818 3206 3133 3347 frzirlricgnte,
3146 3214 3244 3346 ἕῖιῖ
3266 3205 3582 3259 concubinam
3599 3204 3803 3257 habente

2940 3316 2953 3329 .
3030 3293 3117 3329 .tx.
3245 3315 3260 3329 .

2940 3316 2953 3329 .
2988 3293 3117 3329 DJK.
3146 3293 3205 3329 Ol
3226 3293 3260 3329 l.

2333 3368 2390 3425 Si
2441 3368 2526 3423 vir
2574 3377 2835 3423 uxoratus
2863 3378 3016 3423 coeat
3062 3384 3185 3422 cum
3230 3366 3442 3436 propria
3481 3380 3565 3419 sua
3599 3366 3803 3428 ancilla,

2258 3462 2473 3516 amittat
2500 3474 2619 3516 eam
2640 3499 2654 3524 ,
2694 3468 2748 3512 ct
2780 3474 2876 3528 pro
2913 3458 3028 3529 ipsa
3073 3463 3386 3528 compenset
3420 3456 3546 3524 apud
3576 3454 3725 3508 Deum
3753 3465 3811 3509 et

2259 3553 2400 3623 apud
2426 3552 2693 3606 homines.
2728 3551 2795 3604 Et
2824 3550 2869 3604 si
2904 3550 3025 3619 quis
3060 3549 3352 3619 legitimam
3376 3563 3576 3602 uxorem
3603 3548 3808 3611 habeat,

2259 3656 2312 3701 et
2336 3643 2690 3698 concubinam
2732 3641 2895 3694 etiam
2928 3680 2941 3705 ,
2976 3640 3099 3695 huic
3123 3638 3305 3694 nullus
3338 3638 3597 3709 presbyter
3616 3636 3813 3704 aliquos

2259 3736 2423 3792 faciat
2450 3736 2587 3790 ritus
2617 3733 2708 3804 qui
2756 3731 3081 3788 Christianis
3122 3731 3237 3786 fieri
3281 3730 3489 3796 debent,
3521 3728 3613 3782 nisi
3643 3744 3811 3782 cessa-

2259 3827 2424 3890 verit,
2458 3832 2513 3878 et
2552 3838 2715 3894 quain
2748 3822 2985 3877 maxime
3027 3822 3315 3886 emendet,
3355 3820 3523 3891 prouli
3550 3819 3815 3888 episcopus

2260 3932 2383 3971 eum
2410 3915 2714 3980 edocuerit,
2749 3923 2804 3969 et
2835 3922 3022 3983 postea
3058 3913 3327 3968 abstineat
3357 3911 3422 3966 ab
3454 3911 3650 3965 iisdem.

2259 4005 2448 4061 XXIV.
2475 4003 2540 4059 Ut
2563 4006 2869 4077 alienigena:
2886 4005 3150 4058 libidinosi
3167 4002 3556 4073 ejicianlur(Ll.
3573 4002 3693 4055 Sax.
3712 4000 3814 4069 52}.

2336 4098 2391 4151 Si
2437 4097 2753 4168 alienigenae
2784 4096 3100 4152 concubitus
3139 4110 3267 4150 suos
3308 4094 3593 4149 reformare
3634 4092 3820 4153 nolint,

2260 4205 2326 4245 ex
2359 4189 2582 4260 regione
2617 4205 2741 4245 cum
2777 4188 3211 4259 possessionibus
3245 4196 3300 4243 et
3329 4186 3559 4256 peccatis
3590 4187 3699 4241 suis
3732 4202 3823 4242 ex-

2261 4285 2639 4341 terminentur.

2258 4397 2424 4451 XXV.
2480 4396 2549 4451 Ut
2590 4396 2851 4451 homicida
2883 4398 2962 4452 'in
3006 4397 3317 4466 purgatione
3359 4395 3548 4466 (cadens
3598 4394 3825 4462 episcopo

2710 4471 2954 4521 tradatur
2983 4467 3085 4537 (LI.
3110 4464 3249 4521 ‘Sax.
3284 4464 3395 4534 55).

2333 4558 2390 4613 Si
2438 4558 2791 4613 homicidium
2842 4558 3189 4613 manifestum
3242 4556 3377 4619 fiat,
3423 4553 3560 4624 quod
3604 4553 3725 4623 quis
3761 4554 3827 4606 sit

2264 4651 2585 4715 trucidatus,
2634 4650 2879 4704 tradatur
2919 4650 3164 4721 cognatis
3206 4644 3535 4718 (homicida),
3573 4653 3624 4697 et
3658 4644 3701 4697 si
3738 4660 3827 4697 ac-

2262 4743 2470 4798 cusatio
2505 4742 2576 4798 sit
2610 4750 2665 4798 et
2690 4741 2941 4814 purgatio
2970 4742 3110 4796 male
3159 4739 3446 4802 succedat,
3484 4736 3685 4805 judicet
3722 4738 3829 4805 epi-

2263 4848 2482 4904 scopus.

2262 4944 2451 5002 XXVI.
2486 4944 2563 5000 De
2597 4961 2659 5000 eo
2698 4946 2787 5015 qui
2823 4943 3341 5015 excommunicatum
3362 4943 3436 5015 vel
3470 4953 3521 4995 ut
3552 4943 3831 5010 erfegatsm

2684 5012 2989 5071 custodierit
3016 5014 3117 5085 (LI.
3147 5013 3278 5068 Sax.
3316 5012 3429 5082 64).

2338 5113 2394 5168 Si
2426 5110 2547 5181 quis
2577 5109 2671 5166 Dei
2700 5109 2984 5181 fugitivum
3009 5108 3241 5165 retineat
3265 5106 3478 5177 injuste,
3510 5106 3688 5159 tradat
3718 5120 3833 5159 eum

2267 5206 2336 5261 ad
2361 5203 2653 5275 justitiam,
2686 5209 2741 5257 et
2767 5209 3083 5271 compenset
3118 5200 3193 5253 illi
3222 5199 3291 5252 ad
3318 5213 3474 5267 quem
3498 5198 3745 5265 pertinet.
3777 5209 3835 5246 ac

2265 5297 2516 5355 emendet
2568 5295 2683 5364 regi
2740 5308 2836 5363 per
2885 5292 3077 5363 capitis
3129 5290 3562 5346 aestimationem.
3616 5288 3675 5341 Si
3722 5287 3835 5356 quis
3914 5302 3916 5355 ς

2266 5385 2796 5444 cxcommuuicatum
2834 5383 2918 5438 vel
2965 5381 3207 5452 exlegem
3252 5379 3529 5444 habuerit,
3574 5386 3630 5432 et
3665 5384 3835 5431 custe-
3914 5388 3916 5439 ξ

2267 5480 2449 5544 dierit,
2475 5478 2589 5532 luat
2614 5477 2780 5531 vitam
2804 5484 2858 5531 et
2885 5489 3100 5530 omnem
3130 5487 3284 5527 suam
3320 5469 3740 5542 possessionem.

2304 5571 2515 5627 XXVII.
2560 5569 2638 5624 De
2680 5568 3040 5622 misericordia
3081 5563 3371 5619 exhibenda
3403 5561 3505 5634 (LI.
3538 5560 3673 5616 Sax.
3700 5557 3806 5625 63}.

2337 5664 2477 5721 Etsi
2520 5664 2641 5734 quis
2672 5662 2956 5732 diligenter
2995 5659 3063 5713 ab
3103 5655 3367 5726 injustitia
3413 5654 3609 5711 deinde
3656 5650 3837 5706 reverti

2269 5758 2395 5817 velit
2443 5757 2508 5814 ad
2553 5755 2842 5828 justitiam,
2895 5750 3322 5810 misericordiam
3376 5756 3741 5821 consequatur
3785 5757 3840 5799 es
