3838 6322
54 338 218 396 1181

1264 332 1604 408 CANUTUS
1646 352 1664 407 ι
1705 350 1847 405 max
1874 345 2077 402 ANGL.

3229 359 3366 414 H82

52 461 281 512 timore
330 456 463 525 Dei,
512 473 675 528 quam
723 462 926 532 optime
979 472 1031 519 et
1085 461 1497 535 diligentissime
1550 468 1666 523 ﬁeri
1699 474 1746 531 Α
1776 478 1832 523 et
1864 469 1916 524 in
1942 479 2216 539 posterum
2243 485 2455 543 semper
2491 484 2781 527 caveamus
2804 465 3092 539 diligenter
3121 475 3186 525 ab
3214 473 3363 527 inca-

52 565 223 619 posst
236 561 273 606 t.

260 640 351 695 Pii
374 642 508 713 regis
536 642 623 713 pia
652 646 911 712 peroratio
944 646 1046 715 (LI.
1081 645 1210 702 Sax.
1244 648 1501 721 Epilog.).

144 732 312 789 Nunc
338 732 627 800 diligenter
652 749 802 805 rogo,
835 745 889 791 et
915 737 969 791 in
996 738 1089 791 Dei
1118 740 1338 795 nomine
1365 756 1462 798 oro
1482 758 1672 812 quem-

53 824 209 880 libet
237 834 298 880 ut
324 840 389 881 ex
424 826 617 883 intimo
649 828 815 884 corde
842 828 909 884 ad
938 829 1224 885 Dominum
1259 848 1415 888 suum
1448 851 1672 891 conver-

52 926 247 979 tatur,
279 926 336 972 et
378 932 521 985 saepe
566 934 630 974 ac
680 920 873 976 crebro
919 922 1320 992 contempletur
1353 941 1514 994 quam
1552 926 1675 982 dili-

53 1010 402 1079 gentissime
440 1011 493 1065 id
520 1013 662 1081 quod
698 1013 745 1068 ei
787 1022 869 1068 est
896 1010 1224 1080 faciendum,
1256 1027 1310 1071 et
1336 1020 1477 1087 quod
1508 1020 1673 1075 omit-

52 1101 332 1156 tendum.
374 1101 485 1157 Nos
518 1118 709 1158 omnes
758 1102 995 1161 maxime
1034 1107 1191 1162 decet
1228 1108 1396 1163 Deum
1426 1110 1669 1181 diligere,

52 1201 127 1247 et
160 1192 263 1248 Dei
301 1192 509 1264 legibus
543 1195 803 1265 obsequi,
844 1208 899 1253 et
937 1198 1321 1255 ecclesiasticis
1362 1201 1674 1257 doctoribus

50 1287 270 1343 sedulo
307 1287 551 1355 obedire,
579 1290 833 1359 quoniam
877 1292 915 1346 ii
955 1307 1056 1348 nos
1090 1294 1388 1363 producent
1421 1295 1489 1350 ad
1530 1294 1676 1365 judi-

50 1380 244 1445 cium,
276 1394 400 1435 cum
433 1380 859 1449 Deusjudicabit
895 1384 1191 1454 quemlibet
1225 1401 1323 1455 pro
1352 1385 1510 1441 factis
1540 1388 1673 1442 suis.

50 1470 136 1526 Et
164 1470 364 1527 beatus
389 1482 473 1528 est
493 1482 700 1543 pastor,
728 1476 818 1545 qui
858 1492 1076 1548 gregem
1115 1478 1182 1532 ad
1218 1478 1313 1533 Dei
1346 1494 1589 1551 regnum,
1621 1488 1675 1535 et

58 1565 135 1617 ad
185 1564 414 1621 caeleste
450 1566 706 1637 gaudium
748 1566 930 1623 laetum
974 1568 1172 1625 ducere
1216 1578 1395 1639 potest
1452 1579 1677 1641 propter

55 1656 222 1711 facta
262 1672 381 1712 sua.
410 1657 557 1714 Bene
598 1659 762 1715 etiam
804 1669 890 1716 est
932 1662 1081 1733 gregi
1132 1662 1228 1729 illi,
1273 1664 1363 1733 qui
1404 1674 1672 1733 pastorem

56 1751 328 1818 sequitur
361 1765 485 1806 eum
533 1752 625 1822 qui
664 1752 814 1808 illum
868 1769 898 1807 a
942 1754 1170 1810 diabolis
1209 1756 1427 1826 eripuit,
1476 1766 1530 1812 et
1569 1759 1676 1811 Deo

54 1841 390 1910 acquisivit.
414 1842 684 1912 Agedum,
708 1859 915 1908 omnes,
938 1847 1180 1901 unanimi
1203 1847 1366 1902 corde
1387 1848 1674 1919 diligenter

62 1930 314 1986 Domino
350 1940 540 1987 nostro
572 1932 881 2003 placeamus
908 1949 1031 1989 cum
1063 1950 1129 1990 eo
1155 1936 1297 2004 quod
1323 1936 1529 2004 justum
1564 1946 1669 2003 est,

1776 559 2013 613 lcscente
2041 559 2324 626 incendio,
2363 564 2505 633 quod
2536 561 2795 634 praevalet
2822 559 2874 616 in
2924 561 3138 617 inferno
3169 562 3365 618 faciant

1775 664 1919 706 nunc
1948 650 2111 704 etiam
2139 652 2391 706 doctores
2412 661 2466 707 et
2486 650 2839 708 ecclesiastici
2864 666 3161 721 praecones,
3186 652 3362 720 prouti

1765 740 1997 810 justum,
2026 751 2081 797 et
2108 743 2330 798 cuilibet
2357 745 2721 799 necessarium
2767 752 2886 809 est,
2912 752 3185 813 exponant
3222 759 3364 813 smpe

1773 835 2172 890 ecclesiasticas
2199 836 2575 902 necessitates,
2600 844 2652 890 et
2674 836 2851 889 omnis
2870 835 2962 905 qui
2989 834 3254 889 discretus
3280 844 3363 889 est

1774 927 1961 980 audiat
1988 940 2084 981 eas
2116 926 2436 996 diligenter,
2466 941 2529 981 ac
2557 925 2836 980 doctrinas
2872 925 3271 981 ecclesiasticas
3308 926 3359 979 in

1775 1025 1961 1071 mente
1996 1017 2227 1072 retineat
2274 1032 2435 1087 quam
2482 1016 2830 1081 ﬁrmissime,
2862 1016 2915 1070 in
2958 1017 3231 1086 propriam
3277 1016 3361 1070 sui

1773 1104 2088 1174 utilitatem,
2112 1115 2167 1162 et
2196 1121 2412 1175 semper
2436 1105 2661 1177 quilibet
2684 1105 2849 1160 homo
2879 1105 2932 1158 in
2963 1105 3223 1160 honorem
3260 1103 3360 1158 Do-

1774 1198 1910 1253 mini
1947 1198 2027 1253 sni
2061 1207 2282 1267 przestet
2320 1198 2430 1252 Deo
2471 1213 2569 1251 suo
2608 1197 2659 1251 id
2698 1197 2840 1266 quod
2878 1205 3075 1265 potest,
3110 1197 3277 1251 verbo
3309 1206 3362 1250 et

1775 1288 1944 1354 facto,
1997 1288 2242 1344 hilariter
2288 1303 2522 1357 semper.
2569 1288 2722 1341 Tunc
2767 1287 2923 1341 nobis
2968 1287 3219 1341 omnibus
3271 1287 3361 1341 Dei

1775 1381 2151 1436 misericordia
2204 1380 2445 1449 paratior
2482 1379 2606 1434 erit.
2642 1378 2869 1449 Semper
2916 1378 2987 1433 sit
3026 1393 3219 1432 nomen
3270 1378 3363 1431 Dei

1775 1474 1830 1528 in
1854 1484 2115 1529 mlernum
2138 1473 2503 1538 benedictum,
2535 1487 2597 1525 ac
2619 1471 2786 1541 gloria
2809 1472 2882 1533 ei,
2910 1479 2964 1525 et
2988 1470 3103 1524 laus
3134 1478 3190 1525 et
3210 1485 3365 1522 vene-

1776 1567 1917 1621 ratio
1940 1566 2008 1620 sit
2031 1580 2244 1635 semper
2267 1565 2319 1619 in
2347 1564 2603 1620 sacculum
2627 1562 2830 1618 saeculi.
2860 1562 2999 1616 Deus
3021 1562 3364 1630 omnipotens

1780 1658 1852 1713 sit
1881 1657 2037 1712 nobis
2073 1656 2327 1713 omnibus
2366 1655 2709 1717 misericors,
2732 1654 2909 1723 prouti
2951 1653 3050 1719 ipsi
3080 1652 3363 1721 placuerit,

1778 1756 1834 1801 et
1888 1756 2173 1803 conservet
2226 1761 2327 1802 nos
2381 1759 2597 1815 semper
2651 1744 2717 1798 ad
2773 1741 3152 1797 aeternitatem.
3223 1739 3361 1793 Fiat.

1708 1814 1749 1872 Β
1780 1841 1971 1895 Amen.

60 2048 3337 2075 ————————————————————'——_

1244 2180 1683 2270 CANUTI
1762 2180 2110 2270 REGIS

125 2293 183 2340 /

177 2362 524 2421 EPISTOLA
555 2364 650 2421 AD
676 2364 1071 2426 ANGLORUM
1096 2366 1462 2426 PROCERES
1491 2368 1695 2426 MISSA
1735 2368 1932 2426 ROMA
1954 2368 2142 2427 ANNO
2180 2370 2387 2427 REGNl
2426 2370 2497 2426 Ε]
2510 2370 2594 2426 US
2624 2370 2741 2437 XV,
2775 2369 3011 2426 DOMINI
3056 2369 3215 2425 i031.

3226 2418 3275 2469 /

60 2517 253 2589 Refert
277 2531 473 2594 quanta
492 2522 852 2592 benignitatea
873 2521 1084 2578 Joanne
1106 2540 1265 2593 papa,
1288 2523 1531 2578 Conrado
1554 2524 1882 2591 imperatore,
1909 2532 1957 2577 et
1985 2523 2261 2593 Rodulplto
2287 2540 2403 2594 rege
2429 2524 2697 2594 amplexas
2726 2534 2821 2577 est.
2848 2523 2914 2578 Se
2938 2524 3154 2577 Romam
3176 2534 3351 2578 trans-

142 2591 394 2664 euntibus
424 2591 729 2664 impetrasse
767 2593 1037 2663 privilegia
1070 2591 1340 2664 :_'vt'ta’que
1369 2610 1479 2648 sua:
1520 2595 1816 2647 institutum
1848 2591 2206 2664 correcturum
2246 2591 2404 2647 vovet.
2442 2591 2617 2648 Monet
2664 2604 2719 2647 ut
2750 2594 3005 2649 declinent
3034 2596 3351 2664 injustitiaut

138 2670 193 2714 et
224 2659 355 2730 ﬁsco
385 2661 457 2716 nil
482 2659 706 2718 indebita
733 2659 927 2733 ferant.
952 2659 1042 2717 'Ad
1064 2659 1357 2719 Ecclesium
1388 2664 1700 2733 pertinentia
1721 2663 1903 2718 sedulo
1923 2680 2138 2735 qumque
2162 2664 2308 2718 reddi
2327 2664 2499 2733 jubet.

145 2944 362 3011 Csuro,
409 2962 504 3001 rex
554 2948 719 3002 totius
757 2947 988 3019 Angliae,
1044 2959 1100 3004 et
1148 2947 1580 3015 Danamarchite,
1620 2955 1675 3003 et
1701 2932 1743 2990 ο
1777 2956 1833 3003 et
1863 2946 2139 3019 argenteis
2184 2961 2345 3016 quam
2380 2947 2431 3001 in
2466 2945 2645 3017 palliis
2679 2954 2735 3000 et
2761 2944 3003 3000 vestibus
3041 2945 3194 3001 valde
3239 2961 3365 3016 pre-

59 3036 396 3106 Norwegiaa,
414 3044 468 3092 et
488 3038 664 3107 partis
691 3036 1019 3107 Suavorum,
1037 3040 1319 3095 Almo'rno
1352 3038 1471 3110 [al.,
1498 3038 1671 3093 East.-

60 3127 290 3200 sorao]
370 3131 819 3201 metropolitano,
894 3141 949 3187 et
1007 3133 1246 3189 ALFRICO
1301 3131 1666 3195 Eboracensi,

67 3218 445 3288 ottniibusque
494 3221 764 3291 episcopis
814 3232 864 3278 et
911 3222 1261 3289 primatibus,
1292 3229 1345 3276 et
1390 3220 1487 3275 toti
1524 3220 1672 3291 genti

66 3306 407 3375 Anglorum,
444 3317 552 3362 tam
583 3312 855 3366 nobilibus
884 3328 1044 3381 quam
1076 3310 1318 3381 plebeiis,
1350 3308 1598 3364 salutem.

154 3400 233 3469 (1)
266 3397 495 3455 Notiﬁco
524 3403 680 3458 vobis
712 3420 798 3470 me
830 3405 1041 3459 noviter
1063 3404 1191 3458 iisse
1212 3403 1438 3457 Romam
1459 3409 1670 3455 oratum

67 3506 179 3560 pro
205 3491 581 3561 redemptione
604 3496 981 3564 peccaminum
1006 3510 1278 3560 meorum,
1300 3504 1354 3549 et
1376 3510 1473 3564 pro
1498 3493 1671 3550 salute

76 3598 397 3653 regnorum,
430 3586 633 3656 quique
662 3602 785 3644 meo
834 3589 1116 3658 suhjaeent
1158 3587 1407 3659 regimini
1451 3588 1671 3659 populo-

72 3692 226 3730 rum.
257 3675 408 3732 Hanc
454 3678 671 3748 quidem
703 3680 1092 3749 profectionem
1125 3680 1235 3735 Deo
1266 3682 1377 3753 jam
1415 3681 1543 3735 olim
1580 3681 1671 3735 de-

72 3780 358 3833 voveram,
410 3768 528 3833 sed,
570 3784 671 3839 pro
707 3772 937 3841 negotiis
990 3772 1139 3841 regni
1190 3781 1245 3826 et
1278 3772 1458 3827 causis
1504 3772 1670 3840 impe-

72 3856 377 3922 dientibus,
421 3858 701 3929 hucusque
750 3878 853 3915 non
901 3871 1143 3932 poteram
1191 3864 1473 3932 perlicere.
1517 3860 1671 3916 Nunc

77 3957 269 4001 autem
312 3948 413 4018 ipsi
468 3950 578 4005 Deo
625 3967 746 4007 meo
790 3954 1145 4023 omnipotenti
1193 3954 1349 4009 valde
1393 3954 1672 4009 humiliter

72 4039 290 4108 gratias
325 4054 427 4110 ago
457 4042 600 4111 quod
645 4044 913 4098 concessit
953 4044 1007 4098 in
1042 4046 1152 4098 vita
1195 4060 1311 4099 mea
1362 4044 1579 4099 Petrum
1615 4054 1670 4100 et

74 4129 309 4183 Paulum
364 4132 554 4187 beatos
603 4133 905 4201 apostolos,
958 4143 1015 4191 et
1063 4150 1224 4191 omne
1277 4136 1667 4201 sanctuarium,

72 4218 224 4288 quod
253 4219 391 4273 intra
417 4222 605 4276 urbem
635 4222 863 4277 Romam
889 4233 980 4278 aut
1006 4234 1157 4279 extra
1188 4224 1466 4280 addiscere
1494 4225 1666 4296 potui,

73 4321 361 4380 expetere,
394 4324 468 4379 et,
506 4316 806 4371 secundum
837 4317 1163 4372 desiderium
1197 4333 1396 4385 meum,
1430 4334 1668 4389 praesen-

72 4401 284 4456 tialiter
314 4406 563 4460 venerari
605 4414 660 4461 et
703 4406 948 4460 adorare.
1003 4406 1070 4460 Et
1110 4407 1229 4462 ideo
1272 4408 1373 4460 hoc
1422 4407 1662 4461 maxime

71 4493 320 4563 patravi,
347 4496 473 4566 quia
505 4514 533 4551 a
566 4499 901 4567 sapientibus
942 4498 1102 4553 didici
1147 4509 1398 4553 sanctum
1440 4499 1660 4552 Petrum

72 4583 383 4653 apostolum
416 4602 665 4657 magnam
698 4596 1020 4656 potestatem
1066 4591 1339 4659 accepisse
1369 4606 1399 4643 a
1439 4590 1667 4645 Domino

73 4674 286 4744 ligandi
332 4684 496 4746 atque
546 4677 808 4741 solvendi,
845 4679 1171 4748 clavigerum
1217 4694 1337 4736 esse
1376 4681 1523 4751 regni
1559 4695 1671 4736 cce-

75 4766 264 4832 lestis,
312 4777 367 4822 et
416 4768 537 4823 ideo
586 4770 895 4838 specialiter
946 4772 1063 4840 ejus
1111 4773 1467 4841 patrocinium
1528 4774 1668 4844 apud

78 4860 257 4913 Deum
285 4870 537 4931 expetere
571 4862 726 4917 valde
760 4864 891 4918 utile
918 4864 1063 4917 duxi.

155 4953 238 5007 Sit
261 4962 438 5009 autem
466 4956 626 5013 vobis
675 4966 861 5010 notmn
909 4958 1033 5027 quia
1077 4974 1272 5024 magna
1316 4961 1671 5031 congregatio

79 5044 369 5113 nobilium,
402 5046 455 5101 in
486 5048 600 5117 ipsa
642 5048 986 5103 solemnitate
1017 5050 1278 5118 paschali,
1312 5051 1385 5105 ibi
1414 5067 1535 5105 cum
1571 5052 1670 5106 d0-

80 5137 236 5191 tuino
279 5152 418 5207 papa
473 5137 683 5193 Joanne
732 5148 786 5193 et
845 5140 1173 5209 imperatore
1221 5140 1475 5196 Cunrado
1521 5150 1669 5206 erat,

84 5230 301 5286 scilicet
326 5246 519 5288 omnes
550 5233 822 5303 principes
849 5233 1114 5303 gentium,
1148 5248 1175 5288 a
1215 5244 1400 5290 monte
1421 5233 1672 5305 Gargano

89 5338 261 5392 usque
288 5326 355 5379 ad
394 5324 540 5382 istud
568 5325 876 5397 proximum
919 5340 1087 5390 mare,
1130 5326 1221 5397 qui
1265 5342 1455 5382 omnes
1497 5341 1581 5380 me
1619 5335 1675 5381 et

86 5414 375 5473 honoriﬁce
390 5432 703 5489 suscepere,
727 5426 782 5472 et
811 5417 1114 5487 magniﬁcis
1141 5418 1297 5474 donis
1317 5420 1670 5475 honoravere.

91 5507 323 5564 Maxime
360 5517 542 5567 autem
570 5512 641 5567 ab
670 5512 999 5580 imperatore
1025 5511 1180 5567 donis
1210 5514 1376 5567 variis
1406 5522 1459 5566 et
1488 5529 1673 5568 mune—

87 5602 238 5656 ribus
268 5602 523 5672 pretiosis
563 5604 864 5659 honoratus
907 5619 1045 5668 sum,
1080 5613 1189 5658 tam
1229 5605 1281 5660 in
1308 5606 1452 5661 vasis
1489 5606 1668 5663 aureis

157 5776 229 5847 (ι)
259 5776 437 5836 Malm.
467 5780 616 5841 Gest.
646 5795 759 5852 reg.
792 5781 880 5837 lib.
916 5797 977 5850 ιι,
1009 5797 1128 5857 cap.
1162 5783 1244 5841 il.

1778 3038 1949 3094 tiosis.
1995 3036 2234 3093 Locutus
2270 3052 2389 3092 sum
2424 3036 2588 3106 igitur
2626 3051 2748 3091 cum
2793 3036 2909 3104 ipso
2958 3036 3284 3105 imperatore
3313 3045 3368 3091 et

1776 3129 1996 3185 domino
2018 3143 2179 3200 papa,
2207 3137 2262 3182 et
2286 3126 2621 3198 principibus
2650 3127 2741 3195 qui
2780 3124 2851 3179 ibi
2880 3136 3053 3188 erant,
3090 3128 3154 3181 de
3180 3142 3369 3181 neces-

1777 3221 2029 3276 sitatibus
2051 3222 2216 3275 totius
2247 3220 2428 3289 populi
2455 3221 2585 3285 mei,
2612 3228 2723 3274 tam
2753 3216 2911 3287 Angli
2938 3232 3096 3287 quam
3129 3218 3283 3279 Dani,
3310 3226 3369 3271 ut

1773 3312 1854 3368 eis
1887 3312 2281 3367 concederetur
2314 3310 2399 3365 lex
2430 3312 2638 3382 aequior
2672 3318 2729 3365 et
2773 3324 2880 3379 pax
2909 3310 3157 3365 securior
3196 3310 3248 3363 in
3281 3311 3365 3364 via

1774 3402 1999 3459 Romam
2023 3401 2277 3469 adeundi,
2315 3412 2369 3457 et
2394 3418 2463 3458 ne
2494 3412 2573 3457 tot
2610 3401 2878 3457 clausuris
2907 3416 3005 3470 per
3042 3401 3184 3455 viam
3214 3414 3368 3456 arce-

1772 3501 1985 3561 rentur,
2022 3503 2077 3548 et
2100 3480 2626 3564 propter'injustum
2678 3491 2935 3547 telonium
2986 3490 3362 3560 fatigarentur.

1773 3586 2087 3655 Annuitque
2128 3585 2413 3655 postulatis
2454 3585 2767 3653 imperator,
2803 3590 2859 3637 et
2897 3581 3210 3651 Rodulphus
3246 3596 3361 3649 rex,

1772 3679 1862 3749 qui
1901 3679 2135 3731 maxime
2171 3679 2407 3749 ipsarum
2447 3677 2823 3732 clausurarum
2855 3675 3191 3736 dominator,
3229 3664 3362 3728 cnn-

1774 3768 1957 3837 ctique
1986 3765 2259 3836 principes
2291 3764 2483 3824 edictis
2517 3763 2826 3828 ﬁrmarunt,
2860 3771 2921 3816 ut
2955 3761 3203 3816 homines
3235 3761 3362 3828 mei,

1774 3871 1882 3914 tam
1926 3867 2262 3915 mercatores
2305 3872 2466 3927 qnam
2497 3856 2589 3910 alii
2635 3854 2825 3910 orandi
2877 3854 3051 3925 gratia
3100 3854 3361 3919 viatores,

1772 3954 1977 4022 absque
2004 3953 2150 4007 omni
2174 3950 2396 4021 angaria
2420 3948 2796 4004 clausurarum
2823 3955 2878 4003 et
2918 3946 3361 4010 teloneariorum,

1775 4046 1930 4099 ﬁrma
1956 4059 2088 4113 pace
2110 4043 2336 4098 Romam
2362 4049 2488 4097 eant
2515 4048 2571 4096 et
2595 4038 2861 4095 redeant.‘

1845 4138 2189 4206 Conqneslus
2230 4150 2348 4191 sum
2395 4134 2595 4188 iterum
2628 4146 2811 4187 coram
2853 4130 3073 4185 domino
3109 4143 3268 4199 papa,
3310 4135 3365 4181 et

1776 4230 1909 4283 mihi
1940 4229 2096 4282 valde
2125 4227 2411 4295 displicere
2440 4224 2549 4279 dixi
2573 4223 2715 4293 quod
2747 4227 2849 4276 mei
2878 4220 3276 4289 archiepiscopi
3306 4219 3361 4272 in

1772 4328 1984 4374 tantum
2012 4317 2442 4388 angariabantur
2473 4314 2838 4369 immensitate
2868 4312 3214 4380 pecuniarum
3241 4325 3364 4379 quae

1768 4412 1837 4466 ab
1892 4409 1972 4463 eis
2019 4408 2456 4477 expetebantur,
2509 4406 2633 4459 dum
2684 4419 2782 4473 pro
2831 4403 2995 4472 pallio
3042 4399 3363 4470 accipiendo

1769 4502 2065 4559 secundum
2114 4515 2321 4555 morem
2373 4497 2727 4568 apostolicam
2774 4496 2955 4550 sedem
3006 4500 3358 4563 expeterent;

1774 4594 2167 4659 decretumque
2210 4598 2294 4643 est
2332 4603 2401 4642 ne
2441 4587 2492 4641 id
2519 4586 2775 4654 deinceps
2821 4585 2936 4638 ﬁat.
2981 4584 3185 4638 Cuncta
3217 4581 3363 4635 enim

1770 4697 1891 4753 quae
1931 4696 1959 4734 a
2007 4678 2229 4733 domino
2275 4693 2430 4748 papa,
2464 4686 2519 4732 et
2552 4677 2620 4730 ab
2660 4677 3019 4745 imperatore,
3049 4682 3105 4727 et
3148 4688 3178 4725 a
3227 4685 3355 4741 rege

1772 4771 2064 4840 Rodulpho
2087 4770 2405 4838 exterisque
2429 4767 2781 4837 principibus,
2809 4780 2907 4835 per
2931 4780 3160 4835 quorutn
3191 4773 3365 4818 terras

1774 4864 1934 4919 nobis
1963 4862 2229 4917 transitus
2258 4870 2343 4917 est
2368 4859 2433 4914 ad
2460 4859 2706 4921 Romam,
2732 4872 2830 4926 pro
2854 4872 2986 4911 mea:
3018 4856 3193 4928 gentis
3215 4855 3364 4910 utili-

1773 4964 1882 5010 tate
1922 4953 2283 5024 postulabam,
2335 4952 2566 5008 libenter
2616 4958 2954 5014 annnerunt,
3007 4957 3064 5003 et
3105 4961 3365 5004 concessa

1778 5045 1944 5101 etiam
1976 5053 2317 5098 sacramento
2347 5042 2725 5105 ﬁrmaverunt,
2756 5041 2855 5095 sub
2894 5038 3205 5095 testimonio
3231 5052 3366 5107 qua-

1775 5147 1896 5191 tuor
1926 5134 2462 5204 archiepiscoporum
2516 5143 2571 5186 et
2619 5132 2807 5202 viginti
2855 5131 3269 5202 episcoporum,
3306 5137 3368 5183 et

1778 5228 2081 5283 innumerae
2134 5224 2498 5279 multitudinis
2554 5223 2752 5277 ducum
2816 5230 2872 5277 et
2932 5220 3194 5277 nobilium
3249 5234 3370 5288 quae

1776 5319 1986 5373 aderat.
2017 5316 2360 5387 Quapmpter
2390 5314 2500 5370 Deo
2529 5314 2887 5383 omnipotenti
2921 5313 3127 5384 gratias
3163 5310 3371 5380 magni-

1776 5410 1909 5466 ﬁcas
1950 5410 2132 5474 reddo,
2170 5410 2295 5479 quia
2325 5406 2505 5462 omnia
2545 5421 2663 5475 qum
2705 5405 3164 5470 desideraveram,
3198 5410 3359 5473 prout

1778 5512 1957 5558 tuente
1991 5502 2361 5566 decreveram,
2397 5514 2654 5569 prospere
2690 5498 2886 5569 perfeci
2910 5539 2923 5564 ,
2953 5499 3197 5573 votisque
3234 5496 3370 5555 meis

1781 5594 1847 5649 ad
1881 5593 2016 5647 velle
2048 5591 2308 5648 satisfeci.
