3816 6322
586 349 721 409 1183

1859 368 1863 373 ·
1943 349 2218 406 NONUM.
2261 349 2532 405 DII‘LUM.
3604 362 3679 419 liii

658 443 810 498 Nunc
848 444 1031 513 itaque
1062 442 1133 498 sit
1164 452 1349 497 uotum
1383 443 1507 512 quia
1538 442 1636 515 ipsi
1675 443 1783 498 Deo
1818 443 2040 514 supplex
2073 445 2164 499 de-
2197 447 2239 505 Λ
2270 457 2402 500 nore
2430 455 2737 509 conservet,
2779 442 3127 513 omniumque
3155 442 3457 502 inimicorum
3486 457 3681 512 nosth
3742 446 3743 449 “

584 535 708 591 vovi
744 536 907 589 vitam
936 540 1112 587 meam
1155 535 1348 589 amodn
1385 534 1435 586 iu
1468 534 1720 587 omnibus
1750 533 2078 601 justificare,
2116 543 2171 589 et

590 640 753 692 regna
787 625 917 678 mihi
959 625 1176 679 subdita
1209 625 1544 694 populosque
1566 623 1710 693 jnste
1740 634 1793 679 et
1834 627 1919 695 pie
1961 640 2166 695 regere,

583 730 909 784 turpiumque
931 713 1195 783 judicium
1223 730 1321 785 per
1346 716 1525 769 omnia
1550 716 1863 779 observare,
1887 725 1942 770 et
1969 717 2013 771 si
2042 716 2170 785 quid

581 822 680 877 per
702 823 835 863 mea!
851 808 1151 879 juventutis
1176 808 1648 877 intemperantiam
1674 817 1765 861 aut
1785 808 2169 879 negligentiam

582 901 869 962 hactenus,
906 911 1105 971 prwter
1153 901 1205 954 id
1254 902 1396 970 quod
1437 901 1641 969 justum
1674 910 1809 964 eral,
1851 912 1931 956 est
1966 910 2168 964 actum,

585 1000 759 1046 totum
831 992 939 1046 Deo
985 991 1280 1047 auxiliante
1327 992 1559 1063 dispono
1606 993 1919 1048 emendare.
1966 992 2171 1047 idcirco

581 1084 828 1137 obtestor
864 1093 918 1138 et
954 1084 1209 1154 przecipio
1247 1086 1383 1139 meis
1414 1084 1759 1149 consiliariis,
1788 1086 1982 1153 quibus
2021 1084 2171 1154 regni

585 1174 813 1228 consilia
853 1175 1088 1239 credidi,
1131 1190 1201 1229 ne
1246 1175 1351 1229 ullo
1384 1176 1563 1241 modo,
1597 1185 1690 1229 aut
1726 1185 1951 1246 propter
1991 1192 2171 1231 meum

591 1263 864 1325 timorem,
923 1274 1015 1316 aut
1062 1264 1288 1334 alicujus
1330 1265 1569 1335 potentis
1614 1280 1858 1333 persona:
1909 1265 2171 1330 favorem,

586 1354 825 1424 aliquam
860 1354 1174 1423 injustitiam
1206 1358 1401 1411 amodo
1454 1358 1794 1413 consentiant
1844 1358 1925 1413 vel
1974 1357 2173 1414 faciant

584 1446 853 1517 pullulare
884 1448 936 1502 in
966 1448 1113 1501 omni
1144 1462 1307 1520 regno
1336 1463 1477 1504 meo.
1511 1448 1770 1522 Principio
1798 1451 1962 1505 etiam
1993 1452 2172 1505 omni-

584 1537 688 1593 bus
716 1539 1126 1597 vicecomitibus
1155 1551 1209 1596 et
1250 1543 1555 1612 praepositis
1583 1543 1821 1598 universi
1854 1544 2006 1613 regni
2044 1544 2170 1610 mei,

584 1628 727 1682 sicut
751 1646 925 1685 meam
960 1632 1146 1688 volunt
1185 1632 1387 1687 habere
1422 1633 1742 1698 amicitiam,
1783 1643 1876 1688 aut
1898 1648 2051 1689 suam
2080 1648 2171 1690 sa-

583 1720 775 1787 lutem,
809 1734 869 1779 ut
894 1726 1025 1781 nulli
1060 1727 1286 1790 homini,
1320 1742 1421 1783 nec
1449 1728 1635 1793 diviti,
1656 1744 1755 1784 nec
1782 1730 2029 1800 pauperi,
2059 1730 2169 1785 vim

584 1811 837 1879 injustam
870 1814 1127 1877 inferant,
1154 1817 1248 1870 sed
1272 1817 1545 1881 omnibus,
1578 1827 1684 1871 tam
1717 1819 1987 1875 nobilibus
2006 1835 2170 1890 quam

586 1900 937 1971 ignobilibus,
984 1906 1057 1959 sit
1093 1904 1174 1959 fas
1213 1906 1360 1974 justa
1408 1907 1525 1979 lege
1556 1909 1829 1979 potiundi,
1860 1926 1889 1965 a
1921 1926 2027 1981 qua
2073 1926 2174 1968 nec

581 2004 803 2065 propter
851 1996 1091 2053 favorem
1138 1999 1371 2067 regium,
1407 2014 1508 2055 nec
1546 2010 1765 2070 propter
1806 2000 2035 2070 alicujus
2074 2017 2177 2072 po-

585 2088 750 2142 tentis
798 2104 1124 2157 personam,
1168 2106 1269 2145 nec
1315 2103 1536 2163 propter
1591 2093 1721 2148 mibi
1775 2095 2172 2162 congerendum

581 2179 894 2247 pecuniam,
934 2180 1044 2235 ullo
1074 2183 1235 2237 modo
1265 2183 1500 2251 devient,
1546 2186 1670 2255 quia
1712 2184 1857 2240 nulla
1904 2185 2038 2241 mihi
2079 2199 2175 2242 ne-

582 2268 811 2323 cessitas
838 2279 923 2324 est
950 2280 1008 2325 ut
1042 2271 1225 2341 iniqua
1254 2274 1538 2328 exactione
1561 2274 1789 2343 pecunia
1820 2274 1951 2328 mihi
1978 2289 2175 2346 conge-

580 2369 752 2415 ratur.
782 2362 892 2433 Ego
914 2363 1099 2434 itaque
1123 2374 1309 2419 notum
1330 2352 1483 2421 vobis
1511 2367 1622 2422 ficri
1654 2367 1771 2423 volo
1793 2368 1957 2437 quod,
1982 2368 2172 2423 eadem

578 2452 663 2503 via
720 2468 827 2523 qua
885 2456 1025 2508 exivi
1082 2458 1429 2526 regrediens,
1490 2458 1944 2519 Danamarchiam
1996 2460 2171 2526 vado,

579 2556 771 2610 pacem
803 2552 859 2597 et
895 2544 1111 2600 firmum
1156 2557 1398 2617 pactum,
1446 2550 1690 2605 omnium
1731 2550 2005 2606 Danorum
2040 2550 2174 2607 eon-

582 2632 729 2698 silio,
761 2637 1162 2707 compositurus
1186 2654 1307 2693 cmn
1335 2641 1415 2695 eis
1435 2641 1685 2717 gentibus
1711 2658 1831 2713 quae
1853 2658 1954 2699 nos
1982 2652 2038 2700 et
2059 2643 2169 2699 vita

579 2731 635 2776 et
668 2738 834 2795 regno
867 2726 1113 2797 privare,
1149 2729 1192 2785 si
1238 2730 1317 2786 eis
1362 2743 1506 2789 esset
1550 2734 1839 2805 possibile,
1883 2735 2163 2801 volebant;

580 2815 675 2867 sed
726 2830 832 2869 non
885 2824 1198 2887 potuerunt,
1253 2822 1363 2877 Deo
1409 2822 1621 2879 scilicet
1673 2824 1931 2880 virtutem
1976 2838 2162 2881 eorum

580 2907 915 2977 destruente,
948 2911 1037 2981 qui
1072 2928 1171 2969 nos
1196 2930 1299 2971 sua
1332 2916 1664 2987 benignitate
1698 2920 1749 2975 in
1776 2935 1943 2993 regno
1977 2931 2033 2978 et
2067 2921 2167 2979 ho-
2192 2916 2241 2979 C

2272 536 2571 605 potentiam
2611 535 2894 589 annibilet.
2935 536 3240 606 Composita
3280 537 3475 608 denique
3500 555 3591 609 pace
3615 561 3682 601 cu

2273 625 2522 694 gentibus
2558 639 2678 695 qua:
2714 624 2767 679 in
2812 625 3041 681 circuitu
3088 634 3269 681 nostro
3293 629 3683 701 sunt,disposiioqag

2270 724 2325 769 et
2344 724 2535 783 pacato
2548 731 2633 768 om
2643 716 2692 769 ui
2713 729 2878 786 regno
2894 725 3079 771 nostro
3091 716 3181 771 hic
3194 716 3245 771 in
3259 716 3460 784 oriente,
3470 719 3685 781 itautanth

2274 816 2431 876 parte
2462 791 2662 861 bellum
2700 816 2794 861 aut
2822 806 3138 863 inimicitias
3177 807 3456 878 aliquorum
3489 812 3617 866 nmen
3638 816 3685 868 h-

2274 898 2521 959 beamus,
2553 914 2716 969 quam
2751 898 2915 954 citius
2952 899 3054 954 hac
3080 908 3267 955 testate
3299 910 3558 971 apparatum
3577 906 3687 974 ungit

2274 989 2477 1045 habere
2505 998 2716 1061 potero,
2751 990 2805 1045 in
2835 989 3088 1061 Angliam
3117 990 3302 1045 venire
3329 991 3533 1061 dispono.

2346 1081 2499 1137 llanc
2532 1090 2712 1137 autem
2749 1082 3033 1153 epistolam
3067 1081 3179 1149 jam
3220 1082 3453 1151 praemisi,
3489 1091 3533 1136 ut
3565 1084 3691 1142 dena

2274 1174 2637 1246 prosperitate
2681 1174 2859 1230 omnis
2904 1173 3134 1245 populus
3180 1174 3327 1243 regni
3364 1173 3454 1228 mei
3486 1174 3689 1241 latiﬁocur;

2275 1268 2422 1337 quia,
2455 1276 2511 1321 ut
2538 1282 2634 1323 vos
2660 1267 2760 1337 ipsi
2790 1266 2966 1331 scitis,l
3001 1281 3276 1336 nunquam
3313 1266 3691 1336 memetipsnm,|e

2275 1374 2455 1413 meum
2491 1359 2728 1414 laborem
2771 1358 3031 1425 abstinui,
3076 1373 3177 1413 nec
3216 1358 3382 1413 adhuc
3412 1358 3621 1411 abstinebo
3644 1361 3693 1411 ia-

2275 1448 2514 1518 pendere
2542 1464 2640 1518 pro
2673 1448 2854 1504 omnis
2891 1449 3070 1520 populi
3104 1448 3209 1503 mei
3254 1446 3523 1505 necessaria
3550 1448 3691 1501 utilitate,

2276 1538 2431 1595 Nunc
2458 1540 2624 1611 igitur
2651 1540 2896 1595 obtestor
2920 1554 3114 1595 omnes
3137 1539 3410 1609 episcopos
3430 1548 3603 1599 mense
3619 1544 3697 1606 regi;

2275 1630 2382 1687 mei
2437 1630 2781 1702 praepositos,
2818 1646 2916 1701 per
2965 1630 3128 1686 ﬁdem
3172 1644 3333 1700 quam
3374 1628 3488 1683 milii
3522 1628 3697 1682 deliciae

2275 1720 2421 1787 Deo,
2460 1734 2729 1792 quatenus
2779 1721 2997 1777 faciatis
3045 1731 3138 1787 ut,
3186 1728 3458 1789 antequam
3490 1719 3531 1773 in
3560 1718 3697 1786 Anglii:

2277 1814 2514 1880 veniam,
2545 1814 2790 1869 omnium
2816 1813 3021 1881 debita,
3050 1827 3173 1883 qua:
3200 1810 3475 1868 secundum
3499 1809 3699 1880 legemus-

2278 1920 2441 1977 quam
2482 1906 2766 1972 debemus,
2798 1905 2911 1962 sint
2944 1904 3247 1977 persoluta,
3281 1902 3470 1960 scilicet
3494 1902 3699 1968 cleemyu

2274 2011 2374 2067 pro
2404 1994 2632 2063 aratris,
2664 2003 2721 2051 et
2761 1995 2989 2051 decima:
3025 1994 3346 2051 animalium
3384 1993 3484 2063 ipso
3516 2006 3613 2045 anno
3640 2006 3699 2057 pta

2276 2096 2623 2151 creatorum,
2661 2094 2717 2143 et
2762 2084 3005 2153 denarii,
3054 2100 3198 2156 quos
3238 2085 3452 2139 Romam
3490 2084 3542 2135 ad
3565 2091 3699 2134 sanum

2278 2178 2500 2234 Petrum
2529 2177 2775 2245 debetis,
2802 2177 2919 2233 sive
2958 2192 3029 2232 ex
3057 2176 3311 2239 urbibus,
3347 2173 3450 2228 sive
3480 2186 3531 2226 ex
3562 2171 3702 2230 tilligez

2279 2269 2553 2326 mediante
2598 2270 2843 2340 Augusto
2883 2268 3109 2324 decima:
3139 2266 3376 2338 frugum,
3404 2273 3453 2319 et
3478 2263 3518 2317 in
3539 2262 3705 2315 festivius:

2278 2363 2457 2418 sancti
2487 2360 2709 2417 Martini
2746 2359 3002 2433 primitias
3029 2360 3325 2422 seminum,
3352 2356 3414 2411 ad
3439 2352 3709 2410 ecclesiamsn

2278 2452 2435 2524 cujus
2457 2452 2719 2523 parocbia
2749 2450 2982 2522 quisque
3002 2449 3169 2521 degit,
3214 2462 3334 2518 quae,
3358 2444 3544 2515 Anglice
3564 2441 3709 2497 Cum

2280 2545 2400 2619 [al.,
2430 2542 2737 2617 Cbiresetb]
2766 2544 3098 2599 nominatur.
3133 2541 3261 2596 llaec
3297 2551 3350 2595 et
3380 2539 3473 2593 alia
3506 2536 3541 2590 si
3566 2549 3641 2588 cum
3664 2546 3711 2581 ιε-

2284 2652 2420 2694 uero
2441 2652 2549 2693 non
2574 2644 2740 2693 erunt
2765 2634 3066 2708 persoluta,
3091 2634 3244 2703 regia
3267 2630 3521 2686 exactione
3536 2621 3709 2681 secundm

2278 2726 2445 2799 leges,
2488 2726 2543 2781 in
2576 2740 2738 2796 quem
2775 2723 2934 2796 culpa
2979 2723 3153 2789 cadit,
3181 2720 3422 2778 districta
3458 2719 3608 2785 absque
3633 2712 3709 2764 ma

2276 2816 2634 2890 comparabit.

597 3024 968 3049 ._____,
1002 3032 1026 3049 _
1608 3034 1613 3039 .
1908 3024 1913 3041 ι
3621 3028 3705 3049 _..

1140 3198 1733 3334 CANUTI
1829 3205 2303 3397 REGIS
2346 3154 3333 3336 /DIPLOMATA
3370 3180 3387 3205 "

1349 3550 1390 3606 1.

579 3632 870 3687 Ecclesium
900 3634 1190 3691 Saluatoris
1212 3638 1266 3691 in
1295 3638 1615 3695 Doroberm‘a
1640 3645 1871 3697 omnium
1900 3644 2165 3699 Ecclesia-

652 3722 767 3785 ruui
806 3706 948 3775 regni
980 3707 1258 3778 Angligeni
1305 3722 1525 3766 matrem
1562 3722 1609 3767 et
1656 3715 1925 3769 dominam
1974 3717 2166 3785 con/ir-

652 3784 783 3828 ruat.
1075 3824 1083 3828 .
1508 3793 1518 3801 '

1183 3868 1359 3941 (Anno
1389 3873 1573 3944 l0l8.)

654 3956 875 4030 [Lanam
898 3957 1125 4026 Concil.,
1156 3969 1193 4014 t.
1222 3961 1314 4023 IX,
1339 3963 1441 4019 col.
1470 3963 1596 4027 817,
1620 3980 1651 4020 e
1679 3976 1889 4023 vetusto
1912 3967 2099 4024 codice

1161 4033 1588 4107 Cantuariensi.]

652 4120 765 4193 Ego
818 4110 1051 4191 denique
1096 4122 1391 4193 imperator
1440 4126 1659 4191 Knoro,
1696 4142 1725 4181 a
1762 4127 1979 4183 Christo
2023 4128 2170 4199 ltege

576 4226 767 4284 regum
792 4212 1073 4282 regimiuis
1111 4214 1317 4285 Anglici
1366 4216 1418 4271 in
1459 4218 1629 4271 insula
1675 4219 1899 4289 potitus,
1945 4220 2169 4275 audiens

575 4303 838 4369 beneficia
883 4305 1344 4377 prazdecessorum
1398 4325 1642 4365 meorum
1684 4326 1871 4381 regum
1901 4351 1917 4377 ,
1961 4312 2169 4368 scilicet

576 4397 780 4467 regalia
829 4396 1132 4467 privilegia,
1180 4398 1429 4454 similiter
1456 4416 1689 4456 cernens
1718 4400 2021 4457 libertatein
2055 4417 2169 4459 mo—

574 4490 939 4546 nasteriorum
980 4489 1123 4544 intra
1154 4490 1404 4546 Cantiam
1441 4494 1771 4562 positorum,
1811 4495 2169 4564 arcliiprmsu-

575 4579 752 4652 lisque
793 4582 1022 4651 piissimi
1062 4581 1271 4652 Livingi
1299 4584 1742 4651 admonitionem,
1774 4586 1975 4656 placuit
2016 4586 2164 4639 cordi

578 4676 864 4730 amborum
900 4684 1225 4746 prmscntem
1272 4675 1571 4731 chartulam
1615 4680 2141 4745 cori-oliorare,vitle

572 4767 699 4843 licet
728 4769 959 4825 ecclesia
990 4768 1312 4835 Salvatoris,
1343 4770 1397 4825 in
1411 4771 1743 4826 Dorobernia
1772 4774 1897 4838 sita,
1921 4774 2162 4827 omnium

573 4838 926 4915 etclesiarum
955 4863 1108 4931 regni
1151 4861 1431 4934 Angligeni
1472 4871 1647 4917 mater
1686 4871 1739 4918 et
1766 4864 2004 4931 domina,
2038 4880 2161 4920 cum
2197 4847 2242 4905 D
2268 4831 2466 4886 Charm
2488 4828 2638 4885 can“

573 4951 828 5013 omnibus
883 4952 950 5007 ad
1008 4951 1153 5007 illam
1218 4951 1640 5022 pertinentibus,
1696 4953 1767 5009 sit
1810 4951 2011 5019 libera;
2065 4968 2165 5009 nec

573 5038 862 5109 quisquam
891 5039 1173 5097 hominum
1206 5041 1257 5096 in
1280 5056 1342 5097 ea
1365 5050 1419 5097 et
1443 5041 1605 5097 rebus
1632 5042 1766 5109 suis,
1792 5042 1994 5113 aliquid
2028 5042 2166 5111 juris

573 5133 659 5182 vel
687 5132 1114 5195 consuetudinis,
1146 5140 1343 5200 praeter
1376 5133 1842 5205 archiepiscopum
1872 5141 1927 5188 et
1977 5147 2165 5189 mona-

488 5248 493 5253 ι
575 5222 709 5277 chos
747 5224 944 5279 ibidem
978 5224 1090 5280 Deo
1138 5223 1486 5292 famulantes,
1536 5226 1717 5295 exigat
1769 5224 1853 5280 vel
1899 5224 2162 5280 obtineat.

574 5312 631 5366 lu
658 5315 1045 5384 sempiternum
1095 5316 1199 5371 hoc
1239 5325 1485 5373 nostrum
1533 5317 1809 5372 decretum
1854 5313 2163 5371 inviolabile

572 5412 819 5475 tempore
840 5424 961 5464 meo
983 5421 1037 5464 et
1071 5424 1448 5464 successorum
1481 5422 1748 5473 meorum,
1800 5422 1895 5476 pro
1942 5421 2035 5477 spe
2075 5422 2164 5462 sa-

500 5570 501 5573 η
571 5496 701 5553 lutis
725 5510 960 5565 acterna},
983 5502 1177 5557 stabile
1210 5510 1541 5572 perseveret,
1574 5500 1659 5556 bis
1683 5500 1909 5556 testibus
1933 5514 2160 5570 quorum

574 5590 725 5661 signa
744 5593 933 5647 subtus
961 5594 1308 5649 adnotantur.

646 5681 759 5753 Ego
799 5681 977 5737 Knuto
1004 5683 1555 5756 gubernatorAnglici
1583 5690 1728 5742 orbis
1757 5685 1974 5757 propria
2003 5700 2161 5737 manu

574 5779 860 5832 confirmo.

2347 3556 2460 3625 Ego
2488 3554 2760 3625 nevingus
2783 3549 3238 3622 metropolitanus
3258 3542 3573 3618 archipratsul
3592 3541 3717 3595 litua:

2271 3659 2674 3805 anaglimma
2698 3732 2881 3803 regina
2911 3729 3066 3801 signo
3095 3728 3283 3786 crucis
3310 3724 3558 3782 confirmo.

2344 3827 2456 3898 Ego
2482 3825 2798 3881 Wolstanus
2829 3820 3193 3879 Eboracensis
3223 3812 3552 3875 consolidari.

2346 3916 2654 3973 Ealdelmus
2679 3915 2964 3985 episcopus
2991 3921 3207 3983 gratum
3245 3909 3467 3965 habens.

2344 4005 2457 4075 Ego
2481 4004 2732 4074 Algarius
2758 4004 3041 4073 episcopus
3068 4000 3336 4055 concedo.

2343 4098 2454 4169 Ego
2486 4095 2764 4151 Leofricus
2789 4095 3074 4164 episcopus
3102 4096 3393 4153 confirmo.

2342 4190 2455 4261 Ego
2480 4188 2759 4244 Haldenne
2778 4174 3031 4258 princeps
3054 4186 3199 4258 regis
3225 4203 3325 4259 pro
3353 4188 3536 4243 viribus
3557 4190 3719 4238 assus“

2271 4282 2504 4355 praebeo.

2344 4374 2410 4429 Et
2439 4389 2540 4442 ego
2574 4370 2846 4427 Turkillus
2872 4368 2982 4423 dux
3012 4372 3274 4429 concedo.

2340 4464 2505 4521 Facta
2559 4472 2643 4519 est
2681 4476 2861 4519 autem
2903 4466 3007 4522 ista
3047 4465 3332 4523 concessio
3372 4476 3506 4519 anno
3547 4455 3721 4512 DomW

2270 4559 2665 4615 lncarnationis
2706 4560 2866 4616 lOl8.

3040 4693 3105 4748 ll.

2644 4832 2681 4884 ti
2718 4831 2851 4900 regis
2898 4847 2992 4900 pro
3032 4830 3278 4900 coenobio
3416 4818 3632 4900 Benedicti
3652 4813 3721 4865 Ην

2654 4897 2817 4954 meuii
2844 4897 2907 4955 in‘
2938 4917 3065 4969 agro
3105 4897 3462 4970 Suﬂ'olciensi.

2628 5011 2985 5084 (Moaasticon
3022 5009 3392 5081 Anglicanam,
3433 5004 3495 5075 Ι.)

2342 5126 2560 5183 Christo
2590 5122 2964 5193 omnipotenti,
2995 5122 3085 5192 qui
3114 5130 3202 5176 est
3230 5120 3466 5175 omnium
3491 5124 3631 5183 regum
3650 5103 3717 5157 lie!»

2270 5220 2493 5275 omnino
2525 5217 2896 5289 persolvendae
2943 5222 3069 5269 sunt
3120 5214 3417 5286 gratiarum
3467 5204 3716 5263 actione”1

2268 5312 2520 5369 omnibus
2548 5309 2801 5366 indebitis
2843 5307 3121 5364 beneﬁciis
3155 5306 3352 5376 quibus
3392 5298 3713 5359 hominibus.“

2268 5406 2382 5463 sola
2408 5406 2610 5476 pietate
2640 5402 3028 5467 intercedente,
3074 5398 3420 5471 suffragatur,
3447 5390 3580 5451 nullis
3608 5388 3715 5439 uti”

2265 5498 2704 5571 promercalibus
2729 5494 2959 5549 meritis.
2983 5491 3061 5549 Ne
3092 5507 3225 5563 ergo
3253 5492 3420 5547 simus
3448 5478 3606 5557 ingrati
3634 5476 3713 5529 ωδ

2272 5592 2515 5647 liciorqu
2544 5598 2817 5643 tantorum
2847 5584 2986 5655 ejus,
3025 5599 3260 5654 cumque
3290 5594 3479 5653 magno
3520 5584 3639 5643 opere

2269 5684 2501 5739 deudum
2534 5692 2613 5735 est
2654 5689 2895 5734 nostrum
2923 5685 2980 5730 ut
3006 5674 3222 5746 aliquod
3248 5672 3563 5729 coniferamus
3584 5660 3617 5714 ei
3639 5662 3711 5715 (δῖε

2274 5786 2391 5832 sunt
2419 5775 2622 5836 omnia,
2656 5783 2707 5827 ct
2756 5771 2845 5838 qui
2889 5769 3046 5825 nobis
3094 5782 3201 5823 non
3259 5765 3435 5823 habita
3468 5753 3639 5815 ςοιιιιιίι;
3670 5748 3709 5793 1--
