3816 6322
30 319 173 378 1186

1331 288 1668 366 CANUTUS
1705 306 1725 362 ι
1763 304 1902 361 max
1940 301 2142 361 ANGL.

3174 302 3310 359 H86

29 413 185 477 bere,
215 408 404 479 cuique
429 421 536 467 non
565 418 850 479 possumus
881 378 1136 462 darc‘uisi
1179 390 1421 473 propria.
1456 408 1516 456 et
1545 402 1613 457 de
1644 416 1687 474 Α
1716 399 1931 469 gustino
1955 408 2184 468 patrono
2209 410 2330 452 meo
2357 406 2551 467 corpus
2576 394 2785 469 sanctae
2805 383 3078 476 Mildredzr
3102 392 3303 464 glorio-

29 517 134 555 suo
154 500 370 571 proprio
395 497 583 553 tribuit
608 495 763 549 nobis
778 496 1029 561 mercari,
1059 504 1114 549 et
1136 495 1187 549 in
1212 502 1342 548 usus
1363 492 1615 563 proprios

29 593 135 659 uti,
156 606 273 661 qua:
307 590 528 645 minime
550 588 771 658 proprio
800 603 897 641 usu
945 588 1216 658 potuimus
1243 582 1471 653 habere,
1510 585 1616 642 nisi

29 683 150 753 ejus
197 680 455 735 tribueret
496 677 689 748 gratia,
742 675 949 731 scilicet
979 674 1133 746 regni
1176 673 1439 731 caelorum
1463 673 1619 731 caeli-

29 771 277 828 colorum
294 766 732 824 contubernium.

100 860 232 930 Ejus
280 857 478 929 quippe
530 853 773 926 largiﬂua
822 852 1106 918 bonitate,
1154 853 1301 924 regia
1355 836 1616 925 dignitate

29 949 492 1008 subthronizatus,
531 960 633 1017 ego
680 944 825 999 Knut
859 960 953 1000 rex
986 944 1299 1015 Angligena:
1352 944 1613 1009 nationis,

29 1056 129 1100 aro
194 1037 556 1092 nanciscendo
610 1033 729 1103 ejus
785 1033 1170 1088 immensitatis
1227 1033 1616 1089 misericordiae

30 1133 195 1196 lono,
226 1128 466 1185 concedo
496 1127 598 1182 sibi
622 1128 689 1182 de
710 1141 808 1182 suo
832 1126 1052 1196 proprio
1072 1140 1194 1196 quae
1220 1125 1349 1179 mihi
1377 1124 1615 1196 gratuito

29 1223 320 1287 :oucessit,
344 1220 529 1275 villam
559 1227 688 1274 noto
729 1216 968 1284 nomine,
1013 1217 1450 1288 cognominatam
1482 1217 1617 1273 Bor-

30 1315 211 1385 iinga,
240 1327 363 1368 cum
388 1309 621 1382 pascuis,
650 1309 802 1364 silvis
830 1317 994 1379 atque
1021 1306 1329 1379 conﬁnibus
1361 1308 1466 1364 sibi
1509 1307 1615 1364 rite

29 1409 211 1461 .ubter
224 1404 551 1474 jacentibus,
580 1402 790 1458 scilicet
824 1400 1069 1458 Ludham
1098 1415 1222 1456 cum
1248 1400 1611 1471 pertinentiis,

32 1495 380 1552 tetheshirth
406 1509 529 1549 cum
561 1494 672 1548 suis
702 1492 1063 1563 pertinentiis.
1104 1493 1203 1549 Est
1242 1491 1485 1563 denique
1512 1507 1615 1549 no-

29 1599 199 1642 strum
230 1585 430 1641 donum
462 1599 491 1637 a
516 1583 734 1639 Christo
775 1582 932 1639 nobis
966 1582 1249 1648 collatum,
1278 1582 1369 1639 cui
1415 1582 1612 1639 dantes

30 1680 328 1735 'enoratum
367 1680 709 1750 exposcimus
767 1688 826 1734 ut
878 1694 1094 1734 rursum
1152 1693 1264 1734 sua:
1306 1678 1613 1749 largitionis

1718 506 1793 545 sae
1819 490 2045 561 virginis
2072 505 2194 546 cum
2224 498 2333 543 tota
2359 498 2499 544 terra
2523 503 2618 542 sua
2647 485 2786 541 infra
2811 484 3042 539 insulam
3075 488 3305 542 Tltaneti

1716 590 1772 637 et
1807 590 1984 647 extra,
2031 597 2153 636 cum
2199 581 2451 635 onmibus
2496 577 2978 634 consuetudinibus
3038 581 3103 632 ad
3145 595 3301 634 suam

1715 669 2011 726 Ecclesiam
2061 670 2480 740 pertinentibus.
2528 669 2655 725 Haec
2695 670 2876 725 omnia
2928 669 3000 725 ita
3055 670 3223 724 libera
3248 678 3305 724 et

1717 766 1898 836 quieta
1922 766 2088 823 reddo
2110 766 2221 821 Deo
2236 775 2290 820 et
2319 766 2502 822 abbati
2524 766 2772 823 IElstano
2792 777 2847 823 et
2878 765 3136 822 fratribus
3175 767 3301 833 loci,

1717 858 1859 921 sicut
1888 872 1987 929 ego
2010 874 2248 929 unquam
2273 857 2468 913 melius
2505 858 2672 914 habui
2720 868 2828 915 tam
2852 859 2909 915 in
2950 868 3092 919 terra
3137 874 3304 928 quam

1717 952 1773 1007 in
1806 952 1942 1007 niari
1983 961 2031 1006 et
2069 952 2120 1006 in
2169 951 2370 1017 littore,
2403 962 2463 1005 ut
2502 952 2739 1007 habeant
2782 962 2837 1007 et
2884 953 3199 1022 possideant
3250 953 3303 1006 in

1716 1051 2058 1115 perpetuum.
2090 1044 2155 1098 Et
2196 1043 2286 1113 qui
2338 1042 2479 1097 hanc
2509 1026 2853 1098 donationem
2901 1059 3076 1097 meam
3117 1042 3307 1097 infrin-

1716 1147 1843 1205 gere
1867 1133 1953 1189 vel
2004 1133 2215 1188 irritam
2258 1132 2440 1188 facere
2479 1134 2787 1198 tentaverit,
2821 1150 2852 1187 a
2906 1133 3012 1189 Deo
3055 1133 3304 1202 omnipo-

1718 1233 1864 1282 tente
1893 1234 1951 1283 et
1980 1226 2128 1282 omni
2160 1235 2350 1281 sancta
2401 1224 2644 1281 Ecclesia
2670 1226 3175 1281 excommunicatus
3209 1225 3303 1280 sit.

1714 1318 1907 1374 Amen.

2468 1427 2557 1485 IV.

1748 1516 1807 1574 S.
1839 1516 2033 1573 Canuti
2064 1517 2199 1587 regis
2244 1516 2594 1639 priuilegia?
2619 1532 2714 1586 pro
2744 1514 2961 1569 ecclesia
3009 1516 3071 1571 S.
3126 1515 3274 1568 Ead-

2409 1602 2535 1639 mun
2577 1602 2614 1639 τ.

2409 1602 2614 1641 manat.

2004 1680 2360 1755 [Monasticon
2390 1678 2760 1750 Anglicanam,
2798 1678 2839 1745 l,
2870 1678 3022 1750 287.]

30 1775 370 1833 lonationem
396 1776 647 1847 excipere
688 1776 942 1848 dignetur
980 1791 1009 1831 a
1042 1776 1201 1832 nobis
1236 1776 1385 1831 omni
1435 1776 1613 1831 inten-
1645 1765 1689 1824 Β
1788 1774 1846 1830 lu
1877 1775 2093 1829 nomine
2112 1772 2405 1844 poliarchis
2433 1770 2559 1827 Jcsu
2577 1771 2777 1829 Christi
2802 1771 3099 1828 Salvatoris
3123 1772 3307 1826 mundi

38 1868 187 1923 ionis
216 1865 417 1923 all‘ectu
468 1866 725 1933 oblatam,
756 1877 1026 1937 quatenus
1062 1866 1333 1938 pessimus
1377 1882 1477 1937 per
1513 1882 1610 1923 sua

29 1960 115 2014 tibi
148 1958 281 2015 data
300 1958 583 2029 consequi,
616 1973 736 2029 quae
770 1973 801 2012 a
833 1959 990 2014 nobis
1027 1973 1133 2014 non
1164 1968 1393 2029 possunt
1434 1959 1610 2029 possi—

29 2052 127 2106 leri
153 2052 262 2107 nisi
290 2066 321 2107 a
348 2068 408 2109 se
436 2052 659 2108 collata.
694 2051 751 2108 Si
809 2052 1121 2122 quisquam,
1171 2051 1316 2121 quod
1359 2050 1531 2106 absit!
1578 2067 1609 2107 a

30 2140 222 2194 Iiaholi
264 2141 583 2197 incitatione
609 2141 773 2198 fuerit
814 2140 1058 2207 inflatus,
1102 2150 1165 2196 ut
1210 2141 1321 2195 Deo
1366 2142 1608 2196 omnium

29 2242 201 2285 erum
226 2232 523 2302 possidenti
560 2248 719 2290 suum
767 2234 1079 2297 tentaverit,
1122 2232 1264 2302 quod
1302 2232 1460 2287 nobis
1505 2232 1610 2288 sibi

30 2322 296 2380 rmicessit
318 2324 572 2392 tribuere,
604 2324 922 2381 abstrahere
946 2324 996 2379 vi
1027 2323 1112 2378 vel
1137 2323 1326 2379 fraude
1349 2323 1609 2394 qualibet,

29 2413 227 2467 ninam
267 2425 547 2469 remaneat
568 2413 740 2471 .nobis
779 2414 846 2468 ad
885 2413 1113 2485 gratiam
1161 2412 1280 2481 ejus
1331 2428 1452 2483 quae
1481 2428 1612 2469 con-

30 2504 310 2571 essimus,
339 2512 396 2561 et
428 2505 499 2560 sit
522 2506 571 2560 ei
605 2506 670 2560 ad
724 2505 1001 2560 interitum
1052 2513 1272 2560 aeterna:
1299 2503 1611 2558 damnatio-

29 2596 119 2661 lis,
158 2594 255 2664 qui
285 2609 465 2666 prava:
493 2596 709 2661 mentis,
744 2605 839 2651 aut
874 2596 980 2651 nisi
1010 2596 1113 2650 hoc
1158 2594 1268 2649 alio
1314 2593 1612 2650 transferre

33 2700 275 2755 onatur,
300 2689 399 2745 nisi
428 2688 705 2760 plenitudo
728 2686 1123 2744 satisfactiouis
1146 2687 1264 2756 ejus
1300 2686 1609 2742 subveniat.

76 2781 206 2847 Ego
238 2777 378 2835 Knut
410 2795 530 2845 rex,
583 2779 725 2835 hanc
752 2778 1097 2835 donationem
1143 2778 1366 2834 Christo
1408 2774 1613 2832 contuli

29 2888 113 2923 .ro
140 2871 523 2941 consequendo
551 2870 771 2941 praemia
795 2869 1035 2926 caelestis
1066 2868 1426 2924 haereditatis.

79 2962 207 3032 Ego
239 2960 412 3033 Elgil‘u
457 2963 669 3033 regina,
702 2961 845 3016 hanc
882 2960 1084 3032 regiam
1115 2959 1465 3017 donationem
1515 2972 1615 3013 au-

30 3055 197 3113 :ettdo
223 3053 564 3109 confirmavi.

78 3146 206 3216 Ego
243 3145 515 3201 Wlstanus
542 3145 985 3217 archiepiscopus
1012 3147 1389 3203 corroboravi.

84 3240 211 3309 Ego
233 3237 582 3294 Etheluthus
610 3239 1048 3309 archiepiscopus
1069 3239 1412 3295 confirmavi.

86 3332 207 3400 Ego
232 3330 528 3386 Godwinus
556 3332 842 3401 episcopus
870 3332 1223 3388 corroboravi

88 3425 207 3494 Ego
235 3422 499 3479 IElwinus
521 3424 807 3494 epismpus
838 3436 1117 3480 assensum
1150 3422 1293 3482 dedi.

89 3518 211 3585 Ego
238 3508 501 3573 Alfwinus
522 3517 807 3587 episcopus
842 3516 1157 3588 consignavi

86 3609 210 3677 ligo
249 3606 533 3662 Ethericus
552 3606 836 3677 episcopus
857 3605 1121 3660 conclusi.

86 3701 210 3771 ligo
241 3697 501 3754 Elswius
529 3698 815 3768 episcopus
852 3697 1221 3753 corroboravi.

86 3791 211 3860 Ego
238 3787 353 3844 Huc
382 3789 513 3843 dux.

86 3883 214 3951 Ego
236 3879 487 3937 Godwin.
520 3880 648 3936 dux.

88 3975 213 4045 Ego
245 3971 337 4029 Ull‘
358 3974 483 4029 dux.

86 4068 216 4137 Ego
246 4064 403 4136 Eglaf
419 4067 548 4123 dux.

88 4162 215 4232 Ego
248 4159 435 4215 Hacun
467 4160 598 4215 dux.

85 4253 214 4323 Ego
244 4250 520 4307 Leofwinc
541 4251 667 4306 dux.
724 4236 727 4239 ’

94 4346 216 4415 Ego
240 4344 441 4399 Godric
465 4344 596 4401 dux.

91 4441 215 4509 Ego
245 4437 606 4493 Brithwaldus
632 4428 916 4509 episcopus
939 4433 1209 4490 consensi.

90 4536 215 4604 ligo
251 4531 509 4586 Brilmviz
538 4530 723 4588 abbas.

88 4627 216 4695 Ego
248 4624 481 4700 Leofric.

94 4722 222 4791 Ego
249 4717 537 4774 Elfward.

92 4813 223 4884 Ego
251 4810 581 4866 Ethelstan.

796 4945 884 5001 Ill.

29 5046 238 5100 Iharta
265 5040 457 5096 Canuti
487 5041 621 5110 regis
663 5039 729 5093 de
774 5038 1007 5110 corporis
1165 5034 1467 5110 Μξιφίςτιαν,
1504 5049 1624 5110 cum

100 5124 218 5167 tota
243 5124 382 5166 terra
407 5104 612 5178 suafin
638 5104 903 5177 abbatiaut
931 5108 971 5167 Si
1017 5107 1295 5176 Augustini
1316 5104 1625 5159 Cantuariw

101 5181 475 5236 translatione.

503 5269 807 5342 (Monastic.
836 5268 1067 5339 Anglic.,
1099 5266 1165 5337 l.)

101 5366 226 5434 Ego
248 5362 421 5429 (Inoo,
460 5377 557 5433 per
588 5363 680 5418 Dei
703 5361 1132 5416 misericordiam
1167 5357 1427 5421 basileus,
1453 5356 1629 5409 Aesc-

29 5472 181 5517 μοτο
206 5455 634 5526 archiepiscopo,
661 5462 712 5508 et
732 5452 986 5506 omnibus
1021 5450 1310 5521 episcopis,
1334 5457 1388 5504 et
1419 5447 1629 5503 abbati-

29 5558 160 5618 bus,
184 5562 235 5605 et
267 5547 578 5613 comitibus,
594 5546 1022 5609 vicecomitibus,
1040 5554 1093 5599 et
1109 5544 1361 5599 omnibus
1384 5540 1629 5596 ﬁdelibus

29 5648 206 5703 totius
237 5642 445 5715 Angliae
467 5641 695 5698 salutem
728 5649 785 5696 et
818 5637 1129 5694 amicitiam.

101 5739 321 5792 Mum
360 5736 432 5791 sit
466 5735 614 5791 vobis
636 5732 888 5789 omnibus
932 5747 1015 5786 me
1043 5731 1254 5785 dedisse
1283 5737 1474 5784 sancto
1518 5727 1625 5781 Au-

1719 1866 1993 1935 totiusque
2017 1874 2285 1919 creatura:
2314 1863 2612 1927 Creatoris,
2643 1861 2796 1931 cujus
2828 1863 3011 1916 divino
3054 1862 3303 1916 domina-

1718 1958 1793 2025 tui
1817 1970 2044 2027 quaeque
2071 1955 2465 2012 dominationes
2494 1954 2676 2010 debito
2706 1954 2931 2009 servitio
2956 1953 3185 2009 subuixe
3212 1953 3308 2007 de-

1716 2054 1976 2117 serviunt,
2027 2050 2181 2122 cujus
2209 2052 2372 2107 etiam
2420 2049 2871 2120 omnipotentatui
2919 2048 3154 2123 universi
3205 2063 3306 2118 po-

1719 2154 1956 2201 tentatus
1983 2144 2336 2201 obsecundari
2358 2143 2688 2199 examussim
2712 2150 3141 2213 praeproperam,
3179 2142 3307 2212 quia

1715 2239 1928 2295 bonitas
1949 2238 2067 2309 ejus
2093 2236 2350 2292 bonitatis
2390 2244 2474 2291 est
2503 2233 3086 2305 incomprehensibilis,
3119 2241 3173 2287 et
3207 2233 3310 2287 mi-

1715 2329 1916 2387 seratio
1937 2326 2372 2389 interminabilis,
2401 2325 2682 2395 dapsilitas
2710 2323 2967 2380 bonitatis
2996 2321 3307 2389 ineffabilis,

1717 2418 2094 2490 longanimitas
2162 2430 2377 2486 quoque
2450 2430 2613 2483 super
2676 2428 2967 2482 pravorum
3039 2412 3310 2482 nequitias

1716 2510 2033 2583 quantitatis
2052 2507 2360 2579 prolixitate
2387 2505 2679 2574 cujuslibet
2713 2505 2940 2574 longior,
2982 2505 3073 2573 qui
3126 2505 3308 2573 quoti-

1716 2600 1892 2656 dianis
1948 2596 2405 2653 admonitionibus
2458 2595 2767 2665 religiosam
2838 2596 3312 2654 conversationem

1716 2692 1975 2747 ducentes
2002 2698 2185 2743 mouet
2219 2698 2275 2742 ut
2329 2688 2432 2757 pia:
2481 2687 2738 2742 sectanda
2762 2684 2986 2753 justitia:
3013 2686 3306 2751 culturam,

1716 2798 1824 2839 non
1851 2797 1971 2843 eam
1992 2781 2291 2837 deserendo
2317 2780 2585 2855 linquant,
2616 2778 2747 2857 quin
2778 2779 2955 2848 potius
2986 2788 3305 2847 persevera-

1715 2872 1811 2928 bili
1838 2872 2091 2928 instantia
2115 2872 2167 2927 in
2198 2870 2314 2939 ejus
2343 2871 2553 2925 cultura
2595 2878 2653 2923 ut
2702 2878 3054 2938 permaneant
3083 2881 3311 2938 pa'eruo

1716 2963 1911 3020 affectu
1936 2964 2230 3029 .hortatur,
2279 2963 2369 3032 qui
2405 2961 2756 3019 nihilominus
2781 2961 2989 3035 eadem
3024 2959 3311 3015 affectione

1718 3058 1942 3113 mandat
1969 3040 2350 3129 peccatoribus
2403 3063 2459 3110 ut
2518 3054 2841 3125 resipiscam
2885 3068 2915 3107 a
2965 3054 3077 3107 suis
3112 3054 3310 3121 iniqui-

1641 3124 1690 3189 ε
1722 3150 1924 3205 tatibus
1951 3157 2354 3214 comet-tentes,
2403 3146 2531 3217 quia
2576 3124 2767 3202 eorum
2813 3153 3129 3201 exsecratur
3168 3159 3311 3198 utor-

1722 3248 1851 3296 tem.
2403 3290 2405 3293 ,
2989 3285 2991 3289 ,

1792 3332 1921 3403 Ejus
1943 3330 2143 3385 amoris
2173 3328 2391 3386 stimulo
2420 3338 2474 3384 et
2517 3328 2620 3393 fide
2652 3326 2924 3392 suffultus,
2956 3325 3117 3394 cujus
3148 3324 3311 3395 largi-

1735 3440 1825 3481 -ua
1850 3423 2196 3480 miseratione
2219 3439 2318 3493 ego
2348 3422 2508 3486 Cnnt,
2537 3438 2631 3476 rex
2658 3420 2822 3477 totius
2847 3419 3090 3474 AlbiOnis
3124 3419 3314 3473 insulae

1722 3517 2058 3588 aliarumque
2086 3516 2367 3571 nationum
2416 3513 2794 3585 plurimarum,
2825 3512 2879 3567 in
2923 3511 3181 3566 cathedra
3225 3524 3311 3564 re-

1622 3614 1623 3617 ‘
1721 3592 1825 3680 gali
1856 3614 2157 3678 promotus,
2196 3621 2318 3661 cum
2358 3602 2583 3659 consilio
2608 3609 2664 3657 et
2691 3601 2913 3657 decreto
2943 3598 3311 3669 archiepiscoé

1718 3714 1935 3772 porum,
1952 3698 2349 3768 episcoporum,
2365 3696 2644 3759 abbatum,
2657 3693 2938 3760 comitum,
2966 3691 3311 3760 aliorumque

1720 3790 1964 3846 omnium
2005 3803 2247 3844 meorum
2284 3786 2522 3842 ﬁdelium
2548 3785 2684 3856 elegi
2732 3784 3104 3850 sanciendum,
3151 3793 3314 3853 atque

1719 3880 1929 3953 perpeti
1974 3878 2343 3935 stabilimento
2389 3879 2456 3931 ab
2490 3876 2741 3937 omnibus
2768 3874 3223 3947 conﬁrmandum,
3256 3880 3317 3927 ut

1720 3972 2119 4031 monasterium"
2141 3970 2284 4042 quod
2339 3969 2775 4025 Badricelmorde
2823 3976 3187 4039 nuncupatur,
3240 3969 3315 4022 sit

1718 4081 1819 4138 per
1842 4080 2003 4122 omne
2031 4080 2202 4120 aevum
2230 4066 2615 4119 monachorum
2637 4063 2888 4135 gregibus
2906 4062 3221 4132 deputatum
3245 4062 3314 4115 ad

1720 4158 2161 4224 inhabitandum,
2212 4166 2267 4213 et
2314 4157 2382 4211 ab
2438 4156 2585 4211 omni
2646 4153 3309 4211 dominatione-omnium

1721 4252 2096 4322 episcoporum
2125 4248 2417 4305 comitatus
2445 4246 2589 4301 illius
2620 4244 2861 4302 funditus
2886 4245 3137 4311 liberum,
3172 4258 3231 4299 ut
3261 4246 3312 4299 iu

1722 4363 1788 4404 co
1816 4346 2035 4403 domino
2063 4344 2360 4400 servientes
2384 4341 2631 4396 monachi
2664 4340 2780 4395 sine
2811 4338 2916 4393 ulla
2942 4339 3312 4408 inquietudine

1722 4451 1823 4507 pro
1842 4445 1990 4492 statu
2021 4434 2169 4506 regni
2191 4432 2473 4488 Dominum
2494 4416 2819 4500 praevaleant
2840 4429 3086 4500 praecari.
3103 4428 3315 4484 Placuit

1726 4530 1892 4585 etiam
1924 4526 2055 4582 mihi
2085 4527 2225 4582 hanc
2244 4524 2479 4596 optioni.-
2501 4523 2821 4579 electionem
2852 4522 3113 4578 roborare
3151 4524 3318 4593 privi-

1726 4623 1866 4694 legio
1913 4623 2040 4686 isto,
2066 4620 2119 4674 in
2161 4635 2269 4689 quo
2303 4620 2488 4674 videre
2539 4616 2767 4687 praecepi
2814 4615 3079 4681 libertatis
3109 4616 3312 4670 donum

1728 4712 2002 4787 quodjam
2042 4711 2167 4767 olim
2195 4709 2542 4765 Eadmundus
2574 4724 2663 4762 rex
2689 4708 3107 4763 occidentalium
3147 4706 3319 4762 Saxoa

1729 4822 1857 4860 num
1889 4804 2112 4874 largitus
2139 4811 2223 4858 est
2247 4816 2347 4856 suo
2369 4800 2648 4869 aequivoco
2686 4812 2784 4867 pro
2816 4796 3177 4853 nanciscenda
3202 4796 3318 4865 ejus

1729 4899 1902 4970 gratia
1942 4907 1997 4953 et
2043 4895 2295 4952 mercede
2344 4901 2574 4959 acterna,
2605 4890 2815 4948 scilicet
2858 4891 3173 4947 Eadmundo
3205 4891 3315 4962 regi

1728 5000 1783 5046 ct
1810 4990 2060 5060 martyri,
2088 4986 2230 5058 quod
2280 4986 2435 5040 bona:
2462 4984 2756 5040 voluntatis
2786 4991 2911 5039 voto
2933 4998 3131 5053 augere
3162 4984 3323 5052 cupii

1730 5098 1872 5147 mus,
1905 5089 2174 5151 quatenus
2200 5078 2315 5145 ejus
2348 5075 2649 5147 promereri
2679 5075 2932 5146 precibus
2955 5089 3168 5130 merear
3197 5091 3320 5145 por-

1732 5177 1933 5231 tionem
1961 5173 2076 5243 cjus
2098 5172 2454 5229 beatitudinis
2491 5177 2613 5243 post
2640 5168 2802 5238 hujus
2831 5182 3051 5224 cursum
3078 5168 3227 5223 vitae.

1800 5267 1918 5322 Tali
1946 5266 2198 5322 libertate
2217 5264 2458 5321 concedo
2489 5263 2658 5320 fundo
2689 5262 2793 5318 frui
2834 5260 2929 5329 illi,
2960 5260 3013 5325 in
3039 5275 3148 5332 quo
3174 5258 3322 5315 idem

1729 5368 1950 5413 sanctus
1976 5365 2167 5426 pausat
2195 5364 2254 5410 ut
2271 5354 2480 5424 quoties
2508 5353 2735 5425 populus
2758 5353 3043 5408 universus
3060 5350 3320 5421 persolvit

1731 5468 1956 5507 censum
1984 5448 2269 5513 Danis,vel
2296 5450 2362 5503 ad
2386 5463 2568 5513 naves,
2593 5463 2685 5502 seu
2717 5447 2784 5501 ad
2811 5460 2983 5511 arma,
3008 5442 3319 5516 persolvant

1731 5542 2098 5597 inhabitantes
2130 5541 2181 5593 in
2215 5540 2330 5609 ipso
2369 5539 2533 5593 fundo
2572 5538 2761 5593 eadem
2801 5536 2869 5592 ad
2896 5550 3023 5591 usus
3052 5549 3187 5606 quos
3208 5535 3322 5591 eled

1733 5636 1907 5705 geriut
1936 5633 2131 5689 fratres
2162 5632 2301 5687 illius
2336 5631 2458 5687 loci.
2493 5630 2684 5700 Sitque
2726 5628 2881 5684 nobis
2925 5629 3163 5685 remedio
3193 5626 3316 5685 hoc,

1734 5729 1863 5784 mihi
1890 5728 2086 5798 quippe
2122 5742 2272 5796 aeque
2303 5725 2503 5794 regina:
2541 5737 2672 5778 mea:
2710 5719 2944 5793 All‘gil'ae.
2973 5737 3035 5778 ac
3068 5720 3187 5774 ﬁliis
3219 5732 3313 5771 nea
