3816 6322
623 264 754 324 “87

623 387 752 442 stris
787 386 1146 460 omnibusque
1190 391 1281 462 qui
1331 390 1537 463 pridem
1594 391 1640 448 ei
1697 392 1800 448 hoc
1835 396 2200 451 contulerunt.
2233 428 2280 484 Α

623 475 758 531 Huic
781 475 1013 532 libertati
1030 480 1274 537 concedo
1320 482 1770 549 additamentum,
1805 485 2010 540 scilicet
2043 487 2206 541 mari-

619 568 783 624 timos
803 569 978 638 pisces
1008 573 1098 640 qui
1131 573 1262 628 mihi
1300 575 1614 644 contingere
1657 577 1855 633 debent
1900 579 2207 635 annnaliter

616 675 715 732 per
743 660 936 717 telonei
989 662 1221 731 lucrum,
1269 677 1324 721 et
1380 667 1735 736 piscationem
1792 686 1951 740 quam
1988 670 2208 728 Ulfkitcl

615 749 806 804 habuit
841 749 892 804 in
919 751 1043 807 villa
1069 762 1124 809 et
1157 756 1341 811 omnia
1367 756 1491 826 jura
1533 771 1976 830 quarumcunque
2009 777 2205 816 causa-

614 853 732 893 rum
759 839 810 894 in
841 840 984 898 villis
1012 858 1132 913 qua:
1164 847 1495 900 monasterio
1526 849 1778 917 adjacent
1809 861 1862 904 et
1917 867 2037 920 qua:
2071 853 2206 921 adji-

610 926 817 982 ciendae
851 939 978 985 sunt
1007 947 1105 1000 per
1130 935 1359 1001 gratiam
1405 935 1522 990 Dei.
1567 937 1696 992 Dedi
1748 954 1962 1009 quoque
2001 942 2202 1012 regina:

610 1031 745 1071 mea:
773 1032 1074 1090 assensum,
1126 1026 1425 1080 concedens
1473 1026 1522 1080 ei
1571 1042 1670 1096 pro
1714 1043 1811 1084 sua
1860 1030 2203 1103 eleemosyua

611 1106 743 1162 dare
789 1119 1023 1178 quatuor
1073 1113 1238 1170 m'llia
1298 1117 1657 1186 anguillarum
1716 1135 1838 1175 cum
1887 1125 2202 1178 muneribus

610 1211 731 1265 quae
761 1200 1034 1267 pertinent
1057 1203 1123 1258 ad
1152 1204 1270 1260 illas
1302 1222 1400 1276 pro
1421 1210 1639 1264 annuali
1669 1212 1904 1268 censuin
1933 1213 2060 1268 villa
2083 1231 2202 1284 qua:

610 1292 1024 1358 cognominatur
1048 1285 1499 1367 Lacinga-hylhc.

682 1380 739 1436 Si
771 1383 1046 1452 quislibet,
1093 1389 1232 1457 quod
1265 1389 1439 1444 absit!
1493 1392 1650 1448 istam
1709 1395 2017 1452 libertatem
2068 1415 2200 1468 quo-

610 1475 852 1544 quolibet
882 1489 1078 1533 conatu
1107 1481 1297 1536 nititur
1322 1485 1598 1540 servitutis
1631 1486 1760 1556 jugo
1795 1489 2068 1560 subigere,
2117 1490 2199 1545 vel

608 1577 776 1632 prava
805 1563 1101 1623 intentione
1131 1577 1518 1638 transmutare,
1567 1582 1625 1627 ut
1665 1592 1854 1632 rursus
1884 1577 2113 1633 clericos
2142 1580 2194 1634 in

608 1669 676 1709 eo
705 1656 948 1721 collocet,
983 1659 1054 1714 sit
1096 1661 1341 1717 addictus
1385 1665 1690 1734 captivitati
1719 1677 1956 1735 aeternae,
2003 1686 2196 1727 carens

608 1747 937 1814 sempiterna
985 1748 1234 1805 libertate
1275 1761 1330 1806 et
1360 1755 1700 1824 mancipatus
1745 1758 1966 1814 servitio
1998 1760 2194 1815 diaboli
2233 1785 2274 1840 Β

606 1834 834 1906 ejusque
865 1841 1142 1894 consortio
1173 1841 1244 1895 sit
1291 1843 1757 1901 inextricabilibus
1793 1849 2019 1904 habenis
2070 1866 2198 1905 eou-

605 1927 848 1995 strictus,
878 1929 980 1984 nisi
1011 1930 1313 1988 satisfactio
1342 1934 1456 2005 ejus
1485 1940 1686 1992 erralui
1727 1941 2016 1997 subveniat
2051 1947 2196 2013 quod

603 2033 827 2088 prorsus
857 2030 1129 2092 optamus.

673 2107 788 2178 Ego
811 2109 972 2176 Cuut,
999 2127 1091 2167 rex
1116 2108 1289 2181 geritis
1314 2115 1606 2186 Anglorum
1638 2121 1974 2192 aliarumque
1997 2124 2196 2180 nihilo-

603 2199 784 2256 minus
813 2201 915 2256 hoc
957 2205 1293 2274 privilegium
1337 2206 1475 2274 jussi
1527 2227 1853 2281 componere
1891 2224 1946 2268 et
1975 2230 2195 2286 compo-

603 2291 768 2346 situm
800 2309 924 2349 cum
951 2295 1108 2367 signo
1139 2297 1427 2355 Dominicae
1456 2304 1636 2357 crucis
1680 2305 2056 2362 conﬁrmando
2095 2307 2195 2362 int-

513 2433 519 2437 .
603 2384 798 2449 pressi.

677 2475 789 2545 Ego
819 2475 1016 2548 Alfgifa
1072 2480 1253 2551 regina
1310 2486 1458 2536 omni
1516 2486 1795 2540 a.acritate
1845 2490 2041 2544 mentis
2089 2491 2193 2547 hoc

599 2566 946 2624 conﬁrmavi.

671 2656 787 2727 Ego
815 2657 1093 2716 Wlstanus
1121 2662 1564 2734 archiepiscopus
1591 2669 1867 2724 consensi.

677 2745 787 2816 nigo
812 2747 1122 2804 Adelnodus
1143 2752 1589 2825 archiepiscopus
1626 2760 1968 2815 conﬁrmavi.

673 2835 786 2908 Ego
812 2837 1105 2895 Godwinus
1123 2842 1405 2912 episcopus
1434 2849 1726 2903 corrobora
1738 2851 1805 2905 vi.

674 2926 788 2997 Ego
814 2927 1078 3003 Alfwiuus
1100 2932 1383 3003 episcopus
1405 2950 1686 2992 assensum
1723 2941 1866 2996 dedi.

671 3017 784 3089 Ego
804 3019 1029 3076 AllIinus
1055 3023 1340 3094 episcopus
1358 3027 1697 3098 consignavi.

671 3110 782 3180 Ego
810 3110 1100 3168 Athericus
1126 3115 1412 3186 episcopus
1441 3119 1702 3175 conclusi.

669 3200 783 3272 Ego
809 3202 1034 3258 Alfwius
1059 3205 1346 3277 episcOpus
1373 3207 1644 3266 roboravi.

671 3292 785 3364 Ego
814 3294 1180 3352 Brihtwaldus
1210 3299 1519 3370 episcopus.

667 3383 782 3456 Ego
813 3387 915 3442 lric
943 3389 1072 3442 dux.

669 3475 780 3547 Ego
809 3477 1104 3535 Godwinus
1133 3482 1260 3536 dux.

666 3569 779 3640 Ego
812 3571 900 3626 Ull'
920 3573 1050 3628 dux.

667 3661 781 3732 Ego
815 3663 972 3732 Eglaf
991 3666 1121 3721 dux.

669 3755 784 3825 Ego
807 3755 989 3811 liacun
1020 3759 1149 3814 dux.

666 3844 780 3916 Ego
801 3845 1103 3904 Leofwinus
1134 3853 1260 3907 dux.

665 3934 781 4006 Ego
808 3935 1070 3992 Godricns
1100 3941 1227 3994 dux.

665 4023 779 4095 Ego
807 4023 1030 4081 Oslacus
1055 4029 1232 4083 miles.

664 4115 777 4186 Ego
812 4115 1026 4182 Thored
1055 4119 1228 4176 miles.

662 4207 777 4269 Ego
806 4207 1032 4266 'l'hurkil
1054 4213 1232 4269 miles.

662 4301 775 4378 Ego
800 4303 1001 4376 Thrym
1026 4305 1198 4361 miles.

662 4391 775 4461 Ego
805 4393 1007 4449 Brosor
1028 4395 1204 4451 miles.

663 4483 776 4553 Ego
806 4486 1042 4543 Alfricus
1065 4489 1236 4545 miles.

663 4576 774 4648 Ego
801 4577 1083 4651 Alfwynus
1107 4582 1284 4638 miles.

659 4669 774 4741 Ego
801 4670 1082 4730 Leofricus
1115 4673 1306 4731 abbas.

661 4761 776 4832 rlgo
798 4763 1103 4822 Alfwardus
1132 4766 1322 4823 abbas.

661 4854 774 4924 Ego
801 4855 1153 4914 Athelstanus
1181 4859 1373 4916 abbas.

658 4947 770 5017 Ego
797 4946 983 5004 Alﬂins
1007 4949 1192 5006 abbas.

661 5039 772 5108 Ego
805 5038 1114 5098 Leofwinus
1144 5043 1332 5099 abbas.

659 5129 774 5199 Ego
795 5129 1108 5188 Wulfredus
1135 5135 1324 5190 abbas.

659 5221 771 5292 Ego
790 5219 1070 5292 Otkytelus
1094 5226 1280 5282 abbas.

2217 3142 2258 3199 C

665 5409 740 5483 (2)
770 5411 950 5469 Malm.
991 5415 1142 5473 Gest.
1171 5433 1309 5487 reg.,
1342 5417 1435 5475 lib.
1467 5436 1528 5489 ll,
1561 5437 1613 5478 c.
1641 5423 1728 5479 ll.

1972 277 2163 337 MONU
2173 279 2238 335 Μ.
2269 280 2547 339 DIPLOM.

3622 308 3691 367 ΗΕ

2377 396 2490 468 Ego
2511 399 2797 458 Alfwiuus.

2380 490 2492 562 Ego
2519 492 2776 549 Alfricus.

2380 582 2492 654 Ego
2517 583 2778 640 Alfricns.

2379 672 2492 742 Ego
2515 671 2768 730 Leoftius.

2377 761 2490 829 Ego
2517 761 2822 820 Leol'ricus.

3072 890 3134 956 ν.

2305 1002 2507 1082 ϐΙιιιιίαΔ
2531 1007 2666 1078 regis
2692 1007 2914 1082 Canuti,
2947 1027 3051 1081 qua
3089 1029 3262 1068 omnes
3297 1033 3455 1071 causa:
3483 1022 3605 1077 insula
3633 1024 3698 1082 6-5:-

2372 1079 2596 1157 sloniaz,_
2613 1079 3130 1157 tqmgcplesidstiqns
3156 1101 3306 1151 quam
3340 1092 3570 1157 mentum,
3591 1079 3698 1151 nilnil

2374 1150 2619 1216 supponit
2641 1149 2870 1217 judicio,
2889 1155 3089 1206 ca'leris
3115 1149 3329 1210 exclusis
3353 1149 3615 1227 potestatibus.

2284 1326 2286 1329 ι
2380 1261 2458 1329 (2)
2479 1262 2759 1332 Reguante
2784 1265 2836 1318 in
2854 1277 3175 1335 perpetuum
3204 1270 3428 1338 Domino,
3445 1274 3516 1343 qui
3531 1276 3700 1332 sminth-

2305 1351 2396 1406 bili
2417 1355 2657 1422 potentia
2679 1357 2862 1410 omnia
2887 1359 3128 1429 disponit
3149 1370 3310 1428 atque
3328 1365 3700 1435 gubernantium

2305 1453 2610 1514 temporum
2639 1447 3030 1519 hominumque
3059 1452 3368 1507 mirabiliter
3388 1455 3627 1518 discernens.
3649 1468 3700 1511 tu-

2305 1537 2619 1605 minumque
2651 1539 2940 1605 incertum,
2971 1551 3130 1610 prout
3156 1543 3286 1610 vult,
3312 1547 3600 1614 aequanimiter
3617 1552 3700 1615 iure

2303 1639 2458 1688 nens,
2493 1634 2548 1680 et
2575 1626 2642 1681 dc
2669 1628 2898 1684 secretis
2928 1638 3137 1686 natura:
3164 1633 3419 1702 mysteriis
3439 1636 3700 1690 miserimus:

2303 1719 2480 1783 docet,
2507 1728 2562 1772 ut
2587 1720 2654 1775 de
2681 1719 2943 1792 fugitivis,
2962 1731 3017 1776 et
3038 1723 3156 1777 sine
3179 1723 3336 1778 dubio
3357 1726 3700 1790 transitoriis,nn-

2301 1827 2427 1866 sura
2459 1828 2621 1884 regna
2654 1814 2746 1869 Dei
2773 1814 3028 1885 suffragio
3049 1816 3386 1886 adipiscenda
3416 1818 3519 1872 sint.

2372 1905 2710 1976 Quapropter
2763 1923 2864 1977 ego
2914 1910 3093 1965 Cnuto
3150 1926 3246 1963 rex
3291 1909 3551 1981 Anglorum,
3583 1924 3700 1966 esten.

2304 2014 2532 2068 rumque
2575 2002 2818 2070 gentium
2871 2003 2924 2058 in
2967 2004 3203 2058 circuitu
3243 2005 3577 2074 persistentium
3603 2010 3701 2074 gubu-

2296 2099 2457 2146 nator
2476 2101 2530 2146 et
2551 2102 2750 2160 rector,
2770 2108 2891 2148 cum
2916 2095 3147 2149 consilio
3172 2105 3227 2149 et
3246 2094 3444 2150 decreto
3459 2095 3701 2164 archipmn

2300 2183 2474 2238 nostri
2507 2183 2793 2239 Edelnothi
2813 2227 2828 2251 ,
2861 2185 3134 2255 simulque
3165 2195 3457 2240 cunctorum
3479 2185 3546 2238 Dei
3566 2184 3702 2238 sacrit:-

2300 2283 2436 2339 tttm,
2467 2282 2522 2328 et
2562 2289 2830 2331 consensu
2869 2276 3197 2346 optimatum
3232 2278 3548 2342 meorum,ob
3575 2291 3702 2329 aerea

2298 2364 2534 2419 cmlestis
2563 2365 2748 2436 regni,
2780 2373 2835 2421 et
2875 2367 3268 2438 indulgentiam
3303 2369 3539 2423 criminum
3559 2381 3702 2426 meum

2297 2465 2354 2510 et
2417 2457 2807 2513 relaxationem
2871 2460 3254 2528 peccaminum
3320 2461 3482 2514 fratris
3528 2460 3597 2514 mei
3635 2461 3704 2525 ius

2297 2544 2564 2598 Edmundi
2587 2587 2600 2610 ,
2634 2548 2875 2602 concedo
2923 2548 3192 2608 ecclesia:
3220 2549 3418 2604 Sancus
3455 2549 3525 2602 Dei
3551 2547 3705 2617 genituris

2298 2635 2482 2692 Mariae
2521 2637 2814 2694 Glastmtiae
2846 2638 2968 2708 jura
3002 2649 3058 2694 et
3085 2641 3481 2696 consuetudines
3505 2641 3546 2694 in
3563 2639 3705 2693 omnin-

2299 2744 2404 2799 gno
2434 2743 2573 2798 meo,
2607 2739 2662 2786 et
2689 2745 2880 2786 omnes
2915 2731 3299 2789 forisfacturas
3332 2734 3531 2788 omnium
3559 2741 3704 2784 ternm

2297 2834 2541 2886 suarum,
2573 2829 2628 2876 et
2658 2823 2767 2876 sint
2793 2830 2954 2877 terra:
2975 2822 3093 2892 ejus
3131 2824 3234 2879 sibi
3262 2823 3454 2888 liberte,
3481 2831 3522 2878 et
3542 2821 3656 2876 solut:
3674 2817 3704 2869 ti

2295 2914 2443 2970 omni
2488 2914 2761 2970 calumnia
2805 2922 2860 2971 et
2909 2915 3334 2988 inquietatione,
3375 2915 3504 2972 sicuti
3531 2927 3618 2967 mea
3641 2910 3704 2964 niti

2297 3005 2584 3059 habentur.

2369 3097 2570 3152 Verum
2607 3096 2735 3154 illud
2765 3099 3037 3168 praecipue
3064 3113 3132 3182 ex
3173 3098 3518 3170 omnipotentis
3544 3093 3705 3183 Patrisltt

2296 3187 2437 3253 Filii,
2459 3197 2513 3242 et
2549 3186 2784 3258 Spiritus
2811 3189 2988 3245 sancti
3015 3179 3358 3255 auctoritate,
3383 3197 3430 3244 et
3451 3177 3704 3277 Ρεφθωπι

2293 3279 2436 3349 ginis
2470 3279 2851 3334 interdictione
2881 3280 3154 3350 prohibeo
3173 3321 3187 3346 ,
3219 3289 3273 3334 et
3303 3277 3528 3334 universis
3549 3272 3704 3342 τεμίεὶ

2293 3369 2603 3438 prmpositis
2639 3378 2694 3424 et
2730 3370 3052 3440 primatibus
3082 3386 3251 3442 super
3290 3384 3426 3426 suam
3455 3365 3615 3422 salutem
3637 3373 3705 3429 με·

2293 3462 2453 3531 cipio,
2485 3471 2546 3518 ut
2568 3463 2744 3519 nullus
2765 3464 2985 3520 omnino
3009 3464 3160 3519 illam
3190 3463 3409 3520 insulam
3430 3457 3704 3549 intrareaintru~

2292 3554 2663 3626 cujuscunque
2696 3555 2936 3623 ordinis,
2975 3565 3069 3612 aut
3099 3556 3377 3628 dignitatis
3402 3553 3486 3618 sit;

2294 3658 2404 3701 tam
2454 3649 2510 3702 in
2549 3648 2934 3704 ecclesiasticis
2975 3651 3144 3718 quam
3185 3649 3242 3704 in
3288 3644 3576 3704 saecularibus
3600 3649 3704 3692 tam

2295 3742 2672 3794 tantummodo
2711 3740 2924 3796 abbatis
2955 3741 3248 3810 judicium,
3277 3750 3331 3798 et
3352 3744 3587 3796 conventus

2292 3840 2467 3899 cteut,
2499 3832 2658 3888 sicuti
2689 3833 3124 3904 praedecessores
3152 3835 3261 3890 mei
3287 3832 3699 3891 sanxerunhelilﬂ“

2290 3923 2449 3994 legiis
2495 3925 2978 3992 confirmaverunt,
3016 3927 3309 3983 Cenwlnes
3353 3927 3473 3987 lues,
3515 3913 3704 3976 Cuthrelu

2290 4014 2565 4086 Ailredus,
2606 4017 2884 4086 All‘redus,
2934 4018 3260 4085 Edwardus,
3292 4013 3590 4075 Ethelredlls.

2292 4123 2420 4175 nus,
2448 4118 2504 4164 et
2531 4109 2956 4181 gloriosissimus
2981 4111 3323 4178 Edmundus,
3349 4119 3398 4166 et
3429 4097 3705 4174 incoman

2291 4197 2556 4271 Edgarns.

2365 4290 2422 4346 Si
2445 4291 2566 4360 quis
2594 4299 2772 4347 autem
2801 4292 2992 4365 quovis
3015 4291 3274 4363 deinceps
3303 4303 3510 4361 tempore
3530 4277 3703 4378 ςιιδξῑῖίξυ

2291 4384 2579 4439 occasione
2609 4383 3008 4454 interrumpere
3047 4395 3212 4454 atque
3247 4386 3444 4440 irritum
3473 4381 3600 4434 facere
3624 4373 3703 4464 δυέ

2289 4474 2558 4546 privilegii
2608 4483 2990 4530 testamentum
3034 4477 3185 4532 nisus
3230 4475 3405 4544 fuerit,
3432 4470 3702 4553 sitaconioﬁll

2290 4566 2504 4636 piorum
2554 4567 2730 4622 ultimi
2779 4568 3048 4624 examinis
3082 4569 3386 4624 ventilabro
3426 4553 3701 4634 diSpertitusbi

2289 4657 2412 4728 quis
2431 4673 2563 4715 vero
2592 4660 2850 4717 benevola
2888 4662 3191 4720 intentione
3228 4664 3342 4719 haec
3370 4651 3700 4746 faceremmbérb

2289 4759 2346 4804 et
2390 4749 2679 4807 defensare
2725 4753 3019 4820 studuerit,
3074 4754 3397 4812 beatissima:
3434 4752 3509 4807 Dei
3545 4745 3700 4817 genitae

2290 4839 2472 4895 Mariae
2506 4851 2559 4896 et
2585 4844 2825 4898 omnium
2863 4854 3174 4900 sanctorum
3217 4826 3699 4928 intercessione-amri

2292 4931 2416 4985 licet
2442 4930 2582 4986 Deus
2609 4934 2910 5004 portionem
2935 4935 3050 5004 ejus
3073 4937 3126 4992 in
3151 4946 3295 4992 terra
3316 4924 3698 5020 virentium.

2287 5031 2371 5077 est
2399 5021 2555 5091 hujus
2579 5025 2845 5098 privilegii
2870 5025 3114 5094 donatio,
3141 5035 3196 5083 et
3219 5025 3522 5099 promulgata
3541 5020 3578 5073 in
3595 5012 3697 5102 ιεςικξ

2284 5114 2511 5170 basilica
2573 5117 2675 5172 sub
2725 5119 3010 5188 praesentia
3065 5119 3208 5190 regis
3259 5115 3518 5179 Cnutonis,
3556 5103 3697 5162 tum"
3752 5145 3753 5168 γ

2282 5206 2496 5264 lncarn.
2531 5207 2999 5280 Dominica-1052,
3033 5210 3324 5268 indict.....
