3816 6322
587 352 723 411 H95

1868 344 2137 404 MONUM.
2178 343 2450 436 DIPLOM.
3614 352 3693 407 illi

584 472 792 527 scilicet
821 469 960 540 quod
989 467 1186 523 habeat
1222 464 1528 523 libertatem
1570 463 1835 521 vendendi
1861 476 1917 522 et
1944 466 2155 522 emendi
2186 469 2236 529 Α
2270 474 2489 532 cunque
2522 458 2575 513 in
2606 472 2772 529 regno
2795 466 2938 525 sunt,
2964 459 3065 514 sub
3092 457 3256 513 tutela
3279 466 3328 512 et
3348 457 3697 539 defensitineregg

582 563 638 616 in
670 572 808 617 terra
839 575 952 615 sua.

654 653 792 707 XIX.
838 651 1063 715 Theam,
1107 649 1247 719 quod
1281 648 1323 703 si
1357 647 1621 718 quispiam
1671 646 1872 717 aliquid
1908 646 2158 702 interciet

580 760 742 814 super
770 745 1023 812 aliquem,
1072 751 1127 796 et
1168 741 1489 796 intereiatus
1525 756 1631 795 non
1682 739 1879 810 poterit
1904 754 2152 793 warran-

583 846 693 886 tnm
745 849 899 887 sumn
948 832 1173 895 habere,
1201 831 1307 885 erit
1338 829 1683 885 forisfaetura
1712 846 1831 895 sua,
1863 839 1918 884 et
1941 828 2153 898 justitia

580 925 829 979 similiter
855 924 919 978 de
947 922 1361 987 calumniatore,
1389 921 1433 976 si
1465 920 1747 976 defecerit.

652 1013 766 1067 XX.
810 1012 998 1067 Omnis
1034 1012 1175 1066 enim
1204 1010 1295 1079 qui
1343 1010 1503 1065 habet
1543 1011 1708 1065 sacha
1734 1018 1790 1064 et
1817 1009 2005 1073 socha,
2045 1006 2154 1062 thol

589 1116 644 1157 et
676 1106 875 1168 theam,
921 1113 974 1158 et
1016 1101 1367 1173 infangthefe,
1407 1101 1692 1171 praedictas
1744 1100 1990 1155 videlicet
2026 1114 2157 1154 con-

581 1197 924 1261 suetudines,
968 1193 1180 1263 justitia
1231 1194 1605 1263 cognoscentis
1646 1192 1872 1248 latronis
1917 1208 2014 1247 sua
2050 1200 2154 1257 est,

582 1289 646 1342 de
686 1288 900 1341 homine
930 1302 1044 1351 suo,
1079 1287 1122 1341 si
1153 1295 1341 1355 captus
1370 1284 1532 1339 fuerit
1559 1299 1721 1355 super
1751 1293 1949 1338 terram
1980 1298 2155 1337 suam.

583 1380 659 1433 illi
705 1394 831 1433 vero
870 1379 960 1448 qui
998 1393 1100 1431 non
1137 1378 1336 1431 habent
1367 1374 1936 1439 baS'consuetudines,
1974 1388 2158 1430 coram

576 1472 785 1541 iustitia
835 1470 980 1539 regia
1030 1479 1237 1523 rectum
1277 1467 1484 1521 faciant
1530 1467 1583 1521 in
1632 1464 1947 1532 liundredis,
1988 1465 2072 1519 vel
2103 1465 2157 1519 in

582 1561 994 1630 wapentachiis,
1028 1560 1107 1614 vel
1138 1559 1190 1614 in
1224 1559 1419 1629 scyris.

644 1651 788 1708 XXI.
833 1650 1122 1706 Sciendum
1169 1666 1381 1720 quoque
1418 1649 1557 1719 quod
1589 1664 1779 1705 omnes
1808 1648 2001 1715 :ludaai,
2036 1648 2159 1703 ubi-

2261 556 2401 625 ligea
2432 552 2633 606 debent
2658 565 2816 616 esse;
2859 565 2960 605 nec
3010 551 3242 619 quilibet
3278 564 3443 604 eorum
3470 553 3691 610 alicuidinii

2261 660 2320 699 se
2344 652 2521 713 potest
2549 642 2781 697 subdere
2810 642 2928 697 sine
2955 642 3100 712 regis
3127 641 3361 696 licentia.
3381 640 3518 695 Judmi
3545 648 3701 703 enimn

2260 734 2441 789 omnia
2493 746 2589 787 sua
2639 731 2782 801 regis
2825 741 2967 786 sunt.
3007 731 3161 797 Quod
3190 732 3233 786 si
3258 734 3494 802 quispiam
3519 736 3703 791 deusserit

2262 842 2378 891 eos,
2409 826 2494 880 vel
2524 824 2807 895 pecuniam
2858 840 3068 889 eorum,
3121 827 3392 895 perquirat
3432 842 3526 889 rev,
3564 830 3595 881 si
3627 836 3703 893 uti,

2267 930 2523 988 tanquam
2555 935 2712 974 suum
2737 919 3039 989 proprium.

2338 1010 2503 1065 XXII.
2548 1010 2841 1066 Usurarios
2887 1025 3103 1080 quoque
3144 1008 3379 1064 defendit
3403 1024 3479 1062 rex
3506 1009 3707 1069 Edwards

2265 1114 2333 1155 ne
2373 1111 2684 1156 remaneret
2730 1101 2925 1169 aliquis
2976 1101 3030 1154 in
3073 1107 3185 1154 toto
3224 1114 3385 1170 regno
3406 1114 3501 1153 suo.
3534 1100 3709 1168 Etsiqtrs

2268 1190 2392 1244 inde
2435 1192 2717 1247 convictus
2764 1200 2908 1247 esset
2952 1193 3097 1261 quod
3157 1190 3334 1246 [mnus
3374 1191 3588 1260 exigeret,
3619 1196 3705 1243 omni

2270 1281 2573 1336 substantia
2612 1284 2831 1353 propria
2910 1292 3151 1347 careret,
3198 1292 3257 1338 et
3303 1293 3474 1354 postea
3514 1298 3586 1352 pro
3608 1285 3713 1351 nisi?

2268 1372 2581 1428 haberetur.
2622 1373 2737 1429 Hoc
2778 1384 2961 1429 autem
3002 1373 3289 1429 asserebat
3329 1373 3411 1428 ille
3451 1388 3549 1435 rex,
3580 1388 3713 1425 seuie-

2268 1464 2411 1519 disse
2438 1464 2493 1519 in
2526 1465 2678 1519 curia
2710 1466 2854 1535 regis
2886 1465 3253 1532 Francorum,
3285 1465 3404 1519 dum
3431 1465 3587 1519 ibidem
3609 1481 3713 1516 mn.

2270 1563 2440 1623 retur,
2481 1557 2624 1626 quod
2673 1572 2835 1612 usura
2868 1573 3080 1613 summa
3123 1558 3281 1614 radix
3324 1557 3533 1612 omnium
3564 1557 3715 1608 vitiorum

2269 1658 2375 1704 ea.

599 1795 3715 1829 W

1311 1941 1675 2031 LEGES
1744 1940 2058 2028 ALle
2132 1940 2710 2036 EDWARDI
2793 1942 3140 2061 REGIS

1623 2128 2131 2193 Northmannico
2173 2130 2481 2194 idiomate
2513 2130 2890 2211 conscriptae

1083 2296 1238 2369 (Vide
1264 2298 1317 2351 in
1344 2292 1625 2350 Guillelmo
1655 2292 2028 2364 Conquestore,
2053 2291 2122 2345 ad
2155 2289 2246 2348 an.
2282 2292 2441 2358 £087,
2466 2290 2786 2362 Patrologiaz
2811 2300 2939 2349 tom.
2968 2291 3288 2366 CXLVII.)

1252 2543 1343 2630 s.
1421 2505 2001 2638 EDWARDII
2071 2541 2416 2633 REGIS
2488 2540 3211 2636 DIPLOMATA.

2000 2712 2172 2757 DATA

587 2812 659 2875 In
692 2815 1015 2897 conventu
1045 2812 1757 2897 Westmonasteriensi,
1790 2816 2011 2897 habito
2042 2815 2116 2878 in
2158 2816 2369 2879 Natali
2405 2806 2707 2897 Domini;
2724 2833 2895 2880 anno
2931 2806 3150 2897 gratiae
3185 2814 3369 2892 1066,
3400 2810 3721 2897 multationem

706 2890 887 2975 regni
938 2891 1231 2975 ejusdem
1296 2894 1463 2975 regis
1502 2913 1629 2975 xxv
1681 2902 1878 2975 atque
1922 2895 2176 2975 ultimo,

708 2954 1010 3053 Stigmle
1061 2988 1093 3033 a
1104 2970 1274 3053 rcliie
1285 2973 1340 3053 pi
1350 2954 1456 3035 sco
1463 2954 1542 3053 po
1553 2954 1621 3035 ἲ]
1629 2954 1738 3036 ant
1744 2954 1985 3047 Garrire—,7
2005 2954 2201 3037 ΕῙᾶΓέ

2230 2896 2659 2978 praesentibus
2705 2896 3023 2961 Edwardo
3063 2915 3239 2978 rege,
3277 2898 3527 2976 Edgitha
3576 2896 3720 2978 regitis.

2252 2974 2826 3066 onarchiepiscopo
2857 2973 3167 3066 Eboraci;
3204 2973 3723 3066 caeteri-squamulae

712 3049 1060 3138 episcopis,
1095 3049 1838 3138 abbatibus,‘eapellanis
1870 3053 2059 3138 regis,
2091 3049 2832 3138 com_itibus,_miuistris,
2866 3073 2983 3138 seu
3016 3056 3256 3119 thainis
3281 3049 3493 3138 regiis,
3519 3063 3567 3116 et
3590 3052 3724 3112 militi-

712 3128 857 3201 bus,
923 3129 1038 3212 uni
1096 3128 1586 3212 incliartarnni
1636 3128 2053 3212 sequentium
2142 3133 2733 3212 subscriptionibus
2769 3135 3215 3198 nominantur.
3278 3128 3491 3197 ln'hoc
3516 3144 3723 3195 conventu

614 3215 620 3218 ‘
710 3198 1070 3296 actumffuit
1107 3207 1186 3269 de
1217 3198 1568 3296 dotatione,
1608 3198 1991 3296 privilegiis,
2035 3198 2515 3296 celebriasj'lo,
2555 3220 2718 3296 etc.,
2765 3214 3305 3296 eccles_iae_Sancti
3338 3214 3491 3277 Petri
3517 3213 3726 3296 westth

712 3287 996 3372 uastarii,
1026 3287 1159 3363 jam
1193 3287 2023 3372 ab”integron’recedilieatce
2078 3298 2139 3352 et
2171 3287 2503 3372 dedicatae,
2549 3292 2906 3372 multisque
2946 3293 3406 3372 diplomatibus
3455 3288 3724 3372 amplissiiu1

696 3366 999 3453 munita},
1019 3362 1232 3453 _’p_rout
1265 3362 1711 3453 liquet'tribus
1737 3370 1977 3431 chartis
2014 3368 2300 3448 praedicti
2334 3362 2504 3449 regis
2533 3362 2849 3445 Edwardi,
2877 3378 2939 3434 et
2971 3362 3266 3453 epistolis
3294 3373 3509 3437 Leonis
3536 3362 3659 3449 papa
3679 3362 3725 3423 IX

713 3450 770 3504 et
793 3445 1032 3507 Nieolai
1065 3445 1119 3506 ll
1154 3448 1297 3526 qua:
1325 3445 1711 3527 sequuntur.

1699 3527 1932 3600 (Mansr,
1966 3526 2199 3594 Concil.,
2230 3535 2269 3581 t.
2302 3526 2445 3593 XIX,
2478 3528 2581 3585 col.
2614 3529 2800 3601 1049.)

1414 3774 1456 3829 ’1

595 3906 792 3978 Charta
842 3908 973 3975 regis
1014 3904 1261 3961 Edwardi
1303 3910 1650 3978 confessoris,
1712 3911 1943 3966 ecclesia:
1992 3911 2177 3966 Sancti

668 3976 1685 4051 l_’etriAWestmeigqsleriensiconfecta,
1718 3982 1774 4035 in
1807 3999 1913 4051 qua
1954 3982 2177 4050 epistola

668 4047 858 4101 Leonis
889 4063 1038 4120 papa:
1092 4046 1171 4098 IX
1203 4050 1269 4099 ad
1303 4050 1537 4101 eumdem
1569 4068 1738 4120 regem
1769 4046 2050 4115 recitatur;
2087 4052 2178 4104 sed

666 4127 856 4186 prieter
904 4116 1069 4169 multa
1123 4120 1429 4171 mtermedia
1480 4116 1819 4186 (delationem
1862 4121 1974 4173 sine
2020 4121 2177 4173 dubio

666 4188 1018 4261 continentia)
1063 4186 1392 4240 desideratur
1435 4190 1629 4261 charta:
1672 4191 1947 4244 exordium
2000 4191 2178 4261 (quod

665 4259 974 4327 harangiam
1001 4264 1205 4326 vocant)
1243 4268 1288 4310 et
1322 4260 1605 4312 conclusio.

666 4393 999 4455 Enwannus,
1032 4391 1123 4446 Dei
1164 4391 1357 4462 gratia,
1398 4390 1690 4461 Anglorum
1732 4408 1850 4457 rex,
1878 4403 1984 4449 etc.

666 4487 823 4542 Scire
862 4504 957 4543 vos
1000 4488 1123 4542 volo
1166 4486 1422 4556 quoniam
1466 4495 1707 4557 tempore
1755 4502 1979 4542 avorum
2027 4501 2178 4543 meo-

596 4595 716 4632 rum
748 4580 1031 4650 patrisque
1069 4579 1172 4633 mei
1199 4622 1212 4645 ,
1265 4578 1432 4633 multa
1483 4588 1538 4634 et
1574 4580 1759 4649 gravia
1796 4579 2059 4634 bellorum
2091 4594 2180 4648 pe-

594 4671 765 4726 ricula
805 4671 1113 4725 alllixcrnnt
1148 4679 1362 4740 gentem
1404 4668 1700 4739 Anglorum
1733 4676 1789 4724 et
1840 4669 2018 4739 ipsos,
2071 4675 2178 4721 tam

594 4781 624 4817 a
657 4764 771 4818 suis
800 4779 963 4833 quam
1012 4763 1081 4817 ab
1121 4762 1399 4818 extraneis
1429 4762 1699 4817 concitata
1728 4802 1743 4828 ,
1783 4763 1919 4818 adeo
1950 4772 2010 4816 ut
2039 4776 2179 4833 pene

594 4855 901 4926 periclitata
963 4857 1034 4910 sit
1079 4856 1425 4909 hmreditaria
1479 4869 1667 4923 regum
1717 4854 2022 4919 successio,
2066 4868 2177 4908 ma-

593 4962 869 5019 gnumque
903 4947 1253 5001 interstitium
1296 4946 1438 5000 inter
1465 4944 1693 5000 fratrem
1723 4960 1903 5001 meum
1942 4945 2178 5000 Edmun-

591 5042 744 5107 dum,
789 5038 879 5108 qui
922 5050 1071 5107 patre
1101 5052 1220 5091 meo
1256 5045 1469 5092 mortuo
1500 5037 1798 5104 successit,
1841 5052 2039 5108 meque
2082 5037 2179 5092 lia-

2204 3759 2253 3818 B
2284 3755 2492 3821 labore,
2543 3756 2686 3811 sicut
2734 3755 2986 3813 amabilis
3026 3757 3139 3814 Deo
3195 3755 3465 3819 Salomon,
3510 3760 3620 3807 tanta
3654 3760 3725 3816 tut”:

2280 3855 2336 3901 et
2390 3861 2573 3903 rerum
2625 3848 2899 3917 opulentia
2949 3849 3223 3905 abundavi
3281 3858 3335 3903 ut
3397 3847 3549 3902 nullus
3595 3852 3709 3894 ante?

2282 3938 2525 3992 dentium
2607 3953 2797 4008 regum
2846 3938 3042 3994 similis
3093 3940 3201 3994 mei
3237 3938 3390 3995 fuerit
3440 3939 3485 3992 in
3545 3933 3661 4007 gloria
3698 3937 3723 3977 (ἱ

2282 4028 2506 4083 divitiis.
2564 4028 2671 4083 Sed
2734 4030 2911 4099 gratia
2969 4029 3107 4095 Dei,
3184 4046 3290 4085 non
3351 4036 3541 4094 me,ut
3578 4021 3724 4077 assit!-

2280 4131 2349 4172 ex
2427 4116 2701 4187 opulentia
2753 4126 2809 4174 et
2887 4118 3142 4189 superbia
3222 4125 3535 4187 contemptus
3582 4110 3725 4166 intféii.

2282 4208 2392 4263 imo
2421 4208 2561 4278 cmpi
2607 4208 2849 4279 cogitare
2878 4209 3034 4279 cujus
3085 4210 3229 4264 dono
3260 4218 3313 4265 et
3344 4207 3526 4262 auxilio
3562 4202 3611 4255 ad
3642 4212 3723 4262 regii

2282 4299 2495 4354 culmen
2528 4299 2677 4354 evasi
2718 4300 2975 4369 quoniam
3000 4299 3097 4355 Dei
3129 4309 3212 4355 est
3247 4312 3461 4370 regnum
3498 4304 3543 4348 et
3573 4288 3633 4345 cui
3666 4284 3724 4331 τεῖ

2282 4389 2413 4443 dare
2447 4389 2574 4443 illud
2602 4406 2616 4454 ;
2677 4399 2731 4443 et
2759 4390 2886 4460 quia
2912 4390 3142 4444 mundus
3176 4390 3377 4454 transit,
3393 4390 3461 4457 [et
3482 4378 3724 4445 concupisti:-

2282 4482 2357 4535 tia
2404 4481 2516 4550 ejus
2559 4479 2623 4551 (Ι
2672 4481 2834 4535 Joan.
2882 4482 2985 4551 ll);
3022 4482 3113 4551 qui
3165 4491 3337 4537 autem
3376 4488 3527 4533 totum
3553 4488 3596 4527 se
3624 4464 3723 4521 suis“

2283 4573 2415 4637 Deo,
2443 4569 2677 4626 leliciter
2706 4580 2902 4639 regnat
2942 4579 2999 4625 et
3033 4570 3411 4641 perpetualiter
3436 4565 3564 4621 dives
3672 4554 3723 4604 l‘d'

2283 4676 2390 4733 que
2417 4660 2716 4717 deliberavi
2749 4676 2836 4716 me
2869 4660 2949 4715 ire
2976 4663 3041 4716 ad
3081 4663 3265 4717 limina
3300 4657 3573 4715 sublimium
3603 4653 3723 4737 apes?

2282 4752 2457 4807 lorum
2478 4751 2633 4808 'Petri
2656 4759 2710 4806 et
2739 4750 2915 4816 Pauli,
2942 4760 2999 4806 et
3021 4751 3092 4806 ibi
3118 4754 3317 4821 gratias
3341 4764 3489 4820 agere
3506 4760 3585 4815 pm
3604 4738 3724 4793 uti-0‘5

2280 4844 2582 4911 beneﬁciis,
2641 4852 2698 4899 et
2727 4859 2958 4900 exorare
2992 4853 3053 4899 ut
3079 4859 3199 4900 eam
3240 4858 3419 4916 pacem
3450 4828 3727 4894 tinuath

2280 4949 2596 5008 perpetuam
2625 4935 2760 4990 mihi
2791 4944 2846 4991 et
2890 4937 3123 5006 posteris
3172 4936 3319 4992 meis.
3360 4923 3629 5000 Pmparati
3660 4928 3728 4980 erg.“

2282 5037 2338 5085 et
2375 5029 2732 5086 denumeravi
2760 5044 3029 5100 expensas
3055 5028 3375 5086 necessarias
3425 5019 3593 5081 itineri,
3611 5022 3647 5068 et
3678 5009 3725 5100 δὲ

593 5094 765 5183 bitnm
798 5094 889 5193 sit,
922 5094 1303 5182 invadentibus
1331 5142 1557 5198 regnum
1584 5125 1853 5199 Swegeno
1878 5094 2174 5184 etICnutho
2207 5098 2254 5163 ϐ
2284 5122 2551 5179 norabilia
2584 5124 2725 5180 dona
2768 5141 2888 5197 quae
2940 5124 3140 5179 ferrem
3188 5118 3372 5177 sanctis
3425 5111 3644 5187 apostolis-
3668 5094 3721 5151 δέ

593 5221 704 5276 lilio
734 5219 871 5289 ejus,
905 5220 1122 5291 regibus
1159 5220 1452 5286 Danorum,
1489 5233 1553 5275 ac
1580 5219 1705 5276 ﬁliis
1734 5220 1904 5291 ipsius
1946 5219 2170 5289 Cnuthi,

592 5308 827 5364 llaroldo
866 5318 921 5363 et
958 5308 1403 5376 llerde-Cnntho,
1457 5324 1487 5363 a
1516 5309 1715 5378 quibus
1753 5317 1809 5363 et
1850 5309 1988 5364 alter
2020 5324 2175 5365 mens

594 5398 767 5452 frater
819 5398 1070 5454 Alfredus
1123 5399 1416 5454 crudeliter
1465 5407 1550 5455 est
1595 5400 1844 5466 occisus,
1894 5400 2172 5470 solusque,

593 5489 737 5544 sicut
760 5487 888 5547 Joas
914 5492 1242 5546 occisionem
1270 5490 1530 5555 Athalize,
1564 5492 1642 5546 sic
1670 5506 1770 5562 ego
1794 5491 2170 5547 crudelitatem

594 5594 780 5635 eorum
821 5582 989 5634 evasi.
1039 5580 1278 5636 Tandem
1332 5590 1579 5651 respectu
1614 5583 2004 5639 misericordia:
2054 5584 2174 5650 Dei,

582 5658 717 5744 [post
782 5674 963 5745 plures
1008 5689 1215 5739 annos,
1276 5689 1377 5743 ego
1423 5674 1725 5729 Edwardus
1781 5676 1847 5729 ad
1887 5684 2174 5744 paternum

596 5768 790 5824 solium
841 5768 1131 5830 reaccessi,
1185 5775 1239 5820 et
1268 5781 1332 5821 eo
1360 5766 1566 5835 potitus
1601 5768 1718 5822 sine
1752 5768 1858 5822 nllo
1903 5766 2172 5823 bellorum

2285 5218 2506 5289 gravius
2540 5233 2702 5289 super
2752 5234 2813 5274 re
2866 5230 3073 5272 mceror
3102 5213 3325 5270 habebat
3359 5209 3607 5279 optimates
3626 5198 3716 5293 ωξθίξ

2283 5316 2472 5378 utpote
2519 5324 2790 5365 memores
2842 5308 3110 5362 malorum
3163 5320 3281 5376 quae
3318 5299 3407 5358 sub
3459 5296 3557 5349 aliis

2282 5399 2635 5470 pertulerant,
2688 5414 2757 5454 ne
2807 5407 2959 5453 tanto
3003 5396 3247 5462 domino,
3295 5402 3342 5448 et
3381 5402 3469 5459 pro
3493 5382 3632 5479 patria

2286 5468 2540 5559 absente,
2580 5506 2809 5563 regnum
2840 5490 3055 5545 noviter
3076 5489 3317 5544 sedatum
3341 5482 3494 5549 aliqua
3518 5468 3707 5563 ιιξτίιδξῗίθ

2287 5554 2607 5649 hostilitate,
2644 5554 2702 5637 et
2729 5589 3034 5635 metuentes
3062 5579 3115 5633 id
3145 5576 3287 5647 quod
3327 5554 3709 5658 sanctusFlffhf

2289 5685 2358 5729 ne
2392 5672 2435 5727 si
2485 5671 2623 5727 forte
2669 5673 2723 5727 in
2748 5672 2832 5726 via
2866 5681 2962 5726 aut
3000 5670 3335 5740 aegritudine,
3376 5670 3451 5717 aut
3493 5654 3577 5709 alio
3597 5647 3708 5697 im“
3768 5670 3769 5740 χ

2289 5767 2452 5823 modo
2508 5766 2796 5823 deﬁcerem
2826 5809 2839 5834 ,
2887 5767 3252 5824 haereditariis
3301 5760 3478 5830 regibus
3526 5740 3684 5799 carast
