3816 6322
48 381 189 441 1197

1166 364 1565 434 ΕΒΧΥᾹΗΒΕΕ
1603 380 1665 435 111
1694 380 1894 436 ANGL.
1942 381 2093 436 REX.

3159 385 3293 442 1198

44 495 278 551 maxime
305 477 668 563 quia’nnllum
707 487 971 545 habebam
1019 488 1203 545 ﬁlium.
1245 485 1432 557 Itaque
1469 504 1613 545 com-
1642 496 1689 554 Α
1722 499 1845 548 sant
1877 492 1995 546 istae
2018 491 2257 560 reliquim
2316 490 2643 565 confugerit,
2671 486 2788 561 ejus
2815 491 2891 546 rei
2927 500 2982 548 et
3022 495 3293 551 membro-

43 586 197 643 mnni
226 583 404 639 habito
426 583 678 647 concilio,
711 584 980 653 rogabant
1011 598 1097 638 me
1128 592 1189 637 ut
1220 584 1287 637 ab
1316 582 1615 639 intentione

42 676 355 731 desisterem
388 714 405 739 ,
457 673 773 742 pollicentes
828 687 888 727 se
936 672 1309 727 satisfacturos
1362 672 1476 728 Deo
1517 684 1617 742 pro

38 776 175 823 voto
200 782 334 832 meo,
372 774 482 819 tam
514 766 566 818 in
594 765 882 818 missarum
917 770 973 818 et
998 766 1305 819 orationum
1343 765 1617 819 oblatione

39 876 206 929 quam
248 859 297 912 in
354 856 504 926 larga
547 856 1013 925 eleemosynarum
1061 856 1457 911 distributione.
1510 856 1618 910 Sed

40 964 172 1003 cum
200 948 391 1001 obnixe
416 946 875 1009 eontradicerem,
905 947 1117 1000 tandem
1151 947 1396 1017 utrisque
1417 947 1621 1017 placuit

37 1050 105 1092 ut
134 1039 469 1093 mitterentur
503 1037 660 1107 legati
689 1038 795 1091 duo
820 1038 888 1091 ab
916 1046 1141 1107 utraque
1169 1048 1339 1107 parte,
1357 1039 1617 1093 Eldredus

46 1131 435 1203 (Wigornensis
470 1139 591 1200 post
617 1130 992 1201 Eboracensis)
1031 1143 1085 1184 et
1123 1129 1425 1185 Hermanus
1449 1130 1620 1201 (Sire-

43 1222 344 1289 burnensis)
383 1221 642 1291 episcopi,
684 1223 983 1277 etabbates
1030 1220 1288 1275 Wlfricus
1325 1222 1617 1294 Elfvvynus,

42 1316 133 1385 qui
165 1314 414 1383 apostolo'
443 1328 618 1369 meam
649 1314 979 1370 voluntatem
1010 1323 1065 1371 et
1092 1326 1295 1382 votum,
1324 1326 1377 1370 et
1408 1317 1619 1371 ill0rum

39 1408 351 1477 petitionem
396 1407 723 1474 indicarent,
768 1416 824 1462 et
886 1409 1181 1463 secundum
1238 1409 1354 1479 ejus
1406 1417 1622 1463 senten-

40 1500 193 1563 tiam,
250 1514 407 1569 quam
470 1499 602 1554 mihi
659 1500 985 1566 mandaret,
1032 1500 1253 1570 promisi
1303 1514 1392 1555 me
1440 1501 1619 1554 omnia

35 1589 327 1645 facturum.
354 1589 580 1643 Factum
613 1599 699 1643 est
746 1604 879 1660 ergo
920 1592 1065 1660 quod
1095 1591 1382 1646 voluimus.
1421 1592 1489 1645 Et
1532 1606 1624 1646 ve-

35 1684 252 1738 nientes
288 1683 514 1737 Romam
546 1681 708 1749 legati
755 1685 925 1738 nostri
958 1698 1023 1737 ex
1070 1684 1346 1738 voluntate
1394 1682 1491 1737 Dei
1543 1683 1623 1737 in-

33 1784 306 1832 venerunt
340 1774 621 1830 collectam
651 1776 917 1844 synodum
962 1776 1014 1830 in
1050 1777 1240 1833 eadem
1282 1776 1432 1842 urbe,
1471 1792 1622 1832 emn-

29 1884 142 1937 que
176 1868 553 1939 exposuissent
583 1881 757 1922 meam
790 1871 1149 1939 voluntatem,
1195 1880 1252 1925 et
1296 1885 1449 1925 suam
1485 1869 1624 1939 pcti-
1658 1877 1700 1931 Β

28 1964 243 2016 tionem
275 1978 455 2017 coram
499 1963 747 2016 ducentis
787 1972 841 2018 et
883 1966 1279 2036 quinquaginta
1328 1964 1620 2035 episcopis,

21 2062 78 2106 et
133 2053 244 2107 alia
294 2055 638 2111 multitudine
678 2066 989 2111 sanctorum
1031 2056 1279 2121 Patrum,
1318 2063 1447 2109 tunc
1494 2070 1623 2124 apo-

18 2142 265 2198 stolicus
306 2159 371 2199 ex
410 2146 635 2201 consilio
676 2155 879 2201 sanctae
922 2146 1113 2217 synodi
1154 2146 1297 2201 hanc
1337 2144 1623 2215 epistolam

18 2238 301 2306 scripsit:

22 2371 146 2425 Lm
179 2376 449 2447 cpiscopus
488 2395 669 2433 servus
714 2394 978 2432 servorum
1016 2376 1131 2445 Dei,
1181 2377 1367 2431 dilecto
1395 2377 1507 2446 ﬁlio
1530 2393 1624 2431 suo

105 2466 380 2523 Iiovvanoo
418 2469 705 2539 Anglorum
746 2472 885 2539 regi,
922 2468 1145 2523 salutem
1189 2479 1238 2522 et
1283 2468 1624 2538 apostolicam

104 2559 338 2612 benedici
347 2560 536 2615 ionem.

106 2711 123 2739 ι
168 2691 438 2758 Quoniam
466 2691 876 2757 voluntatem,»
903 2699 1010 2747 etc.
1050 2689 1181 2744 Vide
1217 2691 1269 2744 in
1311 2690 1481 2744 Leone
1518 2689 1622 2755 IX,

26 2782 363 2855 l’atrologia:
400 2793 527 2838 (om.
556 2784 781 2841 CXLIII.

100 2898 235 2954 "me
284 2910 337 2955 et
385 2900 487 2955 alia
537 2901 831 2970 apostolica
879 2900 1134 2955 mandata
1183 2914 1307 2954 cum
1357 2898 1626 2955 referrent

21 2992 195 3046 nobis
222 2993 408 3064 legati,
444 2994 647 3048 interea
675 2993 937 3049 revelavit
957 2994 1149 3049 beatus
1189 2993 1386 3048 Petrus
1409 2994 1622 3048 cuidam

18 3083 334 3151 probabilis
376 3084 502 3139 vitae
530 3085 800 3140 monacho
833 3084 1067 3150 incluso,
1114 3085 1335 3140 nomine
1362 3084 1621 3148 Wulﬁno,

15 3176 369 3232 voluntatem
411 3193 564 3233 suam
600 3194 760 3243 esse,
812 3187 871 3233 ut
920 3186 1253 3235 restruerem
1309 3178 1485 3232 locum
1530 3179 1620 3247 qui

12 3268 240 3324 dicitur
264 3271 835 3339 Wcstmonastcrium,
867 3273 1009 3343 quod
1052 3288 1081 3327 a
1136 3282 1379 3342 tempore
1408 3272 1469 3328 S.
1514 3273 1623 3325 Au-

8 3361 235 3433 gustini
282 3364 439 3434 primi
480 3363 779 3435 Anglorum
820 3364 1060 3435 episcopi
1114 3365 1422 3420 institutum
1481 3363 1621 3419 mul-

8 3464 203 3525 taque
250 3465 493 3510 veterum
552 3473 739 3527 regum
802 3457 1171 3512 muniﬁcentia
1247 3458 1620 3520 honoratum,

7 3553 261 3613 propter
281 3554 609 3604 vetustatem
637 3558 692 3604 et
720 3546 1037 3618 frequentes
1067 3548 1328 3603 bellorum
1360 3548 1624 3602 tumultus

2 3647 175 3704 pene
218 3634 502 3691 videbatur
553 3639 910 3693 destructum.
979 3637 1225 3709 Cumque
1295 3640 1425 3693 mihi
1485 3640 1624 3693 hanc

4 3730 301 3784 visionem
336 3733 582 3801 meisque
620 3734 939 3797 retulisset,
983 3742 1037 3788 et
1072 3733 1387 3803 apostolicre
1432 3732 1624 3788 littera:

2 3821 260 3893 :cqnalia
303 3832 574 3893 praecepta
620 3825 987 3887 detulissent,
1031 3825 1233 3879 contuli
1291 3825 1622 3878 voluntatem

9 3926 215 3969 meam
244 3931 366 3969 cum
399 3917 677 3971 voluntate
705 3916 820 3980 Dei,
868 3924 1071 3971 etcum
1119 3918 1282 3971 totius
1330 3917 1477 3988 regni
1517 3916 1625 3970 cle-

12 4006 242 4067 ctimne,
268 4013 326 4059 et
354 4005 477 4060 dedi
506 4020 591 4061 me
632 4005 698 4059 ad
748 4006 1158 4061 restructionem
1205 4007 1443 4076 ejusdem
1497 4006 1621 4059 luci.

2 4097 214 4168 Itaque
238 4096 506 4151 decimari
536 4097 766 4167 prtecepi
790 4112 1005 4152 omnem
1037 4097 1394 4152 substantiam
1422 4114 1618 4162 meam,

14 4198 127 4241 tam
165 4188 225 4241 in
261 4202 404 4265 auro
433 4197 489 4242 et
516 4197 745 4257 argento
775 4202 936 4257 quam
977 4188 1029 4241 in
1060 4188 1355 4256 pecudibus
1391 4198 1444 4242 et
1476 4190 1620 4243 omni

11 4297 226 4347 genere
257 4282 691 4352 possessionum,
724 4290 778 4337 et
807 4280 1095 4335 destruens
1125 4294 1390 4345 veterem.
1422 4299 1620 4337 novam

10 4386 42 4424 a
83 4371 462 4427 fundamento
502 4372 783 4429 basilicam
814 4377 1123 4441 eonstruxi,
1162 4386 1215 4429 et
1257 4384 1619 4429 constructam

11 4464 268 4519 dedicari
324 4464 430 4519 feci
459 4465 650 4534 quinto
682 4467 954 4524 Kalendas
979 4470 1254 4531 Januarii;
1287 4470 1336 4521 in
1377 4484 1480 4536 qua
1509 4467 1620 4522 col-

1718 603 1837 642 rum
1881 601 1945 640 ac
1987 586 2113 640 vitm
2138 586 2511 655 impunitatem
2544 596 2920 657 consequatur.

2465 700 2527 756 11.

1792 794 1899 847 Pro
1929 795 2109 847 eadem
2138 790 2351 846 ecclesia
2390 792 2446 847 S.
2482 794 2627 847 Petri
2660 794 3217 849 Westmonasleriensi.

1792 886 2139 939 Desideramr
2174 885 2466 939 exordium.
2495 884 2683 938 Sciant
2708 900 2899 939 omnes
2922 885 3116 940 futurae
3138 902 3295 956 gene-

1719 978 1960 1033 rationes
1994 994 2079 1032 me
2109 993 2207 1047 pro
2236 978 2346 1031 voti
2386 977 2489 1030 mei
2526 976 2883 1041 absolutione,
2918 988 3293 1046 peccatorum-

1720 1086 1825 1139 que
1880 1086 2124 1125 meorum
2174 1071 2420 1125 omnium
2477 1070 2823 1134 remissione,
2866 1085 2965 1140 pro
3012 1070 3296 1124 animabus

1722 1179 1907 1232 regum
1941 1206 1955 1230 ,
2035 1172 2141 1217 tam
2193 1176 2566 1217 successorum
2624 1177 2785 1229 quam
2835 1162 3293 1231 ρι’ωάροεεδοῐδιιιιι

1722 1272 1987 1322 meorum,
2031 1265 2087 1311 et
2139 1255 2381 1309 omnium
2435 1262 2717 1325 parentum
2764 1269 3037 1319 meorum,
3091 1263 3143 1308 et
3200 1267 3299 1321 pro

1724 1363 1858 1419 pace
1885 1357 1940 1402 et
1974 1348 2274 1402 stabilitate
2302 1346 2453 1415 regni
2488 1346 2618 1411 mei,
2658 1355 2714 1400 et
2747 1346 3104 1416 prosperitate
3137 1345 3301 1398 totius

1724 1440 2022 1510 Anglorum
2060 1438 2266 1509 pepuli,
2296 1437 2412 1491 loco
2438 1437 2542 1501 illi,
2586 1438 2637 1491 id
2683 1449 2766 1493 est
2792 1436 3304 1503 Westmonastcric,

1724 1532 2090 1586 omnimodam
2148 1530 2489 1595 libertatem,
2541 1539 2801 1600 quantum
2856 1530 2922 1584 ad
2978 1537 3303 1599 potestatem

1730 1632 1998 1678 terrenam
2045 1622 2396 1678 concessisse.
2429 1623 2495 1677 Et
2524 1622 2666 1692 quod
2706 1621 2782 1675 illi
2826 1622 2891 1675 de
2933 1619 3305 1675 ecclesiastica

1727 1714 1828 1769 hoc
1859 1713 2005 1783 regia
2068 1712 2322 1768 libertate
2350 1721 2554 1769 statuo.
2598 1712 2727 1781 Ejus
2766 1713 2931 1782 igitur
2964 1712 3169 1765 amoris
3211 1710 3307 1763 sti-

1729 1805 1875 1860 mulo
1922 1814 1975 1860 et
2016 1805 2119 1860 ﬁde
2161 1806 2472 1876 plenissima
2526 1821 2589 1861 ac
2639 1805 2986 1861 devotissima
3031 1802 3303 1865 suffultus,

1727 1898 1881 1968 cujus
1923 1897 2163 1968 largiflua
2196 1897 2549 1953 miseratione
2581 1899 2634 1953 in
2681 1896 2941 1952 cathedra
2973 1895 3137 1964 regali
3182 1910 3307 1962 pro-

1729 2000 1906 2045 motus
1937 2008 2085 2055 sum,
2138 2007 2261 2045 cum
2307 1992 2539 2046 concilio
2573 2000 2628 2046 et
2671 1990 2890 2044 decreto
2938 1986 3305 2054 archiepisco-

1728 2099 1942 2153 porum,
1973 2085 2388 2155 episcoporum,
2444 2083 2723 2143 comitum,
2775 2080 3114 2149 aliorumque
3161 2093 3309 2131 meo-

1727 2193 1846 2231 rum
1892 2177 2232 2245 optimatum,
2278 2176 2635 2247 prospiciens,
2696 2175 2800 2228 hoc
2834 2171 2931 2241 ipsi
2982 2170 3223 2226 ecclesia:
3254 2178 3311 2223 et

1726 2267 2097 2323 habitantibus
2139 2269 2191 2323 in
2215 2284 2302 2335 ea,
2335 2270 2449 2324 sive
2478 2266 2879 2339 pertinentibus
2909 2263 2976 2317 ad
3006 2278 3149 2326 eam,
3178 2260 3309 2331 utile

1727 2360 1866 2423 fore,
1908 2375 2012 2414 non
2041 2360 2212 2415 solum
2252 2361 2303 2414 in
2346 2360 2625 2430 prmsenti,
2658 2358 2749 2413 sed
2796 2358 2847 2411 in
2887 2352 3309 2421 fulurum,elegi

1728 2452 2100 2515 sanciendum,
2126 2461 2287 2522 atque
2318 2452 2523 2522 perpeti
2559 2449 2930 2505 stabilintento
2954 2448 3021 2501 ab
3055 2445 3312 2500 omnibus

1728 2544 2176 2609 confirmandum,
2208 2552 2267 2597 ut
2306 2558 2404 2612 pro
2445 2541 2649 2597 Christi
2698 2540 2905 2596 honore
2931 2547 2984 2594 et
3012 2550 3217 2599 amore,
3258 2544 3312 2589 et

1725 2645 1824 2706 pro
1859 2636 2163 2690 reverentia
2193 2636 2387 2689 summi
2430 2633 2794 2703 apostolorum
2839 2630 3099 2702 principis
3139 2629 3308 2692 Petri,

1728 2727 1882 2796 cujus
1913 2724 2215 2795 patrocinio
2237 2727 2502 2794 ineipsum
2531 2723 2795 2782 commisi,
2820 2731 2876 2775 et
2904 2737 3001 2790 pro
3026 2719 3312 2774 devotione

1728 2832 1792 2870 ac
1817 2817 2170 2871 veneratione
2197 2823 2509 2869 sanctarum
2553 2812 2937 2882 reliquiarum,
2966 2824 3099 2878 quas
3134 2809 3310 2861 eidem

1728 2907 1848 2962 loco
1875 2905 2103 2970 contuli,
2133 2905 2420 2960 beatorum
2448 2903 2703 2958 videlicet
2730 2901 3096 2973 apostolorum
3114 2939 3128 2964 ,
3161 2914 3313 2952 mar-

1731 3013 1932 3075 tyrum,
1967 3006 2339 3061 confessorum
2364 3046 2379 3071 ,
2418 3013 2474 3058 et
2526 3002 2828 3072 virginum,
2862 3008 2921 3052 ut
2966 2997 3310 3066 omnipotens

1729 3094 1870 3151 Deus
1908 3099 2024 3166 ’per
2079 3097 2296 3151 illorum
2355 3093 2609 3165 suffragia
2670 3100 3023 3155 sanctorum,
3074 3086 3313 3156 depulsis

1729 3187 1940 3241 cunctis
1987 3186 2447 3249 adversitatibus,
2508 3199 2632 3240 cum
2663 3183 2813 3251 pacis
2843 3190 2898 3234 et
2955 3178 3177 3233 honoris
3226 3175 3310 3230 sui

1727 3281 2045 3345 stabilitate,
2080 3295 2145 3334 ac
2170 3287 2445 3350 perpetuae
2476 3274 2879 3345 tranquillitatis
2904 3270 3308 3330 sublimationc,

1728 3372 1904 3426 locum
1935 3372 2082 3426 illum
2116 3370 2404 3431 custodiat,
2441 3370 2712 3438 disponat,
2741 3374 2794 3420 et
2822 3371 3094 3435 protegat,
3130 3372 3182 3415 et
3213 3376 3309 3430 pro

1728 3463 2013 3533 magniﬁca
2078 3463 2342 3530 dignitate
2389 3461 2505 3515 sive
2553 3459 2717 3529 regali
2770 3455 3085 3512 excellentia
3144 3453 3311 3521 ipsius

1727 3553 1995 3615 ecclesim,
2047 3562 2101 3606 et
2133 3568 2230 3621 pro
2282 3550 2465 3620 quiete
2522 3548 2912 3603 monachorum
2951 3544 3149 3598 ibidem
3200 3542 3312 3596 Deo

1729 3643 2105 3696 famulantium
2133 3682 2147 3706 ,
2183 3650 2364 3695 tantus
2417 3641 2592 3693 honor
2630 3638 2803 3694 eidem
2835 3635 3079 3692 ecclesiae
3111 3633 3312 3688 habea-

1731 3744 1816 3789 tur
1864 3735 1915 3788 in
1950 3743 2268 3804 perpetuum
2298 3741 2353 3787 et
2383 3732 2729 3794 observetur,
2777 3736 2835 3783 ut
2862 3742 3034 3796 neque
3062 3740 3183 3791 nos,
3215 3740 3314 3780 ne-

1728 3842 1833 3895 que
1866 3840 2213 3879 successores
2244 3824 2436 3885 nostri,
2470 3838 2568 3877 nec
2598 3821 2823 3891 quilibet
2856 3820 3168 3890 episcopus,
3210 3831 3312 3871 nec

1727 3916 2038 3985 quicunque
2068 3916 2133 3969 de
2175 3914 2463 3982 judiciaria
2508 3921 2801 3982 potestate,
2862 3912 2914 3965 in
2965 3911 3135 3981 ipsam
3186 3925 3312 3965 san-

1726 4017 1870 4062 ctam
1906 4008 2209 4070 basilicam,
2236 4007 2317 4061 vel
2352 4008 2404 4061 in
2436 4016 2721 4062 manentes
2754 4007 2805 4060 in
2846 4006 2983 4075 ipsa,
3022 4004 3104 4057 vel
3132 4004 3183 4057 in
3212 4004 3309 4057 lio-

1727 4101 1901 4154 mines
1941 4101 2030 4169 qui
2065 4117 2185 4155 cum
2219 4100 2332 4153 suis
2379 4100 2541 4154 terris
2570 4099 2649 4155 vel
2678 4099 3146 4168 qualilmscunque
3183 4096 3311 4151 sub-

1725 4194 1941 4247 stantiis
1970 4194 2036 4246 ad
2069 4194 2240 4262 ipsam
2276 4193 2491 4248 tradere
2516 4193 2598 4247 vel
2632 4194 2899 4247 devovere
2930 4207 2986 4245 se
3016 4190 3304 4251 voluerint,

1726 4287 1831 4340 nisi
1864 4302 1961 4355 per
1986 4287 2319 4340 voluntatem
2352 4288 2563 4342 abbatis
2587 4327 2602 4350 ,
2643 4294 2695 4339 et
2743 4299 2964 4338 suorum
3015 4282 3308 4335 monacho-

1728 4394 1879 4442 rum,
1940 4378 2101 4431 ullam
2157 4394 2394 4448 unquam
2433 4379 2672 4432 habeant
2724 4383 3069 4445 potestatem.
3129 4372 3194 4424 lit
3239 4373 3311 4424 sit

1730 4467 1844 4521 haec
1873 4476 2059 4520 sancta
2089 4476 2263 4523 mater
2297 4468 2545 4523 Ecclesia
2572 4466 2861 4537 peculiaris
2892 4464 3101 4531 patroni
3138 4464 3308 4515 nostri
3392 4503 3401 4506 -

6 4554 193 4611 locavi
242 4558 366 4627 ipsa
419 4557 505 4611 die
551 4559 809 4630 reliquias
858 4576 994 4630 quas
1066 4560 1329 4613 Martinus
1381 4576 1538 4629 papa,
1571 4567 1625 4611 ct
1655 4566 1704 4623 ῐ)
1731 4558 1933 4611 domini
1979 4566 2033 4611 et
2064 4559 2243 4628 magni
2280 4558 2506 4627 apostoli
2557 4568 2639 4612 ter
2683 4557 2824 4611 beati
2858 4554 3022 4615 l’etri,
3059 4553 3226 4607 libera
3256 4562 3313 4605 et

6 4645 124 4702 Leo
179 4651 279 4718 qui
335 4664 461 4703 eum
510 4651 880 4716 consecravit,
929 4652 1192 4706 dederunt
1238 4650 1455 4704 Alfredo
1488 4652 1621 4721 regi,

6 4750 61 4792 et
90 4757 244 4810 quas
296 4741 416 4809 ipse
465 4756 493 4793 a
523 4741 903 4805 Carlemanno,
950 4758 1075 4811 rege
1104 4742 1462 4808 Francorum,
1509 4742 1623 4795 dari

6 4834 113 4886 sibi
154 4834 523 4904 impetravit,
552 4833 703 4902 cujus
736 4834 899 4888 ﬁliam
948 4844 1104 4904 pater
1147 4833 1264 4903 ejus
1309 4835 1627 4889 Ethelwlfns

6 4938 131 4987 rex,
162 4932 300 4993 post
332 4934 562 4979 mortem
606 4925 794 4994 prima:
825 4924 1089 4994 conjugis,
1123 4924 1352 4977 duxerat
1395 4924 1445 4978 in
1490 4941 1625 4977 uxo-

6 5030 157 5079 rem,
197 5030 442 5086 qumque
473 5017 541 5070 ab
566 5017 682 5085 ipso
713 5018 778 5072 ad
812 5032 1181 5071 successorem
1208 5017 1324 5085 ejus
1352 5016 1625 5070 Ethelsta-

4 5120 175 5171 num,
212 5108 422 5161 deinde
450 5108 516 5161 ad
555 5107 850 5177 Edgarum.
882 5108 949 5162 ad
978 5108 1223 5162 ultimum
1262 5108 1326 5160 ad
1369 5123 1466 5161 nos
1507 5121 1628 5176 pcr-

4 5208 339 5264 venerunt,
391 5200 599 5255 scilicet
639 5201 773 5255 duas
815 5209 997 5270 partes
1048 5200 1226 5255 crucis
1271 5200 1526 5265 Domini,
1574 5209 1627 5254 ct

5 5300 243 5357 partem
278 5292 444 5346 unius
481 5292 642 5358 clavi,
684 5302 1007 5363 partemque
1045 5294 1240 5346 tunicae
1286 5291 1401 5359 ejus
1442 5294 1625 5346 incon-

4 5383 234 5448 sutilis,
269 5392 325 5437 et
351 5386 416 5438 de
447 5386 789 5440 vestimentis
815 5395 1017 5439 sanctze
1042 5384 1243 5447 Mariar,
1278 5394 1332 5438 et
1369 5384 1625 5454 reliquias

4 5476 412 5540 apostolorum
441 5476 585 5533 Petri
628 5487 684 5534 et
715 5477 890 5541 Pauli,
921 5478 1171 5541 Andrem,
1217 5476 1624 5537 Bartholomzei.

6 5565 343 5634 Barnabce,
388 5578 443 5625 et
492 5570 718 5625 aliorum
763 5570 1117 5640 plurimorum
1169 5578 1479 5624 sanctorum
1512 5610 1527 5634 ,
1573 5580 1627 5624 ct

6 5658 284 5728 quinque
317 5677 508 5732 capsas
546 5663 667 5718 aliis
693 5671 1004 5717 sanctorum
1047 5660 1291 5730 reliquiis
1332 5661 1546 5730 plenas,
1573 5671 1627 5715 et

4 5751 255 5813 statui.
315 5764 374 5808 ut
427 5757 733 5826 quicunque
782 5772 908 5811 reus
960 5756 1263 5824 majestatis
1318 5754 1498 5824 regiae,
1541 5753 1624 5807 vel

3 5842 332 5909 cujuslibet
371 5848 592 5903 alterius
628 5850 863 5913 oﬂ’cnsm,
900 5849 964 5902 ad
1023 5849 1197 5901 locum
1252 5848 1302 5900 in
1336 5863 1442 5917 quo
1489 5862 1621 5916 pau-

1729 4648 1973 4703 absoluta
2007 4649 2075 4702 ab
2127 4649 2275 4703 omni
2332 4649 2610 4703 invasione
2646 4646 2730 4700 vel
2781 4644 3152 4713 inquietudine
3193 4657 3313 4695 om-

1730 4742 1874 4794 nium
1906 4741 2211 4806 hominum,
2246 4740 2614 4810 cujuscunque
2636 4738 2921 4809 potestatis
2943 4751 3062 4791 esse
3091 4736 3312 4788 vidcan-

1729 4842 1835 4886 tur.
1871 4831 2143 4887 I‘rteterea
2177 4833 2324 4886 aliud
2358 4833 2655 4897 constituo,
2694 4840 2856 4898 atque
2890 4830 2940 4883 iu
2989 4836 3311 4897 perpetuum

1728 4927 2035 4989 confirmo,
2092 4934 2151 4979 ut
2199 4926 2429 4995 quisque
2477 4924 2827 4993 fugitivorum
2870 4922 2935 4975 de
2986 4932 3311 4989 quocunque

1728 5019 1890 5085 loco,
1938 5034 2037 5090 pro
2091 5033 2418 5088 quacunque
2472 5032 2658 5080 causa,
2719 5014 3085 5083 cujuscunque
3123 5009 3312 5066 condi-

1730 5114 1892 5166 tionis
1936 5114 2027 5175 sit,
2065 5111 2240 5181 ipsum
2291 5119 2539 5164 sanctum
2597 5109 2791 5168 locum.
2839 5106 2923 5160 vel
2972 5105 3312 5174 procinctum

1728 5201 1886 5271 ejus,
1923 5201 2133 5269 fugiens
2182 5202 2486 5266 intraverit,
2525 5199 2782 5253 immunis
2835 5197 2907 5251 sit
2949 5195 3193 5259 omnino,
3244 5208 3310 5247 ac

1726 5294 1940 5363 plenam
1976 5294 2279 5347 libertatem
2312 5301 2699 5360 consequatur.
2747 5311 2759 5323 ·

1799 5385 1854 5439 Si
1895 5384 2016 5454 quis
2061 5399 2191 5438 vero
2238 5385 2376 5439 hanc
2430 5392 2669 5437 nostram
2718 5381 3063 5435 donationem
3110 5388 3310 5446 augere

1726 5489 1781 5533 et
1817 5477 2153 5546 ampliﬁcare
2195 5476 2449 5539 voluerit,
2477 5484 2673 5543 augeat
2708 5474 2849 5528 Deus
2890 5474 3005 5527 dies
3035 5469 3151 5537 ejus
3177 5484 3309 5536 pro-

1728 5586 1914 5641 speres
1942 5570 2030 5622 hic
2074 5578 2129 5622 et
2163 5568 2214 5621 in
2245 5567 2502 5622 futurum.
2549 5565 2605 5620 Si
2639 5575 2818 5620 autem
2850 5563 3096 5619 evenerit
3124 5572 3180 5613 ut
3210 5559 3309 5612 ali-

1728 5662 1849 5731 quis
1878 5670 1971 5715 aut
2003 5675 2188 5729 regum
2215 5659 2643 5723 succedentium,
2677 5658 2759 5712 vel
2790 5656 3021 5733 alicujus
3054 5666 3305 5731 persona:

1730 5756 1910 5817 homo,
1957 5752 2099 5822 quod
2150 5766 2253 5806 non
2317 5760 2608 5821 optamus,
2666 5750 2934 5805 diabolica
3001 5746 3308 5801 temeritate

1730 5847 1887 5900 fuerit
1936 5846 2112 5899 elatus
2147 5844 2228 5898 vel
2265 5844 2551 5904 seductus.
2597 5852 2865 5912 quatenus
2912 5840 3013 5894 hoc
3058 5847 3304 5893 nostrum
