3916 6316
465 389 601 446 “99

1804 382 2072 439 NONUM.
2108 381 2379 439 DIPLOM.

3566 384 3682 442 l200

462 514 725 561 statutum
762 502 1058 573 infringere
1088 497 1173 554 vel
1220 498 1485 562 minuere,
1515 504 1611 552 aut
1660 497 1711 551 in
1746 482 1888 552 aliud
1920 513 2042 552 mu-
2071 501 2125 561 Α
2219 498 2353 573 stola
2402 496 2613 549 Nicolai
2644 512 2791 573 papa?
2834 494 2893 549 II
2938 496 3008 549 ad
3032 512 3203 573 regem
3249 494 3548 573 _Edwartlum
3581 522 3684 559 con-

465 604 583 651 tare
630 593 787 658 velit;
823 592 961 647 sciat
1010 605 1069 646 se
1115 598 1378 660 perpetuo
1410 590 1760 645 anathemate
1816 588 2043 643 damna-

462 698 599 754 tum,
621 687 722 742 nisi
758 694 936 740 tamen
968 682 1340 739 satisfactione
1362 681 1756 735 emendaverit.
1782 678 1836 735 Si
1862 689 2043 749 autem

461 778 841 835 emendatione
873 775 1037 831 fuerit
1060 776 1335 846 indignus,
1370 775 1486 843 ipse
1512 774 1729 844 quidem
1761 791 1884 830 cum
1907 773 2045 829 Juda

463 871 763 941 proditore,
814 870 1075 939 gehennae
1110 868 1325 939 ignibus
1369 870 1729 933 cremabitur,
1776 870 1871 924 sed
1929 868 2045 923 lucc

461 962 650 1016 charta
697 960 1051 1016 nihilominus
1101 960 1153 1016 in
1208 976 1304 1015 sua
1362 961 1616 1017 libertate
1665 960 2040 1030 permanebit,

462 1055 701 1124 quandiu
726 1053 1025 1128 Christiani
1070 1053 1306 1108 nominis
1354 1053 1514 1108 timor
1557 1062 1612 1108 et
1653 1068 1809 1107 amor
1846 1053 1898 1107 in
1944 1053 2047 1107 hac

459 1155 645 1201 nostra
675 1153 836 1215 gente
866 1144 1290 1214 perseverarint.
1512 1180 1513 1183 η
1734 1164 1737 1165 ⁷
1825 1195 1831 1199 .

533 1240 612 1295 Ad
644 1239 920 1306 ultimum,
958 1240 1205 1295 chartam
1231 1240 1387 1294 istam
1431 1239 1699 1295 conscribi
1739 1248 1794 1295 ct
1822 1238 2047 1310 sigillari

456 1331 617 1402 jussi,
646 1340 701 1387 et
732 1332 905 1402 ipsam
934 1346 1095 1386 manu
1143 1346 1264 1387 mea
1299 1332 1457 1402 signo
1486 1340 1689 1388 sanctae
1729 1334 1909 1387 crucis
1942 1333 2046 1386 im-

464 1427 665 1494 pressi,
699 1434 755 1479 et
787 1425 1013 1479 idoneos
1051 1432 1217 1479 testes
1249 1426 1495 1480 adnotari
1541 1425 1773 1496 praecepi
1814 1425 1882 1481 ad
1922 1440 2050 1481 cor-

462 1518 844 1573 roborandam.
872 1519 1060 1586 Itaque
1102 1516 1376 1586 propriam
1409 1516 1717 1572 donationis
1740 1516 2047 1572 libertatem

463 1622 566 1679 ego
603 1608 924 1676 Edwardus,
986 1608 1096 1663 Deo
1142 1605 1433 1676 largiente,
1464 1606 1764 1678 Anglorum
1818 1621 1932 1673 rex,
1977 1605 2050 1661 si-

464 1715 629 1769 gnum
657 1699 980 1755 venerandae
1012 1698 1191 1769 crucis
1220 1697 1492 1767 impressi.

536 1791 649 1860 Ego
677 1791 873 1846 Editha
914 1790 1103 1861 regina
1133 1790 1263 1846 huic
1295 1788 1574 1846 donationi
1611 1788 1773 1859 regiae
1818 1802 2051 1844 consen-

466 1881 605 1938 tiens
636 1882 956 1953 subscripsi.

536 1976 650 2046 Ego
690 1975 982 2046 Stigandus
1032 1975 1480 2047 archiepiscopus
1534 1974 1786 2030 consensi
1835 1983 1890 2028 et
1926 1972 2053 2029 sub-

464 2068 679 2136 scripsi.

534 2160 647 2232 Ego
686 2160 919 2216 Wllinus
950 2162 1233 2231 episcopus
1265 2160 1514 2216 consensi
1541 2167 1593 2215 et
1617 2157 1931 2228 subscripsi.

536 2251 649 2322 Ego
689 2252 969 2308 Leofricus
997 2254 1291 2323 episcOpus
1350 2250 1604 2306 consensi
1641 2260 1697 2305 et
1730 2249 2053 2319 subscripsi.

538 2345 650 2417 Ego
686 2344 1032 2400 Hermannus
1079 2346 1365 2415 episcopus
1389 2344 1705 2399 consensiet
1730 2342 2056 2413 subscripsi.

538 2436 654 2507 Ego
693 2437 972 2492 Walterus
1003 2437 1295 2507 episcopus
1331 2437 1584 2492 consensi
1614 2444 1669 2490 et
1696 2434 2017 2505 subscripsi.

544 2530 659 2600 Ego
699 2531 828 2586 Giso
856 2533 1145 2601 cpiscOpus
1174 2530 1425 2585 consensi
1456 2540 1511 2583 et
1549 2528 1872 2599 subscripsi.

542 2621 656 2692 Ego
695 2613 1016 2678 Wulstanus
1058 2622 1344 2692 episcopus
1374 2622 1624 2677 consensi
1658 2630 1713 2676 et
1737 2620 2053 2690 subscripsi.

486 2758 489 2761 .
539 2714 652 2783 Ego
692 2712 976 2780 Siwardus
1002 2714 1291 2783 episcopus
1320 2713 1571 2768 consensi
1602 2724 1658 2767 et
1700 2712 2018 2783 subscripsi.

490 2798 497 2817 ⁵
543 2807 655 2876 Ego
694 2806 973 2875 Edwynus
1011 2806 1185 2862 abbas
1221 2806 1473 2861 consensi
1505 2814 1561 2860 et
1588 2805 1908 2875 subscripsi.

544 2899 655 2965 Ego
694 2895 947 2965 Agclsius
978 2897 1147 2951 abbas
1175 2896 1426 2951 consensi
1454 2904 1510 2951 et
1538 2896 1858 2966 subscripsi.

541 2990 653 3060 Ego
691 2989 965 3044 AIvainus
1003 2988 1172 3044 abbas
1206 2988 1458 3043 consensi
1500 2997 1555 3042 et
1586 2987 1906 3058 subscripsi.

540 3081 653 3153 Ego
692 3080 975 3138 Lcofricus
1006 3081 1174 3136 abbas
1216 3081 1558 3136 consensi'et
1586 3080 1908 3151 subscripsi.

539 3175 653 3244 Ego
691 3174 975 3245 Agelwrus
1003 3175 1170 3230 abbas
1200 3174 1455 3229 consensi
1488 3182 1543 3227 et
1568 3173 1890 3244 subscripsi.

543 3266 657 3336 Ego
695 3265 1029 3336 Valdwynus
1056 3266 1226 3319 abbas
1254 3264 1502 3321 consensi
1526 3274 1583 3320 et
1605 3265 1924 3335 subscripsi.

542 3353 657 3425 Ego
697 3353 1037 3410 Wulwoldus
1064 3354 1235 3411 abbas
1260 3355 1511 3413 consensi
1541 3362 1595 3411 et
1619 3354 1937 3426 subscripsi.

542 3444 656 3516 Ego
692 3446 1041 3519 Reynbaldus
1076 3446 1457 3504 cancellarius.

541 3538 656 3609 Ego
694 3538 771 3594 lla
782 3540 966 3598 roldus
994 3543 1123 3596 dux.

539 3633 654 3704 Ego
693 3633 968 3704 Edwynus
998 3634 1128 3691 dux.

540 3725 655 3796 Ego
692 3725 1039 3781 Leofdwinus
1073 3725 1183 3781 dux

540 3817 656 3888 Ego
692 3817 881 3873 Guden
912 3819 1043 3872 dux.

544 3909 658 3979 Ego
697 3909 936 3981 Ergarus
963 3909 1236 3965 minister.

544 4001 913 4073 EguKendus
939 4003 1205 4056 minister.

546 4091 657 4163 Ego
694 4091 972 4164 Wygodus
1000 4094 1274 4148 minister.

544 4184 660 4255 Ego
696 4183 1016 4256 Radulplius
1047 4184 1325 4240 minister.

546 4274 658 4346 Ego
695 4275 970 4333 Robertus
1000 4277 1271 4332 minister.

545 4368 659 4439 Ego
698 4369 980 4425 Ednotlius
1007 4370 1279 4425 minister.

542 4457 657 4529 Ego
694 4459 1028 4530 Agelnodus,
1051 4459 1374 4525 Wulfricus,
1424 4459 1740 4533 Sywardus,
1771 4458 2065 4515 Godricus.

2168 608 2179 615 .
2220 569 2490 691 feretrani,
2534 583 2635 620 ana
2673 567 2831 619 uetita
2878 568 3086 619 annuit.
3113 577 3161 620 et
3207 565 3357 634 plura
3392 569 3578 631 insuper
3594 579 3687 629 ori-

2218 656 2426 691 meam.

2218 656 2426 708 vuegm.

2218 731 2276 785 in
2306 731 2521 786 nomine
2549 738 2750 785 sancta:
2777 741 2831 785 et
2856 729 3146 784 individua:
3178 730 3472 787 Trinitatis.
3497 731 3688 805 Propter

2147 839 2243 883 eos
2267 824 2357 895 qui
2400 823 2664 892 justitiam
2695 822 2786 877 Dei
2817 829 3193 886 contemnunt,
3223 830 3281 876 et
3334 837 3477 877 suam
3516 826 3694 880 volanti

2148 917 2502 976 constituere,
2535 914 2795 983 quoniam
2841 912 3066 982 justitize
3095 910 3186 966 Dei
3217 926 3324 966 non
3353 919 3474 966 sunt
3500 912 3697 981 subjecti

2150 1007 2329 1078 (liam.
2362 1004 2438 1076 χ),
2466 1004 2866 1074 procurandum
2895 1011 2977 1059 est
3010 1002 3075 1057 iis
3108 1002 3201 1072 qui
3234 1002 3570 1058 ecclesiarum
3610 1006 3697 1060 Dei

2148 1097 2429 1170 privilegia
2483 1095 2851 1158 constituunt,
2902 1103 2961 1147 ut
3020 1093 3350 1164 multiplices
3404 1094 3598 1149 chartas
3651 1108 3701 1151 et

2150 1188 2550 1246 multitudinem
2600 1188 2817 1243 testium
2866 1196 3029 1255 atque
3075 1184 3508 1251 maledictionum
3531 1200 3704 1258 conge-

2151 1291 2310 1348 rant;
2363 1281 2582 1350 quibus,
2635 1279 2738 1337 etsi
2788 1294 2894 1333 non
2949 1293 3186 1349 semper,
3237 1288 3417 1332 tamen
3451 1278 3709 1348 aliquoties

2150 1376 2508 1447 pessimorum
2560 1371 2841 1428 hominum
2902 1370 3067 1441 impia
3120 1369 3416 1439 protervis,
3449 1378 3501 1424 et
3543 1372 3709 1440 perni-

2152 1466 2297 1521 ciosa
2323 1463 2695 1535 praesumptio,
2732 1463 2896 1518 totius
2934 1469 3269 1532 proteratur,
3314 1461 3610 1517 retundatur
3650 1476 3712 1516 ac

2151 1558 2544 1619 reverberatur,
2578 1570 2674 1610 nec
2706 1568 2812 1610 non
2856 1553 3153 1609 fortissimo
3182 1552 3507 1608 defensionis
3533 1554 3715 1609 robore

2154 1647 2393 1710 funditus
2462 1648 2792 1704 eradicetur.
2862 1645 3205 1716 Quapropter
3255 1660 3360 1714 ego
3418 1646 3717 1713 Edwardus,

2153 1740 2249 1796 Dei
2293 1739 2489 1810 gratia,
2520 1738 2817 1810 Anglorum
2848 1753 2963 1803 rex,
3000 1748 3189 1793 notum
3217 1736 3359 1794 facio
3380 1740 3613 1795 omnibus
3642 1739 3721 1793 fu-

2078 1850 2125 1910 Β
2157 1833 2293 1887 turis
2320 1841 2443 1901 post
2466 1844 2552 1885 me
2580 1829 2762 1885 smculi
2793 1829 3236 1900 generationibus
3290 1828 3536 1898 quoniam
3584 1844 3721 1897 pre-

2155 1929 2309 1990 cepto
2356 1919 2553 1974 Leonis
2599 1932 2771 1988 papm,
2827 1932 2927 1987 pro
2970 1917 3293 1987 poenitentia
3331 1927 3386 1974 et
3425 1918 3728 1973 remissione

2155 2025 2502 2085 peccatorum
2532 2026 2798 2075 meorum,
2855 2010 3111 2066 renovavi
3149 2019 3205 2065 et
3257 2008 3526 2064 melioravi
3552 2008 3732 2064 basili-

2158 2122 2275 2163 cam
2299 2120 2419 2160 eam
2448 2103 2592 2158 Petri
2622 2118 2741 2172 quae
2772 2102 2879 2157 sita
2906 2111 2989 2183 est
3008 2115 3176 2172 prope
3207 2102 3406 2156 uicenis
3434 2099 3732 2170 principalis

2157 2197 2449 2268 Anglorum
2483 2195 2632 2250 urbis
2666 2194 3089 2259 Londoniarum,
3128 2201 3182 2249 et
3208 2194 3276 2247 ab
3306 2191 3613 2248 occidentali
3638 2206 3733 2245 ora

2158 2289 2400 2359 ejusdem
2434 2287 2584 2342 urbis
2617 2285 2816 2340 dicitur
2861 2283 3431 2348 Westmonasterium,
3462 2297 3577 2352 qua:
3614 2282 3738 2335 aedi-

2160 2382 2314 2437 ﬁcata
2340 2382 2558 2451 quidem
2589 2378 2763 2435 fuerat
2785 2377 3086 2447 antiquitus
3134 2376 3235 2431 sub
3267 2374 3483 2438 Mellito,
3516 2374 3736 2430 London

2159 2479 2334 2549 primo
2362 2477 2634 2547 episcopo,
2665 2473 2814 2528 socio
2854 2483 2907 2526 et
2933 2481 3393 2541 contemporaneo
3419 2468 3583 2523 sancti
3633 2470 3737 2522 Au-

2159 2571 2358 2643 gustini
2385 2568 2543 2638 primi
2573 2565 2885 2622 Cantuaria:
2911 2562 3331 2633 archiepiscopi,
3360 2570 3413 2615 et
3443 2575 3538 2630 per
3564 2560 3741 2629 ipsum

2159 2666 2373 2719 beatum
2405 2661 2650 2725 Petrum,
2679 2657 2922 2729 angelico
2944 2655 3250 2711 famulante
3268 2652 3515 2713 servitio,
3543 2659 3743 2721 sancta

2160 2756 2337 2810 crucis
2372 2755 2727 2823 impressione
2754 2759 2807 2805 ct
2856 2748 2995 2804 sacri
3033 2745 3350 2803 chrismatis
3382 2741 3745 2816 permistione

2158 2847 2433 2912 dedicata;
2466 2844 2563 2901 sed
2607 2858 2705 2914 per
2758 2842 3070 2910 frequentes
3101 2837 3445 2893 incursiones
3485 2833 3745 2888 barbaro-

2158 2954 2300 3004 rum,
2338 2946 2393 2992 et
2432 2935 2667 2991 maxime
2710 2934 3007 2997 Danorum,
3045 2929 3159 2999 qui,
3199 2936 3357 2999 patre
3397 2939 3514 2981 meo
3536 2921 3744 2977 Ethel-

2158 3031 2288 3085 redo
2314 3029 2550 3091 vivente,
2602 3025 2957 3094 irruptionem
3006 3021 3061 3076 in
3112 3018 3364 3090 Angliam
3412 3015 3670 3077 fecerant,
3694 3021 3749 3067 et

2160 3140 2225 3181 eo
2256 3129 2504 3186 mortuo,
2552 3133 2676 3173 cum
2720 3115 2887 3171 fratre
2944 3128 3066 3169 meo
3122 3110 3407 3169 Edmundo
3466 3106 3750 3162 dimidium

2084 3195 2131 3256 (ἶ
2166 3214 2314 3286 regni
2353 3212 2455 3267 sub
2485 3208 2850 3264 amicitiarum
2897 3204 3240 3276 pacationem
3286 3207 3585 3264 tenuerant,
3640 3196 3751 3252 fra-

2163 3314 2407 3373 tremque
2441 3299 2605 3355 alium
2636 3295 2919 3351 Alfredum
2951 3292 3335 3349 miserabiliter
3366 3291 3753 3358 interemptum

2160 3403 2538 3460 enecaverant,
2606 3389 2854 3460 neglecta
2911 3386 3131 3459 penitus
3175 3392 3231 3440 et
3281 3384 3554 3438 destructa
3594 3378 3752 3433 vide-

2160 3489 2339 3542 batur.
2636 3530 2639 3531 ν
3296 3528 3297 3531 η

2231 3574 2367 3630 Cum
2397 3586 2527 3643 ergo
2575 3581 2920 3624 renovassem
2968 3580 3112 3631 eam,
3157 3571 3213 3618 et
3252 3561 3419 3617 multa
3469 3555 3755 3629 privilegia

2162 3667 2325 3738 regiae
2370 3664 2655 3735 potestatis
2685 3669 2739 3715 et
2764 3658 3074 3733 apostolicae
3111 3653 3455 3712 auctoritatis
3486 3667 3583 3722 per
3616 3650 3756 3703 bea-

2166 3769 2277 3813 tum
2316 3758 2554 3813 Leonem
2618 3772 2815 3829 papam
2850 3754 2901 3808 in
2934 3768 2997 3808 ea
3047 3747 3449 3807 constituissem
3498 3741 3758 3798 defuncto

2165 3853 2282 3922 ipso
2328 3851 2539 3917 Leone,
2597 3860 2653 3904 et
2701 3848 3027 3907 confirmato
3075 3845 3129 3899 in
3170 3841 3291 3911 ejus
3338 3841 3457 3896 loco
3504 3835 3754 3897 Nicolao.

2164 3944 2365 4015 placuit
2400 3944 2531 3997 mihi
2564 3957 2851 4016 renovare,
2876 3938 3163 3995 ineliorare
3187 3944 3241 3991 et
3265 3932 3589 3991 conﬁrmare
3621 3944 3761 3984 con-

2165 4035 2479 4091 suetudines
2525 4042 2580 4088 et
2630 4033 2953 4088 donationes
3002 4028 3359 4100 pecuniarum
3400 4039 3536 4095 quas
3598 4029 3759 4076 ante-

2165 4141 2408 4182 cessores
2441 4125 2544 4179 mei
2568 4138 2722 4193 reges
2747 4130 2936 4178 sancto
2963 4120 3122 4176 Petro
3144 4118 3515 4180 instituerant,
3536 4121 3763 4185 propter

2167 4219 2507 4276 devotionem
2544 4232 2814 4273 summam
2844 4230 3007 4286 quam
3054 4213 3246 4269 habuit
3294 4224 3507 4279 semper
3554 4205 3767 4277 Anglo-

2168 4327 2286 4366 rum
2318 4327 2447 4380 gens
2471 4325 2598 4380 erga
2625 4324 2746 4362 eum
2772 4316 2827 4361 et
2859 4307 2975 4377 ejus
3008 4305 3261 4360 vicarios.
3294 4302 3501 4372 Itaque,
3535 4306 3767 4369 propter

2168 4404 2273 4459 hoc
2297 4401 2570 4475 negotium
2606 4409 2658 4456 et
2683 4399 2785 4454 alia
2841 4397 3186 4470 quamplura,
3245 4395 3452 4467 legatos
3488 4391 3608 4447 misi
3653 4390 3769 4445 Bo-

2170 4509 2333 4557 mam,
2364 4494 2675 4563 episcopum
2708 4506 2872 4545 unum
2920 4488 3235 4549 Aldredum,
3263 4495 3319 4541 et
3361 4489 3496 4540 duos
3548 4480 3773 4559 electos

543 4553 717 4654 Ama“
742 4552 885 4654 api“!
936 4552 1491 4654 weﬁmonaflerium
1513 4644 1525 4654 _
1554 4553 1747 4623 (mimo
1795 4552 2064 4654 Kalend?
2095 4558 2146 4619 D
2172 4587 2238 4641 ad
2269 4552 2602 4641 ordinandas
2632 4582 2933 4654 episcopos,
2983 4579 3259 4635 Glisonem
3292 4575 3500 4632 scilicet
3532 4582 3585 4628 et
3616 4552 3772 4627 Wal-

473 4642 744 4709 Januarii,
783 4644 870 4699 die
902 4653 1213 4699 sanctorum
1250 4643 1621 4701 Innocentium
1644 4685 1660 4711 ,
1707 4659 1850 4700 anno
1878 4643 2067 4699 Domi-

475 4737 615 4793 nicae
637 4736 1041 4793 incarnationis
1073 4736 1366 4793 millesimo
1396 4737 1741 4809 sexagesimo
1778 4744 1956 4802 sexto,
1987 4735 2069 4789 in-

476 4828 716 4885 dictione
765 4830 963 4895 tertia,
1034 4844 1181 4886 anno
1213 4829 1367 4899 regni
1425 4828 1761 4885 serenissimi
1815 4828 2067 4883 Edwardi

475 4920 623 4992 regis
648 4921 913 4978 vicesimo
962 4904 1154 4992 quinto
1186 4922 1286 4993 (4).
1328 4919 1705 4993 Swyergarius
1727 4919 1973 4975 notarius
1999 4917 2067 4973 ad

474 5013 650 5069 vicem
689 5012 990 5086 Reynbaldi
1041 5013 1204 5085 regia:
1246 5012 1530 5084 dignitatis
1569 5011 1882 5069 cancellarii
1928 5012 2069 5067 hanc

476 5107 721 5163 chartam
750 5106 965 5179 {scripsi
996 5114 1053 5163 et
1081 5106 1397 5179 subscripsi.
1448 5105 1506 5161 In
1549 5106 1642 5162 Dei
1679 5105 1901 5161 nomine
1946 5104 2068 5160 feli-

478 5201 633 5256 citer.
667 5200 861 5255 Amen.

480 5446 588 5503 Pro
613 5450 793 5503 eadem
851 5449 1067 5504 ecclesia
1100 5448 1281 5505 Sancti
1326 5448 1473 5504 Petri
1504 5448 2068 5505 Weslmonasteriensi.

548 5518 909 5575 —lIabentur
937 5523 991 5574 in
1024 5523 1122 5576 hac
1160 5523 1340 5575 charta
1371 5520 1597 5591 epistola,
1618 5520 1769 5591 gregis
1821 5520 2069 5575 Edwardi
2088 5580 2091 5583 _

550 5592 861 5660 confessoris
908 5593 977 5645 ad
1007 5607 1196 5661 papam
1234 5590 1518 5645 Nicolaum
1574 5590 1634 5644 11
1669 5608 1763 5660 pro
1785 5592 2069 5659 conﬁrma-

550 5664 687 5715 tione
712 5661 1099 5733 privilegiorum
1136 5661 1363 5717 ecclesia:
1396 5661 1939 5732 Westmonasterii,et
1965 5663 2072 5730 epi-

559 5835 635 5903 μ)
672 5835 869 5904 Pagius
893 5836 1005 5891 vult
1038 5835 1323 5906 legendum
1347 5855 1488 5893 anno
1526 5853 1676 5893 xxtv.

2171 4684 2369 4743 terum,
2401 4683 2462 4729 ut
2505 4690 2534 4728 a
2593 4670 2813 4729 domino
2857 4684 2995 4741 papa
3046 4675 3418 4723 sacrarentur.
3469 4662 3776 4719 Venientes

2170 4777 2350 4823 autem
2392 4767 2643 4830 Romam,
2690 4764 2759 4817 ab
2791 4758 3089 4833 apostolico
3138 4756 3363 4812 Nicolao
3418 4755 3628 4810 honore
3654 4766 3777 4822 quo

2172 4860 2397 4918 decebat
2422 4856 2679 4927 suscepti,
2710 4854 3036 4931 invenerunt
3066 4850 3140 4905 ibi
3165 4849 3232 4903 ad
3251 4846 3520 4919 synodum
3538 4859 3781 4915 congre-

2171 4962 2350 5022 gatam
2396 4947 2795 5004 multitudinem
2849 4956 3103 5015 magnam
3148 4940 3544 5013 episcOporum,
3597 4936 3780 4990 abba-

2172 5053 2307 5108 tum,
2354 5041 2781 5103 monachorum,
2827 5046 2884 5092 et
2931 5037 3285 5098 clericorum,
3335 5040 3785 5099 ceterorumque

2174 5135 2442 5199 ﬁdelium;
2485 5146 2719 5200 cumque
2773 5128 3025 5183 audiente
3067 5124 3277 5199 synodo
3316 5138 3427 5179 sua:
3476 5120 3779 5193 legationis

2173 5243 2390 5284 causam
2417 5232 2755 5297 perorarent,
2794 5222 2952 5291 hujus
2984 5235 3251 5277 summam
3276 5217 3519 5290 epistolae
3540 5216 3785 5271 domino

2174 5336 2324 5395 papa‘
2347 5318 2677 5375 obtulerunt.

2175 5436 2396 5493 Summo
2436 5432 2741 5488 universalis
2782 5430 3030 5485 Ecclesia:
3062 5426 3216 5482 Patri
3246 5424 3489 5481 Nicouo
3528 5421 3785 5477 Emun-

2246 5521 2344 5562 DUS
2370 5505 2540 5575 gratia
2569 5503 2667 5575 Dei
2693 5503 2980 5575 Anglorum
3014 5516 3104 5554 rex
3133 5498 3364 5552 debitam
3397 5493 3789 5558 subiectionem

2243 5589 2290 5632 et
2316 5572 2669 5631 omnimodum
2698 5572 2982 5627 servitium.

2243 5670 2625 5728 Gloriticamus
2659 5668 2851 5734 Deum,
2880 5666 2969 5735 qui
2998 5678 3188 5720 curam
3223 5659 3392 5740 habet
3422 5673 3536 5716 suae
3579 5655 3789 5711 elect:
