3816 6322
26 360 201 412 ηοι
1165 332 1571 406 EDWARDU8
1608 347 1673 404 III
1707 348 1911 406 ANGL.
1956 350 2108 405 REX.
3208 358 3344 413 I202

30 478 352 542 Ecclesiae,
384 476 638 547 quoniam
686 475 739 530 in
767 475 885 530 loco
934 474 1063 530 boui
1102 468 1521 543 prtedecessoris
1565 486 1661 526 vos
1688 473 1738 528 Δ
1765 476 1818 523 et
1845 472 2192 523 veneratione
2226 476 2537 524 sanctarum
2586 461 2958 534 reliquiarum,
2987 481 3122 536 quas
3172 475 3345 532 eidem

28 572 338 640 optimum
366 581 735 624 successorem
769 565 1064 621 constituit.
1091 564 1431 633 Quapropter
1451 560 1659 631 justum
1764 561 1884 617 loco
1910 561 2132 626 contuli,
2162 562 2442 619 beatorum
2475 562 2727 619 videlicet
2762 563 3149 633 apostolorum,
3199 584 3345 623 mar-

27 661 374 727 judicamus
408 657 547 727 apud
582 672 699 720 vos,
741 656 887 711 velut
930 655 999 710 ad
1040 654 1267 709 solidam
1310 660 1541 722 petram,
1572 666 1663 706 ac-
1768 660 1972 724 tyrum,
2034 651 2430 718 confessorum,
2471 664 2524 709 et
2573 655 2864 725 virginum,
2920 666 2977 710 ut
3006 658 3348 727 omnipotens

27 765 297 807 currere
327 747 589 821 [acuere],
646 758 699 803 et
720 748 951 819 probare
977 762 1167 802 omnes
1206 747 1378 801 bonas
1399 744 1653 800 intentio-
1763 745 1905 801 Deus
1956 759 2052 813 per
2106 745 2332 799 istorum
2393 746 2644 817 suffragia
2718 757 3051 813 sanctorum,
3110 750 3347 819 depulsis

36 856 163 897 nes
206 851 447 905 nostras,
474 847 529 893 et
566 846 802 894 vestram
850 838 1099 893 notitiam
1134 846 1298 905 atque
1346 836 1660 892 societatem
1764 836 1974 891 cunctis
1998 835 2442 901 adversitatibus,
2474 853 2593 892 cum
2626 838 2776 908 pacis
2797 850 2852 894 et
2881 839 3102 895 honoris
3128 841 3209 894 sui
3238 850 3350 896 sta-

32 934 106 986 in
148 934 305 987 bono
334 932 553 995 habere,
589 938 858 1000 quatenus
913 944 1008 985 eas
1053 930 1377 985 donationes
1410 936 1464 983 et
1494 927 1660 997 privi-
1763 925 1994 990 bilitate,
2036 940 2101 980 ac
2150 934 2431 995 perpetuae
2490 930 2897 998 tranquillitatis
2941 931 3346 998 sublimatione,

30 1022 204 1094 legia
237 1038 360 1093 quae
378 1023 711 1079 obtinuimus
745 1021 883 1091 apud
910 1022 1360 1092 prmdecessorem
1390 1028 1655 1081 vestrum,
1764 1018 1940 1075 locum
1974 1019 2121 1073 illum
2154 1017 2443 1085 custodiat,
2472 1020 2744 1089 disponat,
2778 1037 2841 1076 ac
2864 1032 3135 1093 protegat,
3166 1032 3220 1077 et
3250 1040 3348 1095 pro

34 1117 347 1171 renovetis
383 1126 438 1169 et
480 1114 724 1184 augeatis
776 1115 954 1180 nobis,
995 1114 1247 1170 videlicet
1289 1124 1349 1168 ut
1384 1112 1527 1183 quod
1572 1110 1659 1166 ille
1763 1110 2049 1181 magniﬁca
2079 1109 2336 1180 dignitate
2359 1111 2473 1165 sive
2499 1112 2664 1181 regali
2703 1113 3021 1167 excellentia
3055 1115 3222 1183 ipsius
3255 1130 3347 1171 ec-

41 1206 313 1274 injunxit
356 1206 513 1259 nobis
564 1206 665 1260 sub
724 1204 945 1259 nomine
996 1204 1341 1259 obcdientiaa.
1380 1216 1446 1257 ac
1487 1200 1661 1271 pmni-
1761 1201 1959 1269 clesiaz,
1989 1210 2042 1256 et
2074 1217 2172 1272 pro
2200 1202 2380 1270 quiete
2404 1204 2791 1258 monachorum
2818 1204 3011 1259 ibidem
3042 1206 3152 1262 Deo
3178 1207 3351 1261 famu-

41 1298 274 1359 tentiae,
308 1306 529 1366 propter
556 1306 740 1350 votum
768 1294 912 1365 quod
942 1311 1195 1350 voveram
1232 1296 1308 1350 ire
1337 1295 1660 1360 Rontatn,et
1761 1292 2012 1357 lantiunt,
2072 1290 2257 1347 tantus
2283 1294 2459 1348 honor
2496 1293 2670 1349 eidem
2708 1294 2967 1351 ecclesiaa'
3002 1298 3267 1353 habeatur
3295 1300 3350 1353 in

42 1390 106 1444 in
144 1389 528 1443 remissionem
556 1388 798 1443 omnium
840 1399 1184 1457 peccatorum
1217 1402 1482 1451 meorum,
1530 1402 1659 1441 con-
1758 1394 2078 1455 perpetuum
2109 1393 2165 1441 et
2185 1386 2526 1453 observetur,
2560 1396 2620 1441 ut
2646 1402 2821 1459 neque
2862 1404 2981 1452 nos,
3023 1406 3195 1459 neque
3231 1406 3352 1463 sue-

40 1489 285 1535 struere
306 1480 611 1535 cmnobium
644 1479 1030 1534 monachorum
1058 1480 1108 1533 in
1139 1480 1401 1533 honorem
1430 1476 1659 1547 apostoli
1760 1492 2007 1532 cessores
2033 1478 2228 1544 nostri,
2268 1492 2443 1546 neque
2499 1479 2725 1548 quilibet
2765 1480 3073 1550 episcopus,
3109 1495 3207 1535 nec
3234 1482 3352 1548 qui-

46 1570 240 1634 Petri,
282 1582 459 1625 ratum
512 1570 744 1636 faciatis,
774 1571 1137 1641 etprivilegia
1174 1568 1573 1640 possessionum
1604 1577 1659 1623 et
1762 1582 1974 1637 cunque
2008 1568 2075 1622 de
2100 1566 2386 1637 iudiciaria
2417 1576 2705 1639 potestate,
2741 1570 2793 1625 in
2823 1570 2995 1640 ipsam
3026 1586 3235 1626 sacram
3254 1571 3353 1630 ha-

45 1662 389 1731 dignitatum
420 1662 659 1731 ejusdem
682 1661 783 1716 loci
806 1661 1158 1723 conﬁrtnetis,
1183 1662 1470 1727 renovetis,
1497 1671 1660 1731 atque
1761 1659 1995 1726 silicum,
2018 1659 2105 1715 vel
2137 1661 2191 1715 in
2236 1670 2521 1717 manentes
2574 1663 2631 1717 in
2683 1663 2817 1733 ipsa,
2847 1664 2933 1719 vel
2985 1664 3037 1718 in
3082 1664 3352 1725 homines.

46 1754 335 1823 augeatis,
371 1763 426 1809 et
464 1754 515 1808 in
544 1761 860 1823 perpetuum
898 1754 1254 1808 immutabilia
1294 1761 1437 1809 stare
1463 1753 1659 1809 decer-
1692 1815 1731 1824 κ
1762 1751 2004 1821 quicum
2032 1751 2147 1808 suis
2183 1752 2367 1820 terris,
2394 1754 2480 1808 vel
2529 1753 2995 1824 qualibuscunqne
3035 1754 3355 1809 substantiis

54 1845 239 1899 natis.
289 1845 401 1916 Ego
456 1861 666 1915 quoque
695 1862 794 1915 pro
838 1846 1053 1901 modqu
1082 1862 1203 1901 meo
1238 1861 1410 1916 augeo
1438 1855 1493 1900 et
1529 1862 1658 1901 eon-
1694 1830 1830 1917 “ad
1862 1842 2032 1911 ipsam
2080 1844 2319 1909 tradere,
2371 1844 2455 1899 vel
2496 1845 2761 1902 devovere
2806 1862 2866 1901 se
2905 1830 3195 1911 voluerint,
3250 1844 3351 1899 nisi

51 1938 227 1991 ﬁrmo
262 1938 581 1993 donationes
602 1946 655 1994 et
679 1937 1103 1992 consuetudines
1124 1939 1500 2007 pecuniarum,
1525 1952 1660 2007 quas
1760 1930 1857 2009 per
1887 1933 2221 1988 voluntatem
2254 1934 2467 1991 abbatis
2497 1944 2551 1990 et
2587 1951 2808 1991 suorum
2839 1936 3229 1991 monachorum
3266 1935 3351 1988 ul-

49 2033 231 2088 habet
289 2042 508 2089 sanctus
550 2032 743 2088 Petrus
785 2033 837 2086 in
884 2033 1098 2104 Anglia,
1130 2042 1183 2087 et
1224 2035 1369 2102 ipsas
1400 2034 1660 2104 pecunias
1761 2023 1868 2078 lam
1900 2040 2139 2094 unquam
2176 2024 2369 2081 habeat
2395 2034 2719 2095 potestatem
2751 2046 2765 2095 ;
2799 2028 2893 2083 sed
2924 2028 2993 2083 sit
3022 2028 3136 2081 hcce
3164 2035 3352 2081 Sancta

46 2126 342 2190 collectas,
365 2144 489 2183 cum
524 2126 986 2198 regalibus-donis
1023 2128 1181 2183 mitto
1210 2129 1383 2195 vobis,
1412 2130 1647 2185 utoretis

1802 2123 1937 2170 later
1965 2116 2191 2171 ecclesia
2246 2116 2535 2185 peculiaris
2570 2120 2785 2187 patroni
2837 2118 3008 2173 nostri
3057 2116 3259 2171 domini
3300 2128 3355 2170 et

44 2232 157 2286 pro
184 2234 298 2282 me,
338 2230 391 2275 et
411 2234 510 2289 pro
540 2235 670 2289 pace
714 2220 863 2289 regni
892 2220 1019 2285 mei,
1053 2228 1108 2274 et
1135 2221 1452 2275 continuam
1487 2230 1660 2277 agso-
1764 2207 1943 2276 magni
1988 2208 2214 2276 apostoli
2260 2217 2341 2261 ter
2385 2207 2443 2260 Β.
2489 2209 2652 2275 Petri,
2711 2210 2878 2264 libera
2907 2219 2960 2265 et
2994 2208 3239 2263 absoluta
3289 2209 3393 2277 ab,

47 2309 299 2363 lemnem
350 2311 663 2363 memoriam
696 2308 883 2362 haberi
949 2310 1246 2364 instituatis
1290 2312 1454 2367 totius
1484 2310 1647 2381 gentis

1802 2298 1906 2352 mni
1937 2298 2211 2352 invasioue
2255 2299 2336 2351 vel
2367 2299 2739 2368 inquietudine
2760 2302 3002 2355 omnimn
3041 2301 3347 2365 hominum,

48 2402 383 2472 Anglorum,
416 2417 601 2459 cornu]
641 2402 960 2473 corporibus
1015 2410 1327 2457 Sanctoruﬂ]
1388 2403 1659 2473 apostolo.
1762 2388 2135 2457 cuiuscunque
2161 2388 2369 2442 OI'tIIlllS
2424 2390 2505 2443 VCI
2558 2392 2842 2459 ροῑρειςιιίε
2872 2407 2996 2446 esse
3046 2390 3350 2445 videantur.

47 2507 204 2547 mm,
252 2490 453 2547 γειιοιθ,
1762 2481 2030 2536 Przeterea
2056 2482 2198 2535 aliud
2224 2481 2495 2536 constituo
2523 2493 2685 2552 atque
2716 2483 2768 2536 in
2800 2491 3059 2552 perpetuo
3090 2483 3352 2537 conﬁrmo

132 2582 207 2637 lis
251 2584 411 2653 igitur
438 2584 680 2640 litterisa
704 2600 914 2643 summo
938 2585 1190 2656 pontiﬁce
1221 2584 1509 2655 susceptis,
1534 2600 1647 2640 cum

1803 2573 2092 2642 tquisquis
2147 2573 2519 2645 fugitivorum,
2572 2574 2636 2629 de
2688 2589 3010 2643 quocunque
3073 2574 3210 2637 loco,
3256 2590 3355 2644 pro

50 2671 303 2726 feliciter
329 2674 395 2727 ad
433 2683 614 2728 votum
658 2690 813 2728 suum
853 2676 1104 2730 omnibus
1142 2676 1389 2744 peractis
1423 2690 1453 2728 a
1487 2674 1647 2728 Roma

1802 2677 2107 2732 nacunqne,
2139 2682 2303 2720 causa
2330 2664 2699 2735 cujuscunque
2725 2664 3049 2719 conditionis
3070 2664 3159 2729 sit,
3180 2664 3354 2735 ipsum

48 2763 329 2828 redirent,
368 2764 681 2820 consulente
719 2774 907 2823 sancta
941 2768 1166 2836 synodo,
1204 2767 1581 2822 transmissum
1620 2782 1647 2820 a

1802 2764 2009 2808 anetum
2047 2755 2222 2809 locum
2262 2757 2345 2810 vel
2382 2758 2718 2826 procinctum
2758 2753 2873 2822 ejus
2923 2753 3134 2824 fugiens
3185 2755 3357 2809 intra-

47 2856 289 2909 tloznino
316 2871 451 2926 papa
486 2858 618 2911 mihi
660 2858 964 2912 detulerunt
994 2859 1301 2929 epistolam.
1380 2918 1381 2921 η
1618 2906 1621 2913 .

1802 2847 1937 2911 erit,
1999 2847 2257 2901 immunis
2316 2847 2538 2902 omnino
2592 2847 2732 2901 hanc
2784 2848 2996 2916 plenam
3051 2847 3357 2903 libertatem

1764 2949 2151 3009 consequatur.

1836 3032 1904 3085 Et
1935 3033 2099 3100 infra.
2157 3032 2309 3088 Ilanc
2338 3034 2500 3104 igitur
2527 3034 2769 3089 chartam
2804 3049 2935 3088 mea:
2962 3034 3273 3089 donationis
3299 3041 3357 3089 et

1766 3124 2055 3189 libertatis,
2100 3124 2150 3178 in
2180 3125 2267 3179 die
2308 3127 2662 3182 dedicationis
2699 3127 2966 3196 praedictae
2994 3125 3237 3181 ecclesiae
3266 3139 3356 3179 re-

1692 1815 1735 1869 Β

50 3030 71 3061 ε
104 3010 377 3069 Nicotaus
404 3015 692 3082 episcopus,
726 3033 904 3085 servus
932 3032 1197 3069 servorum
1230 3015 1346 3081 Dei,
1396 3016 1661 3085 gloriosis-

138 3085 181 3134 εἰ
203 3100 270 3136 no
292 3101 353 3135 ac
380 3085 632 3151 piissimo,
666 3084 905 3154 omnique
936 3087 1129 3139 honore
1152 3084 1479 3155 dignissimo,
1510 3088 1662 3154 spiri-

138 3154 270 3205 tuaii
293 3170 495 3223 quoque
518 3155 630 3223 [ilio
657 3166 855 3218 nostro,
890 3156 1161 3210 Enwauno
1198 3154 1489 3225 Anglorum
1526 3160 1656 3225 regi,
1690 3158 1733 3219 C

139 3225 481 3296 risitationent
535 3226 907 3287 omnimodam,
966 3227 1185 3280 salutent
1241 3229 1564 3296 melii/luam,
1613 3239 1660 3281 et

141 3294 547 3347 benedictionem
578 3295 935 3364 apostolicam.

145 3408 543 3478 «Omnipotenti
597 3412 703 3464 Deo
745 3411 1031 3466 referimus
1067 3423 1284 3480 grates,
1324 3434 1339 3465 ι
1379 3423 1484 3467 etc.
1534 3412 1661 3487 Vide

49 3506 117 3556 in
158 3501 375 3555 Nicolao
403 3502 463 3556 II
501 3504 573 3557 ad
617 3521 705 3557 an.
746 3503 903 3568 I061,
934 3502 1248 3572 Putroloyiw
1280 3515 1405 3558 tom.
1433 3504 1657 3559 CXLIII.

144 3596 291 3650 llanc
320 3597 481 3666 igitur
507 3597 790 3666 epistolam
825 3597 1108 3666 apostolici
1146 3598 1410 3669 privilegii
1457 3598 1662 3667 placuit

52 3691 309 3744 inserere
341 3689 466 3742 huic
511 3699 711 3744 nostrae
755 3690 1178 3755 conﬁrmationi,
1234 3700 1313 3757 ut,
1353 3692 1653 3746 secundum

54 3780 209 3848 quod
247 3789 429 3835 sancto
456 3780 621 3834 Leoni
654 3780 802 3850 prius
831 3780 1108 3850 placuerat
1146 3780 1387 3853 mihique
1436 3766 1667 3849 praece-V

56 3879 222 3941 perat
268 3872 636 3939 concordanti,
687 3871 753 3926 ad
804 3871 906 3926 hoc
946 3882 1261 3927 successore
1288 3872 1404 3942 erS
1438 3872 1657 3927 Nicolao

57 3971 122 4015 et
151 3960 333 4016 eadem
363 3972 453 4016 aut
477 3961 681 4031 majora
712 3962 840 4016 mihi
872 3961 1437 4031 praecipientegsciant
1464 3978 1655 4019 omnes

57 4053 259 4106 (utnec
306 4054 701 4123 generationes,
740 4064 827 4108 me
872 4068 968 4122 pro
1000 4052 1108 4107 voti
1144 4054 1387 4123 praedicti
1442 4055 1657 4109 absolu-

59 4147 233 4209 tione,
246 4148 695 4215 peccatorumque
713 4145 1215 4199 meorum‘omninm
1234 4145 1576 4210 remissione,
1600 4153 1655 4203 et

55 4243 279 4290 mternaa
300 4236 419 4289 vita:
458 4235 913 4301 remuneratione,
943 4244 996 4290 et
1020 4252 1118 4306 pro
1144 4236 1426 4295 animabus
1443 4252 1653 4308 regum,

57 4338 173 4380 tam
221 4342 588 4381 successorum
635 4342 797 4397 quam
848 4334 1313 4400 prmdeeessorum
1375 4344 1649 4394 meorum,

53 4427 119 4471 et
140 4416 372 4472 omnium
405 4427 687 4487 parentum
720 4435 981 4484 meorum,
1012 4429 1061 4473 et
1092 4436 1187 4490 pro
1210 4434 1342 4489 pace
1370 4428 1425 4472 et
1449 4418 1653 4474 stabili-

1768 3216 2083 3285 eitarijussi
2114 3231 2294 3271 coram
2354 3218 2641 3287 episcopis,
2701 3217 3006 3283 abbatibus,
3040 3216 3354 3282 comitibus,

1766 3317 1821 3363 et
1876 3308 2130 3363 omnibus
2182 3309 2535 3378 optimatibus
2582 3309 2805 3379 Angliae,
2856 3309 3112 3378 omnique
3160 3309 3355 3379 populo

1765 3401 2018 3455 audiente
2058 3410 2113 3455 et
2164 3401 2379 3455 vidente
2407 3409 2461 3456 et
2488 3400 2784 3455 secundum
2833 3400 3112 3469 apostolici
3160 3400 3356 3456 Leonis

1762 3494 1987 3564 ejusque
2015 3495 2345 3549 successoris
2376 3494 2578 3547 Nieolai
2619 3496 2994 3558 constitutum,
3036 3508 3355 3547 excommu-

1764 3581 1932 3635 nicari
1968 3580 2068 3633 feci
2100 3595 2193 3635 eos
2219 3580 2308 3649 qui
2360 3582 2637 3635 decretum
2679 3589 2921 3633 nostrmn
2972 3577 3351 3648 infringercnt,

1761 3671 1842 3725 vel
1878 3671 2098 3742 infringi
2148 3672 2542 3742 permitterent,
2597 3679 2857 3741 quantum
2909 3671 2962 3723 in
2996 3670 3127 3740 ipsis
3182 3680 3346 3725 esset.

1761 3762 2016 3831 Quisquis
2047 3772 2227 3817 autem
2256 3778 2634 3818 successorum
2670 3778 2912 3818 meorum
2946 3763 3083 3816 hanc
3105 3763 3350 3825 donatio-

1760 3856 1845 3911 nis
1872 3854 2176 3911 libertatem
2206 3855 2437 3911 ﬁrmiter
2460 3863 2624 3925 atque
2654 3853 3035 3910 inviolabiliter
3065 3854 3344 3910 custodie-

1758 3946 1850 4015 rit,
1898 3955 2096 4001 :cterna
2152 3955 2445 4001 coronetur
2492 3946 2756 4013 claritate,
2805 3945 3147 4017 cmlestisque
3198 3947 3348 4018 regni

1758 4035 1915 4105 plena
1947 4034 2261 4106 perfruatur
2287 4036 2563 4092 felicitate.

1830 4128 1887 4184 Si
1918 4129 2039 4199 quis
2077 4144 2226 4195 vero,
2253 4131 2396 4199 quod
2424 4129 2584 4195 absit,
2622 4143 2741 4183 eam
2785 4128 3065 4183 destruere
3095 4128 3346 4194 voluerit,

1757 4221 1841 4276 vel
1870 4221 2030 4292 hujus
2059 4222 2229 4279 nostri
2271 4222 2476 4277 decreti
2521 4221 2910 4287 contradictor,
2949 4220 3257 4284 convulsor,
3289 4229 3347 4275 et

1758 4322 2051 4370 temerator
2106 4313 2421 4381 exstiterit,
2473 4328 2593 4367 cum
2637 4311 2775 4368 Juda
2831 4312 3088 4367 traditore
3140 4321 3347 4367 teterno

1757 4406 2088 4460 anathemati
2118 4403 2419 4473 suhjaceat,
2451 4403 2555 4458 nisi
2586 4405 2694 4458 Deo
2716 4414 2770 4460 et
2800 4404 2956 4458 beato
2984 4418 3082 4458 suo
3102 4402 3345 4472 apostolo

60 4519 180 4562 tate
212 4510 350 4579 regni
380 4511 507 4577 turi,
537 4517 590 4564 et
637 4513 996 4580 prosperitate
1028 4514 1190 4567 totius
1229 4512 1524 4582 Anglorum
1556 4528 1647 4581 po-

1802 4505 1919 4550 etro
1945 4497 2106 4565 digna
2142 4495 2457 4565 pmniteutia
2491 4493 2836 4550 satisfecerit.

57 4598 196 4666 puli,
229 4600 341 4655 loco
382 4601 456 4654 illi
507 4601 874 4656 omnitnodatn
920 4603 1246 4666 libertatem,
1286 4612 1547 4671 quantum
1580 4603 1646 4658 ad

53 4693 378 4763 potestatem
422 4698 721 4761 terrenam,
765 4696 1120 4759 concessisse,
1178 4707 1230 4747 et
1266 4695 1408 4764 quod
1469 4695 1541 4748 illi
1580 4697 1651 4751 de

54 4784 444 4852 ecclesiastica,
483 4788 583 4843 hoc
615 4789 758 4858 regia
793 4790 1042 4843 libertate
1085 4795 1285 4841 statuo.
1329 4786 1457 4862 Ejus
1480 4787 1647 4857 igitur

55 4874 264 4928 umoris
309 4876 527 4931 stimulo
563 4886 616 4933 et
671 4878 772 4933 ﬁde
824 4876 1134 4947 plenissima
1179 4891 1241 4930 ac
1296 4878 1643 4933 devotissima

53 4964 325 5029 suffultus,
375 4948 527 5035 cujus
582 4968 825 5039 largiﬁna
882 4966 1229 5020 miseratione
1280 4967 1332 5020 in
1386 4970 1643 5023 cathedra

56 5054 225 5124 regali
256 5067 534 5125 promotus
556 5074 701 5124 sum,
722 5075 844 5114 cum
872 5054 1102 5111 concilio
1139 5067 1191 5110 et
1217 5058 1435 5112 decreto
1464 5060 1645 5114 archi-

55 5140 453 5215 episcoporum,
509 5150 910 5221 episcoporum,
968 5156 1249 5216 comitum,
1307 5152 1642 5219 aliorumque

56 5236 294 5289 onmium
319 5240 660 5307 eptimatum,
706 5245 1064 5312 prospiciens,
1098 5246 1199 5297 hoc
1242 5244 1340 5311 ipsi
1394 5242 1641 5297 ecclesia:

56 5343 123 5379 ac
164 5328 525 5385 habitantibus
572 5333 622 5384 in
655 5348 739 5396 ea,
781 5335 893 5389 sive
947 5335 1346 5403 pertinentibus
1394 5333 1458 5385 ad
1495 5349 1637 5396 eam,

64 5418 189 5472 utile
217 5420 325 5474 fore
354 5437 456 5477 non
488 5424 659 5477 solum
698 5425 748 5478 in
778 5428 1053 5493 przcsenti,
1093 5426 1187 5480 sed
1215 5426 1265 5477 in
1292 5425 1472 5478 futuro
1502 5425 1638 5494 elegi

61 5513 424 5580 sanciendum,
462 5526 625 5584 atque
650 5518 854 5587 perpeti
882 5518 1253 5573 stahilimento
1287 5517 1356 5571 ab
1389 5516 1637 5571 omnibus
1710 5584 1713 5587 δ

61 5604 503 5672 conﬁrmandum,
551 5617 608 5661 ut
631 5625 728 5677 pro
762 5610 965 5666 Christi
1004 5612 1212 5665 honore
1241 5618 1297 5665 et
1346 5624 1550 5671 amore,
1582 5618 1637 5663 et

56 5708 156 5761 pro
180 5698 475 5749 reverentia
520 5700 716 5751 summi
747 5700 1117 5767 apostolorum
1167 5699 1426 5769 principis
1470 5698 1633 5764 Petri,

53 5785 204 5854 cujus
234 5788 535 5854 palrotinio
563 5790 822 5859 meipsum
857 5790 1123 5858 commisi,
1148 5800 1202 5845 et
1224 5806 1319 5858 pro
1353 5789 1635 5846 devotione

1824 4591 1894 4646 Ut
1924 4606 2054 4659 ergo
2077 4592 2190 4643 lucc
2217 4589 2511 4643 auctoritas
2543 4588 2745 4642 nostris
2776 4597 2830 4641 et
2856 4586 3052 4651 futuris
3085 4584 3344 4654 tempori-

1750 4682 1850 4737 bus
1877 4682 2019 4736 circa
2070 4681 2245 4749 ipsum
2300 4660 2555 4736 sanctum
2604 4679 2779 4733 locum
2836 4677 3149 4744 perenniter
3186 4675 3341 4739 ﬁrma

1749 4785 1803 4830 et
1832 4774 2085 4830 inviolata
2111 4782 2447 4844 permaneat,
2474 4771 2557 4834 vel
2591 4788 2685 4841 per
2704 4769 2884 4825 ornnia
2911 4779 3149 4839 tempora
3174 4768 3339 4822 illaesa

1748 4868 2087 4922 custodiatur
2124 4877 2286 4937 atque
2336 4872 2710 4927 conservetur,
2745 4870 2797 4917 et
2828 4862 2896 4916 ab
2927 4861 3178 4916 omnibus
3203 4861 3341 4930 opti-

1752 4962 1987 5015 matibus
2046 4959 2270 5025 nostris,
2302 4966 2356 5013 et
2386 4955 2674 5037 *jttdicihus
2725 4952 2953 5024 publicis
2984 4961 3037 5007 et
3089 4952 3335 5021 privatis,

1748 5053 1940 5107 melius
1980 5067 2042 5105 ac
2065 5052 2267 5105 certius
2296 5052 2578 5114 credatur,
2614 5062 2803 5101 manus
2849 5052 3048 5099 nostrae
3092 5042 3332 5098 subscri-

1746 5147 1929 5216 ptione
1958 5145 2144 5200 subter
2166 5158 2284 5198 eam
2323 5144 2657 5197 decrevimus
2703 5143 2980 5205 rohorare,
3018 5148 3073 5194 et
3115 5136 3335 5192 idoneos

1748 5248 1912 5293 testes
1945 5237 2227 5299 adnotare,
2276 5243 2438 5302 atque
2500 5233 2674 5302 sigillo
2728 5242 2913 5287 nostro
2963 5233 3225 5301 jnssrmns
3263 5229 3335 5285 si-

1745 5330 1940 5399 gillari.

1817 5422 1927 5488 Ego
1964 5417 2293 5482 Edwardus,
2349 5416 2442 5470 Dei
2504 5417 2690 5484 gratia,
2740 5416 3033 5485 Anglorum
3079 5429 3197 5481 rex,
3231 5414 3333 5468 hoc

1746 5512 2088 5582 privilegium
2135 5510 2269 5578 jnssi
2310 5522 2656 5577 componere,
2696 5515 2752 5559 et
2799 5507 3155 5577 compositum
3204 5519 3329 5558 cum

1744 5604 1899 5673 signo
1922 5602 2218 5658 Dominicae
2244 5601 2423 5655 crucis
2463 5597 2835 5654 confirmando
2869 5599 3135 5670 impressi.

1815 5697 1926 5766 Ego
1971 5696 2173 5765 Edgida
2230 5694 2413 5764 regina
2460 5691 2605 5749 omni
2654 5691 2931 5748 alacritate
2978 5686 3177 5747 mentis
3223 5685 3326 5751 hoc

1742 5790 2110 5847 corroboravi.
