3916 6316
540 364 677 420 1203

1540 357 1595 412 8.
1626 350 1966 414 STEPHANI
1990 354 2032 409 ll
2045 342 2475 411 UNGARORUM
2513 344 2712 409 REGIS

3640 351 3749 411 μοι

612 477 724 545 Ego
752 472 1045 545 Stigandus
1063 515 1076 539 ,
1125 478 1325 527 sancta:
1357 469 1672 541 metropolis
1700 467 1957 525 Ecclesia:
1985 465 2127 522 Can-
2155 470 2201 527 Α
2298 465 2410 535 Ego
2450 463 2646 520 Petrus
2672 463 2818 536 regis
2843 460 3157 532 capellanus

540 568 727 621 tuariue
755 569 1059 636 episcopus,
1097 564 1437 620 confirmavi.

611 660 719 729 Ego
746 658 1031 723 Eldredus,
1072 656 1516 726 archiepiscopus
1549 654 1907 711 Eboracensis
1939 652 2125 709 Eccle-

535 751 649 815 siw,
686 748 1022 818 consignavi.

608 841 719 907 Ego
750 839 1056 894 Wilielmus
1091 839 1379 909 episcopus
1422 837 1817 893 Londoniensis
1843 836 2122 904 Ecclesiic,

538 922 832 987 ad‘omnia
870 933 1241 1003 superscripta
1283 918 1657 997 Consentiens,
1680 929 2016 1001 'subscripsi.

608 1024 720 1095 Ego
785 1023 1129 1080 llcrniannus
1197 1022 1484 1094 episcopus
1556 1022 1807 1077 consensi
1875 1030 1930 1076 et
1998 1022 2126 1076 sub-

534 1114 750 1183 scripsi.

607 1207 719 1278 Ego
786 1206 1143 1263 Wulsuvinus
1201 1204 1489 1277 episcopus
1561 1203 1811 1259 consensi
1878 1213 1934 1258 et
1993 1202 2121 1258 sub-

534 1296 751 1367 scripsi.

510 1416 519 1423 ν
608 1391 719 1458 Εμο
769 1387 1046 1445 Walterus
1094 1389 1381 1459 episcopus
1411 1388 1662 1444 consensi
1701 1396 1756 1442 et
1802 1386 2120 1456 subscripsi.

616 1484 728 1553 Ego
780 1481 1062 1537 Leolricus
1084 1483 1373 1553 episcopus
1396 1480 1647 1537 consensi
1676 1489 1733 1535 et
1765 1480 2083 1550 subscripsi.

609 1574 721 1643 Ego
774 1572 905 1628 Ciro
933 1575 1217 1643 episc0pus
1257 1572 1511 1628 consensi
1543 1581 1597 1628 et
1622 1572 1940 1642 subscripsi.

612 1666 723 1734 ligo
784 1665 1081 1721 Wultanus
1162 1666 1450 1736 episcopus
1526 1664 1780 1720 consensi
1856 1672 1911 1718 et
1990 1661 2119 1718 sub-

533 1758 748 1828 scripsi.

606 1849 719 1927 Ego
777 1849 1057 1906 Siwardus
1093 1851 1381 1931 episcopus
1417 1849 1668 1906 consensi
1713 1857 1769 1903 et
1806 1848 2118 1917 subscripsi.

606 1938 720 2009 Ego
775 1938 1113 1996 Goduvicius
1196 1941 1483 2017 episcopus
1559 1939 1811 1996 consensi
1873 1947 1928 1993 et
1992 1939 2121 1994 sub~

531 2046 750 2101 SCl'lpSl.

610 2125 720 2195 Ego
778 2124 1029 2195 Agelsius
1058 2126 1346 2196 episcopus
1374 2123 1624 2181 consensi
1651 2131 1705 2179 et
1734 2123 2050 2192 subscripsi.

603 2217 715 2293 Ego
768 2218 1046 2274 Eduvinus
1102 2218 1269 2274 abbas
1295 2217 1544 2273 consensi
1576 2226 1632 2271 et
1657 2216 1975 2285 subscripsi.

603 2310 717 2380 Ego
775 2311 1045 2381 Agelwius
1082 2311 1249 2367 abbas
1278 2309 1530 2365 consensi
1562 2317 1616 2364 et
1637 2308 1957 2378 subscripsi.

603 2400 718 2472 Ego
770 2401 1052 2457 Leolricus
1096 2403 1266 2458 abbas
1290 2401 1543 2458 consensi
1576 2412 1629 2454 et
1654 2400 1977 2470 subscripsi.

605 2493 719 2565 Ego
764 2494 1111 2549 Baldewinus
1141 2495 1308 2550 abbas
1346 2495 1598 2550 consensi
1640 2503 1697 2549 et
1731 2493 2050 2563 subscripsi.

605 2584 719 2654 Ego
768 2583 1153 2640 Wull‘uvoldus
1178 2584 1346 2639 abbas
1376 2584 1630 2645 consensi
1659 2593 1713 2639 et
1744 2583 2061 2653 subscripsi.

606 2675 718 2749 Ego
763 2676 1078 2731 Edmundus
1107 2677 1275 2732 abbas
1304 2676 1553 2731 consensi
1584 2684 1639 2731 et
1665 2676 1981 2746 subscripsi.

606 2765 723 2836 Ego
768 2766 1120 2838 Rcynbaldus
1200 2768 1344 2836 regis
1416 2768 1645 2823 cancell.
1711 2767 1873 2838 relegi
1934 2777 1989 2822 et
2048 2768 2123 2823 si-

536 2854 737 2924 gillavi.

607 2947 720 3015 Ego
759 2948 1039 3011 Osbernus
1076 2950 1221 3019 regis
1259 2949 1592 3018 capellanus.

2152 1818 2199 1877 B

2301 553 2412 624 Ego
2448 552 2758 609 Rodbertus
2783 551 3112 623 capellanus.

2300 643 2415 714 Ego
2453 643 2719 699 Haroldus
2747 644 2875 699 dux.

2299 735 2413 806 Ego
2449 735 2727 791 Eduvinus
2754 749 2958 791 comes.

2312 827 2412 898 s‘go
2449 827 2569 884 Gud
2594 840 2802 883 comes.

2302 920 2411 989 Ego
2450 918 2814 974 Leoﬂ‘ewinus
2837 931 3043 974 comes.

2300 1011 2411 1081 Ego
2447 1010 2733 1066 Markerus
2758 1024 2963 1067 comes.

2298 1101 2413 1171 Ego
2448 1102 2687 1173 Esgarus
2716 1101 2989 1156 minister.

2300 1190 2414 1261 Ego
2450 1190 2694 1247 Condius
2723 1191 2997 1247 minister.

2298 1282 2412 1353 Ego
2451 1282 2773 1353 Radulpbus
2802 1282 3073 1348 minister,

2298 1373 2411 1445 Ego
2448 1369 2759 1431 Radbertus
2785 1373 3061 1429 minister.

2297 1466 2411 1537 Ego
2445 1466 2757 1538 Ageluodus
2787 1465 3062 1521 minister.

2296 1561 2411 1633 Ego
2448 1560 2732 1633 Wygodus
2758 1559 3031 1615 minister.

2296 1656 2412 1726 Ego
2449 1653 2738 1709 Adnothus
2768 1652 3043 1708 minister.

2298 1749 2413 1819 Ego
2449 1746 2754 1803 Wulfricus
2792 1743 2972 1800 miles.

2298 1841 2411 1911 Ego
2450 1837 2746 1910 Sywardus
2773 1834 2950 1891 miles.

2299 1930 2413 2000 Ego
2450 1927 2722 1984 Godricus
2755 1925 2933 1980 miles.

2298 2022 2413 2093 Ego
2452 2019 2583 2075 Colo
2609 2017 2787 2073 miles.

2303 2115 2412 2185 Ego
2454 2110 2850 2168 Wulsuvardus
2882 2106 3061 2165 miles.

2300 2206 2505 2262 Omnes
2546 2202 2954 2260 consentientes
2983 2197 3376 2268 suscripsimus
3407 2197 3623 2251 stabilita
3651 2197 3774 2267 apud

2230 2295 2803 2362 Westmonasterium,
2828 2292 3021 2365 quinto
3049 2289 3173 2346 Kal.
3204 2288 3465 2353 Januarii,
3499 2289 3575 2344 die
3593 2297 3775 2344 sancto-

2228 2412 2349 2452 rum
2416 2395 2831 2460 lnnocentium,
2891 2407 3035 2448 anno
3092 2380 3393 2448 Dominica:
3434 2389 3777 2446 [incarnationis

2230 2489 2522 2546 millesimo
2552 2488 2893 2558 sexagesimo
2924 2494 3103 2553 sexto,
3134 2484 3434 2539 indictione
3464 2483 3633 2546 tertia,
3658 2495 3777 2537 anno

2230 2583 2383 2652 regni
2446 2581 2695 2636 Edwardi
2745 2577 3073 2649 nobilissimi
3121 2585 3177 2632 et
3224 2575 3621 2633 clementissimi
3659 2574 3782 2643 regis

2230 2674 2494 2745 vigesimo
2530 2673 2744 2742 quinto.

2304 2767 2416 2837 Ego
2445 2765 2723 2836 All‘geatus
2748 2764 3014 2829 notarius,
3044 2762 3110 2817 ad
3142 2762 3314 2816 vicem
3343 2757 3620 2831 Reyubalili
3645 2755 3784 2825 regia:

2231 2858 2514 2930 dignitatis
2541 2857 2878 2924 cancellarii,
2903 2857 3006 2912 hoc
3035 2855 3378 2927 privilegium
3401 2852 3584 2923 scripsi
3606 2859 3654 2905 et
3678 2847 3782 2903 sub-

2150 2944 2198 3006 C
2227 2950 2441 3020 scripsi.
2480 2949 2539 3005 ln
2575 2949 2670 3003 Dei
2700 2952 2920 3003 nomine
2949 2947 3207 3002 feliciter.
3236 2948 3432 3000 Amen.

550 3030 3770 3080 Μ

1909 3206 2079 3248 ANNO
2116 3205 2427 3250 MXXXYHI

874 3369 1953 3535 SANCTUS
2068 3362 3491 3537 STEPHANUS

1709 3618 2195 3676 HUNGARORUM
2235 3618 2375 3673 REX
2399 3618 2680 3673 PRIMUS.

1906 3736 2436 3761 ——-—-———.

1280 3826 1801 3944 SANCTI
1861 3766 2615 4003 υξΤΕΡΗλΑΜ
2640 3794 3060 4007 μζἫΤΑ

1284 4024 1612 4081 Αυετυιιε
1638 3975 2050 4113 caminum)
2074 3996 2216 4080 Aur
2253 3975 3167 4113 CARTHUI’I‘IS‘EPISCOPO./"

612 4140 786 4212 (Apud
816 4139 1060 4197 Bollaud.
1089 4143 1220 4197 Acta
1248 4154 1569 4210 sauciorum,
1598 4106 1873 4211 Septemb.
1909 4151 1947 4195 t.
1976 4142 2013 4203 l,
2048 4142 2135 4195 die
2166 4142 2221 4205 2,
2250 4159 2301 4214 p.
2327 4142 2458 4214 563,
2489 4141 2819 4214 ex‘editione
2846 4106 3236 4209 Cracoviensi,
3272 4142 3611 4214 collatacum
3635 4156 3729 4213 ms.

1611 4214 2062 4268 Corsendoncano
2094 4224 2149 4267 ct
2176 4213 2414 4269 editione
2438 4212 2631 4281 Surii.)

1536 4477 2239 4569 ADMONITIO
2313 4477 2843 4571 PRAEVIA.

618 4686 866 4763 1.Αν;ιι·ᾕιι
898 4691 963 4745 de
990 4691 1091 4746 bac
1142 4692 1200 4746 S.
1229 4691 1488 4759 Stephani
1532 4692 1660 4763 rVita
1698 4692 1969 4745 variorum
2000 4701 2125 4745 sunt
2154 4689 2205 4733 ι)
2232 4691 2331 4763 llic
2357 4690 2614 4760 scriptor,
2664 4706 2791 4763 cum,
2818 4692 3044 4763 gloriam
3084 4706 3379 4763 conversari
3408 4690 3688 4763 Bungarize
3710 4690 3795 4746 L1-

535 4760 759 4829 jndicia.
804 4761 1007 4814 Auctor
1037 4778 1232 4817 nomen
1286 4771 1341 4816 et
1394 4762 1709 4829 dignitatem
1741 4777 1890 4814 suam
1936 4763 2122 4815 statim

541 4831 784 4885 declarat
838 4832 889 4883 in
941 4831 1256 4900 prtefationc
1311 4833 1393 4885 liis
1432 4832 1650 4885 verbis:
1690 4852 1706 4881 ‹
1755 4833 1981 4886 Domino
2026 4848 2125 4886 suo

541 4901 874 4956 Calamanno
895 4904 1008 4972 regi
1048 4903 1543 4971 praecellentissimo
1573 4902 1891 4955 Cartimilus
1914 4904 2125 4969 episco-

544 4986 696 5037 pus,»
738 4981 842 5025 etc.
892 4970 1088 5027 Verum
1136 4990 1241 5027 non
1277 4974 1427 5026 addit
1480 4972 1633 5041 cujus
1677 4972 1911 5027 civitatis
1965 4972 2131 5026 l‘iierit

544 5042 850 5107 episconus.
902 5058 1076 5112 neque
1116 5044 1332 5096 aliunde
1392 5043 1441 5095 id
1496 5053 1645 5096 certo
1690 5053 1947 5107 constat;
1982 5044 2125 5111 quod

547 5127 652 5165 nou
680 5113 1017 5182 mirabimur,
1047 5114 1208 5168 modo
1229 5114 1634 5167 consideremus
1657 5129 1858 5181 paucos
1910 5130 1972 5166 ex
2008 5114 2127 5182 epi-

547 5184 724 5253 scopis
747 5181 1036 5249 lluugarim
1060 5184 1217 5238 istius
1241 5184 1499 5249 temporis
1521 5184 1675 5237 nobis
1705 5199 1827 5237 esse
1863 5181 2126 5253 cogniIOS.

547 5252 782 5318 Tempus
804 5257 1018 5323 scr’ptze
1044 5253 1181 5308 Vitae
1212 5254 1479 5323 colligitur
1517 5268 1584 5306 ex
1633 5269 1755 5322 rege
1778 5252 2126 5316 Calatnauno,

547 5332 640 5375 aut
686 5323 1033 5387 Colomanno,
1079 5335 1137 5378 ut
1185 5324 1320 5379 alias
1369 5331 1637 5387 vocatur;
1684 5325 1941 5391 scriptam
1982 5324 2128 5377 enim

549 5392 716 5447 fuisse
761 5395 828 5447 ad
879 5394 1266 5449 Colomannum
1309 5393 1368 5449 S.
1421 5393 1654 5447 Ladislai
1715 5408 2127 5458 successorem,

548 5480 738 5518 omnes
760 5465 889 5518 olim
921 5466 1322 5527 existimarunt,
1347 5473 1508 5533 atque
1566 5463 1704 5519 istnd
1740 5465 1873 5518 satis
1918 5473 2129 5519 certum

552 5543 700 5604 puto,
740 5536 951 5590 etiarnsi
991 5552 1161 5604 nuper
1190 5553 1249 5590 se
1291 5549 1559 5602 opponere
1614 5533 2131 5589 volueritGodel‘re-

550 5603 650 5657 dus
672 5604 1042 5660 Srltwartzius
1068 5603 1299 5673 Scriptor
1321 5604 1704 5665 lieterodoxus,
1730 5605 1821 5672 qui
1841 5605 2132 5657 annol‘HO

552 5675 787 5728 libellum
838 5676 1008 5727 edidit
1053 5678 1151 5730 sub
1180 5676 1329 5728 litulzi
1359 5692 1373 5727 :
1403 5695 1419 5725 ς
1451 5674 1604 5727 Initia
1670 5674 1941 5740 religionis
1976 5675 2133 5729 Chri-

554 5745 743 5798 stiatztc
772 5746 912 5799 inter
943 5746 1227 5813 llungatos
1259 5746 1513 5800 Ecclesiae
1544 5744 1802 5798 Orientali
1846 5755 2071 5800 asserta.
2108 5764 2124 5796 ι

2232 4761 2359 4815 tinis
2410 4770 2653 4829 ereptam
2716 4761 2907 4825 vellet,
2975 4776 3192 4816 onmem
3240 4762 3407 4816 movit
3452 4762 3700 4830 lapidem,
3748 4770 3795 4823 ut

2232 4831 2524 4885 verisimile
2566 4832 2770 4885 faceret
2821 4832 3102 4901 Hungaros
3159 4832 3338 4901 primo
3399 4833 3463 4885 ad
3509 4833 3665 4901 tidem
3711 4832 3791 4884 ad.

2232 4902 2425 4955 ductos
2489 4918 2608 4955 esse
2640 4917 2668 4954 a
2704 4900 2961 4966 Graecis,
3005 4900 3238 4971 eumque
3298 4900 3418 4955 Vita
3456 4901 3509 4955 S.
3567 4901 3795 4969 Stephani

2234 4972 2378 5039 regis
2423 4987 2545 5026 cum
2596 4972 2686 5023 illo
2740 4983 2947 5026 asserto
2997 4975 3273 5025 cohatrere
3322 4987 3425 5025 non
3451 4982 3646 5041 posset,
3693 4986 3796 5029 om-e

2235 5057 2359 5095 nem
2413 5042 2791 5097 auctoritatem
2843 5043 3111 5110 przedictae
3155 5041 3288 5096 Vita:
3338 5042 3573 5096 ablatam
3626 5042 3792 5094 voluit.

2234 5112 2350 5167 llac
2396 5113 2460 5165 de
2511 5127 2672 5167 causa
2733 5115 3032 5173 contendit.
3099 5110 3279 5165 Vitam
3322 5113 3495 5166 serius
3539 5122 3795 5166 exaratam

2234 5198 2375 5247 esse,
2420 5181 2579 5249 idque
2615 5182 2931 5237 ratiunculis
2966 5181 3292 5251 quibusdam
3344 5182 3634 5236 ostendere
3682 5180 3793 5234 niti-

2237 5261 2347 5304 tur.
2385 5252 2603 5323 Siugula
2633 5253 2750 5321 ejus
2780 5264 2987 5307 asserta
3024 5252 3297 5305 excutiam
3331 5252 3634 5323 diligenter.

2302 5324 2359 5375 ‘2.
2392 5322 2467 5376 De
2497 5331 2737 5391 tempore
2787 5322 2922 5376 Viue
2977 5323 3316 5391 conscripta}.
3375 5320 3451 5376 et‘
3470 5322 3537 5376 de
3571 5336 3691 5390 rege
3742 5320 3796 5370 ad

2235 5408 2395 5461 quem
2442 5393 2667 5460 scripta,
2717 5392 3069 5459 Srhwartius,
3110 5408 3231 5461 pag.
3284 5393 3371 5449 57.
3409 5394 3485 5447 sic
3533 5392 3793 5461 loquitur:

2248 5481 2267 5514 ι
2309 5462 2534 5526 Tertio,
2588 5463 3046 5531 quemadmodum
3099 5461 3297 5516 nullius
3347 5464 3449 5516 loci
3505 5465 3794 5531 episcopum

2241 5532 2564 5588 cbartaceus
2610 5530 2810 5588 noster
2856 5532 3191 5588 Cliartuitius
3243 5548 3303 5587 se
3344 5533 3494 5598 dicit,
3539 5533 3609 5585 ita
3655 5530 3796 5585 Colo-

2242 5618 2440 5657 Inanno
2502 5603 2613 5725 ι·θὶζί
2676 5604 2954 5673 legendam
3007 5619 3158 5658 suam
3216 5602 3523 5657 inscribens
3552 5645 3567 5665 ,
3618 5599 3795 5659 insigni

2243 5674 2439 5725 iterum
2470 5673 2558 5725 hal
2586 5673 2912 5725 ucinatione.
2943 5675 3026 5725 cui
3052 5673 3187 5725 regi.
3210 5682 3403 5725 auctor
3428 5687 3533 5725 non
3561 5671 3795 5725 prodidit.

2243 5674 2439 5727 iterum
2470 5671 2912 5736 hallucinatione,
2943 5675 3026 5728 cui
3052 5673 3187 5743 regi.
3210 5682 3403 5727 auctor
3428 5687 3533 5726 non
3561 5671 3795 5743 prodidit,

2246 5744 2326 5798 vel
2354 5753 2501 5800 certe
2553 5744 2726 5799 editor
2762 5744 2955 5799 Surius
3001 5741 3299 5799 Industrum
3346 5744 3601 5800 utrinque
3665 5741 3795 5809 aluit.
