3816 6322
1305 300 1344 330 ,ιι

39 351 199 408 aeos
996 345 998 347 ‘
1305 323 1343 330 ”
1611 336 1787 401 vna.
3211 345 3345 403 nos

37 462 434 518 Colomannus
455 459 600 514 enim
633 459 1006 531 llungarorum
1055 472 1171 525 rex,
1196 468 1338 531 anno
1376 453 1412 531 '1_
1441 456 1516 531 Δ15
1540 457 1650 531 vita
1681 464 1731 522 Α
1760 467 1981 531 tempus
2018 471 2125 527 quo
2175 457 2446 514 scribebat
2517 451 2744 526 tempori
2816 468 2923 526 quo
2968 455 3165 531 factum
3221 475 3340 518 erat

37 533 308 596 functus,
354 531 580 601 intelligi
630 525 832 600 nequ'it.
888 531 1228 599 Decrepitmn
1277 525 1653 601 siquidemgin
1759 525 2116 601 miraculum,
2193 531 2287 601 sed
2340 537 2552 600 tempus
2591 525 2750 582 suum
2799 525 3024 597 tempori
3071 532 3340 598 primum

37 603 294 672 cpistola
333 601 398 672 ad
447 599 628 671 regem
669 599 906 672 scriptor
957 616 1016 655 se
1053 609 1251 664 vocat;
1285 613 1500 672 cetevus
1530 599 1654 672 hinc
1759 599 2034 672 Ecclesiae,
2060 614 2170 668 quo
2212 600 2387 654 minus
2414 599 2535 655 rara
2567 609 2685 654 erat
2731 608 3068 655 mortuorum
3102 606 3335 658 resusci-

36 668 320 727 L'adislao
371 668 562 726 fuisset
591 713 604 734 ,
661 668 812 740 cujus
866 672 1120 740 auspiciis
1166 684 1308 724 anno
1359 668 1654 740 l084,rvel
1759 669 2128 740 tatio;aitque
2157 684 2270 723 rem
2299 684 2418 724 esse
2445 684 2774 739 cum'per'se
2798 671 3335 733 miram,tumetiam

35 745 429 812 praecedente,
462 739 735 812 Stephani
765 742 910 810 regis
956 739 1154 812 corpus
1181 740 1448 794 elevatum
1471 739 1653 794 colen—
1755 739 1918 807 plane
1969 740 2308 808 stupendum,
2365 741 2506 812 quod
2556 741 2879 810 contigisset
2924 756 3022 795 suo
3069 753 3334 811 tempore,

35 811 304 882 clumque
339 811 571 882 publice
605 811 704 882 fuit
751 812 1078 882 expositum.
1127 811 1184 865 Si
1229 825 1447 866 coarvus
1491 819 1606 864 erat
1636 852 1649 876 ,

35 881 305 938 absurde
343 881 430 937 ide
459 881 711 936 Ladislao
737 882 804 935 ad
826 881 1246 943 Colomannum,
1279 895 1648 936 successorem

37 953 204 1007 illius
235 953 566 1022 proximum,
597 952 811 1020 scripsit
838 969 850 1004 :
879 951 1158 1006 Ladislaus
1181 967 1293 1014 rex,
1314 951 1402 1020 qui
1431 961 1553 1004 tum:
1577 950 1651 1022 ad

34 1020 366 1091 reipublicae
390 1023 745 1090 gubernacula
773 1022 1018 1075 sedebat:
1065 1022 1460 1091 absurdiusque
1482 1020 1652 1074 multo

37 1090 136 1148 ile
185 1095 355 1147 rebus
386 1108 480 1147 sua
519 1101 679 1147 aetate
709 1093 877 1163 gestis
907 1091 1170 1163 dixisset:
1211 1090 1466 1160 Lapidum
1501 1107 1651 1144 accr-

34 1180 137 1217 uos
164 1164 477 1230 e/I‘ecerunt,
524 1163 612 1233 qui
641 1162 818 1233 postea
853 1162 1008 1233 longe
1033 1162 1140 1233 illic
1167 1172 1390 1233 tempore
1409 1177 1653 1230 perman-

33 1244 237 1287 serunt
273 1251 292 1298 ;
326 1231 616 1302 paucisque
642 1231 960 1300 linterjcctis
995 1249 1008 1285 :
1065 1231 1203 1284 Mira
1228 1231 1438 1300 quidem
1486 1246 1565 1283 res
1586 1241 1646 1302 iet

34 1304 255 1357 nostris
317 1301 632 1372 temporibus
671 1303 948 1372 stupenda.
996 1303 1236 1372 Denique
1282 1315 1444 1372 quam
1496 1301 1651 1372 hodie

32 1370 498 1427 Transilvaniam
527 1370 802 1437 vocamus,
828 1373 1101 1427 veteribus
1141 1370 1438 1440 llungaris,
1479 1370 1643 1424 etiam

34 1445 98 1497 in
141 1443 366 1498 Latinis
415 1444 721 1514 scripturis,
772 1444 1053 1514 dicebatur
1085 1441 1566 1514 Erdelyr,A_Andrc:e
1607 1440 1648 1494 ll

37 1515 400 1584 temporibus
425 1512 824 1575 Ultrasilvania,
869 1513 992 1566 Beia
1027 1512 1341 1584 demunLIV
1369 1523 1645 1584 regnante,

37 1581 453 1637 'l‘ransilvunia.
483 1586 587 1638 Sed
620 1583 961 1654 legendarius
1014 1593 1195 1637 noster
1228 1581 1647 1654 Transi/vaniam

30 1655 156 1724 jam
227 1664 408 1708 vocat.
456 1651 695 1724 Quarto;
737 1654 780 1707 si
830 1653 1147 1707 recentioris
1188 1652 1380 1724 Vastatis
1414 1651 1648 1724 scriptor

35 1723 242 1778 noster
271 1735 376 1789 est,
421 1725 561 1791 quod
595 1723 785 1779 'l‘imon
841 1724 1107 1792 agnoscil,
1149 1723 1411 1793 pluraque
1442 1723 1492 1793 id
1525 1737 1646 1789 βιοθ-

35 1797 309 1848 nuntiata
341 1795 580 1849 indicare
627 1793 846 1854 fatetur,
873 1804 1036 1862 atque
1084 1792 1220 1848 adeo
1277 1794 1321 1845 si
1362 1792 1647 1847 Coloman-

1755 824 1864 878 quo
1911 820 2246 865 mortuorum
2305 811 2650 865 resuscitatio
2694 822 2816 866 erat
2864 813 3162 866 rarissima.
3203 813 3350 868 lusi-—

1754 888 1890 933 tmat
1931 880 2095 949 igitur
2142 881 2478 935 Carthuitius
2518 883 2838 936 miraculum
2879 883 3021 936 istud
3069 885 3210 950 quod
3256 885 3339 937 fa-

1757 960 1904 1003 ctum
1956 960 2039 1005 est
2088 960 2206 1018 post
2242 965 2438 1020 corpus
2489 951 2754 1006 elcvatum
2787 953 2886 1006 sub
2931 952 3201 1016 Ladislao,
3238 971 3338 1009 suo

1753 1028 1998 1091 tempore
2047 1021 2364 1091 contigisse,
2417 1021 2660 1090 adeoque
2715 1038 2779 1076 ex
2823 1023 2904 1076 liis
2952 1024 3132 1077 verbis
3186 1034 3336 1077 recte

1751 1090 2047 1160 colligitur,
2076 1090 2254 1144 Vitam
2284 1107 2401 1145 esse
2427 1093 2704 1162 scriptam-
2725 1093 2790 1145 ad
2815 1091 3207 1147 Colotnannum
3231 1092 3338 1148 La—
3381 1142 3390 1148 .

1753 1162 1908 1216 dislai
1941 1175 2338 1215 successorem.

1823 1232 1874 1284 5.
1907 1232 2060 1297 Quod
2117 1233 2330 1285 demum
2357 1230 2543 1299 objicit
2593 1230 2959 1287 Scbvvarlzins
2987 1233 3052 1287 de
3101 1233 3339 1289 Transil-

1750 1301 1930 1364 vania,
1973 1301 2390 1372 quasivetcribus
2441 1301 2637 1371 Ertiely
2676 1302 2972 1365 dicebatur,
2997 1304 3166 1372 etiam
3197 1306 3337 1372 apud

1751 1372 2048 1440 scriptores
2091 1371 2336 1434 Latinos,
2369 1387 2596 1440 qumque
2641 1371 2931 1441 aliquando
2963 1371 3339 1427 Ullrasilvriniu

1751 1442 1946 1563 legitur
1976 1443 2288 1507 nominata;
2342 1443 2392 1495 id
2424 1442 2596 1496 solum
2646 1443 2873 1511 proferri
2903 1444 3181 1507 debuerat,
3214 1459 3338 1498 cum

1751 1528 1808 1563 sn
1839 1526 1941 1563 “em
1990 1512 2228 1563 soeciem
2277 1511 2511 1563 aliquam
2552 1511 2885 1563 diiﬁcultatis
2938 1512 3164 1563 habeat.
3215 1514 3336 1563 licet

1751 1511 1941 1567 s.il'em
1990 1512 2228 1580 Speciem
2277 1511 2511 1579 aliquam
2552 1511 2885 1566 diliicultatis
2938 1512 3165 1577 habeat,
3215 1514 3336 1568 licet

1724 1582 2035 1635 ‘dilliculas
2060 1596 2246 1636 rexera
2282 1597 2384 1636 non
2410 1583 2480 1636 sit
2513 1598 2725 1651 magna.
2761 1583 2812 1635 ln
2851 1583 2992 1646 Vita,
3037 1599 3090 1636 n.
3127 1585 3217 1648 22,
3259 1587 3338 1638 sic

1749 1651 1985 1720 legitur:
2049 1670 2066 1703 (
2109 1652 2454 1706 Vct'edariutn
2486 1653 2771 1721 quemdam
2807 1654 2941 1706 infra
2979 1653 3116 1705 diem
3157 1665 3209 1707 et
3238 1674 3337 1705 ni:-

1749 1732 1888 1794 etisiii
1918 1721 2220 1794 ad_Albam
2250 1722 2660 1776 Transilvanam
2710 1725 2962 1794 praecepit
2999 1723 3276 1777 festinare.
3314 1747 3332 1775 ι

1753 1791 1955 1845 Verum
1989 1791 2180 1862 Surius
2215 1794 2415 1862 ubique
2444 1791 2732 1847 (liczionem
2782 1791 3099 1856 iuunutans,
3147 1797 3335 1856 edidit,

39 1881 180 1935 tius,
226 1880 338 1918 non
381 1865 468 1919 ille
494 1865 768 1935 antiquior
796 1840 1103 1934 Hbtig'arize,
1137 1864 1230 1918 sed
1274 1863 1495 1918 Halicite
1527 1879 1642 1935 rex,
1682 1840 1724 1894 Β
1751 1863 1820 1935 ad
1845 1862 2028 1935 Albam
2070 1840 2672 1935 ‘Transilvimia',atque
2731 1864 2815 1917 illa
2850 1840 3149 1919 mutatione
3179 1840 3339 1917 occa-'-

33 1934 194 1988 Belte
238 1935 298 1988 Vl
332 1934 640 2004 germanus,
698 1943 783 1988 est
824 1935 1224 2002 intelligendus,
1277 1935 1362 1987 cui
1417 1934 1640 2004 legenda

35 2014 266 2076 nostra
291 2003 548 2076 inscripta
585 2007 675 2067 sit,
720 2004 842 2074 plus
881 2020 1044 2076 quam
1088 2005 1298 2058 duobus
1319 2004 1546 2076 iszecrulis
1575 2003 1643 2056 ab

32 2086 218 2131 :etate
246 2074 305 2129 S.
333 2074 592 2144 Stephani
623 2077 878 2130 distabat.
908 2095 926 2126 ι
965 2074 1244 2131 Hactenus
1295 2075 1383 2130 ille
1414 2075 1479 2129 de
1505 2082 1646 2128 tem-

33 2162 183 2215 pore
219 2149 538 2217 conscriptae
566 2145 722 2199 Vitae.

120 2217 180 2270 '5.
241 2216 446 2272 Verum
497 2217 731 2271 rationes
781 2231 908 2271 suas
965 2218 1218 2287 exposuit
1276 2216 1646 2271 Sebvvartzius

35 2287 196 2356 stylo
233 2287 387 2358 longe
418 2287 682 2341 acerbiori
724 2303 884 2357 qttam
938 2288 1203 2353 solidiori,
1234 2288 1497 2357 pluraque
1523 2301 1646 2356 pec-

34 2367 142 2411 cat
198 2367 392 2412 contra
441 2368 646 2412 rectam
692 2361 958 2412 rationem
993 2360 1042 2412 in
1089 2362 1450 2428 Oppugnando
1505 2361 1640 2411 (lar-

35 2428 277 2490 tlinitio,
322 2442 481 2496 quam
537 2429 626 2482 hic
673 2429 918 2482 videatur
958 2443 1208 2498 peCCnSSB
1262 2430 1313 2484 in
1356 2428 1644 2482 scribenda

37 2499 198 2552 Vita.
254 2498 398 2552 Vidit
453 2497 542 2552 ille
582 2497 1049 2566 hallucinatimies,
1082 2511 1341 2562 monstra,
1389 2498 1642 2563 absurda,

35 2569 145 2622 ubi
168 2568 300 2622 nihil
330 2568 781 2629 ballucinationis.
807 2571 940 2623 nillil
968 2571 1213 2632 monstri,
1243 2572 1332 2624 nib
1359 2570 1373 2622 l
1403 2570 1642 2623 absurdi.
1674 2599 1690 2614 ε

39 2640 381 2707 Episcopum
405 2654 463 2693 se
496 2639 736 2692 nominat
765 2639 1119 2702 Carthuitius,
1165 2657 1263 2694 nec
1287 2641 1432 2694 addit
1491 2640 1644 2708 cujus

40 2710 333 2780 civitatis;
376 2725 559 2780 regem
596 2719 764 2780 vocat
802 2709 1214 2774 Colmnannum,
1253 2727 1354 2765 nec
1402 2708 1644 2779 adiungit

40 2779 210 2845 cujus
244 2780 390 2849 regni
416 2779 508 2844 {si
548 2779 600 2833 id
647 2789 727 2834 est
755 2779 1100 2846 hallucinari,
1128 2792 1220 2834 aut
1245 2791 1482 2834 monstra
1508 2797 1629 2847 pro-

40 2851 460 2921 ducet-ejudice
500 2850 878 2916 Seliwartzio,
937 2854 1137 2906 rectius
1183 2861 1241 2905 ut
1282 2853 1533 2921 judicare
1562 2851 1643 2904 di-

41 2930 194 2984 scat,
245 2919 385 2989 legat
416 2922 714 2988 scriptores
747 2923 1244 2989 praestantissimos,
1286 2919 1540 2990 antiquos
1580 2930 1638 2974 et

44 2991 387 3062 neotericos,
435 3001 634 3046 etcum
697 2991 961 3047 invenerit
1015 2993 1068 3047 id
1123 2994 1294 3062 ipsum
1337 3008 1366 3045 a
1400 2992 1644 3061 plurimis

46 3061 660 3134 t'actitatum,crrorem
712 3064 1008 3134 modestius
1045 3061 1303 3134 corrigat.
1337 3063 1446 3116 Nos
1497 3064 1643 3134 inie-

46 3147 158 3185 rim
202 3133 569 3200 expendamus
597 3148 663 3185 an
697 3132 798 3186 alia
851 3135 959 3188 sint
1003 3132 1247 3188 meliora.
1278 3133 1505 3199 lntelligi
1537 3149 1640 3186 non

1749 1934 1954 2004 sionem
1983 1931 2128 1986 dedit
2157 1933 2468 2000 objectioni.
2502 1931 2634 1987 Nam
2664 1936 2904 2004 scriptor
2950 1949 3134 1988 revera
3171 1935 3340 1988 Tran-

1748 2003 2026 2074 silraniam
2074 2019 2181 2058 non
2239 2005 2495 2070 vocavit;
2549 2006 2641 2059 sed
2701 2003 2886 2059 Albam
2938 2006 3339 2074 cognominavit

1751 2072 2152 2127 Transilvunam
2213 2075 2280 2128 ad
2329 2075 2732 2130 distinctionem
2785 2072 3030 2137 alterius,
3085 2075 3338 2128 videlicet

1747 2144 1828 2197 All
1850 2158 1896 2198 ae
1921 2142 2137 2213 regalis.
2172 2145 2374 2214 Itaque,
2397 2146 2442 2201 si
2473 2161 2666 2201 nomen
2698 2144 3076 2200 Transilwmite
3099 2147 3337 2200 nonduin

1748 2214 2010 2286 usitatum
2033 2226 2151 2269 erat
2173 2225 2413 2286 tempore
2431 2216 2768 2278 Colomanni.
2787 2217 3124 2271 Cartlmitius
3144 2216 3335 2270 Albam
3384 2245 3388 2248 -

1747 2283 1941 2340 Juliam
1971 2283 2355 2358 cognominare
2383 2288 2557 2356 potuit
2583 2287 3029 2347 Trattsilvanium,
3063 2287 3188 2358 quia
3231 2289 3333 2340 sita

1749 2364 1866 2428 erat
1907 2366 2054 2410 trans
2093 2357 2276 2420 silvas,
2315 2374 2434 2427 qua:
2460 2359 2559 2428 ipsi
2593 2360 2808 2411 tandem
2831 2359 3122 2427 provincia:
3143 2371 3335 2410 nemen

1750 2427 2037 2480 dederunt.
2074 2428 2300 2491 Deinde,
2343 2429 2385 2481 si
2432 2429 2666 2496 scriptor
2696 2427 3117 2482 Il'runsilvuniam
3149 2443 3335 2480 revera

1748 2497 2102 2564 nominasset,
2130 2497 2286 2551 sicuti
2319 2498 2458 2551 male
2503 2500 2672 2553 edidit
2725 2499 2938 2561 Surius,
2986 2514 3049 2552 ex
3081 2500 3180 2551 bac
3206 2513 3338 2550 voce

1751 2567 1929 2637 colligi
1961 2583 2064 2620 non
2100 2577 2280 2637 posset
2325 2568 2494 2636 ipsius
2523 2579 2656 2622 tetas
2704 2569 2977 2638 posterior
3011 2585 3025 2632 ;
3062 2583 3182 2638 nam
3212 2583 3336 2637 pro-

1748 2639 1922 2708 vincia
1953 2639 2062 2702 illa,
2085 2655 2202 2706 qua:
2234 2638 2429 2708 Erdely
2451 2637 2746 2692 etiamnum
2782 2639 3070 2692 vernacule
3112 2637 3338 2702 dicitur,

1749 2709 1818 2762 ab
1847 2707 1967 2762 aliis
2023 2707 2615 2778 scriptoribusLatinis
2667 2720 2845 2779 empta
2899 2709 3116 2762 cstdici
3170 2709 3338 2760 Trun-

1748 2779 1991 2839 silcum’a,
2047 2779 2116 2833 ab
2160 2780 2278 2832 aliis
2330 2779 2725 2834 Ultrasilvania.
2792 2780 2993 2832 Nomen
3046 2779 3334 2832 deductum

1747 2859 1828 2901 est
1860 2864 1888 2900 a
1925 2850 2110 2904 densis
2142 2851 2290 2904 silvis
2337 2851 2532 2920 qi-ibus
2567 2851 2821 2918 cingitur.
2848 2850 2978 2916 Quis
3016 2850 3196 2914 tnodo,
3233 2849 3332 2901 nisi

1750 2927 1973 2986 temere,
2025 2920 2246 2974 deﬁniat
2299 2936 2326 2972 a
2373 2937 2480 2986 quo
2513 2921 2776 2990 scriptore
2807 2923 2982 2991 primo
3019 2932 3334 2991 usurpatum

1748 2991 1910 3042 fuerit
1960 3006 2153 3045 nomen
2204 2991 2622 3044 Transilvania?
2667 2990 2879 3059 Aliquis
2929 3001 3080 3044 certo
3132 2990 3337 3058 primus

1749 3059 1868 3130 biit.
1893 3060 2000 3114 Cur
2034 3062 2196 3129 igitur
2220 3077 2326 3115 non
2363 3077 2514 3130 mque
2543 3063 2900 3125 Carthuitius,
2927 3078 2990 3115 ac
3020 3061 3158 3114 alius
3185 3060 3335 3128 quis-

1749 3129 1898 3202 libet,
1932 3133 2165 3200 primum
2210 3134 2284 3187 nti
2317 3129 2576 3202 potuisset
2603 3148 2665 3188 ea
2690 3149 2838 3197 voce,
2869 3134 2912 3188 si
2956 3133 3176 3187 omnino
3207 3145 3335 3184 usus

50 3209 235 3270 potest
264 3201 631 3278 Colomannus
767 3203 1000 3278 Ladislai
1045 3220 1350 3278 successor,
1378 3205 1421 3278 si
1443 3203 1644 3278 critico
1672 3222 1712 3278 ρ
1749 3201 1984 3278 luisset?

48 3280 245 3344 nostro
265 3272 558 3337 credimus,
590 3273 715 3341 quia
738 3275 817 3328 sic
856 3275 1162 3344 decrepitus
1189 3273 1526 3344 Cartliuitius
1548 3275 1640 3327 ile-

49 3343 261 3394 bnisset
290 3357 500 3397 comvus
536 3358 654 3397 esse
685 3344 951 3398 Ladislao.
979 3343 1230 3400 Gumvum
1260 3344 1426 3398 fuisse
1452 3343 1639 3398 Ladis—

50 3411 146 3484 lao
169 3411 527 3484 Cartliuitium
573 3429 795 3484 prorsus
827 3415 1226 3470 existimamus.
1259 3415 1639 3484 Supponamus

50 3481 223 3554 etiam
248 3483 494 3554 eumdem
543 3481 778 3538 adfuisse
813 3485 1059 3554 corporis
1089 3481 1388 3541 elevationi
1406 3487 1507 3541 sub
1537 3483 1640 3541 La-

54 3552 236 3626 dislao
263 3552 438 3626 (actio,
463 3554 708 3620 quodest
756 3552 1019 3609 incertum
1043 3597 1058 3616 .
1093 3557 1224 3626 quid
1275 3557 1398 3611 inde
1434 3556 1641 3613 orietur

55 3623 550 3694 ttiali‘lAnauctor
578 3641 684 3679 non
727 3625 828 3678 nisi
873 3623 1125 3680 absurde
1153 3627 1393 3683 scribere
1440 3627 1635 3694 potuit,

56 3692 336 3766 Ladislaus
375 3710 484 3766 rex,
527 3696 634 3766 ⁸ιιιιὶ
679 3706 800 3748 tunc
831 3696 899 3749 ad
948 3697 1242 3764 reipublica:
1284 3692 1635 3766 gubernaculi

56 3762 263 3814 sedebat
294 3802 308 3824 ,
350 3765 478 3832 quia
524 3762 776 3819 Ladislao
816 3762 1134 3821 convixerat
1167 3768 1190 3820 ?
1234 3762 1301 3821 ld'
1329 3782 1458 3820 sane
1508 3766 1637 3819 mihi

56 3833 282 3906 minime
309 3844 548 3902 apparet.
577 3835 715 3901 Quin
748 3836 1200 3905 potiusjudicium
1245 3838 1386 3892 illius
1420 3838 1636 3906 requiro

57 3903 155 3977 qui
204 3902 253 3954 id
293 3906 432 3959 male
480 3906 721 3977 additum
748 3902 1078 3972 existimat;
1134 3924 1308 3977 neque
1345 3902 1510 3962 enim'
1537 3906 1639 3964 soli

59 3971 736 4048 Colonianno___scribcbat
784 3978 1137 4048 Cartliuitius
1176 4019 1190 4041 ,
1223 3971 1336 4033 'sed
1403 3978 1639 4048 posteris

59 4043 247 4118 etiam,
275 4045 364 4111 qui
395 4044 753 4118 Vitamcrant
779 4047 990 4113 lecturi,
1044 4050 1244 4118 quique
1295 4043 1418 4103 non'
1449 4064 1639 4118 omnes

53 4113 246 4188 scituri
276 4124 449 4188 erant,
482 4115 790 4188 Ladislaum
836 4133 901 4171 eo
949 4113 1189 4188 tempore
1236 4136 1429 4188 regnas
1460 4134 1509 4174 e.
1550 4117 1640 4171 Ni-

59 4183 176 4236 ltilo
199 4182 309 4258 plus
338 4187 530 4258 piaculi
561 4187 609 4238 in
637 4187 816 4258 verbis
856 4188 978 4252 illis,
1021 4182 1141 4258 qua:
1183 4182 1465 4244 abstirdius
1502 4189 1638 4243 scri-

59 4262 158 4329 pta
183 4253 287 4305 vult
326 4257 730 4329 Scliwartziusz
770 4253 1276 4325 Lepidum—aceruos
1326 4261 1630 4329 e/I'eceruut,

58 4323 153 4398 qui
191 4334 360 4398 postea
411 4325 564 4398 longe
615 4327 724 4380 illi:
771 4323 997 4398 tempore
1049 4323 1468 4398 permanserunt.
1505 4323 1635 4394 Cur,

57 4393 301 4472 obsecro,
335 4396 474 4472 istud
503 4393 668 4472 recte
698 4393 938 4453 scribere
983 4393 1088 4451 non
1119 4410 1337 4472 poterat
1375 4401 1634 4472 tiartliui-

61 4467 173 4537 tius
199 4467 379 4534 viginti
431 4467 588 4520 annis
639 4478 759 4536 post
805 4483 915 4522 rem
971 4467 1396 4537 peractaiii?An
1428 4471 1634 4537 lapides

57 4533 135 4587 ibi
188 4533 285 4612 non
339 4533 653 4612 manserunt
695 4539 855 4612 longo
887 4533 1150 4608 tempore,
1190 4543 1236 4594 si
1272 4540 1354 4594 vel
1393 4533 1506 4595 Solo
1538 4541 1635 4594 de-

56 4609 248 4656 ccnuio
285 4609 722 4673 permanserint?

134 4673 187 4724 4.
228 4673 363 4728 Nihil
394 4694 605 4732 rursum
641 4681 859 4733 absnrdi
892 4689 975 4733 est
1011 4681 1061 4732 in
1100 4681 1280 4734 verbis
1323 4680 1636 4741 Cartliuitii,

57 4758 183 4818 qua:
212 4745 519 4814 subjungit:
572 4748 709 4801 Mira
759 4751 964 4816 quidem
993 4767 1092 4812 res,
1125 4761 1172 4802 et
1205 4754 1396 4804 nostris
1445 4763 1638 4818 tempo-

59 4814 205 4894 ribus
233 4819 506 4894 stupenda.
542 4814 838 4894 [‘otcratiid
863 4832 984 4894 apte
1010 4822 1249 4894 scribere
1275 4814 1633 4894 Cartliu.tius,

60 4885 272 4962 etiamsi
309 4885 482 4940 Vitam
510 4891 821 4962 scripsisset
838 4885 1023 4944 eodem
1057 4892 1142 4945 die
1167 4908 1274 4961 quo
1308 4893 1629 4948 miraculum

61 4954 232 5033 fuerat
265 4967 563 5033 peractum.
608 4954 866 5033 Equidem
895 4977 999 5014 non
1027 4954 1203 5030 inepte
1254 4980 1336 5015 me
1361 4964 1632 5016 dicturum

58 5028 338 5101 existimo,
359 5030 400 5079 si
436 5028 622 5101 iisdem
659 5031 772 5084 fere
801 5033 1022 5086 vocibus
1044 5028 1383 5101 Scliwartzio
1415 5048 1636 5100 rcSpon-

60 5094 221 5175 dero:
266 5095 402 5175 Mira
445 5100 652 5175 quidem
683 5113 878 5175 rc8,__et
940 5105 1136 5175 nostris
1173 5094 1488 5175 temporibus
1506 5094 1634 5155 ἐιη-

59 5165 246 5230 penda,
279 5165 474 5240 virum,
534 5171 626 5237 qui
679 5171 924 5226 eruditus
972 5173 1141 5225 videri
1191 5165 1480 5233 desiderat,
1510 5189 1632 5240 spe-

65 5248 187 5285 rare
207 5239 441 5310 potuisse
483 5256 568 5310 ise
610 5241 915 5308 huiusmodi
969 5243 1282 5296 ratiunculis
1336 5239 1631 5310 pcrsuaSu-

65 5318 180 5356 rnin
206 5307 318 5385 orbi
362 5309 598 5377 erudito,
659 5311 832 5385 Vitam
875 5314 933 5385 S.
992 5307 1482 5385 Steplianiscrius
1512 5328 1632 5366 esse

64 5382 438 5455 cpnscriptam,
470 5396 632 5455 quam
675 5383 938 5455 hactenus
970 5385 1170 5452 passim
1204 5383 1300 5435 l'uit
1341 5382 1628 5455 creditum.

62 5444 643 5521 Quininioposteriora
684 5453 770 5504 illa
796 5444 1083 5507 Carthnitii
1134 5455 1294 5507 verba
1350 5453 1627 5506 insinuant

66 5516 372 5591 piraculum
401 5522 597 5573 mortui
633 5524 936 5576 resuscitati
963 5525 1157 5590 dequo
1192 5523 1278 5576 illa
1313 5524 1632 5592 pronuntiat

65 5595 510 5662 tpsziis_tempo_re
559 5594 868 5662 contigisse.
921 5595 1123 5662 Accipe
1174 5594 1336 5648 verba
1391 5608 1454 5646 ex
1511 5592 1626 5646 Vita

66 5655 296 5735 nurui]
330 5674 342 5709 :
384 5655 400 5706 ἰ
439 5659 570 5714 Mira
613 5655 829 5731 quidem
883 5679 968 5717 res
1020 5655 1075 5717 et
1125 5665 1323 5735 uestris
1361 5665 1625 5733 stupenda

65 5730 422 5802 WWP‘H'HHIS;
455 5747 559 5802 non
610 5730 759 5798 prius
807 5748 965 5786 orare
1011 5733 1203 5786 nmlicr
1231 5730 1624 5801 destitit'qnam

64 5794 245 5873 lilium.
268 5813 424 5866 quem
446 5794 753 5856 (lciunctmn
783 5803 1134 5857 collocaverat
1150 5805 1311 5874 (apud
1333 5794 1624 5872 squilla-unt

60 5873 267 5938 summ)
323 5881 585 5926 viventem
643 5874 868 5944 accepit.
922 5893 939 5926 ι
993 5874 1108 5930 Non
1162 5873 1380 5947 Opponit
1435 5884 1624 5931 auctor

1666 4586 1717 4645 Ι)

1817 3270 1869 3326 6.
1904 3271 2076 3326 Porro
2133 3275 2271 3328 sicut
2323 3274 2497 3330 allatze
2541 3275 2780 3329 rationes
2838 3291 2941 3329 non
2984 3275 3212 3344 probant
3254 3270 3336 3340 ju-

1751 3341 1956 3416 niorem
1990 3359 2110 3416 esse
2145 3345 2531 3416 Cartlmitinm,
2577 3346 2656 3400 sic
2694 3346 2812 3401 alia:
2841 3341 3087 3416 prorsus
3114 3361 3333 3416 persua-

1749 3412 2149 3484 denteunidem
2190 3415 2470 3483 seiipsisse
2515 3416 2583 3471 ad
2630 3412 3016 3471 Coloniiaiitiuiii
3049 3412 3335 3484 Iliingarite

1743 3497 1941 3551 regem.
1977 3483 2211 3538 Primam
2269 3487 2532 3540 rationem
2587 3487 2698 3554 jam
2747 3488 2865 3540 dedi
2899 3505 2952 3539 n.
2987 3486 3039 3539 4.
3090 3483 3331 3538 Alteram

1743 3554 1966 3608 desumo
1994 3571 2058 3609 ex
2109 3555 2289 3609 verbis
2334 3557 2477 3610 Sarii
2517 3572 2545 3610 a
2596 3557 2936 3612 Scltwartzio
2979 3558 3107 3609 item
3161 3557 3331 3608 addu-

1743 3624 1926 3696 ctis,_t
1965 3641 2055 3678 rex
2085 3624 2384 3689 Ladislaus,
2431 3627 2522 3696 qui
2551 3639 2680 3682 tunc
2706 3629 2771 3681 ad
2806 3629 3112 3696 reipublicic
3135 3628 3334 3695 guber-

1745 3693 1933 3768 nacula
1957 3697 2202 3761 sedebat,
2239 3716 2257 3748 ι
2291 3714 2388 3766 pro
2433 3693 2630 3767 quibus
2683 3693 2956 3768 legitur'in
3009 3693 3151 3759 ms.,'
3187 3715 3204 3746 ι
3237 3711 3327 3746 rex

1743 3763 2046 3829 Ladislaus,
2089 3768 2178 3835 qui
2228 3763 2355 3821 tunc
2401 3763 2787 3836 rempublicam
2839 3768 3274 3828 administrabat,
3308 3788 3325 3814 ι

1745 3836 2193 3907 etcrAddidisset
2241 3837 2379 3891 hami
2427 3835 2588 3892 dubie
2638 3838 3038 3907 Ilum/urorum,
3073 3846 3168 3889 attt
3199 3835 3334 3903 quid

1741 3905 1940 3973 simile,
1971 3907 2025 3979 si,
2059 3907 2364 3976 scripsisset
2390 3909 2455 3962 ad
2487 3909 2648 3966 alium
2679 3905 2886 3979 regetur
2913 3923 3072 3976 quain
3115 3907 3331 3979 llungaf

1743 3978 2181 4049 rorum.__Vcrum
2223 3981 2346 4047 quia
2371 3980 2655 4049 episcopus
2693 3977 2812 4036 erat
2849 3978 3135 4049 “nugalia:
3179 3990 3231 4030 ct
3263 3977 3331 4030 ad

1743 4061 1922 4120 regem
1961 4047 2571 4120 llutigaritescribebat,
2601 4047 2995 4119 rempublicam~
3018 4050 3190 4120 solum
3239 4062 3332 4101 vo-

1742 4127 1848 4180 cat,
1894 4118 2198 4190 intelligens
2224 4119 2605 4190 llungarieam.
2645 4118 2716 4176 At
2748 4123 2826 4175 sic
2872 4131 2995 4190 apte
3040 4119 3324 4190 loqui‘non

1742 4198 1953 4255 poterat
1985 4189 2052 4244 ad
2075 4188 2467 4246 Colomannuut
2521 4192 2739 4246 Halicia:
2791 4188 2994 4259 regem,
3049 4188 3141 4258 qui
3173 4188 3323 4242 Hun-

1741 4261 1977 4330 garicatn
2029 4262 2417 4330 rempublicam
2461 4279 2566 4317 non
2597 4261 3328 4330 administrabat.Praeterea

1741 4329 2105 4385 Colomannus
2145 4329 2251 4394 ille,
2302 4348 2395 4384 seu
2428 4333 2559 4397 dux,
2599 4349 2696 4386 seu
2749 4348 2866 4396 rex,
2921 4331 3244 4387 llallciensis
3273 4329 3325 4380 in

1741 4397 1935 4471 llussia
1969 4400 2152 4470 Nigra,
2185 4403 2371 4470 paucis
2398 4404 2568 4456 solum
2615 4404 2770 4456 :mnis
2805 4403 3028 4471 pacilice
3058 4400 3322 4471 regnavit,

1743 4469 1815 4521 ita
1850 4479 1907 4522 ιιι
1933 4469 2227 4524 verisimile
2259 4489 2363 4526 non
2425 4476 2498 4526 sit
2541 4475 2716 4528 Vitam
2759 4469 2823 4527 ad
2855 4489 2975 4527 eum
3001 4469 3164 4526 fuisse
3199 4487 3327 4524 con-

1744 4539 2022 4607 scriptam,
2056 4542 2354 4610 praascrtim
2384 4559 2505 4597 cum
2544 4545 2708 4597 multa
2757 4545 3032 4598 contineat
3079 4559 3201 4612 qua:
3246 4541 3325 4592 iu—

1747 4620 1916 4685 tiuunt
1967 4613 2376 4685 scriptatncsse
2435 4616 2486 4668 in
2522 4613 2836 4685 llurgaria;
2886 4614 3022 4668 niliil
3063 4628 3190 4669 vero
3231 4612 3325 4663 Ita-

1746 4680 1979 4753 [icui-CX
2013 4698 2118 4749 quo
2167 4684 2347 4753 colligi
2399 4687 2566 4752 possit
2625 4680 2979 4753 c'mnpositam
3031 4697 3156 4738 esse
3205 4691 3327 4750 post

1743 4749 2131 4804 Colotnantium
2162 4749 2450 4822 “nugaris:
2499 4770 2680 4824 regem
2706 4771 2719 4818 ;
2750 4749 2970 4808 'ttullam
3017 4755 3161 4808 enim
3212 4766 3326 4806 nio-

1743 4830 1922 4894 morat
1979 4837 2260 4887 ptrsonam
2293 4864 2307 4887 ,
2353 4841 2472 4892 qua:
2527 4827 2662 4878 vixit
2707 4835 2824 4894 post
2886 4824 3320 4886 Colomannum;

1743 4891 1946 4965 nullum
1972 4902 2191 4965 enarrat
2224 4891 2445 4958 factum,
2495 4896 2637 4964 quod
2691 4891 2912 4965 contigit
2963 4906 3082 4965 post
3125 4897 3322 4964 ipsum.

1746 4960 1940 5015 Verum
1973 4964 2326 5017 elevationem
2369 4960 2612 5034 corporis
2656 4966 2755 5019 sub
2805 4960 3054 5020 Ladislao
3101 4960 3323 5026 factam,

1739 5042 2062 5102 patrataque
2094 5049 2158 5087 eo
2191 5044 2430 5104 tempore
2455 5036 2738 5100 miracula,
2785 5038 2862 5089 sic
2887 5037 3048 5090 refert
3081 5053 3199 5090 cum
3228 5034 3324 5086 ad-

1735 5119 1773 5168 p
1802 5104 1939 5156 netis
1980 5105 2166 5176 variis,
2216 5114 2269 5159 ut
2327 5107 2448 5158 imle
2483 5107 2656 5176 colligi
2704 5107 2894 5174 possit,
2926 5108 3009 5161 vel
3047 5107 3122 5160 rei
3157 5115 3324 5176 gesta:

1736 5185 2056 5245 praesentem
2092 5173 2278 5238 fuisse,
2311 5176 2390 5229 vel
2417 5187 2564 5231 certe
2601 5173 2664 5230 eo
2689 5173 2930 5245 tempore
2960 5173 3322 5231 vixisse’scri-

1737 5255 1967 5317 plorent.
1997 5243 2278 5317 Janrvcro
2328 5245 2500 5298 Vitam
2552 5249 2688 5299 lianc
2719 5243 2838 5300 esse
2893 5249 3149 5317 scriptam
3193 5257 3318 5298 ante

1735 5313 2054 5386 Colomanni
2101 5314 2318 5367 “aliene
2351 5317 2491 5383 regis
2541 5327 2803 5384 teniptwa.
2855 5319 2961 5371 alio
3002 5313 3320 5386 argumento

1735 5385 1814 5435 sic
1857 5384 2104 5438 ostendo.
2136 5387 2500 5438 tJolomannus
2535 5388 2761 5440 Andretc
2794 5387 2830 5439 ll
2869 5384 3149 5455 llungarite
3178 5385 3320 5454 regis

1735 5455 1897 5516 lilius,
1940 5472 2002 5507 ac
2063 5455 2257 5508 deinde
2300 5455 2517 5510 Ilaliciae
2572 5471 2684 5516 rex.
2737 5464 2963 5511 necdum
2999 5467 3157 5510 natus
3201 5466 3320 5509 erat

1734 5522 1951 5583 ineunte
2003 5525 2208 5578 saeculo.
2249 5541 2368 5579 xm.
2418 5528 2496 5581 Ad
2545 5528 2685 5580 hunc
2734 5528 2895 5596 igitur
2941 5528 3180 5583 scribere
3211 5542 3317 5580 non

1732 5597 1905 5667 potuit
1953 5595 2305 5667 Cartbuitius,
2338 5597 2437 5650 nisi
2470 5597 2649 5649 multis
2675 5595 2832 5652 annis
2875 5608 2993 5667 post
3029 5598 3319 5651 eanoniza-

1735 5665 1934 5717 tionem
1991 5666 2047 5718 S.
2084 5665 2338 5727 Ladislai,
2389 5682 2507 5734 quze
2556 5667 2696 5721 facta
2728 5677 2810 5722 est
2841 5665 2983 5723 anno
3018 5669 3175 5729 “92,
3231 5683 3316 5720 sc-

1732 5737 1965 5786 cundum
1996 5738 2230 5804 antiquze
2258 5737 2387 5789 Vita:
2433 5745 2730 5797 auctorem.
2761 5738 2841 5792 vel
2881 5755 3024 5794 anno
3083 5738 3236 5801 H98,
3269 5737 3314 5790 si

1729 5815 1952 5856 exactus
1983 5807 2342 5876 sitcalculus
2391 5806 2670 5863 Bonlinii:
2719 5809 2884 5863 videri
2935 5810 3044 5863 lucc
3087 5817 3313 5876 possunt

1734 5884 1876 5932 tonio
1906 5876 1940 5932 Υ
1973 5875 2136 5946 Junii,
2193 5893 2316 5952 prg.
2344 5878 2488 5952 5l9.‘
2523 5879 2903 5935 Verumtamen
2955 5875 3310 5937 Cartbuitius.
