3816 6322
2 312 43 366 1
57 312 210 370 209

1643 303 1823 360 VITA.

3229 311 3366 369 1910

1 427 78 480 si
125 423 380 496 aliquod
429 423 710 493 indignum
741 419 1040 477 occurrerit
1065 414 1466 476 oﬂ‘endiculum.
1518 416 1666 472 malo
1697 403 1744 460 Α
1777 415 2007 472 sentiam
2039 416 2288 480 adeundi,
2315 417 2509 487 quibus
2565 409 2930 470 voluntarium
2987 413 3219 486 libenter
3245 423 3362 478 adi-

4 514 328 568 codicem
373 523 434 567 ut
479 511 622 582 ignis
666 511 1000 566 comminuat
1036 510 1338 568 incendium
1382 515 1572 575 quam,
1611 516 1671 562 ut

10 603 216 658 livor
245 604 321 658 ad
349 603 564 674 plenum
588 601 868 671 perveniat
895 601 1131 657 oculum.
1166 601 1356 672 Igitur,
1387 596 1516 668 quia
1544 597 1672 654 boni

8 695 352 765 quidquid
379 702 463 748 est
522 707 589 746 ex
633 693 938 750 Conditoris
972 690 1345 747 misericordia
1374 697 1577 754 manat,
1606 704 1672 745 ex

15 784 254 854 ipsius
289 787 432 839 dono
459 799 640 840 sermo
668 794 855 854 ceptus
879 781 1004 836 talia
1037 789 1290 852 personat
1317 779 1414 853 (4).

612 898 838 954 CAPUT
873 895 1166 953 PRIMUM.

19 1028 263 1086 Sancti
289 1041 459 1101 pater,
487 1030 686 1086 natales
726 1030 1013 1085 visionibus
1040 1031 1247 1100 pra‘viis
1273 1030 1549 1098 ilt'ustrqti,
1582 1030 1673 1101 ba-
1729 1037 1732 1040 '

124 1112 195 1170 pt
225 1119 402 1166 unus,
431 1101 572 1171 regni
596 1102 745 1154 initia
765 1113 810 1154 et
847 1117 974 1171 cura
1001 1101 1267 1171 religionis
1292 1100 1671 1171 propagandm,

130 1172 382 1226 victoria
408 1169 797 1234 deirebellibus,
829 1181 874 1225 et
895 1170 1015 1224 hinc
1038 1169 1410 1224 monasterium
1437 1171 1499 1225 δ.
1530 1169 1675 1224 Mar-

131 1242 256 1295 tini
296 1257 360 1295 ex
387 1252 500 1294 voto
523 1239 825 1310 [ιιιιάαιιιιη.

129 1331 203 1388 Ξ.
233 1329 412 1384 Omne
441 1329 622 1383 datum
650 1329 899 1398 optimum
922 1338 968 1383 et
999 1345 1149 1385 omne
1168 1329 1363 1384 donum
1391 1328 1674 1399 perfectum

32 1413 367 1474 desursum
408 1427 505 1485 est,
557 1417 870 1472 descendens
921 1435 952 1470 ιι
988 1415 1147 1470 Patre
1185 1417 1443 1470 luminum
1467 1416 1673 1486 (Jac-.1,

42 1513 186 1581 17).
232 1509 412 1576 Hujus
437 1509 616 1566 Patris
667 1509 851 1565 datum
877 1510 1164 1579 optimum,
1219 1518 1276 1566 et
1325 1509 1524 1565 donum
1557 1525 1676 1580 per-

43 1601 299 1658 fectum
365 1602 418 1656 in
474 1617 663 1656 omnes
706 1601 855 1672 large
909 1602 1249 1671 proveniens,
1298 1603 1425 1671 quia
1471 1602 1674 1657 nullum

47 1695 325 1765 spernit,
353 1694 447 1749 sed
485 1707 676 1748 omnes
707 1692 953 1752 homines
982 1693 1097 1748 vult
1134 1693 1310 1749 salvos
1341 1694 1458 1750 ﬁeri
1503 1705 1559 1749 et
1608 1695 1674 1750 ad

50 1785 426 1855 agnitionem
467 1777 716 1838 veritatis
761 1783 1046 1853 pervenire
1102 1782 1156 1854 (I
1207 1781 1343 1840 Tim.
1391 1783 1676 1854 11,4),‘ad

58 1876 392 1945 Hungaros
420 1889 616 1944 usque,
680 1889 814 1943 quos
839 1874 1268 1934 Christianorum
1304 1873 1569 1945 ﬂagellum
1599 1874 1676 1946 (5)

56 1968 366 2038 quondam
396 1965 562 2020 fuisse
589 1973 826 2032 constat,
857 1964 1107 2021 diffusum
1142 1975 1246 2022 est.
1272 1965 1422 2033 Quod
1448 1967 1680 2037 qualiter

58 2069 129 2114 et
157 2057 394 2129 quando
446 2057 646 2112 factum
684 2056 772 2120 sit,
824 2056 948 2128 styli
979 2055 1154 2112 oﬁicio
1208 2057 1500 2132 memoria}
1531 2073 1679 2113 com-

63 2150 355 2206 mendare
397 2164 694 2219 congruum
741 2148 1016 2205 duximus.
1045 2149 1120 2203 Ea
1154 2149 1420 2218 siquidem
1472 2159 1678 2220 tempe.

64 2249 231 2295 state
273 2255 380 2309 qua
408 2254 540 2310 gens
589 2237 813 2308 prmfala
857 2239 953 2294 Dei
997 2239 1291 2294 Ecclesiam
1321 2240 1682 2311 depopulaba-

67 2339 192 2397 tur,
221 2341 346 2386 erat
377 2333 429 2386 in
460 2348 524 2387 ea
548 2331 798 2402 princeps
819 2331 1062 2402 quidam,
1091 2341 1316 2402 quartus
1343 2332 1545 2400 abillo,
1585 2332 1678 2404 qui

67 2412 451 2489 iitgressionis
482 2420 861 2491 Hungarorum
902 2421 955 2476 in
989 2419 1265 2477 Pannonia
1296 2423 1678 2492 duxprimitus

69 2512 210 2576 fuit,
251 2515 471 2584 (nomen
532 2512 704 2584 chsa
739 2514 868 2585 (6),)
915 2527 1145 2571 severus
1163 2515 1379 2585 quidem
1407 2523 1461 2569 et
1488 2517 1682 2571 crude-

65 2608 168 2670 lis,
220 2607 391 2662 veluti
425 2607 792 2678 potentialiter
838 2621 1026 2677 agens.
1073 2606 1126 2659 in
1179 2620 1326 2669 suos,
1373 2604 1680 2663 misericors

71 2706 275 2752 autem
309 2706 365 2752 et
396 2697 635 2752 liberalis
664 2698 719 2750 in
755 2697 912 2762 alios,
942 2691 1286 2766 etpraecipue
1319 2697 1676 2764 Christianos,

73 2789 196 2842 ritu
228 2789 544 2860 paganismo
572 2788 698 2844 licet
747 2788 924 2844 adhuc
953 2789 1173 2857 quidem
1232 2786 1522 2844 obvolutus
1555 2806 1569 2856 ;
1600 2799 1679 2844 ta-

75 2896 216 2934 men
247 2882 713 2952 appropinquante
735 2880 1035 2951 spiritualis
1063 2879 1271 2951 fulgore
1308 2881 1676 2950 charismatis,

78 2987 217 3026 cum
253 2972 506 3028 omnibus
559 2973 984 3043 circumquaque
1038 2973 1333 3052 positarum
1381 2976 1680 3044 provincia-

82 3081 215 3118 rum
240 3064 430 3120 vicinis
459 3065 524 3120 de
553 3079 687 3136 pace
729 3065 893 3134 coepit
924 3073 1127 3119 attente
1165 3074 1419 3132 tractare,
1454 3075 1512 3120 ut
1563 3066 1675 3135 jam

1776 518 1889 562 tum
1919 509 2166 577 priebcns
2209 510 2522 564 orthodox-:1:
2579 509 2700 563 ﬁdei
2743 521 2951 572 semen,
3011 510 3247 579 pectoris
3302 514 3355 568 in

1774 599 1932 654 horto
1970 608 2164 662 satum,
2187 599 2560 655 delectabatur
2581 616 2802 671 germen
2834 602 3105 658 emittere.

1845 689 1900 745 5.
1934 689 2070 756 Quid
2094 688 2289 759 plura-‘1
2318 691 2484 746 Adest
2509 701 2719 760 tempus
2746 691 2963 747 coalitus
2987 693 3308 764 dispositum
3339 711 3354 750 :

1774 783 2002 839 credidit
2034 782 2150 853 ipse
2183 799 2304 837 cum
2351 783 2708 842 familiaribus
2762 786 2895 854 suis,
2942 798 2996 842 et
3052 790 3356 859 baptizatus

1774 881 1878 933 est.
1910 882 1963 927 et
2015 888 2205 928 omnes
2257 872 2452 939 ditioni
2501 889 2611 928 sua:
2665 877 2910 931 subditos
2968 893 3044 933 .se
3099 878 3356 949 pollicens

1773 963 2080 1018 Christiano
2109 965 2326 1018 nomine
2351 965 2806 1034 mancipatnrum.
2832 967 3076 1037 Cumque
3099 969 3355 1025 nimirum

1775 1065 1920 1109 esset
1944 1053 2208 1108 sollicitus
2250 1054 2319 1108 de
2370 1055 2661 1111 rebellibus
2703 1057 3006 1126 domandis,
3059 1070 3114 1116 et
3164 1061 3359 1118 ritibus

1775 1147 2055 1216 sacrilegis
2085 1147 2452 1214 destruendis,
2507 1156 2562 1204 et
2617 1150 3014 1222 epise0patibus
3063 1153 3354 1209 secundum

1774 1236 2186 1292 tesﬁmationem
2216 1252 2395 1304 suam,
2428 1239 2495 1292 ad
2529 1238 2841 1309 profectum
2872 1241 3126 1297 Ecclesia:
3151 1254 3356 1300 sanctae

1775 1328 2098 1393 statuendis,
2121 1328 2356 1383 mirabili
2386 1329 2593 1384 visione
2629 1329 2705 1400 (8)
2731 1339 2889 1401 nocte
2933 1332 3242 1388 consolatus
3271 1342 3357 1389 est

1775 1431 1899 1470 eum
1925 1416 2203 1472 Dominus.
2229 1416 2382 1472 Fecit
2419 1428 2600 1473 astare
2637 1419 2737 1474 sibi
2761 1419 3016 1489 juvenem
3069 1421 3358 1477 delectabi-

1775 1504 1883 1560 lem
1933 1515 2178 1576 aspectn,
2214 1508 2306 1576 qui
2336 1507 2476 1583 (lingit
2506 1509 2555 1564 ei
2586 1526 2600 1562 :
2634 1507 2744 1563 Pax
2771 1509 2889 1575 tibi,
2920 1509 3121 1565 Christi
3150 1511 3354 1579 electe;

1770 1593 1934 1664 juheo
1973 1603 2027 1666 te
2055 1596 2516 1665 desollicitndine
2547 1607 2634 1654 tua
2671 1598 2786 1655 fore
2814 1615 3084 1656 securum.
3117 1601 3232 1672 Non
3255 1603 3358 1658 tibi

1778 1699 2093 1742 concessum
2127 1697 2210 1742 est
2239 1689 2380 1758 quod
2407 1690 2706 1757 meditaris,
2741 1692 2866 1762 quin
2915 1710 3106 1749 inanns
3132 1696 3362 1764 pollutas

1782 1775 2022 1842 humano
2074 1780 2340 1848 sanguine
2373 1790 2574 1851 gestas.
2628 1782 2703 1838 De
2751 1793 2802 1838 te
2857 1782 2999 1839 ﬁlius
3056 1789 3362 1846 nasciturus

1779 1867 2105 1935 egredietur,
2143 1871 2229 1924 cui
2256 1871 2370 1925 hazc
2416 1872 2598 1926 omnia
2651 1874 2983 1944 disponenda
3013 1875 3206 1932 divina:
3231 1894 3358 1947 pro-

1780 1957 2034 2012 videntis:
2081 1959 2306 2015 consilio
2339 1961 2742 2034 commendabit
2782 1965 3060 2022 Dominus.
3111 1947 3211 2023 Hic
3253 1968 3364 2024 erit

1782 2062 1920 2102 unus
1949 2063 2012 2102 ex
2046 2050 2264 2120 regibus
2292 2051 2478 2108 electis
2523 2068 2554 2106 a
2592 2053 2839 2122 Domino,
2884 2071 3082 2112 corona
3111 2059 3232 2113 vita:
3253 2073 3360 2116 sa:-

1778 2139 1982 2194 cularis
2007 2150 2439 2199 commutaturus
2460 2153 2738 2200 aeternam.
2773 2147 3150 2204 Verumtamen
3182 2151 3361 2207 virum

1780 2228 2044 2299 spir‘ituali
2089 2231 2361 2302 legatione
2419 2235 2514 2291 tibi
2569 2238 3067 2305 transmittendum,
3106 2241 3363 2298 honoriﬁ-

1775 2319 2342 2392 eabiliter-suscipito,
2379 2335 2689 2396 susceptum
2720 2329 3103 2388 venerabiliter
3142 2333 3358 2400 habeto,

1780 2410 2254 2470 exhortationibus
2275 2416 2391 2488 ejus
2416 2432 2523 2472 non
2557 2419 2742 2476 ﬁctum
2771 2423 2953 2476 cordis
2977 2424 3148 2480 ﬁdelis
3178 2441 3365 2482 assen-

1781 2517 1899 2558 sum
1926 2505 2187 2574 prazbeto.
2242 2506 2670 2579 Expergefactns
2695 2511 2949 2582 princeps
2997 2514 3204 2573 visione
3255 2527 3364 2572 stu-

1779 2595 1955 2666 pidus,
1985 2597 2135 2665 prius
2187 2613 2392 2664 secum,
2423 2611 2543 2672 post
2596 2618 2718 2658 cum
2770 2604 2972 2661 Christi
3015 2608 3261 2680 ﬁdelibus
3308 2617 3364 2664 et

1779 2690 2298 2761 suis'pertraetans,
2351 2693 2462 2750 Deo
2513 2697 3065 2767 gratias'pavimento
3114 2701 3363 2758 manibus

1779 2784 2054 2854 expansis,
2085 2786 2390 2856 adtuerens,
2415 2789 2692 2844 humiliter
2712 2792 2844 2862 egit,
2874 2806 2933 2846 se
2968 2793 3359 2863 principatum-

1780 2889 1886 2944 que
1923 2891 2077 2930 suum
2128 2892 2252 2932 cum
2283 2879 2392 2934 ﬁlio
2441 2882 2720 2936 nascituro
2764 2883 3026 2942 custodia:
3072 2884 3217 2940 illius
3268 2885 3363 2956 qui

1783 2983 1887 3022 non
1927 2969 2126 3024 dormit
2169 2959 2345 3042 neque
2384 2973 2640 3029 dormitat
2665 2973 2836 3046 (Paul.
2870 2991 2996 3044 cxx,
3023 2976 3364 3048 4)lacrymis

1782 3057 1915 3114 fusis
1935 3063 2354 3118 commendavit.

80 3155 151 3210 in
177 3154 269 3208 illo
298 3164 482 3226 posset
525 3135 770 3226 agnosci,
799 3156 952 3226 cujus
986 3156 1127 3211 ﬁlius
1177 3156 1511 3212 desideraret
1536 3157 1676 3226 ﬁeri,

1853 3148 1906 3202 4.
1935 3150 2071 3204 Dum
2098 3151 2330 3206 miratur
2354 3168 2483 3223 ergo
2527 3155 2594 3209 de
2641 3155 2759 3211 viro
2785 3156 3042 3212 divinitus
3082 3159 3365 3228 praedicto,

87 3247 393 3302 secundum
419 3241 949 3304 dictum‘Salvatoris
969 3249 1160 3314 nostri,
1179 3245 1408 3305 dicentis
1430 3250 1482 3304 in
1504 3245 1682 3305 Evana

92 3338 278 3406 gelio:
321 3339 473 3394 Beati
524 3341 755 3410 paciﬁci,
795 3342 1040 3412 quoniam
1082 3341 1181 3411 filii
1221 3342 1319 3396 Dei
1366 3343 1682 3398 vocabuntur

95 3431 316 3503 (Matth.
355 3450 408 3501 v,
441 3435 518 3506 9).
569 3435 772 3491 Statuit
823 3437 1044 3506 insuper
1091 3445 1422 3506 praeceptum
1472 3437 1681 3492 cunctis

99 3525 446 3595 Christianis,
473 3528 728 3583 ducatum
767 3543 922 3582 suum
972 3530 1179 3583 intrare
1210 3528 1535 3595 volentibus,
1580 3530 1681 3585 ho-

101 3616 407 3685 spitalitatis
461 3626 514 3673 et
549 3619 854 3675 securitatis
900 3621 1130 3691 gratiam
1169 3619 1410 3674 exhiberi
1441 3621 1540 3690 (7).
1571 3620 1684 3676 Cle-

113 3710 241 3764 ricis
272 3719 322 3764 et
351 3712 633 3768 monachis
678 3713 1010 3784 potestatem
1053 3698 1324 3768 concessu
1363 3701 1516 3767 suam
1543 3729 1683 3783 prte-

184 3845 256 3913 (4)
278 3843 542 3914 .Eraifatio
571 3857 664 3900 aut
686 3845 954 3902 dedicatio
1001 3847 1116 3902 haec
1145 3848 1345 3902 omissa
1380 3856 1463 3901 est
1493 3847 1545 3902 in
1576 3863 1679 3904 ms.

111 3914 571 3988 Cursendoncano.
603 3915 794 3987 surius
829 3932 947 3988 eam
979 3917 1493 3988 (expressitmtutato
1522 3919 1679 3988 stylo,

115 3983 398 4052 eademque
427 3985 696 4052 libertate,
727 4002 833 4055 qua
861 3983 1150 4042 dictionem
1205 3988 1367 4042 totius
1406 3987 1536 4042 Vita:
1572 3983 1686 4042 im-

123 4055 352 4110 mutavit.
386 4056 609 4122 Accipe,
637 4058 873 4111 studiose
927 4055 1118 4122 lector,
1173 4057 1544 4127 praefationem
1577 4057 1684 4112 Su-

119 4126 314 4196 rianam
345 4140 443 4196 pro
470 4127 762 4193 specimine
790 4128 952 4194 totius
988 4127 1116 4193 Vita:
1144 4126 1439 4187 immutata:
1464 4147 1485 4182 -:
1526 4146 1542 4178 ι
1565 4129 1682 4181 Do-

126 4195 259 4268 mino
279 4195 372 4268 suo
401 4195 754 4261 Colomanno,
777 4198 894 4268 regi
927 4199 1399 4262 excellentissimo,
1432 4199 1685 4254 Chartui-

127 4265 227 4317 tius
250 4265 547 4340 episcopus,
579 4267 822 4340 spiritale
849 4265 1230 4340 ministerium
1290 4270 1383 4324 Dei
1436 4271 1682 4340 benigni-

128 4343 230 4388 tate
255 4335 467 4404 adeptus
491 4335 621 4410 post
661 4338 818 4407 hujus
859 4338 981 4392 vita:
1026 4339 1332 4410 terminum,
1371 4340 1498 4397 illud
1548 4335 1683 4410 euge

125 4415 357 4478 precatur
389 4408 797 4478 sempiternum.
845 4409 1142 4478 Aggredior
1191 4423 1334 4462 nunc
1379 4425 1534 4477 opus,
1595 4408 1680 4466 se-

1773 3242 2069 3298 nuntiatur
2097 3244 2146 3299 ei
2175 3245 2392 3300 beatum
2436 3247 2808 3315 Adalbertum,
2863 3250 3235 3320 Bohemiensis
3261 3255 3365 3310 Ec-

1782 3331 1962 3386 clesiae
1987 3332 2318 3402 pontiﬁcem,
2341 3337 2406 3390 ad
2431 3353 2490 3392 se
2518 3347 2805 3392 venturum
2841 3356 2960 3395 esse
2986 3352 3206 3412 propter
3229 3361 3362 3399 con-

1782 3419 2086 3478 versionem
2133 3426 2304 3495 ipsius
2329 3437 2382 3482 et
2413 3429 2533 3483 ﬁdei
2588 3445 2693 3484 non
2745 3431 2882 3487 ﬁctae
2910 3433 3230 3502 profectum,
3256 3438 3368 3492 Do-

1783 3514 1932 3567 mino
1952 3513 2063 3569 Deo
2089 3515 2262 3571 laudis
2297 3519 2530 3574 hostiam
2563 3521 2892 3577 oblaturum.
2954 3522 3140 3579 Oritur
3176 3527 3366 3584 laetitia

1784 3605 1939 3660 novis
1983 3605 2184 3662 Christi
2228 3610 2496 3666 militibus
2541 3613 2958 3671 inenarrabilis:
3003 3618 3111 3673 dux
3141 3621 3363 3679 obviam

1787 3694 1948 3751 tironi
1976 3695 2178 3753 Christi
2211 3699 2287 3770 (9)
2319 3716 2442 3754 cum
2467 3703 2715 3759 ﬁdelibus
2740 3706 3044 3778 quibusque
3093 3713 3365 3782 procedit,

1783 3833 1936 3906 ferri.
1970 3833 2036 3887 Et
2059 3836 2182 3906 quia
2205 3837 2342 3891 bona
2384 3840 2564 3893 omnia
2589 3840 2655 3894 ad
2700 3857 2796 3897 nos
2825 3859 2888 3897 ex
2920 3845 3098 3900 divina
3149 3849 3364 3904 miseri-

1772 3903 1966 3989 cordia
2007 3903 2460 3989 prbﬁciscuntur,_
2493 3911 2660 3989 ipsius
2690 3929 2928 3989 munere
2957 3918 3044 3989 _sic
3068 3917 3201 3989 _lihet
3229 3903 3362 3989 opu-
3387 3968 3389 3970 .

1773 3974 1990 4054 sculum
2021 3990 2281 4054 presseris
2311 3974 2655 4054 auspicari._i_
2702 3981 2862 4038 Vides
2915 3985 3026 4052 hic,
3065 3974 3368 4054 lectorfsic

1786 4043 2122 4124 immutatam
2156 4043 2468 4124 dictionem,
2519 4060 2576 4106 ut
2608 4052 2744 4106 idem
2781 4055 2977 4124 ubique
3010 4043 3099 4110 'sit
3126 4043 3356 4116 sensus;

1773 4113 1926 4195 idem
1957 4116 2154 4195 passim
2185 4113 2238 4182 in
2272 4113 2388 4173 Vita
2415 4113 2611 4175 factum
2646 4139 2658 4186 ;
2691 4140 2788 4177 nec
2816 4113 2948 4195 opus
2972 4138 3052 4180 est
3070 4128 3195 4192 illas
3243 4113 3363 4184 imi.

1787 4187 2016 4262 taliones
2043 4189 2327 4262 verbormn
2360 4201 2547 4262 notare
2594 4187 2866 4262 deinceps;
2897 4198 2998 4249 nisi
3055 4187 3213 4251 simul
3243 4216 3363 4252 mu-

1788 4265 1898 4332 tata
1941 4256 2339 4332 sit_sent_cntia.
2376 4261 2528 4315 Solus
2575 4263 2735 4332 igitur
2778 4256 3100 4320 mutationes
3142 4278 3362 4322 senten-

1788 4327 1980 4381 tiarum
2026 4325 2256 4406 inferius
2295 4325 2618 4406 assignabo,‘
2644 4333 2855 4406 exms;
2908 4352 3034 4390 vero
3081 4337 3363 4406 ipsasvo-

1785 4399 2293 4472 cum‘mutationes
2351 4399 2636 4472 diligenter
2691 4405 3036 4471 observabo,
3094 4399 3195 4462 nisi
3244 4409 3356 4463 sint

127 4464 390 4530 renissime
416 4464 534 4544 rex',
574 4477 726 4545 jussu
783 4485 872 4532 luo
894 4464 1032 4550 ἶιῖὶιιὶ
1059 4464 1459 4550 demandatum,
1501 4464 1539 4532 εἰ
1571 4464 1678 4550 quo
1711 4488 1754 4542 ι)
1783 4464 1976 4550 menda
2009 4469 2330 4541 clarissima,
2365 4464 2473 4525 uti'
2494 4473 2640 4525 varia
2688 4486 2980 4531 occurrunt
3005 4464 3152 4531 circa
3196 4478 3357 4533 ﬁnem

131 4547 365 4600 hactenus
411 4547 661 4616 ingenioli
706 4547 804 4601 mei
839 4549 1104 4616 imperitia
1144 4549 1459 4614 abhorruit,
1512 4547 1603 4603 oh‘
1624 4553 1675 4603 id

129 4616 403 4686 presset-tim
424 4619 564 4686 quod
593 4617 902 4672 Priscianus
929 4619 1330 4686 grannnaticus,
1384 4621 1510 4674 mihi
1549 4621 1675 4674 oliui

131 4694 212 4740 sat
235 4685 689 4760 beue'perspectus
713 4696 768 4760 et_
793 4685 1060 4760 cognitus,
1091 4688 1275 4760 procul
1303 4706 1331 4760 a
1356 4705 1440 4743 me
1471 4690 1678 4760 digres-

131 4769 234 4817 sus,
254 4753 654 4829 jam—decrepito
678 4757 830 4829 mihi,
864 4753 1129 4827 tanquam
1174 4759 1401 4826 caligine
1445 4753 1676 4829 quadam

135 4835 314 4892 seplus,
344 4825 780 4882 faciemexhibet
806 4825 1264 4883 obscurissimam.
1287 4825 1392 4884 Sed
1425 4825 1544 4883 eum
1575 4831 1678 4884 alia

135 4906 375 4967 esiparle
431 4897 708 4967 dignitatis
757 4907 858 4956 tua:
892 4900 1224 4966 attenderem
1278 4901 1677 4965 auctoritatem,

131 4961 251 5023 vicit
285 4961 513 5020 tandem'
546 4969 722 5022 auxim
770 4961 988 5026 mentis
1017 4969 1399 5023 dubitationem
1440 4961 1677 5036 omnem,

136 5037 364 5108 virtutum
406 5037 654 5108 omnium
697 5039 786 5090 lux
816 5047 870 5090 et
896 5053 1129 5106 gemma,
1159 5038 1487 5108 obedientia,
1530 5040 1682 5104 cujus

139 5105 246 5157 forti
271 5107 509 5172 praesidio
550 5107 738 5170 fretus,
774 5105 984 5162 tametsi
1038 5108 1166 5161 mihi
1202 5105 1364 5162 vires
1394 5111 1676 5164 cernerem

139 5175 518 5247 haudquarpiam
556 5188 860 5246 suppetere,
888 5178 1066 5247 operis
1099 5178 1383 5232 ineboandi
1432 5181 1680 5234 ﬁduciam

140 5247 350 5317 concepi.
382 5246 515 5304 Cum
564 5248 674 5302 sint
696 5257 874 5301 autem
925 5246 1239 5316 plerumque
1271 5249 1481 5302 invidiae
1509 5253 1684 5304 obuo-

143 5314 368 5387 xia,'qu;e
395 5317 531 5387 bona
566 5318 729 5370 animi
761 5314 952 5371 ﬁducia
1009 5314 1286 5386 geruntur,
1316 5319 1536 5387 supplex
1588 5335 1685 5378 oro

143 5384 313 5451 regiam
343 5385 726 5454 sublimitatem
755 5397 920 5450 tuam,
950 5384 1032 5457 uti
1054 5388 1294 5457 Opusculi
1330 5384 1482 5456 hujus
1511 5391 1686 5444 susci-

144 5469 250 5522 pere
271 5465 636 5531 negravetur“
663 5456 1047 5531 patrocmium,
1093 5456 1210 5531 nec
1239 5456 1560 5531 'oﬁ‘endatur
1591 5476 1685 5528 pa-

149 5538 246 5575 rum
281 5527 556 5598 commoda
580 5527 848 5598 dictione,
905 5527 1008 5598 aut
1037 5527 1340 5582 ordinis'ct
1379 5543 1556 5583 rerum
1592 5527 1685 5598 gu-

147 5600 324 5667 statum
385 5594 718 5667 confusione}
781 5596 930 5667 Quod
987 5598 1031 5652 si
1095 5608 1351 5652 occurrat
1410 5594 1685 5667 quidpiam

148 5662 264 5733 quod
301 5663 527 5720 findant,
552 5667 747 5720 habeat
796 5666 1172 5733 offensionem,
1220 5668 1398 5722 malim
1429 5662 1688 5723 codicem

150 5732 325 5805 ignibus
353 5733 559 5790 absumi
590 5752 750 5807 quam
787 5737 967 5794 livoris
1000 5739 1280 5792 materiam
1335 5740 1570 5786 enini-w-
1602 5738 1687 5783 nf-

1783 4538 1932 4688 Ϊιξζξ).
1963 4609 2050 4688 Uti
2116 4610 2278 4664 Attila
2321 4593 2519 4688 vocari
2569 4615 2736 4688 voluit
2787 4615 3053 4688 ﬂagellum
3115 4617 3236 4683 Dei,
3285 4621 3362 4688 ita

1779 4679 2017 4755 linngari
2090 4697 2273 4734 revera
2332 4679 3358 4755 furi-untﬂagellum'Christianornm‘,

1780 4754 2230 4822 (premadmodum
2265 4756 2396 4808 satis
2442 4755 2617 4824 (olligi
2645 4765 2815 4822 potest
2839 4769 2905 4808 ex
2932 4757 3091 4811 dictis
3115 4759 3168 4811 in
3199 4754 3357 4813 Com;

1781 4823 2048 4880 tnentario
2081 4839 2228 4876 num.
2257 4825 2345 4877 52.
2581 4823 2584 4824 ν
2610 4850 2612 4852 ,

1853 4900 1933 4966 (li)
1972 4895 2027 4947 lu
2079 4911 2179 4947 ms.
2219 4896 2436 4967 (nurnine
2483 4892 2668 4963 Ceysa.
2709 4895 2880 4948 Porro
2931 4897 2996 4967 de
3029 4897 3370 4967 ingressione

1783 4964 2155 5033 llu‘ngarorum
2218 4964 2271 5017 in
2332 4965 2706 5027 Pannoniam,
2760 4981 2854 5018 seu
2929 4966 2978 5019 in
3047 4964 3368 5024 hodiernam

1783 5037 2135 5107 llungariam,
2165 5035 2458 5107 primisque
2483 5051 2665 5088 eorum
2710 5035 2957 5107 ducibus,
2981 5037 3068 5107 egi
3117 5039 3170 5096 in
3202 5037 3367 5098 Com-

1783 5119 2048 5178 mentario
2075 5105 2101 5176 §
2147 5107 2199 5157 5.
2230 5105 2306 5158 De
2335 5106 2509 5174 chsa
2554 5121 2679 5158 vero
2710 5107 2859 5174 plura
2891 5106 2918 5177 §
2965 5106 2994 5158 '7
3025 5105 3105 5162 'et
3133 5123 3370 5178 sequen—

1787 5179 1946 5230 tibus.
1980 5185 1985 5192 '

1859 5249 1936 5318 (7)
1983 5245 2092 5298 Vox
2117 5243 2348 5318 exhiberi
2380 5261 2484 5296 non
2537 5254 2617 5318 est
2652 5247 2703 5298 in
2737 5261 2865 5318 ius.
2893 5262 2991 5301 nec
3030 5256 3111 5301 est
3143 5251 3371 5304 omnino

1786 5315 2112 5372 nedeSsaria.
2176 5316 2508 5384 Praeceptum
2577 5317 2677 5368 hoc
2727 5315 2917 5385 Geyse
2982 5317 3369 5378 verosi‘tniliter

1785 5389 1969 5442 datum
2007 5402 2126 5441 esse
2175 5395 2417 5453 tempore
2459 5386 2670 5439 Ottuuis
2696 5386 2733 5448 Ι,
2766 5397 2880 5453 post
2913 5403 3097 5453 pacem
3151 5404 3274 5442 cum
3300 5404 3368 5444 eo

1788 5459 2001 5520 initam,
2029 5457 2251 5515 ett-"ires
2282 5471 2480 5508 annum
2503 5455 2624 5519 97-9.,
2654 5456 2760 5508 dixi
2788 5458 2982 5510 ibidem
3012 5475 3064 5510 ιι.
3097 5457 3188 5514 80.

1860 5529 1934 5597 (8)
1959 5521 1974 5589 ἶ
1995 5526 2113 5597 Non
2141 5529 2410 5597 es‘se,cnr
2440 5525 2577 5579 hanc
2599 5526 2858 5581 visionem
2908 5531 3189 5583 commode
3220 5527 3367 5583 intel-

1773 5593 1981 5661 ’,Ιυόιςὶιιι
2008 5594 2114 5668 pro'
2151 5596 2334 5652 ﬁctilia
2363 5597 2666 5651 necessario
2697 5598 3008 5664 habeamus,
3047 5601 3262 5654 ostendi
3310 5599 3368 5654 in

1790 5671 2011 5726 Comm.
2038 5668 2064 5724 Ε
2093 5670 2176 5721 10.
2294 5679 2298 5684 ·
2869 5700 2878 5702 ν
