3816 6322
547 443 682 501 tau
1370 367 1373 370 η
1563 422 1636 482 5-
1697 294 2060 472 51”“!

1233 548 1238 549 ν
1285 547 1294 549 _
1693 465 2059 549 -,:5l””tn,._.

553 498 574 501 ._
635 498 642 499 κ
1763 498 1786 518 ι
1819 498 1830 502 ⁷
1870 498 1910 523 ΙΙΙ

547 551 932 611 honorabiliter
953 566 1074 608 cum
1099 547 1346 619 suscipi“
1379 554 1432 604 e"
1457 552 1513 600 ut
1542 551 1650 614 per
1693 498 1958 642 ‘I‘30ﬁr’:

549 656 655 712 est,
683 645 856 700 modis
896 615 1142 698 omnibus
1168 605 1481 696 obedientiae
1509 605 1673 690 liiium
1983 630 2139 688 Ilion-

548 701 760 791 stravit.
791 733 976 804 Igitur,
1002 731 1225 803 jubente
1266 729 1525 800 principe,
1583 727 1642 780 ﬁt
1671 701 1899 778 ubique
1918 713 2139 790 c0ngre-

547 826 692 896 gatio
717 823 989 878 indomitae
1021 820 1219 893 [gentis
1250 820 1361 890 (10)
1386 819 1408 891 ]
1434 828 1487 872 et
1512 831 1607 887 per
1641 812 1906 870 sanctum
1926 807 2134 875 episco-

547 895 674 984 pum
705 913 805 967 fuit
834 912 966 981 (ll),
1006 923 1060 967 et
1119 926 1216 982 per
1260 925 1388 965 suas
1421 907 1836 964 exhortationes
1882 895 2132 960 continue

467 1000 500 1056 .’
549 1011 938 1060 convertuntur
967 1010 1021 1055 et
1045 1001 1386 1070 baptizantur
1412 997 1614 1053 alumni
1644 995 1857 1067 patriae,
1883 1003 2130 1050 statuun-

549 1101 637 1148 tur
661 1093 714 1146 in
744 1092 931 1148 multis
973 1091 1105 1146 locis
1151 1090 1394 1145 ecclesia:
1423 1107 1437 1156 ;
1483 1088 1573 1142 lux
1599 1089 1817 1159 quippe,
1848 1100 1966 1156 quae
2009 1086 2128 1140 illu-

545 1181 718 1239 minat
763 1197 978 1240 omnem
1010 1181 1305 1246 hominem,
1345 1180 1580 1235 tenebris
1601 1178 1860 1249 eXpulsis,
1887 1177 1942 1232 in
1986 1175 2131 1232 llun-

546 1275 700 1345 garia
748 1275 917 1343 coepit
969 1273 1193 1335 enitere,
1240 1279 1295 1324 et
1343 1268 1562 1338 impleta
1607 1275 1733 1323 sunt
1790 1267 1844 1321 in
1877 1281 1940 1321 ea
1969 1265 2131 1320 verba

546 1366 846 1436 prophetia:
894 1363 1167 1418 dicentis:
1207 1359 1448 1415 Gentium
1491 1359 1733 1430 populus,
1775 1359 1864 1428 qui
1896 1355 2130 1411 ambulat

547 1455 662 1529 (12)
693 1458 746 1511 in
793 1455 1039 1518 tenebris,
1087 1454 1212 1508 vidit
1254 1452 1420 1506 lucem
1461 1467 1705 1522 magnam
1753 1450 1889 1521 (Isa.
1943 1465 2018 1512 lx,
2047 1449 2127 1519 2).

545 1548 660 1604 Lux
692 1548 828 1602 lucis
858 1545 1142 1601 invisibilis
1182 1544 1430 1600 Christus
1451 1553 1556 1612 est,
1588 1559 1748 1612 quem
1777 1553 1904 1598 tunc
1943 1551 2131 1614 gentes

546 1638 734 1693 videre
786 1644 1129 1700 meruerunt,
1170 1634 1384 1704 quando
1438 1643 1708 1689 revocata)
1747 1636 1813 1688 de
1859 1635 2128 1698 tenebris,

548 1729 724 1799 ipsum
755 1743 940 1783 verum
962 1729 1128 1783 Deum
1161 1736 1215 1782 et
1242 1727 1513 1781 hominem
1543 1741 1665 1781 esse
1716 1741 1907 1780 verum
1958 1725 2134 1795 perfe-

547 1828 636 1874 cte
669 1818 1016 1874 crediderunt
1061 1817 1194 1889 (15).
1235 1814 1345 1871 Nec
1399 1817 1502 1870 hoc
1551 1814 1766 1869 silentio
1802 1823 2129 1884 praetereun-

546 1908 677 1963 dum
710 1916 795 1962 est
839 1905 1002 1976 quod,
1054 1914 1112 1960 ut
1159 1905 1336 1960 omnis
1388 1904 1708 1975 ambiguitas
1740 1902 2017 1958 tolleretur
2062 1902 2129 1958 de

545 2000 745 2064 medio,
774 2012 840 2052 ne
864 1998 1005 2053 forte
1039 1998 1310 2067 praedicta:
1339 1995 1562 2050 visionis
1593 1993 1759 2049 solius
1799 1993 1902 2048 viri
1939 2007 2126 2062 parum

543 2090 822 2144 videretur
861 2088 1039 2144 inesse
1068 2088 1212 2155 ﬁdei,
1247 2101 1470 2140 uxorem
1520 2082 1655 2152 ejus,
1681 2081 1795 2152 jam
1841 2082 2128 2152 appropin-

547 2190 805 2251 quantem
854 2180 1066 2249 partui,
1115 2179 1208 2232 tali
1258 2178 1426 2233 voluit
1465 2177 1670 2231 visione
1741 2174 1920 2229 divina
1957 2174 2126 2244 gratia

547 2265 844 2320 consolari.
898 2263 1166 2334 Apparuit
1218 2275 1451 2331 namque
1505 2260 1582 2314 illi
1635 2258 1827 2313 beatus
1870 2259 2029 2314 tevita
2074 2267 2127 2313 et

546 2365 916 2427 protomartyr
966 2355 1270 2424 Stephanus
1310 2394 1324 2417 ,
1384 2352 1582 2407 levitici
1639 2352 1858 2406 habitus
1907 2359 2128 2405 ornatus

548 2449 869 2520 insignibus,
906 2447 998 2516 qui
1025 2461 1146 2500 eam
1195 2445 1395 2514 alloqui
1451 2444 1628 2498 taliter
1658 2444 1859 2512 coepit:
1907 2442 2128 2498 Conﬁde

551 2542 604 2595 in
638 2540 882 2604 Domino,
915 2538 1128 2602 mulier,
1156 2545 1210 2590 ct
1239 2546 1388 2590 certa
1419 2544 1536 2590 esto
1561 2536 1685 2604 quia
1736 2535 1900 2588 ﬁlium
1926 2534 2123 2604 paries,

549 2630 636 2686 cui
668 2629 842 2698 primo
873 2627 927 2681 in
953 2627 1054 2680 hac
1099 2635 1258 2694 gente
1287 2641 1486 2680 corona
1519 2625 1745 2680 debetur
1793 2628 2124 2694 et’regnum,

552 2731 843 2787 meumque
891 2732 1088 2771 nomen
1118 2717 1191 2770 illi
1240 2731 1470 2786 reponas
1509 2715 1642 2787 (14).
1674 2715 1769 2770 Cui
1797 2730 1923 2771 cum
1952 2717 2126 2770 admi-

550 2825 678 2864 rans
704 2808 895 2862 mulier
926 2807 1280 2878 responderet
1309 2826 1321 2860 :
1353 2808 1484 2874 Quis
1514 2822 1596 2872 es,
1642 2807 1879 2871 domine,
1910 2807 1993 2861 vel
2020 2821 2126 2876 quo

548 2902 770 2956 nomine
825 2900 1202 2969 nuncuparis?
1250 2900 1360 2969 Ego
1409 2915 1552 2963 sum,
1599 2899 1790 2969 inquit,
1825 2899 2126 2969 Stephanus

547 3001 945 3062 protomartyr,
994 2990 1085 3060 qui
1131 2991 1336 3058 primus
1363 3006 1462 3059 pro
1491 2990 1694 3044 Christi
1736 2990 1954 3044 nomine
1984 3004 2126 3042 mar-

549 3084 743 3154 tyrium
771 3081 985 3151 pertuli.
1011 3079 1128 3147 Quo
1159 3081 1322 3144 dicto,
1355 3080 1643 3149 disparuit.

2089 425 2561 506 ΗΠΝΕΑΒΟΒυΜ,
2584 434 2785 491 REGIS

1954 515 2147 599 milites
2174 524 2216 582 Α

3581 446 3661 505 txtl

2243 545 2348 617 (15)
2373 560 2500 600 vero
2559 544 2756 614 oppido
2815 543 3113 598 nativitatis
3172 544 3426 600 exordium
3455 547 3605 614 habuit,
3632 566 3664 608 et

2235 651 2368 705 puer
2395 634 2508 705 (l6)
2531 635 2706 687 adhuc
2753 633 2977 704 scientia
3001 633 3357 700 grammatica:
3381 636 3489 690 artis
3510 641 3556 691 ad
3572 642 3662 709 piat:

2233 727 2470 781 imbutus
2496 733 2598 778 est.
2628 723 2813 778 Crevit
2841 722 3038 790 infans,
3095 722 3328 792 diligenti
3374 727 3558 782 nutritus
3590 733 3665 785 edn-

2231 823 2353 872 eatu
2376 831 2391 880 ;
2419 815 2533 883 qui,
2561 822 2828 868 transacta
2847 813 3098 882 pueritia,
3121 822 3386 882 postquam
3409 816 3577 882 gradum
3593 824 3666 873 ado-

2230 903 2503 960 lescentiae
2569 902 2803 972 primum
2855 902 3138 966 ascendit,
3182 909 3256 966 et,
3297 905 3548 959 convocatis
3580 921 3667 974 pret

2230 1010 2361 1051 suus
2384 993 2670 1061 Hungariaa
2689 991 3036 1062 primatibus,
3051 1007 3175 1045 cum
3203 991 3380 1046 ordine
3400 997 3668 1062 sequamini,

2231 1103 2327 1160 per
2353 1086 2661 1143 communis
2686 1084 2970 1140 consilium
3011 1083 3268 1153 colloquii
3299 1082 3449 1136 ﬁlium
3477 1100 3586 1138 suam
3604 1087 3668 1142 Stc-

2230 1184 2469 1254 phanum
2513 1187 2637 1250 post
2676 1193 2737 1234 se
2792 1185 3144 1248 regnaturum
3191 1174 3396 1244 populo.
3426 1177 3614 1244 przeleut.
3641 1191 3670 1230 rt

2231 1271 2300 1326 ad
2367 1269 2470 1325 hoc
2530 1267 2997 1325 corroborandum
3054 1281 3083 1320 a
3136 1263 3354 1335 singulis
3401 1277 3670 1320 sat-rimus

2231 1362 2431 1431 exegit.

2303 1453 2356 1508 6.
2383 1451 2512 1508 Post
2533 1451 2649 1506 btec
2681 1449 2874 1522 plenus
2897 1449 3103 1504 dierum
3150 1462 3291 1501 anno
3315 1446 3672 1502 Dominialnctr-

2233 1545 2468 1600 nationis
2488 1542 2901 1614 nougentesimo
2927 1539 3279 1607 nonagesimo
3305 1539 3502 1607 septimo
3521 1539 3594 1608 (18)
3612 1556 3670 1593 s2-

2233 1637 2338 1691 culi
2371 1651 2601 1706 nequam
2639 1649 2911 1689 :erumnas
2940 1631 3149 1688 caelesti
3197 1630 3410 1684 mutavit
3455 1631 3606 1700 gaudio.
3633 1632 3668 1685 Et

2232 1728 2421 1782 eodem
2467 1741 2611 1781 anno
2652 1726 2840 1780 beatus
2893 1724 3182 1792 episcopus
3238 1721 3534 1785 Adalbertus,
3576 1738 3669 1776 eam

2235 1816 2558 1887 praedicandi
2607 1817 2830 1870 verbum
2882 1815 3000 1881 Dei,
3030 1813 3306 1868 Prussiam
3354 1814 3598 1882 ingressus,
3630 1815 3669 1868 ib

2230 1908 2404 1978 palma
2435 1907 2679 1978 martyrii
2709 1914 2999 1962 coronatus
3029 1915 3136 1959 est.
3163 1903 3291 1959 Post
3321 1904 3497 1958 obitum
3516 1921 3669 1972 veropr

2233 1999 2330 2054 tris
2358 1998 2687 2068 Stephanus,
2721 1998 2898 2051 adhuc
2928 1997 3268 2059 adolescens,
3295 1994 3457 2050 favore
3478 1997 3668 2064 principal

2229 2096 2284 2142 et
2309 2087 2482 2157 plebis
2511 2087 2562 2140 in
2590 2086 2764 2156 patris
2795 2086 2990 2141 solium
3021 2083 3362 2138 laudabditer
3381 2084 3667 2154 proiectosln.

2229 2176 2426 2249 actus],
2457 2185 2517 2231 et;
2543 2164 2838 2231 ardentiori
2882 2176 3066 2229 animo
3095 2176 3264 2244 carpit
3316 2175 3522 2228 veritatis
3555 2190 3668 2243 prop:-

2228 2283 2384 2340 gator
2433 2270 2689 2334 existere,
2735 2268 2888 2338 quia,
2922 2268 3176 2338 quamvis
3223 2266 3544 2322 adolescentia:
3580 2269 3666 2319 anuis

2228 2359 2464 2426 ﬂoreret,
2497 2375 2604 2414 non
2641 2368 2822 2413 tamen
2872 2373 2967 2413 cor
2990 2359 3042 2412 in
3067 2373 3188 2422 ore,
3213 2359 3305 2412 sed
3328 2373 3384 2412 os
3409 2357 3452 2408 in
3472 2357 3588 2410 corde
3618 2357 3666 2406 ha-

2227 2451 2409 2506 bebat.
2467 2450 2873 2520 Scripturarmn
2934 2449 3262 2513 divinarum,
3319 2446 3666 2518 quibusappria:

2225 2539 2511 2610 ﬂagrabat,
2564 2555 2671 2595 non
2705 2540 3011 2606 immemor,
3056 2538 3323 2607 judicium
3359 2548 3408 2590 et
3436 2537 3666 2606 justiiinnia

2225 2631 2398 2686 oculis
2427 2631 2786 2699 proponebat,
2831 2638 2883 2684 et
2933 2628 3089 2697 juxta
3136 2628 3266 2682 illud
3302 2625 3577 2682 Salomonis:
3607 2627 3665 2676 Διι-

2225 2721 2372 2774 diens
2391 2720 2704 2788 sapientiam
2732 2719 3019 2789 sapientior
3070 2719 3192 2783 erit,
3214 2728 3260 2770 et
3291 2717 3532 2785 intelligent
3561 2714 3667 2778 gaia-

2227 2811 2416 2865 nacula
2467 2808 2991 2881 possidebitﬂProv.
3037 2825 3076 2875 ι,
3113 2808 3198 2878 5).
3237 2807 3292 2861 lu
3332 2805 3536 2860 omnibus
3561 2802 3665 2868 iter:

2226 2903 2495 2958 mandatis
2541 2903 2635 2957 Dei
2687 2903 2858 2958 ﬁdelis
2889 2903 3236 2971 dispensator
3262 2901 3486 2960 existens,
3520 2897 3611 2964 apul

2226 2995 2395 3064 cwpit
2450 2995 2699 3048 meditari
2744 2994 2980 3063 qualiter
3037 2993 3340 3063 subjectum
3385 2990 3469 3044 sibi
3510 2987 3664 3057 pepulisti

2226 3084 2382 3137 unius
2407 3084 2496 3138 Dei
2527 3084 2692 3136 cultui
2738 3084 3091 3152 manciparet.
3148 3082 3256 3137 Sed
3286 3082 3399 3151 quia
3420 3078 3664 3149 perpaulch

617 3174 672 3229 5.
704 3173 962 3229 Nascitur
1022 3172 1228 3226 interea
1283 3172 1572 3242 praedictus
1623 3187 1652 3225 a
1704 3171 1930 3226 Domino
1983 3171 2122 3225 ﬁlius
2151 3198 2192 3254 α
2226 3177 2280 3230 id
2324 3175 2526 3245 absque
2575 3175 2871 3230 vicinarum
2927 3177 3172 3245 gentium
3220 3170 3663 3236 Ccttsideratieuetlftj

547 3266 800 3336 principi,
823 3279 1007 3336 quem,
1032 3265 1322 3319 secundum
1353 3264 1691 3336 pr0phetam,
1723 3275 2008 3334 antequam
2068 3265 2121 3318 in

547 3364 701 3416 utero
725 3359 1118 3429 conciperetur,
1168 3356 1427 3411 Dominus
1477 3357 1664 3422 novit;
1713 3365 1769 3411 et
1812 3358 1918 3424 cui,
1972 3364 2122 3410 ante-

542 3465 710 3524 quam
738 3461 1076 3519 nasceretur,
1123 3466 1219 3520 per
1261 3457 1716 3519 protomartyrem
1745 3463 1899 3502 suum
1925 3463 2121 3502 nomen

543 3543 758 3598 indidit.
783 3542 934 3597 llune
955 3543 1062 3598 Deo
1082 3541 1308 3597 dilectus
1329 3539 1652 3594 Adalbertus
1672 3538 1954 3609 epiSCOpus
1978 3538 2124 3593 chri-

545 3635 703 3690 smali
743 3636 1066 3704 baptismate
1104 3629 1398 3688 secundum
1456 3630 1797 3685 credulitatis
1833 3646 1944 3684 suae
1983 3629 2122 3684 veri-

545 3734 711 3780 tatem
735 3726 974 3781 intiuxit.
995 3725 1196 3780 Nomen
1221 3723 1322 3778 sibi
1343 3722 1652 3792 impositum
1683 3729 1766 3776 est
1792 3720 2118 3790 Stephanus,

546 3817 689 3885 quod
715 3816 950 3870 alienum
987 3832 1018 3870 a
1048 3815 1278 3870 consilio
1334 3814 1429 3868 Dei
1473 3813 1644 3868 fuisse
1673 3829 1780 3868 non
1830 3813 2118 3867 credimus.

549 3908 851 3975 Stephanus
873 3907 1066 3977 quippe
1096 3907 1280 3962 Graece
1302 3923 1492 3960 corona
1521 3913 1679 3960 sonat
1701 3904 1910 3959 Latine.
1942 3905 2118 3974 Ipsum

546 3993 763 4062 quidem
787 3995 916 4048 etin
949 3995 1050 4049 hoc
1103 3995 1299 4050 saeculo
1353 4007 1614 4049 coronare
1673 3993 1812 4049 Deus
1843 3993 2010 4048 voluit
2053 3992 2121 4048 ad

547 4085 698 4154 regni
748 4086 1072 4155 potentiam,
1098 4095 1153 4140 et
1198 4087 1249 4140 in
1297 4086 1477 4141 futuro
1522 4101 1720 4140 corona
1772 4085 2121 4140 beatitudinis

545 4189 760 4244 semper
784 4176 1054 4230 manentis
1098 4175 1366 4231 redimere
1409 4177 1665 4239 decrevit,
1721 4176 1786 4229 ad
1819 4176 2119 4245 percipien-

545 4265 668 4319 dam
697 4266 819 4319 vita:
848 4263 990 4336 jugis
1024 4265 1422 4322 indcﬁcieutem
1472 4265 1720 4334 gloriam.
1760 4263 2118 4334 Slrigouieusi

542 4417 659 4487 roni
687 4415 886 4487 Clu-isti
908 4434 928 4482 ;
961 4432 1080 4471 nam
1103 4416 1424 4474 Adalbertus
1445 4417 1620 4472 minus
1648 4417 1865 4487 proprie
1895 4427 2118 4472 vocatur

540 4486 642 4556 tiro
673 4485 890 4556 Christi,
912 4502 1033 4540 cum
1061 4497 1207 4541 esset
1227 4489 1528 4556 episcopus.

577 4627 586 4638 .
613 4551 877 4638 (ξω-νοις
917 4551 1296 4638 gentis__deerat
1322 4558 1373 4611 in
1401 4551 1656 4623 editione,
1687 4564 1848 4626 atque
1871 4555 1991 4611 ideo
2020 4572 2117 4611 un-
2145 4551 2194 4611 D
2213 4574 2404 4638 rornm
2439 4573 2453 4622 ;

539 4625 631 4682 cis
651 4625 909 4678 inclusam
933 4626 1108 4679 addidi
1140 4641 1205 4679 ex
1233 4643 1332 4682 ms.

613 4695 724 4767 (η)
764 4693 982 4767 Phrasis
1011 4703 1092 4749 est
1116 4697 1370 4767 mendosa
1424 4697 1474 4750 in
1501 4696 1735 4750 editione
1765 4713 1917 4767 aeque
1967 4714 2030 4754 ac
2053 4700 2108 4753 in

539 4763 641 4819 ms.
673 4763 864 4818 Surius
885 4766 1082 4837 habet;
1117 4763 1223 4818 Per
1245 4776 1481 4818 sanctum
1514 4768 1806 4835 episcopum
1829 4763 1964 4837 fiunt
1987 4786 2110 4822 cau-

539 4838 711 4888 cioncs
735 4851 754 4898 ;
779 4844 936 4901 atque
958 4836 1031 4888 ita
1070 4835 1347 4902 legendum
1377 4844 1556 4903 putem

611 4903 720 4974 (l2)
745 4904 934 4957 Surius
956 4905 1272 4969 ambulabat,
1303 4916 1359 4958 ut
1386 4920 1572 4958 revera
1607 4905 1836 4960 habetur
1860 4906 2008 4961 Isaiae
2028 4923 2103 4960 1x.

608 4973 717 5043 (15)
744 4973 986 5041 (locptam
1015 4989 1131 5027 esse
1159 4974 1527 5042 Hungarorum
1549 4977 1957 5030 conversionem
1982 4987 2106 5031 ante

538 5045 822 5097 adventum
851 5044 1138 5105 Adalbcrti,
1173 5043 1280 5110 jam
1312 5045 1604 5096 insinuavit
1650 5055 1838 5098 auctor
1870 5062 2015 5098 num.
2048 5047 2101 5110 5,

537 5123 591 5166 ct
629 5128 733 5184 nos
766 5113 1099 5184 ostendimus
1140 5114 1652 5184 inUCoI‘nmentario
1688 5115 1714 5184 ς
1749 5115 1798 5168 7.
1847 5115 2100 5169 Attamen

538 5182 851 5251 imperfecta
884 5182 982 5235 fuit
1007 5184 1178 5251 prima
1211 5182 1298 5234 illa
1327 5185 1625 5247 conversio,
1657 5182 1713 5238 et
1741 5199 1807 5237 ne
1829 5199 1924 5252 per
1943 5185 2104 5238 Adal-

534 5254 746 5306 bertutn
783 5252 996 5320 quidem
1047 5253 1179 5306 satis
1215 5254 1450 5320 perfecte
1497 5254 1744 5308 conversi
1781 5262 1905 5308 sunt
1949 5255 2096 5307 lluu-

535 5324 672 5392 gari,
704 5333 759 5374 ut
788 5323 988 5392 dictum
1024 5321 1050 5391 §
1084 5322 1164 5392 'l70.

609 5392 716 5459 (i4)
757 5391 832 5444 l\’e
859 5393 996 5444 hanc
1025 5391 1238 5459 quidem
1278 5392 1536 5445 visionem
1567 5392 1932 5446 incredibilem
1962 5409 2102 5456 esse,

535 5463 628 5513 sed
650 5461 862 5514 aliunde
911 5461 1086 5529 potius
1112 5461 1340 5523 ﬁrmari,
1374 5463 1582 5516 ostendi
1612 5473 1800 5516 contra
1851 5464 2105 5518 crimina-

536 5530 710 5603 tiones
739 5532 1054 5603 Selivv'at'tzii
1087 5533 1138 5585 in
1169 5533 1566 5603 Coimnentario
1597 5532 1623 5603 §
1666 5533 1748 5584 l0.

605 5599 731 5721 (15).
762 5601 1113 5670 Strigonium,
1165 5602 1322 5668 vulgo
1353 5601 1517 5665 Gl'tm,
1551 5599 1680 5656 urbs
1709 5611 1791 5656 est
1835 5604 2107 5674 archiepi-

605 5683 691 5721 ma
721 5686 732 5721 I
761 5671 1020 5721 diunitatc
1051 5687 1080 5721 ξι
1126 5672 1182 5721 S.
1233 5673 1508 5721 Stcnlmno
1539 5672 1730 5721 deinde
1758 5683 1969 5721 ornata.
2008 5692 2105 5721 ea-

532 5669 732 5736 scOpali
761 5669 1020 5739 dignitate
1051 5687 1080 5723 a
1126 5672 1182 5725 S.
1233 5673 1508 5739 Stephano
1539 5672 1730 5725 deinde
1758 5683 1970 5736 ornata,
2008 5669 2105 5729 ea-

531 5754 637 5806 que
666 5740 955 5793 etiamnum
986 5743 1198 5810 gaudet.
1228 5742 1341 5796 Sita
1366 5750 1448 5795 est
1478 5742 1542 5795 ad
1568 5743 1870 5798 Danubium
1893 5754 1947 5798 ct
1976 5745 2107 5800 satis

525 5824 602 5862 .110
611 5820 681 5861 ta.

2225 3265 2449 3318 minime
2475 3264 2592 3318 ﬁeri
2627 3280 2807 3333 posse,
2840 3280 3029 3334 pacem
3079 3280 3204 3318 cum
3235 3275 3502 3318 exterarum
3538 3257 3664 3327 prmit-

2225 3356 2429 3411 ciarum
2463 3356 2671 3426 populis
2700 3357 2911 3411 habens
2935 3357 3068 3428 (-20),
3122 3365 3180 3410 et
3219 3356 3430 3414 ﬁdeliter
3472 3351 3663 3406 institutas

2224 3449 2500 3504 roboravit
2559 3447 2745 3514 ﬁdem,
2775 3455 2835 3502 ut
2887 3463 2952 3501 eo
3003 3447 3269 3512 securius,
3320 3445 3444 3514 quod
3483 3443 3662 3496 irruente

2227 3541 2513 3604 tractabat,
2543 3551 2598 3595 et
2652 3542 2704 3596 in
2733 3539 2939 3595 novella
3000 3540 3332 3609 plantatioue
3373 3530 3662 3591 Christianitati

2223 3630 2503 3700 expellere
2532 3628 2822 3684 suﬁiceret.
2872 3630 2978 3683 Sed
3030 3629 3370 3683 adversarius
3420 3626 3543 3678 totius
3577 3621 3662 3672 lmi-

2227 3723 2391 3786 tatis,
2443 3721 2659 3774 invidia:
2724 3722 2917 3790 p'enus
2977 3729 3032 3775 et
3091 3719 3355 3783 malitiae,
3403 3713 3662 3773 diabolus,t:t

2223 3812 2399 3867 sancti
2444 3811 2645 3866 Christi
2696 3811 2887 3866 tironis
2935 3812 3272 3880 propositum
3323 3807 3590 3862 disturbaret.
3619 3800 3660 3850 ia-

2226 3902 2418 3964 testina
2443 3900 2578 3955 bella
2627 3910 2812 3956 contra
2863 3916 2985 3955 eum
3017 3900 3329 3963 commovit,
3371 3895 3566 3967 quoniam
3599 3888 3662 3955 tjtb'

2223 3993 2479 4049 instinctu
2505 3993 2656 4064 plebs
2685 3992 2921 4061 gentilis,
2965 3992 3289 4047 Christian-.e
3321 3989 3428 4043 ﬁdei
3464 3986 3558 4055 jugo
3585 3979 3658 4033 wild

2224 4083 2543 4139 submittere
2566 4097 2818 4146 renuens,
2853 4098 2974 4136 cmn
3007 4081 3338 4151 principibus
3373 4077 3471 4140 suis
3504 4090 3526 4126 α
3560 4068 3658 4124 donn-

2222 4175 2314 4229 nio
2345 4174 2456 4244 (“2.1)
2481 4173 2647 4243 ipsius
2675 4188 2732 4228 se
2763 4173 3084 4228 subtrahere
3113 4173 3464 4228 moliebantur.

2294 4265 2347 4321 7.
2385 4264 2676 4335 Coeperunt
2704 4263 2846 4318 enim
2893 4264 3056 4318 urbes
3104 4262 3222 4332 ejus
3275 4258 3502 4319 desolare,
3542 4245 3657 4320 pretii:

2293 4417 2402 4488 (l6)
2441 4417 2741 4472 Mirandum
2790 4417 3003 4486 quidem
3062 4417 3295 4482 videtur,
3335 4421 3503 4488 tanta!!!
3530 4405 3655 4488 lini“?

2222 4476 2424 4544 Latina:
2467 4503 2651 4542 curam
2699 4502 2763 4540 eo
2792 4476 3032 4556 tempore
3080 4489 3250 4542 fuisse
3281 4476 3492 4556 principi
3530 4476 3656 4556 “tibi:

2505 4573 2604 4612 nec
2655 4567 2832 4610 tamen
2887 4545 3264 4620 dubitandum,
3298 4545 3423 4623 'quin
3453 4545 3654 4623 ’διεξνδίξῐξῖδ

2213 4609 2408 4683 Latino
2435 4609 2685 4681 sermone
2715 4609 2846 4700 puer
2883 4627 2953 4680 sit
2977 4609 3410 4700 :imbutus,’_c'um
3449 4609 3578 4700 ntulit
3593 4609 3652 4700 liii-1
3740 4697 3741 4700 η

2211 4715 2309 4753 suo
2343 4706 2626 4765 praerepta,
2653 4686 2924 4764 multaque
2960 4686 3255 4764 diplomata
3278 4694 3445 4765 Latine
3464 4686 3626 4765 (μετιῇ

2283 4756 2396 4838 (l7)
2443 4756 2634 4820 Serius
2661 4783 2687 4838 ;7
2714 4783 2732 4814 ι
2771 4756 3095 4838 ΡειίθιχρῙιιε
3135 4761 3432 4838 convocavit
3474 4756 3652 4838 “ungit?

2209 4827 2486 4908 proceres,
2515 4845 2568 4888 et
2599 4836 2834 4903 reliquos
2854 4827 3094 4889 ordines.
3126 4854 3143 4886 ι
3177 4835 3341 4908 Linum
3367 4843 3468 4908 cum
3503 4827 3652 4908 P'l‘ﬂ’f:

2209 4889 2610 4961 busiordinem
2669 4889 3021 4959 conv-oculum
3073 4907 3150 4958 ait
3190 4889 3650 4973 biographus,‘plm$
3740 4911 3741 4973 η

2207 4990 2491 5045 perperam
2519 4977 2834 5042 proceribus
2861 4976 3106 5042 adjunxit
3135 4975 3342 5045 Surius.
3499 5033 3520 5045 ν,
3563 5036 3587 5045 Α
3618 5022 3633 5045 _.

2279 5031 2389 5116 (i8)
2442 5031 2534 5116 De.
2564 5046 2666 5098 hoc
2712 5059 2855 5097 anno
2887 5031 3173 5098 eiuortuali
3229 5044 3423 5116 Geynsaz,
3465 5031 3647 5116 elicis;

2204 5093 2502 5178 totum,
2559 5093 3380 5183 deasciari“;“satirae;is
3411 5093 3548 5183 an:
3572 5093 3647 5183 θυμέ-

2205 5164 2414 5252 narrare
2435 5164 2615 5252 grai;
2629 5164 2941 5253 causam
2951 5164 3009 5236 12.;
3020 5164 3178 5237 ἐδίιῖ
3195 5164 3329 5237 ne...
3360 5179 3384 5250 §
3420 5175 3485 5228 te.
3505 5164 3645 5254 Sen:

2204 5240 2344 5309 nuni
2369 5240 2495 5306 tunc
2521 5255 2689 5308 fuisse
2708 5240 2978 5307 'tredecim
3015 5255 3232 5308 circiter
3255 5262 3339 5305 aut
3359 5240 3644 5316 t'juatuonle:im

2207 5338 2492 5385 annorum,
2519 5324 2720 5376 dictum
2761 5332 2842 5377 est
2874 5339 3019 5375 num.
3061 5324 3184 5376 19.2.

2277 5394 2387 5463 (l9)
2430 5383 2619 5463 Surius
2663 5394 2842 5458 habet,
2875 5394 3321 5461 confazderatione,
3347 5399 3438 5458 quo
3463 5383 3641 5434 seusuﬂ‘

2208 5461 2323 5516 olor
2356 5461 2750 5530 iutelligemlus.

2281 5509 2392 5601 (20)
2916 5531 3058 5599 fecit,
3106 5533 3354 5586 aberrans
3378 5543 3402 5580 a
3426 5509 3637 5601 mentea?

2213 5581 2415 5664 ιιιῖιὶιὶῗ,
2438 5581 2832 5668 opinor';rnam
2863 5581 3114 5656 existimo
3143 5581 3493 5655 ~Iun-ient‘antum

2210 5687 2288 5734 se,
2320 5661 2960 5740 St¥pliauumroborasse
2988 5688 3176 5741 pacem
3207 5689 3235 5726 a
3271 5680 3404 5740 patre
3422 5675 3510 5718 cum
3529 5661 3637 5707 natm

2211 5742 2418 5798 initam.

2305 5813 2396 5882 21)
2424 5811 2475 5864 lu
2507 5811 2759 5880 editione,
2800 5828 2960 5883 quam
3002 5813 3133 5869 alias
3171 5824 3370 5882 sequor,
3398 5801 3544 5873 legitur
3561 5789 3635 5840 άέη·
