3816 6322
22 305 222 366 121⁸5

1582 307 1760 370 VITA.

3226 323 3360 378 iii!

19 435 330 494 vastare,
366 422 740 496 possessiones
790 422 1108 496 deprtedari,
1140 441 1324 484 servus
1345 421 1576 492 euadere,
1600 435 1674 493 et,
1706 431 1756 487 Α
1786 425 2054 497 spirituali
2113 430 2206 502 [in
2233 448 2330 485 ms.
2365 431 2610 505 speciali]
2642 431 2904 503 repletus,
2957 431 3120 490 totius
3163 437 3360 506 ingenii

26 523 112 568 ut
143 525 366 571 caetera
395 515 605 582 sileam,
638 517 738 587 ipsi
771 517 1067 576 insultare.
1115 521 1357 591 Cumque
1403 517 1678 578 declinare

31 609 128 662 de
167 608 271 662 via
299 623 396 663 sua
430 625 688 679 perversa
730 610 954 676 nollent,
984 627 1084 668 nec
1112 613 1264 669 furor
1290 629 1479 670 eorum
1508 616 1676 671 satia-

30 705 259 764 retur,
295 700 402 754 dux
442 701 557 770 ipse
605 701 889 756 conlidens
917 701 984 758 de
1010 712 1212 760 aeterna
1248 707 1445 761 virtute
1489 706 1556 762 ad
1587 722 1678 762 su-

33 790 384 858 perandam
407 791 644 845 hostium
675 792 882 847 rabiem
918 809 1042 849 cum
1090 794 1437 850 multitudine
1463 796 1674 850 exerci-

37 888 162 934 tus
186 895 285 933 sut
319 882 418 934 sub
438 879 637 934 vexillo
666 880 777 936 Deo
807 881 989 937 dilecti
1014 884 1283 953 pontiﬁcis
1315 883 1525 939 Martini
1557 899 1678 939 san-

35 971 272 1040 ctique
295 972 554 1044 martyris
583 971 801 1042 Georgii
829 975 1118 1043 processit.
1155 973 1266 1031 Illis
1292 975 1436 1030 forte
1487 975 1676 1031 diebus

31 1063 300 1129 urbem,
333 1077 453 1132 qua:
477 1063 636 1134 vulgo
658 1064 910 1133 Vesprini
935 1073 1300 1136 nuncupatur,
1329 1067 1675 1134 obsederunt,

36 1161 114 1208 et
151 1155 286 1209 haec
314 1155 381 1208 ad
412 1157 654 1210 convicia
693 1156 811 1226 ejus
860 1169 1285 1224 commoventes,
1333 1159 1564 1238 scilicet,
1619 1169 1676 1215 ut

37 1245 140 1300 ibi
184 1245 358 1318 [forte
386 1247 499 1320 ubi]
533 1248 743 1304 ducalis
779 1264 1032 1306 accessus
1077 1237 1420 1306 conversatio
1449 1251 1678 1308 habeba-

41 1347 181 1401 tur,
215 1348 276 1392 et
305 1337 380 1392 ibi
407 1340 761 1395 considerent
789 1356 894 1410 quo
910 1341 1122 1398 facilior
1152 1343 1433 1414 ingressus
1456 1344 1524 1399 ad
1573 1343 1677 1400 alia

46 1432 337 1500 praesidia
365 1433 681 1502 occupanda
716 1433 1072 1489 inveniretur.
1121 1435 1242 1505 Ipse
1295 1451 1445 1504 vero,
1496 1437 1675 1492 divina

47 1531 364 1593 praeeunte
425 1524 736 1591 clementia,
785 1526 1041 1580 adversus
1085 1539 1180 1582 eos
1225 1527 1589 1592 consurrexit,
1623 1537 1682 1583 et

54 1617 167 1671 hic
204 1617 263 1669 in
299 1616 429 1683 fide,
458 1617 534 1671 illi
566 1632 698 1672 vero
750 1627 955 1671 tantum
987 1617 1039 1672 in
1106 1619 1273 1673 armis
1323 1619 1676 1686 conﬁdentes,

48 1709 342 1776 utrinque
370 1708 808 1764 decertavcrunt.
835 1707 1074 1764 Tandem
1111 1709 1359 1765 hostibus
1407 1711 1586 1775 victis,
1623 1721 1678 1765 et

50 1816 130 1855 ex
162 1809 336 1869 parte
391 1801 548 1856 caesis
604 1810 658 1856 et
686 1817 751 1856 ex
786 1811 938 1870 parte
964 1802 1136 1872 captis
1177 1811 1235 1856 et
1270 1801 1526 1873 alligatis,
1569 1802 1674 1857 dux

49 1894 264 1946 victor
296 1909 422 1947 cum
474 1894 587 1948 suis
609 1894 852 1948 victorim
890 1894 1029 1949 dona
1087 1894 1404 1965 reportavit.
1436 1892 1681 1966 Quapro-

52 1994 205 2056 pter
238 1985 309 2040 de
337 1987 772 2055 possessionibus
795 2001 1006 2054 eorum,
1039 1999 1148 2041 tam
1174 1988 1228 2040 in
1261 1987 1406 2057 agris
1436 2002 1595 2055 quam
1624 1986 1678 2040 in

54 2078 227 2132 villis
258 2119 273 2141 ,
332 2077 610 2147 sapienter
655 2076 1008 2147 dijudicavit,
1065 2092 1173 2132 non
1227 2077 1368 2131 sicut
1407 2076 1678 2146 quondam

57 2169 234 2232 Saul,
265 2170 358 2236 qui
391 2170 609 2224 devicto
636 2168 896 2223 Amalech
939 2168 1002 2223 de
1045 2167 1233 2238 spoliis
1274 2167 1410 2236 ejus,
1461 2167 1680 2223 domino

61 2261 434 2331 prohibente,
475 2261 700 2316 meliora
725 2261 1007 2332 elegerat;
1053 2261 1171 2326 sed,
1226 2262 1480 2330 quoniam
1539 2259 1679 2313 Pan-

63 2351 254 2405 nottia
305 2350 450 2405 beati
483 2350 762 2419 pontiﬁcis
786 2349 1005 2405 Martini
1059 2351 1345 2406 nativitate
1395 2350 1674 2420 gloriatur,

63 2443 244 2511 cujus
303 2442 465 2495 etiam
518 2442 990 2512 patrocinantibus
1055 2443 1265 2498 meritis
1319 2442 1417 2498 V'ir
1463 2442 1678 2496 Christo

65 2533 104 2589 ﬁ
139 2534 288 2598 .clis,
323 2543 382 2586 ut
426 2534 539 2604 jam
589 2534 790 2588 dictum
820 2543 925 2600 est,
977 2537 1042 2590 de
1097 2534 1344 2590 hostibus
1393 2534 1677 2589 victoriam

65 2624 492 2692 deportaverat,
531 2624 664 2678 nihil
696 2624 763 2679 de
791 2624 953 2680 rebus
979 2641 1164 2680 eorum
1212 2627 1279 2680 ad
1307 2641 1444 2696 opus
1479 2627 1561 2681 sui
1596 2641 1679 2681 re-

69 2728 333 2779 servans,
368 2714 563 2769 merito
605 2731 726 2769 cum
758 2716 1048 2786 theophilis
1076 2717 1310 2772 consilio
1341 2718 1475 2788 (2‘2),
1522 2717 1678 2786 juxta

74 2803 318 2857 fundum
353 2805 531 2859 sancti
588 2806 840 2875 praesulis
886 2807 941 2860 in
993 2806 1133 2874 loco,
1163 2807 1253 2876 qui
1296 2807 1464 2863 Sacer
1490 2807 1678 2863 Modus

99 2899 203 2968 ‘25)
237 2898 462 2964 dicitur,
492 2899 584 2952 ubi
617 2909 842 2954 sanctus
887 2898 1178 2965 Martinus,
1226 2900 1353 2955 dum
1397 2879 1574 2956 adhuc
1623 2902 1677 2955 in

71 2988 371 3042 Pannonia
414 2989 659 3059 degeret,
710 2991 979 3046 orationis
1005 2991 1106 3046 sibi
1157 2991 1334 3045 locum
1379 2993 1681 3064 assignare-

73 3088 195 3142 rat,
257 3079 310 3132 in
341 3079 498 3132 titulo
529 3079 700 3150 ipsius
732 3081 1120 3135 monasterium
1152 3092 1462 3138 construere
1489 3085 1670 3152 cmpit,

71 3167 527 3238 possessionibus
587 3178 642 3224 et
691 3169 994 3226 redditibus
1063 3179 1284 3227 cunctos
1346 3171 1675 3228 sulIicienter

74 3259 299 3322 ditavit,
332 3268 386 3314 et
442 3259 616 3329 ipsius
667 3259 926 3331 sullragio
981 3261 1156 3316 simile
1208 3263 1339 3318 fecit
1387 3265 1674 3334 episcopis,

74 3351 430 3406 constituens
508 3366 576 3406 ex
631 3352 883 3408 omnibus
932 3367 1120 3408 eorum
1171 3352 1521 3409 facultatibus
1566 3365 1676 3410 tam

75 3442 309 3496 Strictas
339 3443 579 3497 decimas
601 3443 718 3497 dari
751 3453 809 3497 ut
838 3443 884 3496 si
916 3444 1003 3498 cui
1035 3444 1221 3498 decem
1251 3444 1450 3499 liberos
1476 3446 1676 3501 habere

76 3531 446 3602 contingeret,
493 3533 756 3589 decimam
790 3533 996 3608 prolem
1028 3532 1212 3589 Sancti
1251 3534 1466 3590 Martini
1497 3551 1675 3592 emno-

71 3622 179 3679 bio
209 3623 374 3679 daret.

1708 1772 1752 1830 B

736 3718 962 3774 CAPUT
991 3718 1054 3772 II.

85 3805 622 3879 Currapromovenda:
672 3809 960 3879 religionis,
998 3821 1046 3864 et
1086 3810 1378 3868 multorum
1433 3831 1673 3869 accessus

165 3878 218 3930 in
249 3877 594 3954 "angariant,
615 3877 1542 3954 causti'uctuutmonasterium,erecti
1569 3888 1677 3954 epi-

165 3960 432 4021 scopulus,
455 3951 643 4002 missus
670 3947 890 4021 Romam
946 3950 1145 4020 legatus
1190 3955 1280 4021 qui
1319 3947 1566 4008 coronam
1594 3947 1675 4008 re-

164 4018 298 4087 giam
322 4019 590 4095 multaque
616 4019 888 4095 privilegia
918 4038 949 4073 α
971 4018 1214 4090 pontiﬁce
1244 4024 1452 4088 obtinet,
1481 4027 1674 4095 nuptias

168 4104 283 4140 cum
315 4087 486 4142 αἰδοία
519 4105 582 4142 ac
610 4087 697 4158 pia
726 4087 996 4160 utriusque
1026 4087 1201 4161 opera.

167 4183 223 4236 8.
270 4180 502 4238 Devictis
551 4197 683 4254 ergo
729 4182 996 4251 hostibus,
1027 4184 1228 4242 Christi
1265 4186 1434 4257 miles
1479 4188 1674 4258 gaudio

87 4353 186 4390 no.
221 4333 281 4389 At
309 4350 427 4390 cum
454 4335 658 4391 clarum
689 4336 762 4392 sit
788 4335 1064 4403 mendum,
1110 4352 1180 4393 ex
1230 4355 1333 4396 ms.
1358 4355 1546 4398 vocem
1575 4345 1673 4398 do-

87 4405 255 4458 minio
282 4405 552 4460 snbstitui.

172 4475 276 4545 (9.2)
307 4476 516 4541 Sui-ins,
553 4495 570 4527 t
602 4492 667 4530 ex
696 4476 790 4531 Dei
817 4477 1115 4532 amantium
1139 4480 1386 4535 consilio.
1413 4500 1432 4534 ι
1467 4482 1673 4539 Auctor
1698 4476 1750 4537 D

93 4548 320 4618 fortasse
345 4547 740 4618 seripsit,_inito
767 4565 883 4601 cum
921 4549 1217 4618 theophilis,
1267 4551 1319 4605 id
1371 4560 1452 4607 est
1494 4555 1672 4609 Deum

97 4617 415 4678 amantibus,
442 4616 683 4672 consilto.

175 4686 472 4759 (25)_.§‘acer
519 4687 713 4759 lliodus
755 4687 917 4759 etiam
971 4697 1057 4744 est
1098 4690 1149 4744 in
1191 4706 1319 4751 ms..
1367 4701 1421 4746 at
1473 4695 1676 4750 rectius

100 4757 236 4825 apud
278 4755 491 4810 Sitrium
539 4755 704 4810 Sacer
753 4757 954 4824 Mons;
1001 4776 1124 4813 nam
1175 4762 1248 4814 ita
1297 4774 1522 4818 vocatur
1555 4783 1672 4819 m0-

105 4828 385 4902 nasterium
441 4827 499 4882 S.
548 4827 766 4902 Martini
822 4830 892 4902 ibi
945 4830 1249 4902 fundatum,
1311 4834 1374 4887 de
1412 4850 1518 4902 quo
1556 4835 1674 4890 fuse

111 4898 192 4967 egi
239 4899 283 4950 in
327 4899 534 4952 Comm.
584 4897 612 4968 §
671 4899 762 4963 15,
811 4899 901 4952 ubi
953 4900 1157 4954 videbit
1207 4897 1672 4960 lectormonaste-

109 4969 238 5023 rium
263 4968 402 5023 istud
445 4969 559 5040 jam
582 4979 820 5039 coeptum
857 4970 1100 5025 construi
1159 4981 1288 5025 ante
1315 4973 1456 5029 hanc
1505 4977 1673 5031 victo-

108 5053 248 5093 nam.

181 5108 410 5185 (2_i)__De
460 5117 629 5185 gestis
681 5110 842 5181 hujus
896 5109 1160 5185 Bonifacit
1218 5122 1470 5185 martyris
1517 5115 1670 5185 plura

110 5181 236 5247 apud
261 5178 714 5254 aliosscriptores
740 5178 876 5254 non_
905 5181 1138 5254 invenio,
1171 5197 1334 5251 quam
1359 5178 1453 5254 hic
1483 5178 1673 5254 legun-

113 5260 224 5321 tur;
245 5264 362 5301 nam
391 5249 631 5321 breviter
651 5251 718 5306 de
754 5265 820 5306 eo
845 5250 1124 5306 Boniinius
1155 5249 1278 5321 pag.
1331 5253 1452 5307 174.
1482 5249 1670 5310 1ηέὴο-

109 5320 183 5373 fer
208 5327 423 5373 mortem
458 5320 624 5389 ipsius
652 5321 817 5377 refert
838 5322 904 5374 ad
930 5337 1129 5375 annum
1156 5320 1316 5386 1007,
1340 5339 1403 5378 ac
1437 5326 1668 5380 triennio

107 5400 223 5444 ante
249 5391 468 5443 missum
497 5392 572 5443 ait
604 5407 635 5444 a
679 5407 802 5461 rege
836 5392 892 5446 in
932 5392 1242 5447 inferiorem
1264 5461 1271 5463 ξ
1293 5393 1662 5463 ilungariam;

106 5471 379 5529 utrumque
405 5469 617 5528 tempus
647 5477 709 5514 ex
745 5463 878 5526 sola,
911 5464 1123 5531 opinor,
1157 5461 1463 5530 conjectura
1489 5461 1665 5520 deter;

104 5531 322 5584 minans.
346 5530 549 5582 Addit:
606 5534 624 5581 ὁ
666 5532 738 5585 De
767 5533 868 5587 hoc
912 5530 1188 5586 Bonifacio
1219 5533 1352 5588 nihil
1401 5551 1461 5590 se
1508 5536 1668 5592 olfert

106 5603 155 5654 in
181 5600 588 5672 martyrologiis,
615 5609 671 5655 et
697 5601 821 5672 aliis
839 5601 1078 5657 historiis
1097 5603 1501 5672 ecclesiasticis,
1523 5607 1665 5662 unde

105 5675 267 5745 ipsum
297 5669 398 5723 sibi
431 5671 863 5745 vendicaresola
892 5682 1054 5741 queat
1083 5671 1376 5745 Ilungaria.
1401 5697 1418 5728 ι
1442 5669 1656 5738 Deinde,

106 5741 289 5817 inquit,
318 5755 388 5809 an
430 5741 663 5799 fortasse
687 5741 826 5798 idem
855 5759 960 5799 non
985 5745 1056 5812 sit
1099 5741 1232 5801 cuni
1273 5748 1330 5804 5.
1385 5746 1660 5804 Bonil'ncio

1778 520 2067 575 consilium
2095 523 2397 594 evangelici
2439 525 2678 581 decrevit
2720 521 2945 580 seminis
2972 522 3086 579 fore
3115 536 3358 596 recepta-

1777 608 1980 678 culum,
2009 610 2368 684 eleemosynis
2399 623 2454 669 et
2490 615 2831 670 orationibus
2855 630 3074 681 vacans,
3107 616 3361 686 frequen-

1779 709 1862 755 ter
1905 702 2216 772 pavimento
2265 713 2466 760 sanctae
2500 705 2691 761 domus
2747 706 3050 772 adlnerens,
3105 707 3358 778 lacrymis

1784 791 1974 849 eliusis
1994 793 2384 864 perfectionem
2411 796 2674 866 propositi
2695 797 2776 852 sui
2811 798 2920 852 Deo
2943 797 3234 863 commisit,
3256 812 3358 852 vo-

1777 878 1913 936 lenti
1967 891 2048 947 ut,
2080 883 2171 954 qui
2220 884 2338 938 sine
2391 884 2508 954 ipso
2538 885 2674 939 nihil
2706 901 2867 957 agere
2924 887 3152 953 valeret,
3183 887 3358 957 opitu-

1778 969 1922 1027 lante
1973 972 2344 1042 dispositionis
2383 973 2554 1044 ipsius
2583 975 2899 1043 expletione
2923 1017 2938 1042 ,
2970 977 3169 1031 bonum
3213 975 3358 1046 quod

1778 1064 2111 1134 cogitaverat
2161 1081 2285 1121 cum
2317 1066 2626 1137 inceptione
2654 1067 2917 1124 virtutum
2957 1069 3026 1123 ad
3051 1067 3211 1124 ﬁnem
3237 1083 3358 1138 per-

1779 1157 1981 1215 ducere
2003 1169 2209 1229 posset.
2261 1161 2344 1216 Ad
2387 1162 2489 1216 hoc
2538 1175 2668 1232 ergo
2724 1161 3092 1230 incipiendum
3128 1172 3186 1216 et
3235 1173 3358 1216 con-

1778 1247 2181 1318 summandum,
2238 1251 2496 1328 quoniam
2528 1250 2766 1306 ﬁdelium
2793 1249 3000 1306 Christi
3048 1249 3357 1306 consultum

1778 1341 2012 1398 habebat
2059 1345 2451 1410 necessarium,
2489 1345 2703 1399 nuntiis
2755 1351 2810 1400 et
2859 1343 3057 1399 litteris
3086 1343 3140 1418 in
3171 1357 3360 1398 omnes

1780 1442 1963 1502 partes
2028 1449 2184 1488 suum
2251 1434 2550 1508 divulgavit
2612 1434 2961 1489 desiderium.
3019 1433 3148 1488 Inde
3204 1433 3359 1487 multi

1778 1525 2077 1595 presbyteri
2119 1533 2174 1581 et
2206 1524 2409 1591 clerici,
2447 1525 2682 1595 Spiritus
2732 1524 3003 1580 Paracleti
3049 1525 3359 1595 compuncti

1778 1615 2109 1680 visitatione,
2141 1615 2350 1673 relictis
2403 1616 2620 1672 sedibus
2645 1617 2904 1687 propriis,
2959 1615 3237 1687 elegerunt
3263 1631 3361 1685 pro

1781 1705 2009 1762 Domino
2039 1708 2389 1779 peregrinari.
2419 1707 2656 1764 Abbates
2705 1720 2758 1765 et
2797 1710 3069 1775 monachi,
3123 1708 3197 1763 nil
3245 1723 3363 1778 pro-

1780 1797 1957 1866 prium
1987 1798 2186 1854 habere
2213 1800 2514 1869 cupientes,
2542 1802 2642 1856 sub
2667 1810 2776 1855 tam
2830 1800 3067 1872 religiosi
3103 1799 3362 1870 principis

1781 1893 2156 1948 moderamine
2183 1892 2502 1963 regulariter
2524 1894 2707 1949 vivere
2735 1893 3188 1949 deliberaverunt.
3216 1891 3363 1946 Inter

1778 2000 1914 2054 quos
1943 1985 2067 2039 vitae
2093 1984 2357 2055 regularis
2382 1984 2546 2039 Pater
2585 1985 2836 2041 Astricus
2885 2001 3006 2040 cum
3037 1985 3149 2041 suis
3195 1984 3361 2039 disci-

1778 2075 1917 2144 pulis
1947 2074 2181 2140 advenit,
2213 2089 2443 2144 quorum
2475 2089 2631 2140 unus,
2662 2075 2878 2130 nomine
2894 2073 3201 2130 Bonifacius
3222 2073 3359 2146 (24),

1781 2168 1834 2222 in
1896 2167 2016 2222 loco
2069 2165 2246 2222 Patris
2302 2167 2471 2222 abbas
2521 2167 2714 2222 deinde
2765 2167 3112 2234 constitutus,
3164 2167 3287 2221 dum
3330 2181 3361 2219 a

1780 2257 1940 2311 beato
1969 2269 2095 2326 rege
2141 2270 2304 2311 causa
2329 2257 2734 2326 praedicationis
2791 2257 2844 2311 in
2895 2257 3179 2312 inferiores
3210 2256 3361 2310 llun-

1777 2345 1940 2415 gariaa
1962 2357 2145 2414 partes
2193 2353 2337 2400 esset
2389 2344 2613 2409 missus,
2661 2345 2714 2399 in
2767 2345 3025 2401 verticem
3074 2361 3364 2417 percussus

1777 2437 1975 2506 gladio,
2003 2437 2124 2491 licet
2163 2445 2351 2505 postea
2400 2435 2795 2506 superviverct,
2849 2452 2952 2491 non
3010 2445 3092 2492 est
3121 2438 3362 2506 privatus

1777 2529 2058 2598 martyrio.
2095 2525 2366 2584 Venerunt
2391 2535 2445 2581 et
2490 2526 2580 2580 alii
2618 2525 2725 2582 duo
2764 2527 2829 2581 de
2869 2536 3013 2581 terra
3055 2527 3360 2584 l’oloniensi

1782 2618 1920 2692 (‘25),
1951 2618 2288 2675 eremiticam
2335 2617 2502 2672 vitam
2551 2633 2711 2673 causa
2751 2617 3224 2688 contemplationis
3266 2618 3365 2673 eli-

1780 2721 1986 2782 gentes,
2014 2726 2242 2781 quorum
2271 2726 2433 2776 unus,
2455 2708 2700 2767 Andreas
2747 2709 2982 2777 nomine,
3032 2724 3130 2781 per
3152 2708 3362 2766 confes-

1781 2804 1952 2858 sionis
1978 2805 2231 2858 meritum
2273 2803 2530 2874 angelicis
2582 2803 2764 2859 eboris
2799 2814 2883 2860 est
2929 2807 3245 2867 associatus,
3285 2813 3364 2860 te-

1777 2896 1948 2951 stibus
1976 2895 2362 2950 miraculorum
2416 2895 2587 2966 signis
2612 2911 2710 2965 per
2741 2896 2916 2974 ipsum
2945 2912 2974 2950 a
3009 2898 3235 2951 Domino
3282 2897 3362 2950 fa-

1778 2987 1918 3051 ctis;
1961 2987 2100 3041 alter
2147 2985 2480 3041 Benedictus
2529 3002 2626 3057 pro
2677 2986 2892 3042 Christo
2939 2989 3198 3058 sanguine
3241 2985 3362 3043 fuso

1781 3080 2205 3134 misericorditer
2235 3078 2526 3134 laureatus.

1851 3171 1904 3226 9.
1935 3171 2183 3225 Astricus
2213 3169 2379 3224 abbas
2413 3185 2537 3223 cum
2569 3184 2680 3223 su.s
2710 3174 3007 3226 nouortnce
3055 3179 3358 3240 snsecptus,

1779 3261 1846 3315 ad
1905 3261 2142 3314 radicem
2197 3259 2398 3313 Montis
2456 3258 2644 3314 Ferrei
2694 3260 3000 3315 cazttobium
3050 3261 3148 3316 sub
3207 3261 3358 3315 titulo

1779 3355 1954 3409 sancti
2002 3354 2177 3407 Patris
2226 3352 2506 3408 Benedicti
2559 3354 2911 3420 construxit,
2958 3363 3012 3410 et
3060 3355 3132 3408 ibi
3188 3370 3359 3423 usque

1777 3444 1936 3498 hodie
1983 3445 2328 3516 congregatio
2361 3445 2761 3500 monasterialis
2789 3446 3072 3516 disciplina
3125 3447 3357 3516 regulari

1776 3534 1981 3605 pollens
2017 3575 2032 3601 ,
2077 3535 2453 3604 temporalium
2515 3537 2912 3592 sustentatione
2965 3537 3240 3606 copiarum
3289 3553 3357 3592 ex

1775 3626 2046 3680 donativis
2073 3626 2246 3680 sancti
2287 3625 2440 3682 ducis
2487 3628 2953 3698 superabundans,
2998 3644 3103 3684 non
3135 3640 3217 3683 est
3259 3628 3356 3683 ali-

1776 3718 1928 3788 cujus
1949 3734 2136 3790 agens,
2165 3719 2268 3780 nisi
2299 3728 2358 3773 ut
2384 3735 2512 3774 suos
2531 3729 2586 3774 et
2608 3719 2841 3774 aliorum
2871 3722 3033 3790 pedes
3061 3721 3355 3777 secundum

1777 3811 2123 3883 Evangelium
2152 3812 2480 3881 quotidianis
2532 3812 2781 3881 precibus
2813 3822 2870 3868 et
2915 3813 3163 3885 lacrymis
3190 3813 3348 3874 lavet.

1776 3901 1909 3958 Cum
1942 3901 2028 3956 nis
2048 3901 2141 3956 Dei
2169 3916 2357 3955 servus
2384 3902 2640 3972 princeps
2690 3901 3204 3969 Christianissimus,
3256 3903 3351 3958 ali-

1777 3993 1992 4063 quando
2039 3992 2268 4047 comiter
2313 4008 2435 4047 cum
2465 3993 2737 4059 omnibus,
2793 3993 3083 4064 aliquando
3113 3994 3356 4066 singilla-

1779 4087 1874 4142 tim
1908 4099 2029 4140 cum
2060 4100 2384 4155 unoquoque
2428 4099 2640 4153 eorum,
2681 4086 3005 4155 colloquium
3036 4087 3264 4151 habens,
3296 4087 3352 4141 in

1779 4187 1888 4235 tam
1914 4177 2111 4233 divinis
2161 4177 2541 4248 conspectibus
2591 4191 2649 4233 se
2676 4177 3005 4248 probabilem
3035 4177 3264 4232 reddidit
3292 4183 3352 4232 ut

1777 4348 2040 4408 martyre,
2065 4337 2123 4393 S.
2159 4337 2445 4392 Romualdi
2472 4337 2778 4408 discipulo,
2809 4338 2902 4407 qui
2934 4337 2986 4391 in
3030 4337 3349 4407 Martyrolo-

1777 4411 1863 4480 gio
1898 4406 2139 4464 liontano
2167 4410 2395 4462 habetur
2431 4407 2518 4480 die
2549 4409 2611 4480 10
2640 4406 2807 4474 Junii,
2828 4406 3026 4477 fuitque
3055 4406 3348 4462 sine'dabio

1777 4476 2046 4535 diversum
2090 4493 2258 4543 esse;
2314 4476 2457 4546 quod
2488 4477 2623 4532 satis
2671 4480 2884 4533 videtur
2937 4476 3166 4542 certum,
3223 4494 3346 4531 cum

1776 4550 1912 4604 alter
1965 4550 2248 4618 episcopus
2298 4556 2462 4608 esset.
2495 4557 2550 4602 et
2572 4559 2860 4604 coronatus
2910 4547 2978 4600 sit
3008 4548 3074 4618 in,
3109 4547 3298 4601 Russia
3329 4565 3343 4612 ;

1776 4620 1866 4674 hic
1905 4617 2034 4673 vero
2061 4620 2225 4689 abbas
2265 4628 2318 4672 et
2361 4618 2417 4674 in
2446 4618 2716 4689 Iiungaria
2764 4619 2988 4689 occisus.
3035 4617 3344 4689 Ilic_t:uncn

1775 4705 1896 4744 cum
1953 4689 2042 4744 illo
2064 4688 2411 4744 confunditur
2453 4690 2504 4742 in
2532 4687 2734 4751 libello,
2784 4705 2924 4742 atmo
2956 4688 3090 4742 1692
3139 4687 3346 4757 Tyrna-

1774 4762 1874 4813 vite
1914 4763 2082 4823 edito,
2131 4760 2215 4813 cui
2262 4761 2483 4813 titulus:
2520 4778 2537 4809 ι
2575 4759 2891 4829 Ilnngaricte
2918 4759 3219 4829 sanctitatis
3267 4760 3348 4811 in-

1774 4831 1911 4884 dicia
1945 4848 1957 4883 :
1989 4849 2006 4881 ι
2040 4831 2110 4883 ibi
2155 4830 2317 4888 enim,

1772 4899 2030 4954 Bonifacii
2064 4900 2273 4953 abbatis
2305 4898 2364 4952 S.
2389 4898 2625 4960 Martini,
2647 4901 2736 4966 qui
2771 4900 2820 4951 in
2845 4898 3048 4965 adjecta
3076 4899 3227 4953 icone
3259 4900 3343 4952 di-

1772 4972 1914 5024 citur
1949 4988 1967 5021 ι
2002 4986 2032 5026 a
2072 4969 2283 5023 Prussis
2320 4969 2532 5024 occisus
2580 4970 2722 5022 circa
2775 4985 2975 5022 annutn
3008 4969 3164 5034 1007,
3189 4991 3205 5021 ι
3247 4971 3342 5024 seJ

1770 5042 1889 5095 sine
1923 5039 2408 5095 verisimilitudine.

1843 5111 1958 5181 (25)
2009 5109 2243 5181 hints,
2275 5106 2530 5181 Polomw.
2579 5108 2878 5181 Bonlinius,
2930 5108 3226 5181 pagani.
3276 5109 3342 5181 de

1770 5178 1948 5236 ωερε
1976 5179 2163 5235 scribit
2212 5178 2489 5246 sequentia
2531 5196 2543 5230 :
2588 5198 2606 5229 ι
2645 5179 2770 5232 Item
2829 5194 2895 5231 ex
2951 5195 3012 5232 ea
3063 5179 3339 5233 Dalmatiae

1769 5262 1945 5321 parte,
1973 5265 2132 5318 quam
2155 5248 2426 5321 Polianam
2474 5247 2686 5321 dicunt,
2715 5249 3074 5321 (advenerunt)
3100 5250 3338 5321 eremita:

1770 5317 1877 5375 duo
1902 5337 1916 5386 ;
1952 5317 2180 5388 quorum
2205 5320 2343 5371 alter
2364 5317 2634 5382 Andreas,
2656 5317 2976 5373 Benedictus
3005 5317 3140 5372 alter
3165 5318 3341 5374 dictus

1769 5400 1873 5444 est.
1905 5390 2151 5444 Andreas
2195 5389 2318 5442 vitae
2346 5389 2630 5443 sanctitate
2661 5388 2912 5442 miracula
2955 5388 3138 5442 edidit.
3167 5389 3340 5443 Bene-

1767 5462 1962 5521 dictus,
1987 5475 2108 5514 cum
2137 5474 2232 5528 pro
2279 5459 2494 5513 Christo
2524 5459 2838 5529 sanguinem
2884 5457 3152 5521 ell'uderit,
3199 5460 3340 5513 inter

1769 5532 1922 5585 divos
1957 5539 2224 5600 martyres
2253 5539 2657 5583 annmneratns.
2680 5550 2697 5581 ι
2719 5529 2794 5582 lta
2823 5529 3047 5582 Bonlinii
3080 5529 3335 5593 Historia,

1767 5602 1812 5654 si
1850 5600 2104 5654 mendum
2132 5616 2236 5653 non
2271 5601 2567 5668 irrepserit.
2609 5602 2678 5653 At
2723 5615 2842 5652 cum
2869 5608 3078 5654 constet
3119 5607 3340 5654 sanctos

1768 5672 1888 5726 illos
1914 5669 2144 5726 I’olonos
2175 5671 2357 5732 fuisse,
2409 5687 2513 5724 non
2549 5670 2841 5734 Dalmatas,
2891 5671 3134 5738 suspicor
3161 5669 3337 5738 Bonti-

1767 5743 1916 5798 nium
1949 5741 2228 5812 scripsisse
2285 5761 2300 5791 t
2336 5758 2402 5796 ex
2427 5757 2490 5795 ea
2518 5743 2797 5798 Sarmatiae
2826 5737 2996 5812 parte,
3046 5755 3206 5809 quam
3242 5737 3336 5802 P0-

2359 4845 2478 4898 pag.
2534 4829 2656 4890 127,
2685 4827 2883 4882 texitur
2910 4830 3066 4882 breve
3111 4827 3343 4895 elogium
3428 4867 3441 4886 ,
