3916 6316
527 279 664 332 {ﬁlii
730 319 742 330 ,

527 487 892 553 converteret.
931 477 1078 546 Quos
1105 475 1235 536 vero
1269 480 1461 554 aliena:
1513 491 1808 540 sectatores
1827 486 1927 540 vis:
1956 501 2109 558 repe-

526 574 618 639 rit,
669 572 853 644 minis.
882 572 1288 643 terroribusque
1339 574 1666 647 subjugavit,
1715 578 1968 648 ipsosque
2023 595 2107 636 se-

523 661 756 716 cundum
788 660 1212 736 ecclesiasticam
1242 663 1544 720 doctrinam
1576 667 1884 738 instituens,
1915 669 2107 742 jugum

521 760 576 806 et
599 752 1100 823 legein‘disciplina:
1124 757 1421 828 suppositis
1456 757 1572 832 (26)
1601 761 1905 817 cervicibus
1952 763 2107 817 adhi-

521 842 658 906 buit,
687 858 986 918 omnesque
1024 843 1397 914 immunditias
1445 849 1713 909 malorum
1760 867 1984 923 prorsus
2009 855 2104 910 de-

519 933 736 990 struxit.
932 957 937 964 ~
1021 977 1023 980 .
1205 961 1208 964 η

591 1018 680 1074 10.
723 1019 852 1076 Post
878 1022 993 1093 haec
1039 1027 1350 1096 provincias
1381 1029 1434 1083 in
1483 1029 1946 1106 decempartitus
1989 1037 2104 1108 epi-

518 1119 794 1180 scopatus,
827 1110 1260 1182 Strigoniensem
1307 1118 1597 1176 ecclesiam
1651 1125 1992 1195 metropolim
2046 1135 2103 1184 et

517 1203 854 1276 magistram
887 1209 1354 1270 ceterarumJore
1409 1213 1714 1270 constituit.
1757 1214 2104 1289 Cognoscens

516 1306 644 1352 vero
672 1299 910 1369 prudens
937 1303 1044 1358 dux
1097 1303 1341 1374 praedicti
1370 1303 1572 1364 Astrici
1603 1308 1941 1380 religionem,
1963 1327 2124 1382 pou--

517 1383 733 1442 tiﬂcalis
761 1388 936 1460 ipsum
985 1392 1262 1462 dignitatis
1310 1393 1480 1450 infula
1507 1396 1804 1466 decoravit,
1836 1399 2100 1458 electione

515 1477 780 1533 canonica
808 1480 1242 1557 sublimavit,‘et
1295 1485 1346 1540 ei
1405 1486 1717 1545 Colocensis
1754 1491 2099 1562 episcopatus

516 1565 834 1639 dignitatem
861 1570 972 1642 (i7)
1006 1573 1280 1647 contulit.
1304 1574 1522 1648 Quarto
1563 1588 1709 1653 _post
1762 1581 1936 1650 patris
1977 1580 2118 1638 obi-.

517 1665 634 1712 tum
662 1674 804 1716 anno
831 1661 967 1733 (9.8),
999 1661 1180 1724 divina
1209 1677 1591 1726 commonente
1615 1669 1928 1738 clementia,
1949 1687 2100 1728 eum-

515 1747 639 1803 dem
664 1749 938 1806 Astricum
988 1756 1304 1826 praesulem,
1340 1759 1433 1829 qui
1462 1760 1572 1818 alio
1617 1762 1838 1818 nomine
1859 1764 2096 1820 Anasta-

512 1839 628 1896 sius
657 1841 834 1900 dictus
882 1854 987 1916 est,
1033 1847 1098 1902 ad
1130 1848 1318 1904 limina
1355 1861 1682 1929 sanctorum
1731 1855 2097 1926 apostolorum

513 1935 680 2003 misit,
703 1945 811 1992 uta
844 1944 1358 2000 successoresancti
1404 1944 1548 2001 Petri
1591 1948 1852 2019 principis
1875 1959 2097 2020 aposto-

517 2024 692 2100 lorum
725 2029 1024 2097 postularet
1050 2033 1194 2102 quod
1253 2032 1331 2106 [in
1380 2052 1481 2090 ms.
1510 2035 1627 2110 qui]
1673 2038 1899 2095 novellae
1941 2040 2100 2096 Chri-

517 2116 777 2172 stianitati
801 2129 1004 2175 exortae
1045 2122 1101 2176 in
1129 2124 1374 2197 partibus
1423 2125 1717 2200 Pannonia:
1767 2129 1976 2200 largam
2005 2134 2099 2187 be-

517 2203 877 2259 nedictionem
906 2208 1228 2280 porrigeret,
1256 2209 1689 2283 Strigoniensem
1729 2201 2012 2272 ecclesiam
2042 2219 2110 2274 in.

517 2297 860 2369 inetmpolim
886 2314 999 2356 sua:
1028 2301 1450 2374 subscriptionis
1485 2309 1812 2367 auctoritate
1838 2311 2108 2379 sanciret,

516 2395 571 2441 et
599 2387 838 2459 reliquos
887 2391 1236 2462 episcopatus
1263 2410 1359 2450 sua
1407 2395 1787 2470 benedictione
1838 2401 2095 2470 muniret,

517 2477 666 2548 regio
691 2479 855 2533 etiam
906 2481 1224 2552 dignaretur
1251 2483 1424 2554 ipsum
1475 2485 1781 2544 diademate
1813 2489 2094 2558 roborare,

517 2575 598 2632 ut,
636 2581 701 2622 eo
723 2567 889 2624 fultus
919 2571 1144 2639 honore,
1183 2583 1360 2644 coepta
1392 2589 1491 2645 per
1522 2575 1616 2631 Dei
1653 2578 1880 2646 gratiam
1915 2591 2098 2650 posset

516 2657 740 2716 solidius
768 2661 1029 2718 stabilire.

591 2751 676 2806 11.
709 2751 912 2832 Eodem
935 2752 1074 2811 forte
1107 2764 1347 2828 tempore
1377 2758 1596 2833 Myscba
1629 2764 1954 2821 Polonorum
1988 2769 2094 2822 dux

517 2842 885 2899 Christianam
940 2845 1220 2916 amplexus
1256 2848 1416 2906 fidem
1471 2869 1591 2909 cum
1634 2857 1768 2922 suis,
1820 2858 2000 2914 missis
2027 2859 2107 2924 ad,

517 2931 774 2990 Romanae
793 2935 938 2992 sedis
971 2937 1272 2994 antistitem
1310 2944 1536 3012 nuntiis,
1587 2947 1881 3017 apostolica
1916 2949 2093 3004 fulciri

517 3024 893 3083 benedictione
933 3043 999 3083 ac
1027 3029 1178 3100 regio
1209 3032 1574 3101 postulaverat
1622 3037 1925 3095 diademate
1950 3042 2096 3096 redi-
2123 3098 2165 3116 Α

518 3210 718 3286 loniam
775 3214 981 3286 dicunt.
1009 3215 1232 3286 iiPlura
1255 3215 1322 3269 de
1351 3214 1460 3270 SS.
1491 3213 1725 3286 Andrea‘
1755 3213 1932 3286 (alias;
1969 3215 2101 3270 Zoe-

517 3283 702 3354 Ijardo,
733 3285 821 3354 qui
847 3295 899 3338 et
935 3285 1178 3340 Andreas
1208 3284 1499 3340 Suirardus
1529 3287 1582 3339 in
1629 3283 1818 3340 Olﬁcio
1841 3284 2099 3341 Polonico

519 3351 943 3426 dictuslegitur)
973 3364 1027 3409 et
1049 3354 1338 3426 Benedicto
1381 3355 1552 3410 «videri
1578 3364 1804 3424 possunt
1831 3356 1971 3426 apud
2000 3371 2100 3411 nos

519 3433 653 3478 tom.
683 3425 752 3496 ιν
771 3423 898 3478 Julii
924 3423 957 3490 ξι
989 3441 1110 3495 pag.
1144 3425 1267 3492 526,
1297 3427 1386 3481 ubi
1414 3423 1602 3482 eorum
1634 3435 1784 3496 gesta
1807 3425 2094 3496 diligenter

518 3494 823 3566 examinata
850 3507 994 3558 sunt,
1027 3494 1251 3566 \‘itaque
1281 3497 1445 3551 edita.

591 3562 788 3638 (26)'l_n
823 3581 925 3619 ms.
963 3562 1216 3638 mendose
1245 3567 1608 3638 suprapositis.
1659 3565 1862 3638 Regem
1915 3566 2099 3622 fortis«

519 3635 656 3707 sime
681 3635 856 3704 egiSse
897 3645 1086 3691 contra
1131 3635 1483 3692 adverSantes
1513 3637 1614 3707 legi
1639 3635 1987 3700 Christianae,
2016 3639 2099 3692 in-'

519 3704 777 3779 telligitur
801 3721 868 3779 ex
894 3707 1073 3762 Gestis
1106 3708 1158 3761 in
1185 3708 1323 3763 bello
1353 3704 1761 3763 Transilvanico
1799 3717 1855 3762 et
1889 3707 2099 3779 legibus

519 3775 660 3842 infra
684 3776 892 3831 dandis.
1351 3788 1354 3791 '
1433 3795 1436 3804 ι
1508 3787 1510 3792 “
1873 3807 1877 3812 -

595 3845 793 3919 (σξη-ιιι
843 3857 949 3919 ins.
981 3847 1070 3903 hic
1122 3848 1336 3919 legitur,
1394 3847 1776 3904 verosimilitcr
1818 3849 2094 3916 mendose,

521 3911 649 3989 licet
689 3911 906 3984 "phrasis
937 3911 1204 3988 utcunque
1247 3911 1416 3989 possit
1467 3919 1736 3988 intelligi:
1773 3938 1790 3970 ι
1821 3919 1886 3973 Et
1915 3920 1963 3974 ei
1995 3911 2098 3974 Co;

521 3985 698 4059 locem
719 3990 1012 4042 secundum
1059 3985 1398 4059 episcopatus
1450 3985 1765 4058 dignitatem
1803 3989 2048 4043 Contulit.
2073 4009 2093 4041 ι

522 4056 740 4120 Colucia
756 4059 970 4129 civitas,
1001 4056 1193 4114 deinde
1224 4056 1670 4129 archiepiscopali
1717 4059 1980 4129 dignitate
2005 4075 2094 4115 or-

521 4135 674 4199 nata,
709 4143 852 4199 nunc
881 4128 1038 4199 vulgo
1063 4130 1312 4194 Colocza,
1347 4128 1452 4186 sitia
1477 4128 1655 4184 estad
1698 4128 2002 4188 Danubium
2042 4131 2095 4184 in

522 4198 779 4250 comitatu
805 4198 1104 4253 Bacliiensi.
1631 4211 1660 4216 "

596 4267 724 4336 (28)
746 4269 800 4321 Id
830 4277 915 4323 est
946 4270 1060 4337 ipso
1092 4287 1233 4325 anno
1263 4271 1564 4325 millesimo.

595 4335 708 4406 (9.9)
743 4335 1066 4394 Silvester'll
1099 4343 1151 4394 in
1185 4342 1379 4396 litteris
1405 4342 1536 4404 suis,
1562 4356 1711 4394 num.
1746 4335 1868 4405 185,
1907 4341 2099 4396 simili-

525 4419 606 4464 ter
638 4409 764 4480 dicit
798 4409 860 4462 de
888 4410 1064 4478 ignota
1098 4411 1243 4464 nobis
1297 4422 1464 4480 gente.
1488 4413 1747 4466 Attamen
1799 4426 1903 4465 non
1942 4421 2095 4480 pote-

525 4490 648 4553 rant
678 4479 915 4549 llungari
939 4494 1004 4533 eo
1033 4489 1272 4553 tempore
1296 4479 1480 4536 Romae
1507 4497 1732 4550 prorsus
1758 4495 1876 4537 esse
1907 4479 2094 4553 ignoti.

523 4549 712 4622 Itaque
747 4559 904 4622 tanto
941 4551 1110 4621 magis
1143 4549 1396 4606 iiiiranda
1438 4549 1552 4605 huic
1583 4553 1816 4620 phrasis,
1845 4549 2098 4622 tantoque

525 4621 696 4690 magis
717 4618 1055 4690 credendum
1075 4622 1214 4675 hanc
1235 4639 1264 4674 a
1291 4618 1594 4676 Carthnitio
1620 4623 1959 4690 desuinptam
1980 4618 2100 4677 eSse

524 4705 588 4762 ex
621 4689 816 4744 litteris
838 4689 1105 4756 Silvestri,
1135 4693 1224 4760 qui
1249 4709 1314 4746 eo
1337 4695 1597 4746 duntaxat
1633 4697 1792 4745 sensu
1812 4689 2100 4762 llungaros

527 4761 763 4831 ignotam
814 4770 1024 4829 gentem
1061 4764 1262 4817 dixisse
1299 4763 1531 4827 videtur,
1568 4763 1711 4831 quod
1754 4764 1928 4818 nullus
1949 4761 2100 4818 cate-

524 4846 624 4886 nus
650 4830 853 4901 legatos
880 4833 946 4884 ab
968 4832 1032 4886 iis
1049 4833 1359 4901 accepisset.
1388 4857 1390 4860 -
1587 4830 1598 4831 ί
1912 4846 1916 4849 ‘

523 4908 530 4914 ’
597 4903 708 4971 (50)
735 4900 1103 4972 contractione
1151 4900 1346 4972 legitur
1375 4903 1429 4956 in
1459 4902 1716 4968 editione,
1767 4919 1928 4972 quam
1963 4902 2098 4956 alias

526 4970 742 5040 sequor.
770 4970 840 5024 At
868 4972 920 5023 in
954 4987 1054 5026 ms.
1101 4970 1531 5039 contradictione,
1590 4989 1750 5041 quam
1784 4970 2007 5037 Vocem,
2042 4982 2100 5026 ut

525 5051 672 5096 certe
702 5041 1000 5112 meliorem,
1027 5043 1112 5096 hic
1132 5058 1197 5096 ex
1227 5058 1325 5095 ms.
1357 5043 1648 5112 desumpsi.

596 5112 708 5184 (5i)
739 5110 1000 5184 illudque
1034 5113 1122 5166 hic
1168 5113 1451 5166 redundat.
1501 5103 1563 5168 lii
1592 5131 1692 5169 ms.
1754 5115 1952 5182 legitur
1983 5113 2093 5184 qui,

526 5180 666 5254 qnbd
701 5180 887 5236 referri
919 5193 1096 5251 potest
1125 5185 1190 5237 ad
1220 5199 1378 5238 γορ-(8
1399 5187 1564 5238 sancti
1594 5187 1763 5251 ducis,
1794 5180 1876 5238 ita
1895 5193 1948 5238 ut
1975 5180 2090 5237 sen-

527 5269 619 5326 sus
672 5267 791 5306 esse
829 5255 1109 5326 videatur,
1133 5261 1138 5274 "
1164 5255 1332 5307 sancti
1385 5256 1532 5308 ducis
1581 5265 1724 5326 gestu
1779 5255 2093 5324 referens,"

523 5325 644 5392 qui.
666 5362 679 5375 .
720 5323 1024 5390 postulavit.
1058 5322 1259 5378 Sensus
1285 5326 1448 5378 etiam
1476 5322 1656 5380 clar'us
1680 5328 1804 5388 erit,
1839 5322 1889 5381 lsi
1931 5327 2095 5379 omit-

527 5403 676 5465 tatur
695 5409 792 5465 que
815 5401 906 5465 aut
940 5395 1053 5463 qui,
1084 5404 1243 5465 prout
1267 5393 1443 5449 locum
1475 5396 1738 5451 intellexit
1774 5396 1987 5451 Surius.

601 5462 709 5536 (3'2)
740 5461 845 5536 llic
890 5461 1038 5536 locus
1084 5461 1512 5536 consideratione
1569 5466 1764 5536 dignus
1816 5475 1920 5527 est,
1972 5480 2094 5520 cum

519 5533 709 5587 nullibi
739 5533 976 5602 legamus
1007 5535 1338 5602 Stephanum
1384 5545 1508 5588 ante
1560 5533 1759 5591 annum
1792 5539 1929 5592 1000
1952 5536 2095 5590 aliud

517 5603 1202 5675 belluin'gessisse,‘quain
1245 5617 1428 5660 contra
1459 5608 1660 5675 tlupani
1711 5609 1900 5661 ducent
1933 5609 2094 5661 Simi-

525 5675 785 5740 gicnsem,
819 5673 1057 5740 aliosque
1098 5673 1324 5727 rebelles
1355 5673 1594 5730 subditos
1623 5677 1784 5746 (lunae
1809 5677 2090 5732 adiuraren-

1575 279 1632 335 S.
1663 280 2001 338 STEPHANI
2031 281 2526 343 HUNGARORUM
2561 287 2763 344 REGIS

526 403 714 446 omnes
743 388 962 460 militiae
996 405 1106 446 suae
1154 388 1381 464 comites
1435 390 1503 448 ad
1536 393 1649 448 veri
1690 393 1785 450 Dei
1841 394 2107 468 culturam
2138 379 2182 436 Α
2214 397 2335 452 miri
2389 414 2404 464 ;

3635 300 3745 357 me

2465 400 2619 470 cujus
2668 401 2988 470 petitionem
3036 414 3283 458 annuens
3323 417 3481 474 papa,
3529 421 3749 467 coronam

2209 489 2416 559 egregii
2467 491 2650 560 operis
2677 491 2857 560 parari
2903 490 3030 560 jam-
3060 483 3291 560 fecerat,
3330 509 3490 564 quam
3541 497 3609 552 illi
3649 515 3751 559 eum

2207 578 2580 637 benedictione
2605 591 2660 638 et
2690 583 2841 654 regni
2859 568 3052 654 gloria
3079 587 3294 639 mittere
3319 581 3646 643 decreverat.
3663 591 3750 648 Sed

2207 673 2334 745 quia
2359 675 2506 730 novit
2537 675 2795 732 Dominus
2819 677 2911 747 qui
2939 686 3066 732 sunt
3091 677 3210 748 ejus
3245 676 3334 748 (II
3387 676 3521 732 Tim.
3568 695 3622 745 ιι,
3658 683 3749 755 l9),

2205 766 2299 836 qui
2349 765 2559 823 duobus
2611 781 2709 838 per
2750 767 3022 838 apostolos
3078 769 3132 823 in
3177 768 3509 838 apostolatus
3543 772 3751 831 ordinem

2191 863 2352 910 sorte
2392 855 2622 912 electum
2668 856 2956 912 Matthiam
3003 857 3279 927 praetulit,
3329 868 3388 914 et
3441 850 3752 929 apostOlicum

2203 942 2332 1000 fecit
2355 944 2604 1015 supplere
2625 960 2912 1003 numerum
2959 944 3099 1017 (Act.
3148 963 3186 1014 i,
3209 945 3324 1017 26),
3364 945 3454 1001 illa
3479 962 3658 1003 corona
3683 951 3749 1022 ip-

2203 1049 2323 1091 sum
2354 1035 2656 1104 decoravit,
2705 1038 3048 1108 postmodum
3078 1038 3332 1094 eumdem
3373 1038 3579 1096 felicius
3617 1043 3751 1101 deco-

2203 1134 2423 1183 raturus
2449 1126 2930 1185 aaterna.Prazfixa
2950 1128 3136 1200 itaque
3162 1129 3271 1196 die,
3301 1145 3413 1202 qua
3456 1142 3629 1200 parata
3657 1133 3749 1204 jam

2201 1233 2404 1288 corona
2422 1220 2681 1291 praedicto
2703 1219 3032 1276 Polonorum
3058 1222 3182 1277 duci
3211 1221 3328 1293 jam
3377 1222 3626 1278 mittenda
3653 1225 3748 1282 fue-

2201 1318 2307 1378 rat,
2327 1321 2508 1390 nocte,
2541 1327 2661 1382 quae
2680 1311 3045 1383 praecedebat,
3067 1327 3220 1384 papae
3247 1327 3349 1384 per
3377 1313 3551 1369 visum
3571 1315 3747 1376 Domini

2201 1400 2421 1456 nuntius
2450 1401 2645 1468 astitit,
2672 1403 2761 1457 cui
2792 1409 2847 1457 et
2871 1402 3040 1458 dixit:
3063 1402 3317 1458 Crastina
3344 1403 3456 1471 die,
3481 1405 3641 1475 prima
3663 1407 3744 1464 diei

2200 1480 2355 1559 hora,
2376 1487 2574 1562 ignotae
2596 1492 2773 1564 gentis
2797 1493 2912 1565 (29)
2940 1493 3160 1550 nuntios
3203 1494 3271 1550 ad
3296 1503 3349 1551 te
3384 1505 3630 1552 venturos
3649 1513 3746 1554 esse

2200 1568 2535 1654 cognoveris,
2570 1585 2664 1655 qui
2687 1600 2788 1641 suo
2809 1585 2931 1641 duci
2957 1600 3218 1642 coronam
3265 1602 3298 1641 a
3328 1595 3390 1650 te,
3418 1587 3612 1658 regiam
3644 1605 3741 1646 cum

2200 1663 2598 1736 benedictionis
2635 1675 2948 1748 apostolicae
2989 1691 3216 1734 munere
3255 1676 3586 1749 ﬂagitabunt.
3613 1677 3742 1736 Coro-

2199 1755 2328 1816 nam
2382 1777 2533 1832 ergo,
2595 1777 2761 1832 quam
2811 1762 3107 1834 prmparari
3160 1762 3358 1830 fecisti,
3407 1778 3586 1818 eorum
3628 1765 3740 1842 duci,

2197 1863 2360 1925 prout
2373 1855 2649 1926 petierint,
2666 1850 2824 1911 eures
2844 1855 2962 1914 sine
2985 1854 3420 1910 contradictione
3436 1853 3546 1926 (50)
3560 1855 3735 1925 largiri;

2198 1947 2301 2003 sibi
2321 1947 2465 2003 enim
2495 1961 2616 2004 eam
2643 1957 2767 2003 cum
2817 1947 2969 2018 regni
2999 1947 3168 2018 gloria
3207 1961 3305 2017 pro
3335 1945 3460 2000 vita:
3488 1961 3590 2001 sua:
3613 1950 3740 2002 ineri-

2198 2039 2270 2095 tls
2298 2039 2437 2095 scito
2463 2039 2672 2094 deberi.
3471 2105 3473 2110 λ

2269 2131 2358 2186 12.
2397 2129 2557 2186 Juxta
2587 2144 2718 2201 ergo
2744 2126 2906 2199 hujus
2950 2128 3176 2185 visionis
3225 2130 3447 2184 modum
3473 2131 3738 2200 praescripta

2197 2222 2476 2296 sequentis
2500 2221 2604 2277 diei
2638 2223 2772 2278 hora
2821 2219 3019 2298 praesul
3045 2221 3294 2296 Asti-iens
3339 2221 3615 2298 adpapam
3645 2236 3740 2292 per-

2196 2312 2368 2378 venit,
2397 2311 2490 2383 qui
2534 2309 2769 2367 officium
2814 2309 3114 2379 injunctum
3163 2311 3268 2367 sibi
3312 2297 3598 2381 prudenter
3617 2329 3740 2368 exsc-

2196 2419 2390 2476 quens,
2423 2412 2478 2459 et
2503 2402 2676 2458 sancti
2695 2402 2849 2458 ducis
2874 2410 3027 2474 gesta
3057 2401 3302 2457 referens
3342 2400 3532 2457 ordine
3557 2402 3616 2457 ab
3641 2417 3739 2473 apo-

2197 2496 2391 2552 stolica
2416 2495 2655 2566 sedeque
2683 2494 2795 2566 (5i)
2833 2493 3274 2565 promptissimus
3298 2493 3526 2563 insignia
3551 2493 3742 2563 pustula-

2195 2591 2295 2660 vit,
2326 2589 2572 2644 indicans
2614 2603 2738 2642 eum
2787 2587 3009 2658 dignum
3063 2586 3155 2642 tali
3187 2587 3397 2643 honore
3437 2598 3492 2642 et
3527 2588 3742 2655 dignitate

2199 2678 2320 2751 [al.,
2354 2677 2600 2748 dignitati
2625 2673 2892 2748 mendose]
2947 2675 3037 2745 qui
3084 2675 3267 2746 plures
3312 2684 3500 2747 gentes
3549 2677 3646 2746 (δῖ)
3667 2688 3742 2747 per

2198 2770 2291 2824 Dei
2313 2767 2640 2839 adjutorium
2669 2767 2772 2822 sibi
2802 2767 3163 2838 subjugasset,
3213 2775 3269 2821 et
3292 2766 3494 2822 multos
3541 2767 3743 2821 inﬁdeles

2196 2879 2294 2934 per
2317 2878 2472 2918 suam
2500 2862 2800 2933 potentiam
2820 2861 2888 2915 ad
2934 2859 3221 2914 Dominum
3251 2859 3619 2914 convertisset.
3644 2859 3743 2926 Qui-

2196 2955 2298 3024 bus
2319 2951 2544 3018 auditis,
2573 2952 2727 3007 valde
2779 2951 2996 3023 gavisus
3044 2950 3323 3005 Romanus
3365 2950 3618 3020 pont'fex,
3641 2967 3741 3004 cini-

2197 3057 2306 3112 cta,
2339 3055 2500 3116 prout
2523 3043 2740 3099 fuerant
2767 3041 3058 3113 postulata,
3084 3042 3318 3112 benigne
3347 3043 3622 3108 concessit,
3647 3057 3740 3097 cnt-

2203 3227 2302 3272 tes.
2331 3217 2712 3271 Verumtamen
2753 3216 2806 3271 in
2837 3215 3032 3270 litteris
3064 3216 3232 3285 ipsius
3254 3213 3410 3285 ‘regis
3431 3231 3528 3284 pro
3565 3215 3739 3270 abbatia

2202 3290 2260 3343 S.
2287 3288 2519 3350 Martini,
2548 3287 2690 3340 datis
2729 3287 2781 3341 in
2810 3286 3137 3351 Comment.,
3190 3302 3341 3338 num.
3386 3285 3507 3348 150,
3535 3300 3618 3338 rex
3655 3287 3740 3353 ipse

2201 3360 2440 3415 insinuat
2464 3358 2608 3411 aliud
2645 3372 2861 3426 quoque
2885 3356 3081 3426 bellum
3111 3355 3213 3411 sibi
3255 3357 3546 3426 gerendum
3573 3355 3737 3420 fuisse;

2201 3446 2326 3486 nam
2360 3430 2474 3482 haec
2505 3428 2622 3497 ejus
2652 3425 2818 3497 verba
2850 3445 2863 3480 :
2902 3444 2920 3476 ε
2958 3425 3241 3497 ingruente
3264 3425 3504 3492 namque
3521 3425 3738 3497 benefit“!

2202 3495 2550 3571 tempestate,
2567 3497 2695 3568 quia
2719 3496 2838 3571 [al.,
2861 3495 2990 3567 qua]
3015 3497 3158 3550 inter
3178 3495 3542 3571 Theutonicos
3559 3507 3604 3550 et
3627 3495 3736 3549 Hun-

2199 3567 2360 3645 garos
2394 3567 2594 3645 seditio
2624 3567 2818 3645 magna
2861 3568 3735 3645 (κατιέναι-ιιι,Ῥιωρίμυεψιςςῃειι

2203 3635 2378 3694 civilis
2419 3639 2542 3692 belli
2568 3635 2737 3692 ruina'
2760 3645 2995 3708 urgeret,
3029 3656 3047 3688 ι
3081 3645 3184 3708 etc.
3212 3635 3332 3708 Mox
3360 3639 3552 3690 iterum
3573 3635 3738 3708 aitibi-

2198 3710 2321 3765 deni
2349 3729 2361 3763 :
2386 3729 2405 3760 ‹
2440 3709 2494 3762 Si
2548 3710 2612 3762 de
2667 3705 2910 3774 liostib'us
2962 3707 3309 3762 interioribus
3336 3717 3393 3760 et
3425 3705 3739 3760 exterioribus

2201 3782 2320 3851 ejus
2369 3777 2734 3851 (S._Martini)
2781 3774 3007 3851 meritis
3046 3777 3222 3832 victor
3269 3777 3576 3851 esis‘terem.
3611 3783 3737 3851 rete.

2203 3847 2440 3915 Uterque
2470 3849 2621 3903 locus
2642 3847 2882 3904 insinuat
2904 3847 3042 3902 bella
3069 3858 3294 3902 externa
3324 3847 3480 3901 initio
3510 3847 3644 3915 regni
3664 3860 3737 3912 ge-

2200 3931 2304 3976 sta.
2349 3916 2620 3975 Ditmarns
2650 3923 2834 3986 etiam,
2889 3926 3046 3987 prout
3073 3918 3252 3973 editus
3289 3927 3376 3983 est
3407 3933 3437 3970 a
3487 3916 3736 3978 Leibaitio,

2199 4003 2254 4049 et
2273 3992 2324 4044 in
2339 3991 2523 4044 codice
2549 3999 2733 4045 nostro
2758 4005 2882 4050 ηις..
2915 3989 3012 4041 sub
3039 3988 3251 4042 initium
3281 3988 3373 4042 l.b.
3399 4003 3489 4042 vm
3517 3987 3737 4046 insinuat,

2199 4062 2402 4131 aliquid
2458 4059 2582 4114 belli
2635 4059 3016 4131 S.»Stephano
3065 4059 3235 4131 fuisse
3290 4073 3413 4131 cuni
3463 4057 3738 4131 Boleslaotl

2199 4125 2466 4202 Bolieniiai
2487 4131 2643 4184 duce.
2673 4129 2808 4202 Nam
2839 4125 2981 4202 facta
3014 4130 3166 4202 prius
3202 4130 3480 4202 mentione
3529 4125 3738 4202 Boleslai,

2199 4201 2413 4269 subjicit
2442 4200 2718 4269 sequentia
2767 4201 2930 4253 verba
2960 4217 2973 4252 :
3014 4195 3042 4250 “‹
3075 4200 3150 4253 De
3176 4198 3386 4268 przei'ati
3439 4195 3738 4269 ducis'infor-

2202 4268 2352 4327 tunio
2377 4286 2462 4346 res
2485 4268 2726 4346 qnzcdam
2758 4271 3024 4346 narranda
3051 4279 3241 4346 restat.
3264 4269 3466 4346 Habuit
3491 4268 3572 4321 hic
3591 4282 3741 4346 quani-

2200 4344 2321 4398 dam
2355 4341 2564 4409 urbem,
2621 4340 2674 4394 iti
2725 4340 2958 4395 confinio
2981 4340 3130 4409 regni
3161 4339 3258 4409 sui
3293 4349 3350 4393 et
3387 4339 3740 4409 Hnngarinrum

2203 4415 2383 4478 sitam,
2405 4407 2557 4478 cujus
2583 4421 2698 4464 erat
2725 4419 2907 4466 custos
2956 4407 3206 4463 Prochnii
3242 4407 3406 4479 [apud
3437 4407 3612 4479 Leibn.
3640 4407 3743 4460 Pro-

2150 4478 2176 4528 .'
2202 4481 2348 4552 ebrii]
2381 4484 2582 4544 senior,
2622 4482 2919 4534 avunculus
2951 4481 3091 4550 regis
3119 4478 3437 4552 Pannonici,
3472 4478 3635 4552 a‘suis
3673 4491 3742 4530 se-

2203 4547 2360 4609 dibus
2387 4553 2455 4606 ab
2511 4553 2949 4621 ipso,.ntantea,
3005 4547 3147 4604 nunc
3177 4550 3457 4618 expulsus.
3509 4547 3741 4621 Quicum

2204 4640 2422 4699 uxorein
2452 4618 2604 4676 suain
2654 4638 2682 4675 a
2741 4621 3057 4699 captivitate
3091 4636 3196 4674 non
3259 4630 3440 4699 posset
3469 4618 3742 4699 absolvere,

2200 4694 2438 4764 gratuito
2467 4707 2689 4770 munere
2713 4691 2922 4770 nepotis
2953 4691 3080 4770 Isni,
3111 4691 3362 4758 quamvis
3409 4690 3625 4770 inimici,
3648 4702 3742 4770 eam

2196 4760 2426 4831 recepit.
2473 4760 2754 4835 Nunquam
2785 4762 2964 4835 audivi
3013 4775 3340 4835 queinquam
3377 4761 3528 4835 victis
3573 4765 3743 4835 tantum

2199 4830 2448 4902 parcere,
2479 4842 2533 4886 et
2567 4833 2690 4904 ideo
2727 4833 2786 4904 in
2843 4831 3062 4884 civitate
3108 4833 3390 4904 praedicta,
3413 4830 3586 4904 “sicut
3625 4837 3672 4904 et
3702 4830 3741 4904 in

2195 4899 2403 4966 inultis,
2427 4902 2614 4957 sedqu
2644 4902 2793 4973 [ibit].
2833 4904 3076 4973 mendose
3107 4901 3377 4973 sedulum]
3413 4900 3550 4973 Deus
3585 4899 3739 4973 _ei_vi-

2200 4976 2428 5030 ctoriam
2480 4966 2772 5028 conceSsit.
2795 4992 2812 5024 ι
2847 4971 3064 5025 Clarum
3096 4981 3200 5033 est,
3248 4966 3376 5026 haec
3409 4971 3514 5024 dici
3565 4971 3622 5021 de
3648 4966 3742 5020 Ste-

2200 5046 2416 5118 phano:
2451 5059 2574 5097 nam
2598 5059 2721 5097 mox
2749 5044 2921 5112 pergit
2942 5040 3213 5118 ,deGeisa
3245 5059 3258 5094 :
3297 5040 3523 5118 cllujus
3549 5048 3735 5118 pater”

2199 5109 2305 5169 etc.
2334 5116 2528 5169 Verum
2560 5129 2645 5167 res
2677 5109 2786 5182 ipsa
2815 5109 2937 5167 cum
2973 5110 3201 5182 aliorum
3233 5113 3556 5179 scriptorum
3605 5109 3736 5182 silen-

2201 5187 2297 5252 tio,
2329 5188 2440 5239 tum
2480 5179 2714 5251 ipsorum
2746 5183 3028 5237 verborum
3061 5180 3420 5245 obscuritate,
3444 5189 3500 5234 et
3538 5179 3647 5252 quia
3673 5191 3738 5229 re-

2199 5248 2307 5326 lata
2343 5264 2427 5309 est
2451 5248 2603 5326 citra
2653 5255 2898 5308 ordinem
2948 5251 3447 5326 temporis,_ininus
3485 5261 3563 5326 est
3601 5248 3732 5326 clara.

2201 5325 2477 5395 Suspieari
2534 5334 2743 5395 tamen”
2763 5337 3078 5395 possumus,
3132 5322 3314 5395 initio
3340 5321 3664 5395 principatus
3688 5321 3731 5367 δ.

2200 5389 2461 5463 Stephani
2492 5395 2690 5449 bellum
2713 5389 2842 5448 illud
2870 5393 3052 5466 fuisse,
3070 5392 3287 5466 etillud
3303 5393 3474 5466 ipsum
3497 5392 3560 5466 ab
3583 5389 3732 5466 eodem

2199 5461 2463 5536 insinuari
2497 5466 2678 5519 verbis
2703 5479 2826 5536 mox
2857 5464 3012 5519 datis.
3034 5462 3330 5536 Quidquid
3371 5463 3470 5536 sit,
3493 5461 3728 5536 victoriam

2199 5535 2477 5604 Stephano
2503 5546 2613 5590 tum
2647 5537 2700 5589 in
2731 5535 2850 5603 hoc,
2881 5542 3000 5588 tuin
3031 5533 3082 5588 in
3107 5531 3292 5588 multis
3335 5532 3473 5600 aliis,
3519 5530 3730 5593 '~"'i"_"'.°-

2203 5615 2426 5662 testatur
2458 5606 2744 5660 Ditinarus.
