3816 6322
25 299 169 356 217

1678 293 1856 351 VITA.

3176 307 3310 361 ms

25 427 153 468 em
204 413 440 482 insuper
497 411 899 486 anteferendam
956 410 1089 480 regi,
1145 411 1287 465 velut
1325 411 1382 462 in
1423 406 1633 479 signum
1666 394 1711 451 Α
1742 408 1866 473 sim,
1898 419 1951 463 et
1977 409 2264 481 unicuique
2290 425 2503 482 semper
2553 408 2859 484 praeﬁciens
2901 410 3305 488 idonenmpraz-

25 503 416 572 postulatus,
465 503 612 557 misit
671 501 821 572 (53):
871 501 1004 571 Ego,
1043 501 1306 571 inquiens,
1339 515 1456 553 sum
1511 515 1636 569 apo-

25 593 307 659 tolicus,
363 592 450 647 ille
501 606 632 646 vero
687 591 881 645 merito
942 591 1141 646 Christi
1199 587 1493 660 apostolus,
1541 603 1637 658 per

34 701 204 740 nem
235 685 349 741 sibi
380 693 583 739 tantum
624 684 873 753 populum
900 682 1145 738 Christus
1170 685 1455 738 convertit.
1488 681 1634 748 Qua-

32 788 79 827 ι·
105 785 277 843 ψιει·
301 774 706 843 dispositionem
739 772 997 840 ejusdem,
1027 782 1186 842 prout
1237 773 1417 826 divina
1466 771 1635 840 gratia

25 881 220 934 psum
256 867 508 930 instruit,
535 864 808 921 Ecclesias
839 866 932 918 Dei
966 865 1125 919 simul
1171 879 1292 918 cum
1324 863 1530 933 populis
1558 862 1635 914 vi-

26 955 362 1026 aquejurc
384 956 718 1010 ordinandas
779 954 1134 1024 relinquimus
1159 954 1288 1022 (5i).
1333 951 1635 1021 lmpetratis

25 1060 165 1116 ergo
192 1046 484 1112 omnibus,
514 1056 672 1115 prout
695 1044 869 1113 petiit,
904 1044 1096 1114 praesul
1124 1043 1367 1098 Astricus
1389 1040 1540 1094 lsrtus
1568 1039 1634 1096 ad

25 1139 270 1208 iropria
302 1139 584 1204 remeavit,
621 1151 804 1190 secum
836 1135 1016 1192 ferens
1041 1143 1258 1206 propter
1296 1132 1437 1202 quod
1467 1131 1634 1185 incoe-

25 1242 186 1282 unm
234 1230 348 1284 iter
375 1245 633 1300 prospere
661 1236 963 1299 peregerat.
1285 1214 1298 1228 ’

93 1321 202 1374 15.
243 1320 649 1380 Benedictionis
674 1335 801 1390 ergo
837 1317 1144 1389 apostolicae
1175 1315 1366 1369 litteris
1396 1329 1515 1369 cum
1542 1327 1635 1367 co-

33 1424 169 1463 ona
209 1421 273 1464 et
303 1425 474 1465 cruce
513 1409 672 1465 simul
704 1410 900 1472 allatis,
931 1407 1248 1478 przcsulibus
1294 1420 1416 1459 cum
1464 1404 1633 1470 clero,

25 1499 349 1554 :omitibus
403 1514 523 1554 cum
576 1501 770 1569 populo
818 1500 999 1553 laudes
1037 1512 1300 1567 congruas
1331 1495 1635 1550 acclaman-
1676 1549 1680 1554 ,

31 1572 491 1654 ἰιὶυςίᾱὶιρριιιε
530 1589 638 1641 Deo
689 1590 993 1657 Stephanus
1040 1601 1135 1652 rex
1193 1585 1447 1639 unctione
1493 1582 1635 1638 chri-

25 1698 87 1734 εει
119 1682 206 1734 ali
269 1691 588 1750 perunctus,
626 1682 930 1735 diademate
962 1678 1154 1750 regalis
1197 1675 1468 1747 dignitatis
1519 1673 1634 1729 feli-

1665 1736 1709 1792 B

1739 499 1930 566 sulem,
1964 501 2122 556 simul
2150 510 2203 557 et
2231 501 2442 558 abbatis
2473 504 2708 574 praediis,
2741 503 2932 572 curtis,
2983 516 3037 561 et
3067 507 3302 574 familiis,

1737 603 1794 648 et
1827 593 2145 659 redditibus,
2196 597 2447 663 regaliter
2478 586 2759 668 disposuit,
2790 599 3037 653 Crucibus
3064 607 3118 654 et
3161 601 3306 655 vasis

1737 681 1960 752 aliisque
1986 685 2422 753 supellectilibus,
2477 687 2542 741 ad
2597 689 2954 743 ministerium
3001 689 3093 744 Dei
3141 692 3305 760 perti-

1737 773 2004 837 nentibus,
2035 774 2325 828 secundum
2348 776 2489 843 quod
2515 777 2798 846 unicuique
2823 794 2954 847 opus
3005 777 3123 846 fuit,
3160 780 3303 835 suﬁi-

1736 862 1943 918 cienler
1963 864 2236 919 decoravit
2263 881 2277 930 ;
2307 874 2360 919 et
2385 865 2606 936 singulis
2629 870 2988 938 anuis,quoad
3013 871 3144 924 vixit
3167 871 3301 940 (42),

1736 967 1957 1007 munera
1991 964 2045 1009 ct
2091 954 2390 1010 oblationes
2440 946 2652 1025 semper
2701 961 2948 1028 augebat,
3005 976 3072 1014 ne
3105 961 3305 1030 aliquid

1737 1042 2081 1099 extrinsecus
2109 1054 2414 1114 quan-creat
2447 1047 2538 1116 qui
2603 1046 2773 1102 oﬁicio
2826 1053 3112 1105 sanctuarii
3165 1067 3306 1120 pra:—

1735 1140 1910 1185 erant.
1945 1133 2325 1188 Monachorum
2358 1135 2520 1189 vitam
2550 1146 2603 1189 et
2628 1140 3108 1206 conversationem,
3162 1156 3304 1196 nunc

1734 1235 1831 1288 per
1855 1222 2009 1287 alios,
2049 1229 2191 1280 nunc
2216 1239 2312 1292 per
2362 1225 2617 1294 seipsum,
2669 1227 2996 1295 explorando
3025 1230 3305 1300 diligenter

1734 1313 2098 1381 examinabat,
2151 1323 2423 1384 torpentes
2465 1331 2740 1387 arguens,
2789 1319 2976 1382 vigiles
3028 1322 3127 1374 snb
3173 1322 3303 1375 dile-

1735 1404 1910 1460 ctione
1963 1407 2314 1472 constituens,
2361 1408 2743 1462 canonicorum
2795 1410 3153 1464 ministerium
3193 1412 3305 1480 cpi-

1736 1517 2019 1572 scoporum
2079 1503 2427 1572 providentia:
2491 1504 2590 1559 sub
2650 1505 2955 1578 testimonio
3005 1505 3204 1561 Christi
3251 1515 3306 1561 et

1732 1591 1988 1668 Ecclesia:
2064 1593 2514 1658 commendabat,
2589 1581 2887 1648 secundum
2941 1580 3302 1663 Apostolum,

1731 1669 1988 1739 omnibus
2038 1683 2219 1738 omnia
2271 1683 2468 1750 lactus,
2515 1691 2572 1740 ut
2619 1699 2806 1738 omnes
2861 1684 3202 1739 lucrifacerct
3253 1685 3303 1754 (1

25 1774 179 1828 :iter
206 1781 531 1827 coronatur.
569 1772 698 1829 Post
726 1782 1002 1841 acceptum
1057 1770 1252 1839 regalis
1307 1767 1635 1824 excellentiae.
1666 1767 1709 1792 υ
1733 1773 1856 1828 εον,
1887 1775 2105 1844 13,92).

25 1864 290 1933 signum,
323 1863 498 1932 qualis
525 1864 647 1919 vita:
673 1864 755 1918 vir
804 1862 916 1934 (55)
968 1869 1022 1917 et
1068 1859 1409 1914 discretionis
1452 1857 1634 1926 fuerit,

25 1972 164 2010 cum
208 1955 488 2026 episcopis
515 1965 569 2011 et
617 1956 956 2027 primatibus,
988 1955 1272 2023 llungariaz
1303 1961 1562 2008 statutum
1591 1967 1623 2006 a

25 2061 84 2101 se
124 2048 426 2104 decretum
475 2048 589 2121 (56)
623 2048 970 2104 manifestum
1017 2046 1168 2101 fecit.
1197 2043 1253 2099 In
1288 2060 1394 2115 quo
1429 2042 1636 2100 scilicet

25 2140 477 2212 uniuscujusque
497 2141 667 2212 culpa:
687 2141 1020 2198 contrarium
1043 2139 1266 2209 dictavit
1313 2138 1631 2201 antidotum,

25 2236 83 2281 ct
141 2241 210 2284 ut
237 2232 413 2302 pacis,
470 2247 566 2302 per
596 2248 754 2302 quam
791 2232 1035 2288 Christus
1065 2231 1250 2287 orbem
1292 2228 1632 2292 coadunavit,

25 2332 89 2372 se
127 2317 258 2374 fore
285 2320 405 2390 (57)
430 2317 682 2389 probaret
713 2321 897 2385 lilium,
944 2320 1084 2390 quod
1133 2318 1311 2396 nullus
1339 2318 1500 2372 alium
1532 2317 1632 2372 ho-

25 2408 247 2464 stiliter
281 2411 771 2479 invaderel,'nemo
809 2413 1044 2468 vicinum
1071 2412 1188 2468 sine
1213 2410 1400 2480 judicii
1425 2409 1635 2494 exami-

25 2499 270 2553 natione
301 2499 546 2568 lzederet,
569 2501 758 2556 viduas
791 2510 847 2557 et
868 2502 1141 2572 orphanos
1169 2499 1349 2554 nullus
1365 2499 1634 2570 opprime;
1677 2532 1681 2536 ι

29 2597 150 2654 ret,
185 2589 591 2667 subscriptione
626 2591 847 2649 fmderis
896 2597 1004 2649 non
1059 2591 1339 2664 pereuntis
1397 2591 1632 2662 posteris

1807 1865 1895 1918 15.
1923 1865 2124 1920 Eodem
2155 1869 2394 1936 tempere
2424 1866 2476 1920 in
2505 1863 2834 1919 monasterio
2867 1865 3049 1918 Sancti
3089 1864 3302 1918 Martini

1729 1946 1854 2037 erat
1879 1943 2180 2013 monachus
2221 1958 2458 2028 quidam,
2502 1956 2855 2012 Sebastianus
2883 1958 3118 2021 nomine,
3151 1955 3304 2024 cujus

1735 2051 2028 2121 probabilis
2053 2053 2180 2116 vita,
2215 2061 2267 2106 et
2294 2052 2482 2122 devota
2539 2051 2590 2104 in
2621 2050 2711 2105 Dei
2744 2051 2963 2114 servitio
2996 2049 3180 2121 religio
3211 2051 3306 2104 ha-

1729 2123 2180 2200 li'ebaturzlittnc'
2207 2159 2300 2199 rex
2348 2143 2670 2199 venerabilis
2719 2144 2856 2198 miro
2905 2145 3086 2197 amore
3143 2143 3307 2212 Cthit

1735 2235 1984 2307 diligere,
2017 2235 2141 2304 quia
2169 2244 2372 2304 quanto
2411 2234 2532 2303 quis
2577 2232 2877 2306 religiosior
2926 2242 3076 2305 tanto
3110 2237 3158 2288 ei
3191 2240 3306 2286 crat

1731 2324 2026 2394 acceptior.
2059 2323 2210 2378 Illum
2242 2339 2369 2394 ergo
2395 2325 2464 2378 ob
2489 2323 2611 2377 vitae
2647 2323 2839 2376 merita
2888 2321 3179 2391 pontiﬁcali
3213 2323 3310 2392 lio-3

1723 2409 1864 2468 'nore
1920 2412 2154 2482 dignum
2184 2411 2434 2483 judicans
2467 2451 2482 2476 ,
2534 2411 2770 2481 regendo
2817 2409 3176 2480 StrigOniensi
3217 2427 3306 2464 ar-

1731 2502 2153 2573 chiepiscopatui
2193 2506 2313 2557 eum
2352 2501 2614 2572 praefecit.
2671 2501 2738 2556 Et
2769 2500 3020 2569 quoniam
3071 2500 3307 2570 ﬂagellat

1731 2585 1873 2648 Deus
1893 2579 2106 2647 omnem
2134 2591 2298 2645 ﬁlium
2340 2607 2498 2662 quem
2545 2591 2758 2662 recipit,
2791 2593 3105 2662 prmdictum
3133 2593 3304 2648 Seba-

30 2681 158 2734 suis
194 2681 417 2751 reliquit
467 2683 786 2738 stabilitum.
829 2683 911 2738 Ad
957 2682 1290 2739 consortium
1340 2697 1469 2736 vero
1498 2697 1636 2752 prm-
1721 2685 1986 2751 'stianum,
2018 2687 2083 2740 ad
2111 2685 2441 2756 probandam
2484 2684 2654 2754 ipsius
2690 2685 3023 2754 patientiam,
3053 2700 3308 2756 corpora.

33 2771 207 2840 cipue
235 2786 398 2826 causa
428 2771 628 2828 sobolis
659 2767 1044 2844 propagandae,
1110 2785 1348 2827 sororem
1386 2771 1497 2844 (58)
1528 2771 1633 2826 Ro-

35 2876 225 2918 mana:
277 2863 556 2930 dignitatis
605 2865 853 2936 Augusti,
901 2864 1151 2920 videlicet
1200 2864 1348 2936 [ms.,
1393 2861 1628 2934 scilicet]

41 2951 294 3019 llenrici,
323 2953 413 3024 qui
447 2955 515 3009 ob
546 2955 1011 3011 mansuetudinem
1039 2970 1248 3010 morum
1278 2955 1404 3010 Pius
1431 2962 1514 3010 est
1539 2970 1633 3024 ap-

1733 2775 1861 2830 lium
1885 2775 2162 2834 oculorum
2193 2775 2394 2830 lumine
2421 2775 2534 2846 (4'5)
2582 2775 2646 2830 ad
2680 2783 2890 2846 tempus
2916 2777 3169 2846 privavit.
3199 2775 3304 2832 Sed

1727 2883 1800 2922 ne
1829 2867 2069 2922 novellus
2110 2868 2163 2922 in
2189 2867 2292 2922 ﬁde
2342 2881 2473 2938 grex
2525 2866 2728 2936 absque
2775 2869 3010 2938 pastoris
3048 2868 3307 2938 regimine

1720 2964 1928 3028 .a‘recti
1953 2961 2186 3028 tramitis
2212 2961 2486 3030 proposito
2544 2961 2809 3026 deviaret,
2865 2976 2960 3029 per
2987 2977 3305 3015 consensum

41 3045 307 3115 Ρθηίιιιιεν
336 3046 556 3116 Gyslam
602 3046 823 3102 nomine
870 3045 1003 3118 (39),
1036 3046 1138 3101 sibi
1185 3045 1238 3100 in
1287 3042 1630 3102 matrimonio
1655 3051 1960 3140 C-Romani
1991 3051 2258 3120 pontiﬁcis
2305 3065 2447 3118 saepe
2483 3051 2683 3105 dictum
2723 3049 2998 3104 Astricum
3049 3049 3305 3105 Colocen-

44 3135 199 3207 [ms.,
232 3137 574 3193 matrimonio
615 3138 728 3193 sine
776 3137 854 3210 in]
883 3138 1130 3202 sociavit,
1170 3149 1327 3205 quam
1369 3136 1626 3191 unctione

44 3226 328 3281 chrismali
353 3235 688 3298 perunctam,
717 3235 1016 3299 gestantem
1060 3241 1314 3282 coronam
1344 3226 1493 3295 regni
1538 3239 1625 3281 so-

55 3316 198 3370 ciam
235 3331 352 3372 esse
377 3317 674 3372 constituit.
722 3312 852 3385 QUae
896 3317 1071 3389 qualis
1113 3332 1240 3386 erga
1276 3317 1370 3370 Dei
1421 3315 1623 3371 cultum

48 3407 310 3462 orandum
361 3408 474 3477 (40)
508 3410 794 3476 exstiterit,
818 3425 978 3480 quam
1024 3410 1138 3480 (41)
1166 3409 1418 3480 frequens
1443 3416 1499 3463 et
1525 3408 1617 3463 be-

51 3499 263 3554 nedicta
291 3499 432 3554 circa
461 3499 556 3555 Dei
583 3501 936 3556 servientium
989 3500 1435 3571 congregationes
1458 3513 1622 3570 appa-

51 3589 241 3652 ruerit,
275 3587 564 3644 multarum
585 3590 936 3647 ecclesiarum
978 3605 1187 3657 cruces,
1240 3589 1326 3646 vel
1356 3603 1485 3645 vasa
1533 3588 1620 3643 vel

50 3691 385 3751 paramenta,
407 3688 569 3753 opere
600 3683 828 3740 miriﬁco
858 3682 997 3739 facta
1024 3684 1106 3740 vel
1153 3690 1419 3749 contexta,
1452 3695 1622 3751 usque

53 3775 216 3829 hodie
241 3783 522 3829 testantur.
545 3775 664 3830 Prae
716 3776 926 3832 cunctis
957 3784 1132 3830 tamen
1179 3776 1368 3830 domus
1411 3774 1620 3844 episco-

53 3876 214 3937 patus
238 3865 646 3940 Vesprimensis,
700 3884 861 3940 quam
893 3869 1006 3939 ipsa
1035 3883 1066 3923 a
1119 3867 1470 3923 fundamento
1511 3880 1620 3922 cm-

50 3967 224 4027 ptam,
245 3958 487 4014 omnibus
513 3957 844 4016 suﬁicientiis
867 3960 931 4014 ad
959 3958 1240 4015 servitium
1281 3957 1372 4013 Dei
1403 3957 1454 4012 in
1483 3972 1616 4013 auro

54 4059 119 4103 et
167 4059 373 4121 argento
431 4051 880 4123 vestimentisque
930 4050 1314 4123 multiplicibus
1365 4048 1618 4106 nobiliter

57 4157 90 4193 a
103 4140 352 4198 dornavit.

106 4229 217 4284 .H.
239 4230 345 4301 Ipse
377 4246 507 4288 vero
536 4231 650 4288 Rex
673 4233 942 4305 episcOpia
1000 4247 1172 4303 nuper
1223 4222 1478 4302 incce'pta,
1507 4240 1614 4288 tam

59 4317 302 4375 videlicet
327 4321 836 4393 archiepiscOpalem
876 4337 1038 4393 quam
1073 4336 1262 4377 omnes
1285 4322 1616 4392 episcopales

1730 3155 1844 3196 sem
1871 3141 2181 3209 episcopum
2234 3141 2285 3193 in
2318 3141 2461 3196 illius
2504 3141 2692 3196 locum
2726 3140 3020 3194 substituit.
3065 3140 3307 3195 Evolutis

1730 3225 1921 3280 deinde
1947 3227 2105 3278 trium
2128 3239 2389 3278 annorum
2437 3224 2673 3288 circulis,
2722 3222 3088 3299 Sebastianus,
3120 3240 3186 3280 ex
3209 3225 3303 3280 Dei

1725 3316 2095 3370 misericordia
2121 3327 2333 3384 recepto
2371 3314 2593 3380 lumine,
2629 3331 2841 3370 rursum
2873 3330 2971 3386 per
3018 3316 3301 3386 apostolici

1724 3407 2009 3462 consilium
2041 3422 2149 3462 sua:
2201 3407 2312 3461 sedi
2365 3406 2644 3461 restitutus
2683 3414 2787 3471 est,
2839 3417 2894 3461 et
2943 3407 3192 3462 Astricus
3233 3406 3300 3461 ad

1724 3515 1875 3554 suam
1901 3499 2222 3565 Ecclesiam,
2266 3499 2512 3554 videlicet
2543 3498 2918 3567 Colocensem,
2975 3515 3095 3556 cum
3142 3500 3300 3572 pallio

1723 3590 1896 3646 rediit.
2527 3615 2529 3618 ι
2590 3617 2592 3619 >
2825 3603 2831 3621 -·
3145 3620 3147 3623 -

2336 3726 2580 3784 CAPUT
2613 3727 2700 3783 ΙΙΙ.

1722 3839 1904 3912 Pietas
1939 3841 1993 3896 in
2016 3841 2218 3912 beatam
2251 3838 2536 3912 Virginem,
2561 3849 2785 3912 structa
2813 3847 3100 3912 ornataque
3122 3841 3293 3896 donis.

1792 3857 1904 3906 etas
1939 3859 1993 3896 in
2016 3857 2218 3895 oeatam
2257 3857 2343 3893 nr
2379 3857 2536 3903 mem,
2587 3857 2785 3894 structa
2813 3857 3100 3912 ornataque
3122 3857 3293 3896 aonrs.

1792 3901 1864 3966 Et
1921 3911 2202 3982 privilegiis
2255 3857 2469 3982 eccfesia
2503 3910 2670 3982 Albre_
2703 3911 2911 3981 regalis,
2963 3912 3296 3982 fundationes

1786 3983 1888 4052 piae
1920 3979 2322 4052 Hierosolymis,
2350 3979 2559 4052 “Romae
2583 4021 2598 4045 ,
2623 3979 3114 4052 Constantinopoli;
3145 3979 3297 4034 mise-

1790 4049 2020 4176 zicl'ordia
2069 4060 2119 4106 et
2174 4049 2461 4105 liberalitas
2523 4051 2658 4121 regis
2690 4090 2707 4118 ,
2751 4049 3086 4121 ejusdemque
3130 4052 3294 4103 mira-

1825 4139 1938 4176 tta.
2473 4159 2477 4162 -

1787 4235 1876 4292 i6.
1909 4235 2041 4291 Erat
2063 4234 2265 4290 interea
2293 4249 2389 4290 rex
2421 4233 2562 4290 idem
2598 4232 2771 4288 ﬁdelis
2801 4232 2852 4287 in
2873 4232 3124 4288 omnibus
3158 4234 3295 4288 acti-

1716 4327 1819 4382 bus
1840 4327 1969 4389 suis,
2004 4326 2115 4381 Deo
2136 4324 2377 4397 perfecte
2409 4325 2621 4380 deditus
2666 4339 2765 4395 per
2809 4333 2992 4379 votum
3053 4333 3107 4378 et
3142 4326 3293 4380 obla-

58 4409 321 4477 ecclesias,
367 4413 754 4483 amplissimam
794 4413 1020 4483 singulis
1066 4413 1348 4482 assignans
1400 4413 1612 4470 dioece-
1643 4409 1697 4472 D
1726 4418 1952 4484 tionem,
1987 4417 2332 4487 semetipsum
2361 4431 2482 4472 cum
2534 4431 2700 4487 regno
2727 4432 2824 4472 suo
2848 4418 2945 4472 sub
2975 4417 3136 4472 tutela
3169 4433 3291 4486 pcr-

141 4548 243 4622 (ᾆὸ)
285 4549 335 4603 ln
384 4566 487 4606 ms.
539 4551 756 4622 legitur,
804 4549 960 4622 velati
1003 4551 1210 4620 signum
1256 4551 1612 4622 apostolatus:

68 4617 248 4691 Surius
286 4634 376 4691 ceu
427 4617 750 4691 apostolatus
810 4621 1032 4690 insigne.
1054 4617 1118 4675 'ln
1143 4617 1398 4686 editione,
1449 4635 1612 4691 quam

68 4688 294 4754 recuilo,
359 4689 627 4756 habetur,
687 4688 1052 4761 apostoliiatus
1093 4730 1108 4756 ,
1169 4691 1310 4761 quod
1388 4688 1610 4746 correxi

68 4772 136 4810 (ἐκ
173 4771 256 4811 ms.
661 4784 664 4786 '
912 4777 914 4779 ’
950 4775 952 4777 ’

143 4826 239 4895 (54)
263 4827 505 4885 Mendosa
551 4830 644 4885 hic
685 4837 770 4884 est
794 4829 982 4894 editio,
1015 4839 1070 4893 et
1097 4845 1200 4885 ms.
1233 4830 1400 4886 editio
1427 4831 1607 4896 habet,

69 4896 684 4976 proutlocumfeddidi;
741 4914 844 4953 ms.
874 4901 1124 4976 'vitiaque
1174 4901 1358 4976 nihilo
1397 4900 1607 4976 meli_us.

77 4968 249 5037 Surius
265 4983 383 5023 vero
409 4969 583 5024 locum
617 4978 765 5024 recte
810 4971 1075 5037 expressit
1105 4971 1206 5024 hoc
1235 4970 1434 5026 modo:
1459 4989 1476 5020 α
1510 4969 1610 5024 Ec-

74 5034 352 5109 clesiasDei
378 5054 480 5093 una
509 5054 632 5093 cum
657 5034 1079 5109 populis'nostra
1109 5042 1226 5095 vice
1255 5040 1305 5094 ei
1352 5041 1608 5094 ordinan-

74 5105 526 5176 daskrelinquimns.
549 5127 568 5160 ι

143 5174 240 5243 (35)
281 5174 331 5230 In
382 5177 619 5233 editione
673 5176 870 5247 legitur
920 5177 1004 5232 vix
1060 5178 1334 5233 mendose.
1399 5177 1606 5234 Idcirco

75 5257 236 5369 Egeram
276 5255 546 5302 mutuatus
589 5261 707 5302 sum
757 5261 822 5301 ex
875 5259 1002 5314 ms.,
1051 5250 1142 5303 ubi
1185 5250 1263 5302 νῦν
1314 5259 1459 5303 recte
1503 5250 1606 5304 ha-

141 5325 227 5369 tur.
629 5339 634 5342 ’

141 5325 227 5370 tur.
629 5339 634 5342 '

142 5385 235 5457 (liti)
265 5384 518 5457 Loquitur
539 5385 606 5440 de
630 5384 836 5456 legibus
878 5402 976 5457 per
997 5387 1326 5457 Stephanum
1349 5387 1493 5442 latis.

141 5455 235 5578 $7)
270 5455 322 5510 ln
345 5455 466 5527 gms.
495 5457 649 5526 forte,
694 5455 892 5512 minus
917 5455 1177 5525 recte,'et
1211 5474 1333 5513 mox
1364 5459 1454 5528 qui
1505 5474 1602 5529 pro

77 5541 212 5596 quoa.

141 5593 491 5668 (38)__Sororem
522 5595 686 5651 habet
718 5598 834 5668 haec
855 5597 1021 5652 editio
1060 5613 1212 5668 atque
1256 5611 1458 5668 acims.
1493 5597 1599 5652 Sn-

75 5665 178 5721 rius
197 5664 337 5733 ﬁliam
359 5679 641 5736 perperam
673 5667 860 5721 edidit.
911 5669 979 5722 At
1031 5664 1182 5724 crror
1214 5667 1301 5723 ille
1325 5667 1467 5723 Surii
1491 5679 1593 5732 est,

1713 4566 1823 4608 non
1875 4549 2184 4614 Carthuitii,
2219 4549 2452 4605 cuieum
2495 4550 2860 4606 attribuerunt
2909 4549 3098 4619 aliqui,
3146 4549 3290 4618 quod

1713 4620 1882 4676 solam
1906 4621 2166 4676 vidissent
2185 4620 2328 4676 Surii
2356 4620 2669 4675 editionem.

1793 4691 1906 4761 (59)
1945 4687 2176 4761 Gyslam'
2195 4706 2382 4745 rursus
2424 4690 2586 4744 habet
2631 4689 2952 4761 editiocum
2993 4703 3096 4741 ms.
3145 4686 3290 4741 Ciss-

1725 4759 1836 4814 lant
1875 4759 2043 4816 edidit
2073 4759 2283 4825 Surius,
2331 4769 2491 4830 prout
2523 4774 2643 4814 eam
2673 4760 2872 4814 aassim
2923 4767 3117 4813 vocant
3161 4775 3286 4812 nco-

1712 4831 1885 4886 terici.

1782 4900 1893 4971 (ἆυ)
1923 4900 2114 4957 Surins
2163 4901 2253 4956 hic
2302 4900 2503 4955 rectius
2553 4898 2871 4965 ornandum,
2902 4897 2980 4952 uti
3008 4906 3283 4952 auctorem

1709 4972 1992 5040 scripsisse
2013 4972 2220 5041 opinor.

1785 5035 1899 5114 (ll)
1939 5041 1994 5095 ln
2048 5035 2170 5114 ins._
2189 5039 2342 5110 quasi
2384 5053 2710 5114 proquam;
2743 5053 2866 5114 mox
2899 5035 3143 5114 benedice
3184 5049 3285 5114 pro

1713 5107 1980 5165 benedicta
2030 5119 2087 5166 et
2129 5107 2240 5163 Deo
2271 5107 2528 5178 pro’Dei,
2571 5107 2674 5162 hoc
2705 5108 2891 5178 modo:
2922 5125 2939 5158 ι
2981 5107 3140 5171 Quasi
3181 5107 3286 5158 fre-

1708 5194 1884 5247 quens
1905 5188 1960 5235 et
1989 5178 2245 5234 benedica
2274 5180 2416 5232 circa
2470 5179 2576 5231 Deo
2609 5177 2955 5230 servientium
2989 5190 3282 5244 congrega-

1711 5251 1905 5314 tioncs,
1929 5268 1945 5301 ι
1979 5257 2084 5304 etc.
2129 5249 2358 5301 Rursum
2393 5247 2554 5314 paulo
2574 5254 2694 5316 post
2717 5247 2894 5300 minus
2918 5253 3064 5299 recte
3095 5247 3146 5298 in
3178 5259 3278 5298 ωδ.

1706 5334 1868 5383 usque
1891 5321 1976 5372 die
1999 5334 2095 5388 pro
2125 5333 2282 5386 usque
2307 5316 2479 5369 hodie.

1774 5389 1890 5460 (4%)
1922 5383 2342 5460 lla-srduzevoces
2361 5400 2426 5439 ex
2457 5402 2556 5440 ms.
2586 5385 3050 5460 sttutdesumptze,
3074 5397 3196 5438 nam
3223 5383 3276 5437 in

1704 5459 1853 5513 edito
1871 5456 2130 5512 mendose
2167 5457 2394 5510 habetur
2420 5472 2520 5524 quo
2546 5456 2794 5510 advitrix.
2857 5523 2860 5524 ν
2996 5523 3000 5524 ν
3260 5473 3280 5524 _'

1774 5528 1890 5598 (45)
1911 5528 2046 5582 Post
2077 5531 2217 5582 hanc
2245 5521 2440 5598 vocem
2457 5525 2678 5580 additur
2705 5540 2822 5580 eum
2851 5523 2902 5580 in
2941 5523 3104 5595 edito].
3129 5521 3276 5594 quod

1702 5597 1984 5663 redundat,
2013 5613 2110 5653 nec
2135 5605 2218 5652 est
2248 5597 2300 5650 in
2330 5610 2428 5664 ms.
