3816 6322
570 363 710 442 ηιξ)
1633 359 1713 425 5-
1775 298 1864 381 ST

1863 305 2096 428 “tum
2133 356 2611 430 llUNGABORUM
2650 362 2854 432 REGIS
3637 385 3706 441 es

572 506 751 568 pctnae
770 493 1008 563 Virginis
1026 488 1118 549 Dei
1145 491 1420 565 genitricis
1441 485 1619 546 Mariae
1645 447 1914 568 ρτσθφυξ
1934 488 2163 546 assiduis
2193 470 2238 527 Α
2267 490 2677 561 comprobatur,
2719 489 2814 560 qui
2847 482 3003 561 bona:
3028 487 3338 544 voluntatis
3356 499 3405 547 et
3423 494 3564 562 operis
3580 497 3706 562 fama

575 555 898 652 rnnferens:
907 586 1060 655 cujus
1086 555 1254 656 gloria
1297 592 1352 640 et
1383 584 1554 640 honor
1589 555 1703 637 tarn
1770 555 1997 635 εθῙθΙηῑε
2026 584 2162 638 inter

576 675 856 746 llungaros
879 676 1109 730 habetur
1138 676 1280 746 quod
1307 676 1471 731 etiam
1511 674 1788 729 festivitas
1821 662 2159 744 ASSumptio-

573 767 658 820 nis
696 767 934 836 ejusdem
980 765 1235 836 Virginis,
1263 767 1382 821 sine
1427 765 1798 820 additamenta
1826 765 2029 833 proprii
2059 781 2160 820 no-

572 857 755 922 minis,
793 857 1030 927 ipsorum
1079 856 1262 927 lingua
1295 859 1411 914 dies
1463 861 1702 913 Domina:
1750 855 2039 913 vocitetur.
2095 859 2162 914 Et

574 957 633 1001 ut
659 949 915 1015 majorem
956 949 1285 1004 defensionis
1318 949 1742 1005 misericordiam
1786 950 2042 1021 consequi
2067 967 2160 1004 va-

575 1038 730 1100 leret,
785 1039 836 1092 in
892 1041 1004 1109 ipsa
1055 1041 1252 1110 regalis
1304 1041 1448 1095 sedis
1512 1041 1752 1103 civitate,
1793 1058 1914 1111 qua:
1958 1043 2161 1098 dicitur

575 1130 729 1193 Alba,
772 1130 873 1185 sub
912 1131 1068 1186 laude
1091 1143 1141 1188 et
1170 1132 1324 1187 titulo
1349 1131 1592 1201 ejusdem
1619 1133 1854 1206 Virginis
1887 1146 2161 1206 perpetua:

575 1223 844 1278 famosam
885 1236 941 1280 et
969 1227 1226 1295 grandem
1272 1228 1558 1282 basilicam
1587 1243 1749 1298 opere
1796 1230 2161 1295 mirifico,ce-

570 1314 765 1370 laturis
799 1318 848 1370 in
870 1319 1018 1372 chori
1049 1319 1254 1388 pariete
1294 1317 1585 1384 distinctis,
1624 1320 1934 1390 pavimento
1965 1323 2160 1378 tabulis

574 1411 893 1462 marmoreis
947 1419 1143 1474 strato,
1179 1421 1498 1466 construere
1529 1414 1693 1482 erepit
1727 1430 1740 1478 ;
1782 1428 1942 1481 quam
1967 1415 2056 1482 qui
2080 1415 2160 1467 vi-

575 1500 684 1562 det,
713 1495 926 1554 veritati
953 1501 1318 1556 testimonium
1354 1505 1602 1572 perhibet
1628 1503 1917 1558 verborum
1949 1516 2160 1560 nostro-

577 1607 717 1664 rum,
773 1594 1186 1647 innumerabilia
1234 1594 1522 1663 palliorum
1574 1593 1670 1667 [et]
1717 1606 2156 1665 paramentornm

584 1681 657 1737 ibi
687 1698 805 1737 esse
851 1699 1070 1754 genera,
1123 1679 1331 1739 tabulas
1375 1685 1517 1739 circa
1557 1685 1747 1738 altaria
1805 1685 1985 1754 plures
2030 1702 2160 1740 auro

2265 595 2424 650 quam
2480 581 2532 634 in
2565 581 2899 636 aadificandis
2944 581 3201 636 ecclesiis
3238 583 3289 634 in
3335 585 3615 652 amplitudine
3644 610 3711 662 prs

2263 673 2522 744 priijuris
2555 674 2670 743 (45)
2717 684 3055 740 exercuerat,
3087 675 3144 728 in
3189 674 3348 745 longe
3371 678 3542 745 positas
3561 691 3671 738 terras
3687 703 3711 740 ri".

2263 765 2425 818 urbes
2467 763 2862 821 famosisSimas
2904 767 3270 836 disperserat.
3295 768 3713 829 Construxitcaimi:

2263 857 2381 925 ipsa
2417 858 2852 914 conversationis
2897 860 3101 915 Christi
3139 861 3433 926 secundum
3457 862 3713 923 humanitatem

2263 949 2485 1020 civitate
2534 950 2872 1006 Hierusalem
2919 951 3320 1005 monachorum
3355 954 3716 1024 cmnoliium.qnl

2260 1042 2479 1112 praediis
2501 1042 2694 1098 ditavit
2738 1052 2794 1098 et
2849 1043 3045 1108 vineis,
3095 1044 3171 1097 ad
3228 1045 3422 1098 vietum
3478 1048 3716 1115 quotidiana

2262 1133 2478 1202 copiam
2531 1134 2992 1189 ministrantibus.
3044 1136 3100 1188 In
3160 1135 3340 1204 capite
3388 1153 3564 1206 quoque
3602 1149 3716 1200 nisi,

2262 1222 2474 1289 Romae,
2505 1224 2605 1278 sub
2635 1223 2792 1279 titulo
2831 1226 3263 1295 protomartyris
3296 1224 3527 1293 Stephani
3548 1227 3716 1284 dum:

2265 1314 2343 1386 [in
2367 1333 2463 1369 ms.
2497 1315 2909 1388 duodecimam]
2944 1318 3344 1372 canonicorum
3366 1323 3716 1387 COIlgregalimrr.

2263 1408 2471 1462 cunctis
2512 1407 2862 1477 pertinentiis
2925 1407 3246 1461 abundante
3298 1407 3418 1478 [al.,
3464 1409 3716 1463 abundante

2262 1501 2471 1563 statuit,
2526 1509 2581 1554 et
2613 1502 2902 1554 materiam
2957 1500 3012 1554 in
3055 1499 3299 1555 circuitu
3353 1498 3509 1568 lapide
3543 1515 3715 1558 nmina.

2263 1608 2384 1648 cum
2411 1593 2662 1647 domibus
2706 1592 2844 1661 (46),
2879 1601 2934 1647 et
2963 1592 3229 1662 hospitiis
3282 1589 3618 1658 Hungaronnn.
3650 1611 3716 1646 (ιτε-

2266 1683 2429 1738 tionis
2457 1700 2619 1738 causa
2641 1683 2788 1737 beati
2817 1683 3079 1753 principis
3103 1681 3471 1753 apostolorum
3491 1682 3668 1736 Petri
3684 1707 3714 1738 ;ι

572 1774 862 1844 purissimo
885 1769 1198 1842 fabricatas,
1222 1776 1457 1846 lapidum
1492 1774 1610 1848 [al.,
1639 1777 1906 1843 mendose,
1935 1777 2157 1851 lapidis]

2266 1775 2640 1845 quaerentium,
2665 1776 2928 1830 condidit.
2973 1775 3153 1844 Ipsam
3201 1788 3413 1843 quoque
3442 1775 3598 1842 regiam
3617 1779 3715 1827 tuin.-

573 1864 740 1920 series
777 1867 1296 1935 pretiosissimorum
1327 1867 1378 1921 in
1407 1883 1465 1922 se
1495 1868 1856 1935 continentes,
1891 1869 2157 1924 eiborium

575 1949 693 2010 arte
728 1952 964 2012 mirabili
997 1975 1155 2029 supra
1186 1975 1430 2014 mensam
1462 1961 1659 2015 Christi
1689 1970 1953 2027 erectum,
1980 1977 2160 2016 came-

572 2064 688 2103 ram
711 2051 855 2104 omni
889 2066 1085 2122 genere
1117 2067 1370 2107 vasorum
1404 2054 1840 2123 crystallinorum
1878 2052 1998 2125 [al.,
2028 2056 2156 2126 cry;

572 2135 905 2212 stallorumj,
939 2137 1350 2205 onychinorum,
1400 2157 1711 2209 aureorum,
1775 2151 2159 2214 argenteorum

572 2231 804 2301 pleniler
835 2234 1108 2289 refertam.

647 2323 734 2378 l7.
769 2321 940 2380 Tanta
988 2334 1277 2384 venustate
1319 2329 1745 2400 suprascriptam
1797 2330 2079 2387 ecclesiam
2108 2331 2159 2386 in

569 2417 852 2484 propriam
881 2418 1138 2486 capellam
1169 2436 1263 2475 rex
1294 2421 1397 2475 sibi
1425 2414 1687 2488 retinens,
1715 2419 1802 2477 tali
1835 2439 1953 2478 eam
2004 2423 2163 2478 liber-

576 2515 688 2563 tate
719 2509 926 2564 dotavit
948 2520 1006 2564 ut
1033 2512 1210 2567 nullus
1239 2513 1618 2584 episcoporum
1662 2517 1712 2571 in
1731 2519 1800 2572 ea
1837 2516 1977 2584 juris
2007 2519 2163 2588 quid-

576 2614 735 2668 quam
765 2601 1027 2668 haberet;
1061 2604 1113 2657 in
1141 2604 1227 2660 die
1262 2606 1428 2660 etiam
1455 2606 1812 2665 absolutionis
1862 2618 1917 2665 et
1966 2627 2162 2666 conse-

574 2692 831 2747 crationis
854 2695 1190 2762 chrismatis,
1232 2698 1537 2768 cuicunque
1582 2701 1836 2771 episcopo
1863 2703 1949 2756 vel
1989 2703 2167 2771 injun-

577 2791 731 2852 geret
777 2801 870 2840 rex
922 2786 993 2842 ibi
1027 2803 1287 2857 praesens,
1346 2790 1432 2844 vel
1485 2791 1612 2847 illuc
1656 2793 1900 2848 mitteret
1943 2795 2164 2861 absens,

576 2875 906 2942 poenitentes
928 2877 980 2931 in
1010 2893 1073 2933 ea
1101 2878 1426 2945 absolveret,
1445 2890 1499 2934 et
1521 2883 1756 2937 chrisma
1788 2895 2160 2949 consecraret;

577 2965 762 3019 divina
815 2982 1032 3038 quoque
1073 2968 1360 3024 Missarum
1417 2971 1704 3036 solemnia,
1761 2974 1804 3028 si
1848 2991 2029 3046 regem
2089 2977 2160 3032 ibi

575 3072 701 3114 esse
729 3070 1045 3127 praesentem
1079 3063 1440 3134 contingeret,
1470 3064 1559 3119 ille
1583 3071 1790 3120 tantum
1814 3065 1935 3138 [al.,
1963 3067 2163 3140 tamen]

580 3150 882 3206 celebraret
927 3154 1232 3222 cpiscopus,
1295 3156 1379 3209 cui
1445 3171 1567 3221 rex,
1617 3158 1991 3212 consentiente
2042 3174 2162 3213 cum
2193 3181 2237 3243 ο

577 3242 840 3300 fratribus
890 3247 1202 3315 prteposito,
1233 3246 1510 3302 celebrare
1531 3248 1768 3317 juberet.
1825 3249 1881 3304 ln
1907 3250 2047 3320 regis
2072 3265 2166 3304 au-

576 3341 689 3390 tem
720 3334 984 3398 absentia,
1013 3335 1216 3406 absque
1250 3339 1528 3408 przepositi
1562 3349 1616 3392 et
1647 3338 1873 3393 fratrum
1913 3339 2158 3402 licentia,

576 3429 860 3499 episcOpns
899 3428 984 3483 vel
1013 3429 1205 3485 missas
1235 3429 1564 3497 celebrandi,
1610 3430 1701 3511 vel
1725 3430 2016 3500 cujuslibet
2055 3430 2170 3500 epi-

580 3523 814 3593 scnpalis
837 3523 996 3578 oﬂicii
1027 3524 1340 3590 exercendi,
1370 3524 1470 3579 sibi
1497 3524 1770 3578 licentiam
1802 3539 1909 3578 non
1941 3539 2168 3593 usurpa-

582 3626 690 3671 ret.
722 3616 994 3672 Przeterea
1039 3617 1292 3673 eumdem
1341 3609 1588 3671 ecclesize
1643 3616 1903 3686 populum
1937 3615 2172 3670 instituit

590 3724 710 3764 esse
763 3718 870 3763 tam
957 3709 1186 3764 liberum
1221 3749 1238 3770 ,
1288 3718 1348 3763 ut
1394 3709 1528 3763 nihil
1577 3709 1906 3764 dei-imarum
1958 3709 2170 3763 cuidam

581 3801 836 3870 episcopo
863 3802 992 3856 dare
1043 3801 1289 3867 deberet,
1344 3802 1436 3856 sed
1468 3801 1756 3871 pneposito
1813 3801 1913 3856 soli
1959 3810 2013 3856 et
2057 3800 2170 3854 fra-

587 3891 787 3954 tribus,
822 3899 983 3960 prout
1008 3891 1077 3946 ab
1107 3905 1172 3946 eo
1218 3891 1524 3945 institutum
1555 3900 1660 3957 est,
1706 3892 1984 3946 servitium
2014 3890 2168 3946 exhi-

581 3981 736 4035 beret
759 3981 891 4050 (Mi.

670 4071 752 4126 18.
784 4071 988 4130 Deinde
1011 4088 1198 4129 servus
1229 4073 1344 4138 Dei,
1373 4089 1492 4142 qum
1535 4083 1660 4129 tunc
1705 4074 1989 4145 acquirere
2017 4083 2169 4142 pote-

582 4170 686 4227 rat,
714 4163 894 4217 omnia
928 4163 1164 4230 Christo,
1219 4179 1339 4233 qua:
1394 4179 1459 4218 ex
1493 4164 1661 4233 ipsius
1709 4167 1848 4219 dono
1881 4164 2168 4229 ﬂuxerant,

582 4253 833 4308 conferre
881 4253 1107 4320 studuit,
1147 4264 1202 4308 et
1234 4253 1453 4327 [Surins
1484 4253 1566 4325 ut]
1621 4255 1712 4325 qui
1744 4271 1866 4309 eum
1916 4255 2087 4325 gloria
2119 4265 2174 4310 et

582 4344 789 4398 honore
853 4343 1037 4398 mundi
1073 4345 1357 4414 praesentis
1394 4345 1614 4414 dignum
1675 4344 1897 4412 fecerat,
1935 4345 2171 4402 caelestis

585 4435 780 4502 patrim
806 4434 1016 4488 civibus
1070 4434 1367 4490 clementer
1403 4436 1679 4492 associare
1706 4437 2039 4507 dignaretur.
2071 4437 2172 4490 Le-

2264 1865 2787 1934 Constantinopolim
2814 1866 3209 1919 beneficiorum
3230 1879 3444 1917 munere
3471 1881 3553 1917 non
3570 1867 3675 1931 prin:
3695 1879 3714 1920 ι,

2265 1973 2425 2023 quam
2449 1956 2680 2012 ecclesia
2713 1955 2927 2010 mirifici
2960 1955 3084 2028 [al.,
3133 1956 3381 2009 mendose
3403 1955 3601 2025 miriﬁce]
3622 1973 3716 2024 om

2265 2065 2388 2104 cum
2416 2047 2740 2103 necessariis
2766 2047 3023 2102 omnibus
3050 2046 3172 2102 suis
3221 2047 3452 2100 donavit.
3481 2046 3618 2100 lierilo
3647 2065 3712 2115 ei;

2266 2143 2405 2197 infra
2441 2143 2703 2198 terminos
2731 2157 2850 2197 suae
2877 2142 3278 2196 dominationis
3310 2156 3486 2195 nomen
3507 2143 3714 2208 adeptus

2264 2233 2533 2304 Apostoli,
2559 2243 2612 2289 et
2643 2234 2893 2303 quamvis
2928 2247 3096 2302 super
3142 2248 3205 2287 se
3247 2232 3640 2302 evangelizamlum
3660 2251 3708 2284 ar

2265 2325 2558 2393 assumpsit
2603 2316 2838 2379 ofﬁcium
2897 2324 3324 2393 praedicatorum
3356 2363 3369 2385 ,
3423 2330 3567 2375 tamen
3600 2324 3662 2374 dat
3691 2337 3714 2371 r:

2266 2419 2526 2491 magister
2573 2418 2716 2488 ejus,
2754 2416 3046 2472 tutaminis
3067 2425 3127 2471 et
3169 2415 3550 2471 sustentationis
3585 2419 3712 2468 ιηξιέλςιί

2265 2500 2540 2566 solatium.

2339 2603 2424 2657 l9.
2455 2600 2599 2654 Inter
2642 2599 2824 2655 omnia
2875 2613 3129 2670 supernae
3192 2598 3526 2653 miserationis
3547 2597 3708 2650 hemina,

2267 2693 2431 2747 beato
2453 2691 2563 2762 regi
2589 2692 2848 2746 divinitus
2877 2706 3162 2753 concessa,
3190 2706 3301 2759 pra:
3329 2691 3545 2743 omnibus
3560 2700 3644 2741 sum
3669 2687 3709 2735 ίῖι

2267 2784 2539 2850 miranda,
2559 2783 2773 2853 scriptis
2794 2782 3253 2844 commendanda,
3287 2796 3400 2849 qnie
3419 2779 3557 2833 locum
3576 2780 3707 2847 prima;

2269 2875 2516 2930 obtinent
2544 2875 2609 2927 ad
2648 2883 2868 2928 mternze
2891 2873 3017 2927 vitae
3061 2873 3265 2940 gaudia
3294 2867 3708 2940 promerendamisz-

2271 2968 2504 3023 ricordia
2568 2967 2781 3022 scilicet
2808 2975 2863 3020 et
2885 2967 3106 3020 veritas.
3145 2966 3203 3019 ln
3235 2965 3469 3019 onmibus
3496 2963 3599 3014 enim
3629 2958 3708 3009 faris

2270 3062 2382 3116 suis
2408 3060 2653 3115 felicibus
2683 3059 2814 3113 illud
2845 3057 3168 3112 intendebat
3203 3072 3325 3111 esse
3345 3057 3622 3125 przecipuum,
3637 3055 3708 3116 qna-1

2270 3169 2336 3208 ex
2393 3155 2687 3225 Evangelio
2738 3153 2879 3207 fideli
2944 3151 3190 3222 pectoris
3248 3148 3585 3217 contemplatus
3611 3145 3706 3196 ean

2270 3263 2432 3318 super
2461 3247 2708 3303 veritatis
2741 3245 2910 3316 ipsius
2936 3243 3239 3300 testimonii
3271 3242 3378 3313 (47)
3404 3240 3582 3294 dicentis
3606 3234 3706 3288 :Bs-ai

2268 3345 2654 3412 misericordes,
2680 3344 2930 3414 quoniam
2954 3342 3054 3400 ipsi
3093 3338 3488 3395 misericordium
3521 3343 3709 3396 conique

2270 3445 2356 3488 tur
2381 3434 2598 3506 (Manli.
2625 3449 2675 3498 v,
2709 3433 2782 3499 7),
2830 3441 2884 3485 et
2935 3432 2990 3485 in
3039 3431 3149 3485 alio
3182 3432 3302 3486 loco
3334 3449 3347 3484 :
3378 3429 3508 3486 Date,
3538 3434 3570 3474 et
3591 3421 3706 3470 datin

2270 3525 2409 3579 vobis
2440 3523 2593 3593 (an.
2623 3539 2700 3586 v1,
2726 3521 2838 3590 58).
2867 3521 3061 3576 Tantis
3106 3521 3280 3591 igitur
3311 3511 3659 3572 miserationibus
3681 3517 3704 3555 ii

2269 3615 2490 3684 pietatis
2534 3613 2772 3668 brachiis
2825 3611 3027 3666 Christi
3091 3625 3384 3681 pauperes,
3434 3608 3520 3660 imo
3545 3602 3703 3655 Christe-1

2273 3705 2468 3775 ipsum,
2507 3703 2844 3773 amplexatus
2867 3711 2971 3768 est,
2995 3702 3140 3770 quod
3171 3700 3346 3754 nullus
3391 3706 3578 3764 unquam
3599 3691 3704 3748 ira?“

2272 3806 2327 3852 cl
2353 3796 2674 3866 peregrinus
2709 3797 2777 3850 ab
2805 3810 2872 3850 eo
2911 3797 3028 3849 sine
3067 3791 3412 3861 benignitatis
3436 3785 3603 3851 alicujus

2271 3889 2418 3944 mine
2443 3889 2613 3943 tristis
2661 3888 2946 3942 abscessit.
2997 3886 3080 3940 Ad
3133 3884 3496 3940 revelationem
3531 3883 3701 3945 agema!

2271 3981 2617 4052 quotidianas
2663 3994 2932 4049 expensas
2981 3977 3354 4034 indeﬁcienter
3402 3971 3496 4028 ﬁeri
3521 3962 3698 4056 constituit.

2271 4081 2568 4128 nocturnas
2590 4071 2806 4142 vigilias
2837 4071 2888 4124 in
2921 4069 3168 4122 lavandis
3201 4067 3397 4124 Christi
3425 4060 3699 4121 lideliumpcdr

2271 4162 2395 4223 bus,
2432 4171 2488 4216 et
2512 4161 2565 4215 in
2607 4159 3004 4215 abscondendis
3040 4159 3093 4211 in
3148 4157 3272 4211 sinu
3303 4166 3547 4226 pauperum
3568 4145 3698 4198 elata:-

2270 4253 2441 4324 synis,
2477 4252 2694 4322 agiliter
2735 4261 2790 4306 et
2820 4249 3066 4304 hilariter
3111 4248 3408 4317 transigere
3446 4238 3698 4295 solebat,

2270 4363 2400 4400 num
2429 4345 2704 4401 Christum
2739 4344 2790 4398 in
2823 4343 3086 4397 membris
3115 4343 3232 4396 suis
3251 4333 3488 4396 consolari
3513 4329 3695 4416 delibare}

2273 4437 2671 4508 temporaliter,
2696 4445 2756 4490 ut
2785 4436 2899 4505 ipse
2928 4436 3053 4488 vita:
3077 4433 3318 4489 corlestis
3347 4437 3566 4484 cameram
3581 4423 3696 4470 cunnis

583 4523 760 4592 gimns
808 4523 856 4575 in
891 4524 1188 4593 prophetiis
1215 4526 1278 4579 de
1325 4525 1581 4595 apostolis
1631 4527 1891 4595 scriptum
1929 4528 2070 4597 quod
2098 4512 2166 4582 Ie
2199 4535 2243 4592 ι)
2270 4529 2679 4584 delectamentis
2710 4528 2974 4583 refertam
3021 4527 3328 4589 inveniens,
3360 4510 3694 4591 jucundarimt‘i’f'

581 4629 782 4666 onmem
806 4623 997 4668 terram
1051 4616 1390 4669 exiritsonus
1416 4633 1618 4680 eorum,
1656 4627 1702 4671 et
1753 4618 1806 4671 in
1848 4619 1980 4688 ﬁnes
2028 4618 2166 4673 orbis

581 4712 733 4757 terra:
759 4706 910 4759 verba
940 4723 1120 4760 earnm
1179 4706 1350 4775 (Psal.
1383 4724 1538 4775 xvm,
1562 4709 1640 4777 5).
1691 4708 1802 4764 lloc
1839 4726 1943 4764 non
1995 4710 2166 4765 solum

581 4794 649 4848 de
680 4795 986 4860 duodecim,
1015 4799 1106 4852 sed
1131 4799 1194 4852 de
1219 4799 1476 4854 omnibus
1504 4815 1533 4854 a
1568 4799 1677 4853 Deo
1705 4801 1886 4856 missis
1915 4803 1981 4856 ad
2013 4818 2170 4857 evan-

583 4887 924 4956 gelizandum
976 4890 1179 4944 dictum
1233 4905 1354 4946 esse
1419 4891 1702 4961 probatur,
1762 4907 1989 4960 quorum
2045 4893 2167 4957 fide,

587 4980 768 5035 verbis
792 4989 845 5035 et
877 4981 1119 5036 moribus
1166 4983 1559 5038 incrementum
1620 4985 1762 5054 parit
1790 4985 2055 5040 Ecclesia.
2100 4988 2171 5040 De

582 5067 779 5138 quibus
805 5070 905 5127 iste
939 5073 1436 5129 Christianissimus
1469 5090 1560 5129 rex
1592 5091 1698 5130 non
1723 5077 1979 5133 minimus
2003 5077 2172 5132 fuisse

654 5289 770 5360 (Η)
821 5290 944 5344 llzrc
974 5291 1152 5344 omnia
1184 5291 1249 5344 de
1300 5291 1525 5348 ecclesia
1555 5292 1776 5350 Albensi
1811 5289 2003 5350 eodem
2055 5296 2171 5353 fere

584 5363 745 5414 modo
779 5361 1022 5414 narravit
1064 5363 1356 5415 Bonlinins.

655 5431 767 5508 (45)
795 5431 845 5508 Id
879 5441 961 5484 est
987 5433 1038 5484 in
1075 5433 1295 5508 propria
1331 5433 1574 5508 ditione,
1608 5450 1783 5508 eaque
1808 5437 2168 5508 amplissima.

581 5499 881 5575 Surius,_in
907 5499 1131 5575 propriw
1153 5503 1368 5556 ditionis
1401 5499 1765 5575 amplitudine.

660 5570 774 5638 (46)
800 5571 856 5623 ln
881 5587 984 5623 nis.
1015 5572 1382 5627 minns'rccte
1417 5592 1429 5627 :
1462 5570 1496 5624 ι’
1531 5576 1597 5630 Ει
1621 5577 1912 5632 maceriam
1942 5581 2172 5634 etrcnitu

585 5640 764 5710 lapide
807 5648 1070 5710 muratam
1103 5643 1372 5706 domilnts,
1397 5665 1412 5694 ι
1451 5654 1556 5700 etc.
1601 5647 1722 5699 Mox
1753 5651 1917 5702 etiam
1976 5649 2170 5705 ibidem

583 5709 701 5784 pro
717 5709 1074 5784 gutta-entiam
1109 5712 1362 5784 mendose
1386 5714 1578 5784 legitur
1597 5719 1958 5784 qmrrendum.

655 5778 766 5853 (47)
825 5780 922 5834 llic
956 5778 1107 5831 locus
1159 5781 1416 5838 mendose
1439 5778 1639 5840 'editu's
1668 5796 1770 5852 est,
1815 5798 1868 5843 et
1925 5790 2170 5846 diversus

2271 4630 2424 4674 retur
2450 4618 2805 4674 :eternalitcr.

2340 4712 2430 4768 20·
2461 4713 2703 4780 Quadam
2735 4726 2871 4767 vero
2927 4718 3088 4766 nocte
3115 4705 3372 4780 Spirituali
3409 4696 3566 4757 monitu
3588 4695 3691 4743 una.

2271 4807 2488 4860 nemine
2515 4807 2746 4871 sciente,
2782 4804 2928 4860 solus
2953 4804 3172 4874 plenum
3201 4805 3357 4857 homo
3382 4795 3460 4850 Dei
3489 4789 3692 4889 serti”?
3764 4819 3765 4871 ξ

2272 4899 2474 4964 culum,
2506 4899 2712 4953 Christi
2766 4872 3029 4968 pusillum
3090 4909 3304 4966 gregem
3331 4889 3463 4962 (ιλια-
3488 4896 3557 4940 ¹¹¹ν
3581 4872 3690 4976 ⁵³)ῗῖ

2267 4989 2368 5058 lito
2421 5005 2573 5045 more
2634 4989 2880 5059 perrexit
2929 4988 3156 5042 visitare
3206 5002 3221 5051 ;
3271 4981 3519 5046 statim‘lne

2273 5057 2661 5136 distribuendae
2689 5080 2925 5137 cmlestis
2962 5077 3202 5133 thesauri
3230 5071 3445 5146 pecunia:
3465 5057 3688 5118 disturbant-5

2275 5301 2493 5371 “"“em
2521 5304 2864 5393 infra-ana
2915 5285 3602 5393 ιπετιεη,,ορ[τες.ῐὶοτ;...ῗ⁴ξῑῗίῖῗ

2275 5360 2395 5426 sum
2452 5371 2683 5444 reddidit
2721 5360 3040 5444 integrum,
3089 5372 3183 5444 sed
3230 5360 3595 5444 νενιιπλυυῖῗνιῗξ

2275 5443 2617 5523 correctione
2652 5441 3058 5524 emendabitur,
3091 5441 3133 5491 si
3165 5455 3263 5506 pro

2279 5514 2596 5601 ιςειίηιοηεοο
2649 5511 2706 5592 .In
3135 5489 3253 5601 .‘fof.
3290 5489 3648 5601 ﬁ"'§"‘§“"f'i:iiiii

2281 5583 2517 5662 dumque
2543 5583 2895 5662 testimonium
2920 5598 2936 5641 ;
2965 5596 3089 5660 nam
3135 5580 3206 5632 ibi
3239 5558 3678 5662 habetur”:

2279 5637 2449 5725 ctoris
2471 5653 2868 5725 contemplatus
2905 5637 2999 5725 est
3028 5652 3193 5725 visu“
3219 5669 3236 5698 ι
3271 5663 3328 5701 ac
3350 5638 3539 5725 deinde:
3564 5637 3622 5694 Ρετ
3638 5637 3665 5664 δε

2283 5723 2466 5777 ritalis
2507 5723 2676 5793 ipsius
2696 5719 3028 5786 testimonii,
3060 5738 3078 5770 ι
3115 5721 3233 5785 lege
3262 5719 3555 5771 testimonium.

3551 5419 3682 5484 Ιιιξζληῖπἦ
