3816 6322
53 287 61 343 Ι
76 290 179 347 εει

1592 297 1771 354 VITA.

3178 316 3312 371 l222

57 409 271 472 uitium,
303 408 403 464 viri
452 409 545 465 Dei
573 410 782 468 meritis
812 411 1089 467 evulsione
1126 410 1312 467 barbae
1363 408 1616 479 praebuc-
1649 414 1697 469 Δ
1728 409 1977 472 dolentis,
2006 413 2289 480 mandans,
2315 422 2370 469 ut
2400 428 2562 469 sanus
2584 418 2850 483 surgeret,
2895 417 3216 484 transmisit,
3249 434 3305 476 et

52 510 170 555 runt
208 500 586 557 testimonium.
629 501 710 558 Ob
748 504 850 559 hoc
870 505 1067 575 gaudio
1094 504 1348 575 perfusus
1378 507 1615 561 maximo

51 597 199 651 miles
225 595 442 662 Christi,
482 598 793 667 secontulit
817 599 882 654 ad
916 600 1289 655 beatissimam
1337 598 1616 653 Creatoris

50 684 121 757 :in
148 704 244 740 ms.
292 688 536 743 mendose
580 688 920 761 Creatorem]
969 695 1209 745 omnium
1256 690 1610 755 Genitrieem,

50 785 337 833 ιι-υειιειιιιε
396 786 560 834 terrte
613 782 823 852 gratias
878 796 1066 852 agens,
1116 781 1193 836 sic
1233 780 1610 836 exclamavit:

50 869 237 940 tegina
262 868 498 926 cmlestis
542 882 597 928 et
639 888 780 940 mea,
838 888 997 942 quem
1038 882 1095 927 tu
1140 872 1343 944 Regem
1377 872 1610 927 statuisti

48 962 233 1015 nilites
261 961 337 1015 tui
368 962 448 1017 sie
498 962 924 1019 honoraverunt.
978 960 1035 1018 Si
1080 964 1148 1019 ab
1195 964 1377 1034 aliquo
1425 966 1613 1020 adver-

48 1051 178 1106 m-io
206 1051 333 1106 mihi
361 1051 552 1107 fuisset
579 1054 683 1110 hoc
718 1054 944 1121 illatum,
991 1071 1170 1111 meam
1219 1054 1471 1124 injuriam
1516 1072 1612 1126 per

52 1156 183 1194 unm
206 1140 494 1197 ulciscerer
520 1144 932 1202 adminiculum.
962 1142 1153 1201 Sciens
1176 1158 1327 1216 ergo,
1358 1146 1607 1212 Domina,

46 1247 176 1287 iane
203 1243 460 1289 teternam
494 1233 626 1289 mihi
650 1234 808 1289 tribui
836 1236 1166 1302 felicitatem,
1186 1237 1349 1292 nimis
1372 1236 1607 1303 exsulto,

43 1326 233 1395 gratias
268 1341 434 1397 agens
461 1325 766 1383 Salvatoris
785 1328 966 1383 verbis
993 1328 1394 1392 consolatoriis,
1414 1329 1610 1399 quibus

43 1416 318 1487 Iiscipnlos
340 1432 467 1473 suos
492 1418 808 1473 consolatus
833 1426 936 1485 est,
982 1419 1169 1473 dicens
1202 1436 1215 1471 :
1271 1417 1508 1487 Capillus
1544 1421 1608 1474 de

62 1512 204 1579 apite
233 1520 398 1565 uestro
439 1528 542 1565 non
580 1512 766 1581 peribit
817 1508 966 1582 (Luc.
994 1528 1110 1577 χχι,
1144 1511 1256 1581 18).
1300 1511 1394 1567 llis
1424 1512 1604 1578 dictis,

42 1616 82 1657 te
111 1602 198 1657 vir
252 1601 343 1656 Dei
379 1602 585 1658 caelesti
643 1604 814 1675 gratia
856 1604 1159 1673 percipiens
1204 1604 1502 1672 visitatum,
1552 1614 1607 1659 et

42 1692 291 1760 ipirituali
321 1693 618 1749 chrismate
661 1692 957 1764 perfusum,
1014 1694 1195 1749 cordis
1223 1692 1421 1762 januas
1446 1709 1603 1764 opem

40 1782 372 1839 :rcdentibus
423 1784 581 1856 [forte
634 1784 963 1857 petentibus]
1026 1800 1301 1855 nunquam
1354 1785 1607 1842 claudere

39 1872 289 1938 lecrevit,
340 1876 434 1930 sed
466 1890 567 1945 per
594 1890 654 1930 se
684 1875 960 1946 deinceps,
991 1884 1047 1931 et
1100 1890 1197 1945 per
1232 1875 1386 1941 alios,
1414 1877 1605 1947 praeci-

38 1980 123 2018 me
150 1972 325 2020 tamen
356 1980 453 2036 per
475 1965 679 2022 Christi
728 1981 914 2021 servos
949 1966 1346 2036 etgfamiliares,
1379 1966 1603 2024 clericos

38 2055 226 2110 cilicet
256 2057 647 2125 etmenachos,
687 2058 901 2115 cmlitus
954 2056 1056 2113 sibi
1113 2058 1269 2113 datas
1320 2057 1603 2116 facultates

38 2164 67 2199 ιι
95 2148 316 2203 aeternis
356 2150 631 2206 thesauris
647 2164 753 2221 per
782 2164 974 2205 manus
1002 2164 1299 2221 pauperum
1334 2148 1463 2205 fecit
1491 2151 1602 2206 col-

35 2239 203 2293 ocarL

83 2328 491 2399 21.11ujusrei
536 2333 903 2389 testimonium
947 2333 1294 2409 quamplures
1319 2334 1599 2401 exhibent,

40 2418 108 2471 ed
134 2432 199 2472 ex
238 2419 321 2473 his
344 2436 481 2476 unus
520 2422 574 2476 in
608 2431 871 2478 aeternum
899 2438 1020 2478 cum
1051 2424 1168 2493 ipso
1216 2425 1451 2480 caelestis
1475 2426 1601 2481 vitae

33 2510 305 2579 tartieeps,
325 2513 617 2568 monachus
635 2530 700 2569 ex
725 2514 965 2570 smculari
984 2516 1259 2571 nobilitate
1283 2532 1598 2582 conversus.

41 2609 55 2651 t
98 2601 353 2665 eremita,
391 2602 579 2658 beatus
617 2604 950 2671 Cuntherus,
998 2607 1089 2676 qui
1124 2607 1225 2662 hac
1274 2608 1598 2664 liberalitate

36 2691 607 2763 haritativiprincipis
658 2696 891 2761 illectus,
925 2699 1120 2769 saepius
1157 2713 1283 2753 eum
1328 2700 1395 2753 de
1452 2710 1595 2754 terra

31 2783 426 2840 :ohemieorum
483 2788 707 2844 visitare
768 2789 928 2862 [adde
977 2808 1095 2844 cum
1129 2792 1289 2863 Suria
1342 2792 1590 2866 solebat].

30 2875 241 2941 [uoties
266 2876 407 2931 enim
449 2878 525 2949 [in
549 2896 645 2934 ms.
675 2881 861 2954 etiam]
893 2883 1097 2937 curiam
1130 2884 1299 2953 ipsius
1330 2885 1596 2942 adventus

30 2968 89 3022 ni
126 2967 333 3037 fulgore
362 2971 731 3041 perlustravit,
788 2991 919 3030 cura
952 2977 1101 3046 regni
1154 2976 1255 3032 sub
1305 2994 1466 3033 manu
1497 2994 1593 3034 sua

1718 499 1812 553 Dei
1854 500 2239 569 propitiatione
2279 505 2504 559 verbum
2538 506 2707 577 ipsius
2753 504 3067 574 comitante,
3118 512 3299 564 statim

1718 594 2033 663 sospitatem
2062 598 2283 667 recepit.
2310 598 2439 653 Post
2487 600 2776 669 gloriosam
2814 600 2880 653 ad
2906 601 3072 655 ctelos
3099 602 3301 657 Ascen-

1716 684 1946 749 sionem,
1993 694 2049 741 ct
2099 688 2401 743 mirabilem
2444 690 2495 743 in
2528 688 2705 744 Patris
2748 691 2965 745 dextera
2999 692 3297 748 confessio-

1718 786 1839 825 nem
1898 772 2031 844 [lege
2077 777 2512 847 consessionem]
2569 777 2822 833 Salvator
2880 791 3069 834 noster
3115 783 3299 849 paucis

1652 874 1661 886 '
1715 864 2073 931 corporaliter
2123 866 2441 935 apparuisse
2500 869 2838 937 perhibetur,
2889 886 2984 939 per
3037 873 3297 924 visionem

1715 970 1844 1010 vero
1872 956 2070 1012 multos
2092 954 2427 1023 consolatus,
2455 959 2757 1014 futurorum
2785 978 2876 1015 eos
2906 964 3157 1031 prmscios
3180 980 3300 1018 esse

1714 1046 1895 1100 docuit
1930 1065 1944 1112 ;
1976 1049 2120 1117 quod
2149 1056 2203 1103 et
2226 1049 2351 1103 huic
2384 1059 2574 1105 sancto
2612 1052 2745 1121 Regi
2779 1055 3022 1123 contigit.
3056 1055 3296 1121 Quadam

1713 1155 1949 1208 namque
1994 1148 2153 1196 nocte
2212 1153 2434 1211 repente
2464 1139 2559 1212 'per
2606 1145 2991 1199 revelationem
3024 1148 3294 1215 quandam

1714 1228 1790 1303 [i‘n
1820 1249 1918 1285 ms.
1945 1234 2187 1287 mendose
2210 1234 2459 1307 quidam]
2488 1237 2920 1306 expergefactus,
2956 1239 3295 1291 veredarium

1711 1323 1999 1390 quemdam
2054 1321 2193 1378 infra
2221 1325 2364 1379 diem
2394 1333 2450 1381 et
2480 1336 2692 1381 noctem
2733 1329 2799 1380 ad
2856 1328 3046 1383 Albam
3081 1330 3299 1383 transil—

1674 1416 1908 1467 tvanam
1953 1415 2070 1486 (51)
2102 1418 2361 1487 praecepit
2414 1418 2697 1484 festinare,
2735 1429 2789 1473 et
2836 1435 3024 1474 omnes
3068 1421 3121 1474 in
3174 1436 3297 1476 rure

1710 1514 1991 1561 manentes
2015 1507 2082 1561 ad
2118 1509 2450 1563 munitiones
2501 1510 2799 1572 civitatum,
2831 1526 2990 1580 quam
3038 1511 3298 1566 citissime

1709 1606 1911 1668 posset,
1956 1614 2306 1670 congregare.
2369 1600 2627 1656 Pracdixit
2676 1604 2819 1657 enim
2874 1614 3297 1672 superventuros

1710 1688 2141 1745 Christianorum
2171 1692 2377 1757 hostes,
2410 1691 2682 1757 videlicet,
2742 1693 2827 1747 cui
2873 1702 2996 1746 tunc
3028 1692 3296 1763 Hnngaris

1710 1780 2151 1845 inimicahantur,
2198 1780 2417 1845 Bessos,
2463 1790 2518 1835 ct
2554 1782 2925 1851 possessiones
2958 1796 3153 1835 eorum
3195 1782 3290 1834 dc-

1709 1871 2073 1942 prmdaturos.
2118 1870 2220 1925 Vix
2266 1872 2486 1926 nuntius
2523 1872 2777 1925 mandata
2806 1872 2949 1941 regis
2978 1870 3289 1941 complevit,

1707 1971 1763 2015 et
1792 1976 1920 2017 ecce
1943 1960 2234 2017 Bessorum
2294 1964 2569 2032 inopinata
2602 1964 2887 2017 calamitas
2935 1964 3199 2017 incendiis
3240 1971 3295 2016 et

1706 2052 1913 2122 rapinis
1966 2062 2159 2107 cuneta
2213 2053 2535 2119 devastavit,
2586 2068 2686 2122 per
2735 2054 3117 2109 revelationem
3175 2053 3290 2117 Dei,

1706 2144 1915 2199 meritis
1971 2145 2113 2199 beati
2165 2143 2267 2221 viri
2318 2160 2670 2209 concessam,
2720 2145 3004 2201 animabus
3051 2145 3293 2199 omnium

1704 2232 1925 2287 salvatis
1952 2245 2052 2303 per
2076 2234 2419 2303 receptacula
2450 2234 2839 2290 munitionum.

2315 2368 2542 2431 CAPUT
2586 2368 2673 2424 IV.

1703 2478 1907 2533 Bellum
1934 2498 1964 2534 a
1995 2480 2239 2535 Conrado
2267 2482 2577 2549 imperatore
2626 2482 2829 2536 illatum
2862 2484 2996 2537 mira
3030 2483 3125 2537 Dei
3169 2500 3293 2552 pro-

1776 2552 2000 2604 videntia
2034 2554 2134 2604 cito
2164 2553 2394 2618 ﬁnitum,
2425 2553 2604 2605 crebra
2628 2556 2796 2605 sancti
2825 2556 2991 2605 oratio
3015 2564 3059 2606 et
3087 2565 3291 2620 raptus,

1773 2622 1977 2689 insigne
2004 2624 2290 2675 severitatis
2317 2620 2631 2688 exemplum,
2657 2623 2867 2676 morbus
2898 2626 3029 2691 regis
3051 2633 3095 2677 et
3119 2622 3288 2676 obitus

1770 2691 2025 2758 ﬁliorum,
2052 2693 2264 2745 virtutes
2287 2694 2465 2745 ναι-ἕω.

1769 2802 1860 2857 25.
1887 2802 2098 2857 Accidit
2124 2810 2246 2871 post
2284 2803 2406 2866 hoc,
2438 2801 2691 2858 defuncto
2751 2802 2893 2857 beati
2923 2803 3063 2874 regis
3093 2805 3290 2868 amico,

1699 2894 1959 2949 Romana)
1987 2895 2268 2965 dignitatis
2311 2897 2550 2966 Augusto
2592 2895 2826 2950 Henrico
2859 2895 2955 2950 Pio
2984 2896 3116 2966 (52),
3146 2896 3287 2951 Con-

1698 2986 1890 3041 radum
1917 2987 2280 3056 imperatoriae
2310 2989 2587 3058 dignitatis
2638 3004 2897 3043 coronam
2939 3004 3034 3058 per
3060 2988 3292 3043 Germa-

34 3060 216 3125 osita,
260 3063 562 3133 peregrinis
612 3074 665 3119 et
715 3066 1003 3137 indigenis,
1034 3068 1210 3125 viduis
1238 3079 1291 3124 et
1317 3070 1592 3138 orphanis,

1725 3094 1893 3133 torum
1945 3080 2264 3133 electionem
2313 3095 2628 3134 assumere:
2676 3081 2767 3148 qui
2822 3083 3095 3135 destructa
3142 3081 3291 3149 pacis

28 3152 275 3208 uanobiis
297 3163 351 3208 et
377 3156 622 3212 ecclesiis
650 3174 707 3213 re
744 3159 1055 3226 distributa,
1096 3178 1255 3231 quam
1291 3164 1600 3219 continebat

27 3245 79 3295 in
112 3260 217 3298 ms.
243 3248 664 3321 eonsentiebat],
693 3250 744 3304 in
773 3252 923 3307 brevi
971 3252 1073 3308 fuit
1119 3255 1429 3309 examinata
1462 3256 1595 3327 (48).

27 3334 310 3392 .dnutum
332 3338 498 3393 etiam
527 3338 771 3408 ejusdem
803 3344 947 3397 servi
976 3344 1069 3398 Dei
1099 3360 1195 3399 rex
1228 3345 1339 3401 Deo
1373 3347 1598 3402 devotus

28 3431 428 3509 monasterium,
458 3433 600 3502 quod
628 3433 753 3489 Beel
789 3444 1152 3505 nuncupatur,
1178 3437 1466 3505 incipiens,
1497 3438 1595 3492 ho-

32 3521 249 3576 niuibus
297 3522 532 3587 ditavit;
566 3525 656 3579 ubi
698 3528 996 3581 monachus
1020 3525 1298 3583 Gerardus
1324 3530 1389 3583 de
1420 3528 1596 3583 Vene-

27 3615 80 3666 ta
141 3613 392 3678 veniens,
440 3615 611 3669 vitam
666 3618 1143 3686 contemplativam
1195 3634 1355 3690 agere
1410 3621 1597 3690 cmpit,

34 3704 96 3759 ui
123 3706 511 3762 constitutione
533 3709 707 3763 divina
736 3710 972 3779 pontifex
999 3711 1223 3778 electus,
1242 3722 1363 3782 post
1389 3713 1595 3767 obitum

27 3798 184 3851 aneti
210 3798 373 3869 regis,
420 3799 656 3855 instante
704 3801 1101 3859 disturbatione
1139 3802 1598 3872 (49)Christiani-

28 3890 161 3953 itis,
188 3888 475 3959 lapidatus,
513 3907 609 3961 per
643 3892 842 3946 donum
869 3892 1060 3962 gratia:
1084 3893 1382 3963 spiritualis
1403 3894 1597 3964 dignus

28 3979 235 4036 ﬂ‘cctus
268 3991 350 4037 est
377 3985 650 4038 consortio
672 3993 991 4054 martyrum.

66 4073 168 4127 22.
202 4073 311 4129 Nec
333 4076 436 4131 hoc
464 4079 897 4147 praetereundum
937 4079 1147 4134 aestimo
1174 4078 1316 4148 quod
1365 4080 1419 4134 in
1473 4079 1593 4135 viro

27 4163 100 4219 tei
124 4166 316 4233 quanti
353 4166 531 4220 meriti
572 4176 695 4235 post
732 4166 939 4221 obitum
991 4167 1152 4233 foret,
1208 4168 1391 4223 divina
1422 4166 1595 4224 virtus

27 4272 44 4310 I
77 4255 196 4308 vita
228 4269 323 4309 sua
354 4256 729 4311 demonstrare
752 4256 940 4312 voluit.
986 4257 1194 4328 Quippe
1236 4258 1451 4327 quoties
1498 4258 1596 4313 ali-

28 4352 159 4419 njus
189 4350 429 4407 hominis
460 4352 748 4407 infirmitas
778 4353 1000 4407 auribus
1034 4354 1147 4407 suis
1171 4352 1445 4407 dill'amata
1472 4352 1592 4418 fuit,

1707 3167 2097 3237 tranquillitate
2145 3170 2308 3223 totius
2360 3169 2674 3224 Theotoniae
2705 3171 2816 3239 (55)
2874 3186 3038 3224 manu
3091 3172 3291 3224 coadu-

1703 3267 1854 3325 nata,
1881 3258 2174 3312 Pannoniae
2217 3259 2482 3314 terminos
2522 3259 2792 3314 hostiliter
2827 3268 3055 3315 conatus
3092 3269 3173 3315 est
3212 3261 3292 3312 in-

1700 3351 1921 3405 vadere.
1955 3349 2153 3404 Contra
2201 3367 2361 3419 quem
2413 3367 2506 3404 rex
2563 3351 2872 3406 consultum
2904 3350 2979 3422 [in
3010 3368 3107 3404 ms.
3161 3365 3291 3405 con-

1700 3442 1907 3514 silium]
1935 3444 2138 3498 habens
2184 3445 2561 3514 episcoporum
2587 3454 2641 3497 et
2664 3445 2987 3514 principum,
3013 3444 3079 3496 ad
3135 3453 3287 3496 tuen-

1701 3536 1823 3589 dam
1875 3537 2109 3604 patriam
2157 3545 2398 3591 armatos
2458 3536 2626 3591 tetius
2688 3535 2976 3606 llungarize
3034 3533 3286 3589 extraxit.

1699 3624 1861 3680 Prius
1889 3636 2074 3681 tamen
2114 3627 2386 3691 recolens,
2430 3642 2488 3682 se
2528 3626 2663 3681 nihil
2713 3640 2871 3697 posse
2924 3626 3040 3680 sine
3090 3624 3288 3679 Christi

1699 3715 1978 3786 suffragio,
2014 3733 2207 3772 manus
2255 3727 2311 3774 et
2357 3733 2453 3773 eor
2481 3716 2673 3771 levans
2704 3720 2770 3771 ad
2802 3716 3027 3781 aethera,
3060 3715 3289 3769 domina:

1698 3822 1812 3863 suae
1830 3814 2102 3877 perpetua:
2128 3809 2371 3879 Virgini,
2406 3808 2495 3863 Dei
2531 3805 2818 3873 Genitrici,
2860 3805 3017 3860 matri
3050 3820 3175 3860 suas
3203 3804 3287 3857 in-

1691 3897 1869 3968 jurias
1922 3894 2358 3963 commendans,
2407 3899 2568 3953 talem
2621 3899 2802 3967 erupit
2860 3898 2910 3951 in
2962 3913 3192 3952 vocem:
3230 3895 3287 3949 Si

1696 3991 1873 4061 placet
1917 3990 2035 4056 tibi,
2071 3991 2295 4046 Domina
2324 3991 2533 4059 mundi,
2570 3999 2671 4045 tua:
2697 3998 2907 4059 partem
2958 3987 3288 4042 hanrcditatis

1696 4082 1766 4137 ab
1788 4083 2021 4137 inimicis
2050 4082 2161 4153 (56)
2188 4083 2481 4149 devastari,
2522 4091 2577 4136 et
2603 4081 2868 4136 novellam
2898 4078 3285 4149 plantatioucnt

1695 4171 2126 4228 Christianitatis
2152 4172 2381 4236 aboleri,
2406 4188 2511 4226 non
2548 4186 2700 4238 mete,
2746 4185 2958 4240 precor,
2990 4168 3287 4238 imputetur

1696 4263 1937 4329 desidize,
1967 4264 2061 4317 sed
2106 4264 2290 4332 potius
2341 4264 2682 4333 dispositioni
2736 4261 3027 4316 voluntatis
3074 4268 3193 4313 ιιιιιι.
3225 4259 3282 4312 Si

1694 4353 1941 4423 pastoris
1964 4352 2117 4421 culpa
2148 4354 2277 4422 quid
2310 4362 2569 4419 metetur,
2622 4353 2733 4422 ipse
2788 4352 2922 4417 luat,
2981 4348 3283 4405 insontibus

28 4441 101 4494 tbi
137 4456 242 4509 pro
276 4443 568 4507 medicina,
604 4457 766 4512 quam
810 4452 939 4497 tunc
1002 4443 1053 4497 in
1082 4444 1336 4513 pra-senti
1382 4452 1595 4513 poterat
1622 4448 1672 4509 1)
1696 4457 1878 4513 parce,
1904 4457 2121 4511 precor,
2146 4442 2419 4497 omnibus.
2449 4442 2543 4496 llis
2572 4442 2752 4507 dictis,
2798 4441 2951 4511 quasi
2974 4439 3282 4494 consolatus

27 4531 231 4597 abere,
256 4534 575 4602 particulam
598 4536 779 4606 panis,
826 4535 973 4604 pomi
996 4535 1135 4605 (50),
1166 4535 1247 4590 vel
1274 4535 1457 4591 herbae
1503 4551 1591 4592 re-

67 4731 193 4800 (48)
228 4731 426 4805 Surius
440 4734 568 4805 legit
602 4736 894 4803 exinanita,
934 4751 1059 4790 nam
1110 4736 1182 4791 ita
1230 4736 1322 4791 hic
1364 4750 1589 4793 sensum

27 4804 304 4877 (pressit;
338 4822 355 4854 ι
387 4803 523 4858 Τιιηί
550 4806 639 4860 ille
668 4806 849 4871 rebus,
871 4821 1008 4877 quas
1037 4806 1090 4860 in
1126 4807 1248 4861 aula
1270 4808 1586 4873 invenisset,

27 4892 39 4925 ι
78 4876 425 4946 peregrinos,
455 4889 673 4945 egenos,
704 4876 915 4941 viduas,
960 4877 1215 4946 pupillos,
1260 4878 1508 4933 ccenobia
1536 4889 1591 4935 et

28 4944 269 5014 :clesias
294 4944 551 5013 erogatis,
597 4947 745 5001 brevi
788 4947 932 5000 illam
964 4944 1348 5003 'eXinaniebat.
1382 4966 1400 4998 ι
1436 4948 1590 5014 Quod

28 5028 126 5065 :ro
156 5012 357 5087 dicitur
393 5012 457 5068 de
489 5031 618 5071 cura
658 5017 805 5087 regni
832 5018 1133 5085 gCuntbero
1182 5019 1400 5082 tradita,
1432 5012 1590 5074 intel-

27 5084 277 5158 gentium
311 5093 440 5158 puto
462 5088 527 5139 de
574 5102 702 5141 cura
723 5084 1197 5157 'eleemosynarum
1237 5102 1333 5158 per
1360 5103 1588 5157 regnum

27 5153 499 5227 ieriltttenilarum
529 5172 543 5220 ;
579 5158 631 5211 id
671 5158 815 5211 enim
846 5153 1078 5211 innu'unt
1102 5153 1383 5227 sequentia
1423 5153 1587 5215 verba

27 5238 47 5274 ι
80 5222 257 5276 Surio
282 5224 394 5293 jam
427 5227 573 5279 data.

55 5293 183 5366 (ιω)
216 5294 326 5347 Vox
351 5296 733 5350 disturbatione
779 5298 1067 5352 substituta
1094 5306 1179 5353 est
1210 5313 1276 5353 ex
1300 5315 1435 5366 ms.;
1460 5316 1585 5356 nam

27 5384 33 5415 ι
61 5364 508 5436 ed‘iI0_mendose
538 5366 735 5436 legitur
768 5368 1152 5423 distributione.

53 5433 181 5511 (50)
218 5432 372 5511 Ponti
404 5432 676 5511 ornittit'ur
705 5438 757 5491 in
813 5454 938 5501 ms.,
967 5439 1064 5492 sed
1118 5439 1281 5493 etiam
1310 5449 1395 5493 est
1441 5442 1583 5511 apud

27 5505 243 5582 uiritim.
282 5504 548 5582 Mirabilia
585 5508 634 5582 id
664 5524 833 5582 genus
874 5523 979 5582 non
1017 5518 1142 5582 sunt
1186 5511 1291 5564 fide
1343 5504 1583 5582 indigna,

28 5574 309 5651 mi_lnisce
361 5574 689 5651 sanctitatis
720 5578 913 5651 famam
966 5579 1017 5632 in
1070 5580 1188 5634 Vita
1228 5574 1483 5651 adeptus'
1503 5574 1587 5636 est

27 5645 333 5723 teplianns,
361 5646 484 5701 licet
506 5662 623 5701 eam
648 5664 750 5703 non
778 5650 956 5703 utinus
996 5662 1299 5705 mereretur
1330 5645 1585 5720 operibus

28 5724 224 5768 tttt'tts.

1699 4534 1767 4589 ab
1807 4534 1943 4605 ipsa,
1997 4532 2319 4589 litlucialiter
2366 4533 2628 4589 adversus
2677 4533 2860 4588 hostes
2892 4532 2993 4585 iter
3019 4530 3278 4600 arripuit.

1769 4736 1882 4808 (51)
1909 4736 2059 4808 Alias
2081 4736 2213 4790 Alba
2234 4736 2385 4808 Julia
2408 4736 2625 4802 dicitur,
2652 4733 2921 4808 llungaris
2952 4748 3081 4799 vero
3114 4731 3273 4786 Cinla

1693 4806 1933 4877 Feywar,
1970 4807 2255 4863 Germanis
2300 4807 2706 4877 Weissembnrg.
2756 4806 2884 4877 Erat
2932 4820 2996 4856 co
3040 4814 3280 4877 tempore

1693 4873 2007 4946 metropolis
2038 4878 2212 4933 civilis
2246 4878 2413 4933 totius
2441 4875 2852 4946 Transilvanim,
2899 4884 2951 4927 et
2979 4873 3276 4927 etiamnum

1691 4945 2263 5020 estgirnterpraeeipuas
2292 4948 2455 5020 urbes
2471 4946 2612 5020 illius
2634 4945 2989 5020 principatus.
3172 5011 3183 5020 _

1765 5019 1876 5091 (52)
1900 5013 2048 5074 Obiit
2075 5013 2143 5071 Si
2173 5018 2457 5091 Henricus_
2480 5013 2798 5091 imperator,
2845 5024 2902 5091 et
2922 5013 3143 5091 ﬂectus
3172 5013 3279 5064 'est

1691 5084 1996 5152 Conradus,
2023 5096 2378 5157 cognomento
2419 5085 2491 5141 Sa
2507 5087 2661 5147 licus,
2711 5099 2851 5157 anno
2884 5084 3020 5137 102$
3044 5101 3068 5157 ;⁵
3090 5093 3143 5134 at
3171 5097 3273 5157 non

1690 5161 1874 5215 statim
1897 5168 2075 5213 ortum
2094 5153 2186 5212 'est
2214 5158 2413 5211 bellum
2448 5158 2589 5210 inter
2615 5156 2920 5211 Conradum
2958 5163 3010 5207 et
3038 5153 3271 5220 Stepha—

1690 5246 1843 5292 num,
1874 5230 1966 5283 scd
2000 5228 2230 5297 primmn
2281 5229 2428 5280 fuere
2469 5228 2713 5295 qnmdam
2756 5224 3082 5297 simultates,
3122 5222 3274 5290 culpa

1690 5295 2020 5353 Bavarorum
2052 5308 2246 5357 enatat,
2276 5314 2340 5351 ac
2383 5298 2599 5357 deinde,
2633 5311 2782 5349 anno
2813 5296 2971 5356 1030,
2998 5295 3275 5346 Conradns

1689 5380 1876 5439 aperto
1892 5369 2033 5424 bello
2055 5383 2341 5438 aggressus
2359 5376 2442 5421 est
2465 5367 2818 5437 Stephanum,
2844 5380 3051 5435 paxque
3080 5364 3276 5417 instau-

1690 5438 1803 5493 rata
1827 5455 1971 5492 anno
1993 5438 2259 5507 sequenti.

1758 5509 1871 5581 (55)
1923 5510 1976 5563 In
2019 5503 2119 5562 ms.
2167 5507 2455 5581 Teutonus.
2510 5506 2766 5577 lntelligit
2816 5514 3005 5558 auctor
3051 5503 3277 5557 Cerma-

1688 5579 1863 5652 niam,
1889 5589 1983 5652 aut
2016 5590 2185 5633 totum
2218 5579 2521 5652 imperium.
2563 5648 2574 5652 _
2677 5646 2690 5652 _
2763 5646 2773 5652 Α
3128 5642 3138 5652 ¹

1760 5640 1874 5719 (54⁷)
1924 5650 1977 5705 In
2038 5665 2140 5704 ms.
2185 5640 2424 5714 additur,
2466 5648 2625 5718 regis,
2677 5646 2977 5718 legiturque
3031 5642 3166 5713 regis
3210 5640 3275 5693 ab

1686 5737 1811 5775 imm
1837 5736 1930 5774 CM.
