3916 6316
530 317 671 371 Η.Ξῦ

1637 312 1691 367 s.
1727 287 2064 367 STEPHANI
2100 302 2591 362 uuncanonuu
2635 304 2833 363 REGIS

3632 316 3737 376 ηιμ

526 428 707 482 Altera
766 442 887 480 mox
929 426 1012 481 die
1047 427 1266 481 nuntius
1312 426 1375 479 ad
1426 442 1867 496 unumquemque
1910 426 2101 480 ducem
2137 403 2181 459 Α
2211 422 2521 484 Bessorum,
2551 436 2780 490 quorum
2838 421 3087 491 superius
3127 420 3448 479 mentionem
3482 425 3735 503 habuimus,

524 519 938 583 Germanorum,
966 527 1017 570 et
1051 516 1101 571 in
1128 527 1301 572 castra
1330 517 1784 573 Tlteotonicorum
1810 517 1933 589 [ηις.
1969 517 2109 571 Teu-

527 608 853 680 tonieorum]
886 608 954 660 ab
1006 609 1331 678 imperatore
1369 609 1479 678 (53)
1527 610 1699 675 venit,
1751 610 1841 679 qui
1898 609 1978 664 eis
2025 625 2109 665 re-

523 701 717 754 deundi
754 698 1063 753 mandatum
1114 700 1327 753 detulit.
1371 699 1822 771 Regredientibus
1866 701 1978 771 (56)
2009 701 2106 755 ad-

519 791 798 855 versariis,
826 791 908 842 vir
936 798 1155 844 sanctus
1196 800 1443 859 respectu
1489 792 1855 846 miserationis
1905 793 1997 846 Dei
2049 808 2107 848 se

521 881 796 933 visitatum
858 878 1134 949 intelligit,
1171 878 1389 933 Christo
1438 881 1628 951 suique
1680 882 1792 953 (57)
1840 882 2105 938 Genitrici

522 982 677 1027 terrae
706 981 1008 1042 prostratus
1046 973 1250 1041 gratias
1283 974 1391 1044 egit
1421 994 1435 1039 ;
1485 970 1647 1043 cujus
1669 989 1728 1029 se
1774 991 1896 1030 cum
1954 977 2105 1045 regni

519 1063 825 1132 provisione
886 1062 1131 1116 tutamini
1182 1065 1433 1132 precibus
1481 1064 1714 1119 assiduis
1763 1067 2108 1121 commenda-

518 1155 613 1207 vit.
648 1153 946 1224 Imperator
968 1169 1115 1217 vero,
1177 1170 1395 1209 suorum
1427 1165 1533 1210 tam
1566 1156 1846 1226 repentina
1893 1169 2104 1228 perter-

518 1247 657 1301 ritus
685 1247 1010 1313 defectione,
1044 1248 1325 1303 sciscitans
1348 1248 1581 1318 qualiter
1609 1265 1697 1305 res
1730 1250 1869 1304 facta
1915 1251 2100 1318 fuerit,

515 1355 639 1394 cum
669 1341 917 1394 nuntium
968 1341 1292 1396 reversionis
1341 1357 1528 1397 eorum
1573 1359 1679 1398 non
1728 1359 1882 1397 suum
1939 1344 2106 1401 fuisse

466 1458 469 1463 ν
516 1436 791 1491 veraciter
816 1437 999 1503 sciret,
1028 1452 1121 1507 per
1161 1438 1444 1492 consilium
1471 1423 1789 1503 divinitatis,
1828 1439 1893 1493 ad
1922 1455 2107 1495 corro-

516 1530 815 1586 borandam
849 1532 992 1602 regis
1035 1530 1336 1586 fidelissimi
1370 1547 1540 1600 spem,
1569 1532 1764 1587 factam
1814 1548 1919 1587 non
1952 1532 2107 1588 dubi-

517 1624 674 1695 tavit,
700 1638 865 1693 super
894 1623 1087 1677 dehinc
1119 1624 1186 1677 ab
1234 1623 1513 1677 invasione
1561 1625 1709 1694 regni
1734 1621 1850 1692 ejus
1912 1624 2105 1680 timore

514 1712 718 1771 Judicis
760 1713 952 1769 :eterni
986 1722 1253 1778 retentus,
1295 1713 1578 1768 abstinuit.

585 1807 675 1861 ‘24.
706 1808 848 1861 Idem
872 1822 1087 1877 quoque
1111 1822 1231 1871 rex,
1251 1807 1409 1860 beata
1440 1806 1803 1862 sollicitudine
1834 1805 2096 1876 regalium

514 1894 867 1970 dispositione
895 1909 1209 1969 occupatus,
1256 1907 1467 1969 tempus
1513 1900 1766 1953 diurnum
1821 1898 2103 1967 colloquiis

514 2001 569 2049 et
596 1992 838 2047 consiliis
869 1992 1237 2061 transignans,
1275 2006 1371 2063 per
1400 1991 1573 2045 noctis
1604 1991 1877 2045 silentium
1907 1990 2105 2061 vigiliis

512 2095 567 2141 et
593 2085 930 2141 orationibus
970 2084 1199 2148 instare,
1258 2082 1729 2152 eomtcmplationi
1762 2097 1976 2148 vacare,
2028 2081 2143 2147 la-,

510 2192 730 2248 crymas
754 2175 1001 2240 fundere,
1027 2174 1195 2228 Deum
1228 2172 1427 2243 alloqui
1452 2171 1726 2242 precibus,
1762 2186 1979 2240 operam
2012 2170 2107 2226 de-

514 2268 615 2332 dit,
642 2268 882 2338 justique
918 2266 1125 2320 Judicis
1178 2265 1608 2319 moderationem
1648 2280 1812 2334 super
1837 2263 2105 2333 quotidia-

510 2360 957 2429 nasjudiciorum
995 2358 1362 2412 discussiones
1405 2356 1832 2411 misericorditer
1850 2357 2093 2423 descen-

511 2454 641 2508 dere
669 2452 965 2523 ﬂagitabat.
995 2450 1148 2517 Quod
1172 2464 1294 2503 cum
1321 2448 1510 2503 sedulo
1550 2447 1845 2516 spiritualis
1883 2446 2098 2501 deside-

512 2543 579 2599 rii
610 2532 975 2614 frequentaret
1001 2538 1195 2604 oﬂicio,
1244 2548 1402 2594 nocte
1447 2541 1704 2610 quadam,
1761 2538 1958 2608 templo
2008 2526 2105 2601 Dei

510 2635 669 2706 longe
727 2641 963 2697 remoto,
1016 2624 1396 2703 (descenderat
1442 2629 1640 2701 quippe
1696 2643 1818 2697 cum
1858 2627 1953 2684 illo
2009 2630 2106 2684 suo

512 2737 713 2794 magno
736 2731 791 2777 ct
817 2722 982 2779 nobili
1014 2724 1297 2788 comitatu,
1363 2721 1484 2775 fixis
1514 2720 1762 2775 tentoriis
1792 2720 1844 2774 in
1886 2735 2104 2790 campe-

514 2818 649 2872 stris
707 2815 1084 2886 amplitudinis
1119 2814 1285 2885 loco,)
1313 2813 1523 2869 caeteris
1561 2826 1757 2881 sopore
1810 2811 2102 2882 depressis,

515 2920 746 2978 surgens
777 2906 980 2961 alecto
1018 2906 1326 2962 cubiculum
1378 2903 1558 2960 cordis
1607 2906 1903 2975 ingressus,
1954 2903 2106 2974 geni-

513 2993 615 3050 bus
642 2991 813 3057 ﬂexis,
845 2991 960 3046 solo
983 2991 1252 3046 labiorum
1290 2999 1438 3045 motu
1482 3000 1698 3045 aeternae
1734 2988 2102 3044 miserationis

2212 528 2334 567 cum
2378 516 2629 567 universo
2668 523 2928 582 apparatur
2966 528 3086 579 suo,
3135 514 3386 569 videlicet
3428 518 3536 571 auri
3581 531 3631 574 et
3673 541 3741 580 ar-

2210 608 2353 676 genti
2388 607 2725 676 eopiositate,
2752 607 3026 678 multaque
3052 608 3318 663 varietate
3339 624 3742 686 ornamentorum,

2208 701 2458 755 curribus
2481 702 2689 756 onustis
2713 708 2779 755 de
2805 703 3051 771 partibus
3086 702 3377 772 Hungariae
3404 704 3514 774 (59)
3556 712 3743 789 egres~i,

2210 795 2276 848 ad
2307 810 2489 865 regem
2536 796 2724 849 venire
2779 794 3045 859 volentes,
3108 795 3357 851 terminis
3398 794 3744 856 Pannoniorum

2210 886 2801 956 appropinquaverunt.
2852 886 2922 940 At
2973 885 3127 941 multi
3186 902 3512 951 servorum,
3556 906 3743 958 quorum

2210 990 2403 1030 cereus
2434 985 2518 1030 est
2547 976 2761 1029 animus
2788 974 2927 1030 ﬂecti
2957 975 3009 1029 in
3037 977 3255 1039 vitium,
3293 976 3629 1046 malignitatis
3661 997 3747 1038 sua;

2210 1063 2328 1121 face
2359 1067 2603 1121 succensi
2625 1066 2747 1138 [ul.,
2783 1081 3088 1134 succensae,
3120 1066 3411 1139 mendose],
3435 1069 3628 1123 obviam
3666 1074 3747 1128 illis

2208 1158 2478 1222 exierunt,
2509 1160 2773 1229 quosdam
2828 1159 3004 1229 gladio
3034 1169 3446 1230 percusserunt,
3490 1163 3748 1233 omniaque,

2208 1265 2328 1319 qua:
2351 1264 2536 1303 eorum
2584 1248 2819 1316 fuerant,
2852 1249 3186 1317 auferentes,
3245 1265 3449 1305 vacuos
3490 1263 3540 1306 et
3578 1254 3751 1312 semiti-

2209 1348 2401 1395 ventcs
2427 1337 2780 1406 reliquerunt.
2813 1338 2890 1392 llli
2917 1354 3046 1393 vero
3071 1340 3181 1410 regi
3206 1339 3339 1407 qttid
3367 1347 3565 1401 actum,
3590 1342 3749 1408 quidve

2206 1428 2447 1499 perpessi
2471 1438 2597 1483 sunt
2628 1437 2990 1491 reservantes,
3029 1429 3132 1482 iter
3200 1430 3346 1499 quod
3377 1439 3635 1497 eteperant
3658 1447 3752 1500 per-

2209 1529 2457 1587 egerunt,
2505 1531 2557 1576 et
2590 1520 2657 1574 ad
2680 1534 2801 1573 eum
2832 1528 3186 1589 properantes
3209 1518 3438 1588 genibus
3467 1516 3576 1587 ejus
3608 1535 3656 1574 se
3679 1524 3751 1575 δίις

2207 1611 2513 1665 volverunt.
2545 1607 2752 1677 Quibus
2799 1609 2932 1663 visis
2964 1623 2979 1662 :
3012 1609 3144 1675 Quze
3176 1622 3365 1673 causa,
3402 1608 3585 1677 inquit,
3613 1611 3753 1691 malq-

2208 1717 2327 1756 rum
2352 1702 2375 1755 ?
2402 1700 2469 1756 Mi
2510 1702 2748 1766 domine,
2772 1700 3037 1763 referunt,
3072 1714 3173 1755 nos
3227 1698 3374 1753 servi
3405 1699 3479 1753 tui
3508 1699 3625 1753 nibil
3650 1701 3752 1757 mali

2208 1795 2587 1850 machinantes
2619 1835 2632 1858 ,
2698 1793 2764 1847 ad
2815 1792 3143 1847 audiendam
3190 1790 3518 1860 iudiciorum
3572 1800 3749 1847 tuorum

2208 1881 2443 1956 [tuorum
2467 1902 2569 1939 non
2596 1893 2671 1938 est
2697 1884 2749 1938 in
2780 1882 2905 1955 ms.]
2948 1882 3299 1937 veniebamus
3344 1883 3678 1953 disciplinam,
3707 1895 3754 1939 et

2207 1976 2562 2045 quorumdam
2608 1974 2881 2037 manibus,
2941 1990 3106 2044 quam
3138 1976 3423 2029 nobiscum
3467 1973 3751 2039 ferebamus,

2207 2067 2432 2137 pecunia
2461 2066 2665 2135 absque
2696 2066 2893 2121 delicto
2923 2067 3165 2119 omnium
3194 2075 3441 2121 nostrum
3481 2064 3641 2119 ablata
3666 2076 3754 2120 est.

2207 2151 2434 2221 Insuper
2464 2150 2836 2220 appreltensos
2866 2150 3077 2219 aliquos
3107 2150 3443 2213 ceciderunt,
3484 2158 3537 2203 et
3562 2152 3653 2203 vita
3680 2153 3757 2203 vix

2208 2241 2406 2295 comite
2437 2239 2707 2303 venimus,
2731 2248 2789 2293 ut
2816 2240 3195 2294 nuntiaremus
3229 2239 3348 2293 tibi.
3402 2238 3537 2303 Rex,
3565 2248 3615 2291 ut
3655 2248 3758 2292 erat

2208 2330 2586 2400 prudentiOris
2614 2330 2802 2396 animi,
2832 2346 2937 2385 non
2969 2330 3141 2395 vultu,
3181 2346 3288 2386 non
3340 2327 3519 2386 verbis
3558 2330 3760 2385 minatus

2208 2432 2291 2477 est
2310 2422 2389 2476 eis
2422 2420 2523 2495 [cis
2545 2421 2687 2476 abest
2710 2438 2742 2475 a
2779 2417 2935 2493 ms.];
2972 2422 3065 2476 sed
3089 2422 3386 2485 sustinens,
3410 2430 3470 2476 ut
3498 2422 3726 2476 scribitur
3744 2464 3759 2486 ,

2206 2514 2445 2581 prudens
2494 2512 2744 2583 spiritum
2778 2510 2891 2582 (60)
2928 2521 3175 2566 reservat
3226 2512 3278 2565 in
3310 2520 3597 2580 posterum,
3627 2514 3759 2567 misit

2207 2603 2361 2657 ocius
2401 2603 2468 2657 ad
2520 2603 2696 2668 illum,
2740 2604 2841 2657 sub
2883 2617 2990 2671 quo
3038 2602 3368 2666 militabant,
3408 2604 3685 2665 tribunum,
3714 2612 3765 2656 et

2208 2694 2293 2747 die
2326 2693 2624 2748 constituto
2680 2707 2870 2748 omnes
2917 2693 3240 2763 perditionis
3272 2693 3421 2748 viros
3463 2693 3607 2760 jussit
3648 2709 3767 2748 con-

2207 2782 2480 2853 spectibus
2525 2784 2637 2838 suis
2680 2784 3019 2853 praesentari.
3062 2782 3287 2838 Factum
3320 2791 3425 2850 est,
3457 2792 3513 2836 ut
3558 2785 3768 2853 impera-

2206 2882 2381 2939 verat,
2411 2882 2465 2928 et
2489 2873 2555 2928 ad
2612 2873 3011 2928 discutiendum
3042 2874 3095 2926 in
3127 2874 3418 2942 praesentia
3459 2874 3536 2927 sui
3581 2874 3767 2928 consti-

2209 2965 2305 3018 tuti
2329 2974 2478 3019 sunt.
2502 2964 2650 3031 Quos
2687 2964 3006 3033 alloquens:
3046 2964 3178 3029 Cur,
3214 2965 3408 3033 inquit,
3456 2965 3614 3036 legem
3642 2981 3769 3035 pra:-

507 3083 730 3155 jannam
800 3055 1088 3151 gemitibus
1138 3088 1193 3137 et
1233 3079 1487 3152 lacrymis
1534 3079 1801 3151 pulsabat.
1857 3079 2098 3150 Cumque
2127 3083 2171 3145 C
2206 3064 2483 3155 ⁰θιξ¹⁰η¹ξ¹¹
2515 3055 2609 3111 θεῖ
2658 3056 3146 3155 ίτδηξετθάίῗθίθδν
3173 3072 3279 3155 ηίξη
3327 3056 3652 3155 Ῐηίθίξθκίδιίθ

513 3172 717 3229 diutius
760 3172 1242 3244 deprecationibus
1277 3172 1572 3237 insisteret,
1606 3171 1819 3226 Domini
1844 3174 1925 3226 sui
1953 3173 2097 3243 regis

512 3266 700 3322 aeterni
747 3257 1015 3320 ministris
1068 3263 1135 3319 ad
1164 3264 1541 3335 suscipiendas
1570 3279 1759 3336 preces
1804 3264 1920 3334 ejus
1964 3281 2099 3320 con-

511 3357 879 3424 venientibus,
944 3355 1145 3427 papilio
1195 3371 1359 3427 super
1407 3371 1531 3410 eum
1579 3364 1836 3411 extensus
1881 3372 1911 3410 a
1956 3364 2098 3411 terra

508 3447 718 3500 levatus
751 3456 857 3500 tant
909 3445 1000 3500 diu
1042 3446 1283 3516 pendere
1328 3446 1493 3516 erepit
1524 3446 1576 3500 in
1624 3460 1771 3511 aere,
1810 3445 1980 3502 donec
2014 3447 2100 3500 vir

514 3536 608 3592 Dei
630 3537 697 3592 ad
723 3551 781 3592 se
806 3550 1057 3593 reversus
1083 3552 1113 3591 a
1146 3536 1625 3607 contemplatione,
1668 3537 1919 3607 spiritum
1964 3537 2100 3591 rela-

512 3627 662 3681 xavit
683 3627 750 3697 ab
780 3627 1043 3682 oratione.
1094 3627 1248 3695 Quod
1295 3628 1421 3683 licet
1462 3627 1811 3685 invisibiliter
1862 3627 1938 3684 illi
1975 3627 2095 3694 soli,

511 3718 602 3790 qui
628 3734 715 3774 res
752 3719 920 3787 novit,
955 3728 1246 3789 antequam
1298 3720 1454 3788 ﬂant,
1503 3721 1696 3791 suique
1723 3720 1917 3776 secreti
1970 3736 2101 3776 con-

512 3810 642 3867 sciis
662 3810 867 3879 angelis
912 3808 1103 3867 fuisset
1151 3810 1453 3883 cognitum,
1502 3812 1716 3867 cuidam
1767 3820 1944 3867 tamen
1982 3828 2100 3867 ma-

511 3918 632 3974 gna:
657 3902 1017 3973 simplicitatis
1060 3911 1117 3958 et
1153 3902 1477 3959 innocentiae
1513 3903 1588 3977 [in
1637 3921 1736 3959 ms.
1797 3904 2096 3980 innocenti]

512 3994 656 4059 viro,
710 3993 802 4064 qui
856 4003 983 4047 tunc
1014 3992 1176 4048 simili
1220 3992 1450 4049 forsitan
1498 3994 1738 4050 instabat
1785 3997 1957 4067 operi,
2015 4004 2100 4053 est

511 4084 915 4143 manifestatum
941 4102 955 4152 ;
988 4100 1148 4156 quem
1176 4101 1270 4141 rex
1324 4096 1568 4155 sanctus,
1609 4088 1795 4143 arcani
1826 4088 1985 4143 simul
2015 4087 2097 4144 sui

509 4178 786 4234 conscium
815 4192 935 4232 esse
960 4192 1057 4247 per
1087 4176 1350 4249 Spiritum
1396 4188 1642 4234 sanctum
1669 4179 1913 4246 edoctus,
1947 4182 2011 4235 ad
2038 4197 2098 4238 se

509 4280 760 4325 vocatum
817 4269 1029 4325 blandis
1072 4270 1222 4339 prius
1275 4270 1638 4337 sermonibus,
1702 4272 1829 4341 quid
1874 4273 2097 4329 vidisset

509 4364 906 4419 sciscitabatur.
942 4363 1136 4419 Postea
1165 4379 1233 4419 ne
1261 4364 1346 4419 cui
1372 4365 1721 4436 patefaceret,
1746 4364 2095 4438 duoadusque

510 4458 626 4528 ipse
653 4457 880 4520 viveret,
916 4455 1299 4512 interminatus
1318 4466 1424 4513 est.

581 4546 670 4600 25.
699 4546 866 4600 Fama
904 4544 1140 4599 nominis
1184 4545 1267 4600 sui
1304 4545 1356 4600 in
1396 4546 1619 4600 auribus
1650 4545 1939 4601 multarum
1971 4562 2100 4619 gen-

510 4638 644 4693 tium
668 4637 1008 4693 saecularium
1070 4635 1287 4703 diﬂ‘usa,
1335 4648 1391 4693 et
1430 4638 1647 4708 judiciis
1692 4638 1805 4693 oris
1849 4640 1961 4711 (58)
2016 4641 2099 4695 sui

509 4731 711 4787 celebri
741 4732 897 4787 laude
949 4731 1151 4801 ubique
1177 4732 1662 4797 iunotesccntibus,
1697 4731 1973 4802 sexaginta
1992 4732 2099 4787 viri

583 4911 695 4982 (55)
723 4910 775 4964 lrl
802 4916 887 4965 est
911 4909 1064 4982 quasi
1116 4908 1428 4982 missusab
1475 4908 1839 4982 imperatore;
1887 4911 1989 4965 nisi
2017 4928 2100 4967 re.

506 4978 639 5065 vera
677 4978 826 5065 illum
869 4980 1087 5035 miserit
1133 4979 1438 5044 Conradus,
1486 4978 1667 5047 idque
1700 4990 1887 5050 postea
1938 4982 2093 5037 fateri

507 5054 844 5193 ηοῖἓῗὶῖηλίε.
896 5119 1319 5191 Egredientibus,
1352 5119 1612 5174 nimirum
1663 5134 1829 5191 regno
1878 5122 2096 5193 Hunga.

510 5194 623 5248 rico
668 5195 1007 5247 adversariis.

508 5332 550 5389 ϐ
580 5264 779 5346 (findit
824 5279 921 5317 ms.
953 5262 1154 5317 rectius
1192 5277 1405 5332 suaeque
1434 5258 1693 5317 Genitrici
1741 5279 1837 5333 pro
1883 5265 2096 5334 ejusque

556 5347 776 5387 emlrtc‘t.

556 5347 838 5475 73,2133“in
864 5403 1288 5475 orissubstituta
1324 5411 1409 5456 est
1437 5419 1503 5458 ex
1530 5419 1632 5459 ms.
1663 5420 1676 5467 ;

508 5476 654 5529 liene
681 5476 936 5530 mendose
969 5474 1164 5544 legitur
1189 5475 1288 5544 ori.
1325 5475 1402 5526 Ita
1446 5489 1569 5527 mox
1609 5475 1714 5527 alia
1758 5476 1864 5527 duo
1896 5475 2093 5528 menda

506 5546 777 5612 corrigam
808 5560 874 5598 ex
921 5543 1072 5599 ms.’:
1103 5543 1358 5598 Meldensi
1424 5544 1799 5599 substitttendo
1820 5548 2095 5613 sexaginta

506 5630 604 5694 pro
615 5616 908 5738 gexagiuti,
940 5623 995 5669 et
1025 5613 1320 5677 habuimus,
1348 5628 1448 5682 pro
1473 5613 1655 5681 hujus,
1710 5614 1785 5668 uti
1818 5616 1981 5668 etiam
2014 5613 2090 5668 le-

507 5695 582 5738 att
659 5698 824 5737 unus.

507 5695 582 5754 gtt
615 5695 824 5738 Eunus.

1715 5419 1840 5457 nam
1874 5405 1928 5457 in
1980 5404 2095 5458 edi-

2203 3146 2443 3200 sericord
2469 3161 2554 3201 am
2583 3188 2599 3214 ,
2655 3155 2711 3201 et
2761 3147 2905 3200 viros
2969 3146 3291 3202 innocentia:
3341 3141 3770 3203 condemnastis?

2204 3237 2358 3292 Sicut
2389 3239 2627 3305 fecistis,
2665 3239 2737 3293 ita
2770 3238 2935 3293 faciet
2961 3239 3222 3294 Dominus
3272 3240 3427 3294 vobis
3473 3253 3645 3293 coram
3689 3254 3770 3295 me

2202 3327 2363 3383 ltodie
2409 3345 2422 3394 ;
2480 3339 2915 3399 transgressores
2966 3330 3112 3384 enim
3166 3330 3305 3398 legis
3354 3329 3575 3384 feriendi
3631 3338 3768 3383 sunt.

2200 3421 2434 3491 Accepta
2495 3421 2783 3486 sententia,
2812 3421 2990 3476 educti
3022 3429 3167 3483 sunt,
3199 3432 3252 3474 et
3281 3434 3378 3490 per
3399 3435 3604 3475 onmem
3627 3420 3770 3491 regni

2203 3512 2507 3583 ingressum
2553 3513 2660 3568 duo
2707 3523 2763 3567 et
2816 3513 2923 3566 duo
2953 3513 3246 3582 suspendio
3295 3512 3567 3581 perierunt
3611 3513 3766 3582 (6t);

2202 3604 2345 3673 quod
2369 3604 2440 3659 ob
2489 3611 2756 3658 terrorem
2809 3602 3178 3658 incutiendum
3212 3602 3452 3671 reliquis,
3497 3601 3608 3656 zelo
3654 3616 3771 3656 eum

2194 3695 2417 3766 justitizn
2470 3695 2664 3751 fecisse
2717 3697 3047 3753 credendum
3092 3705 3197 3759 est,
3255 3706 3337 3762 ut,
3392 3696 3516 3765 quia
3554 3708 3770 3765 regnum

2200 3789 2454 3844 omnibus
2478 3787 2783 3857 hospitibus
2804 3796 2998 3858 potens
3023 3787 3233 3858 asylum
3273 3800 3395 3842 esse
3424 3785 3652 3851 volebat,
3702 3786 3772 3839 sic

2200 3877 2339 3932 liber
2367 3877 2619 3933 omnibus
2646 3878 2898 3931 introitus
2917 3887 3067 3931 esset
3099 3886 3158 3931 ut
3179 3877 3360 3931 nullus
3391 3877 3769 3948 ingredientem

2200 3968 2498 4039 quemlibet
2547 3969 2601 4022 in
2647 3967 2829 4038 aliquo
2878 3966 3118 4031 laederet,
3170 3966 3254 4020 vel
3305 3955 3595 4021 molestare
3644 3979 3773 4034 prae.

2200 4068 2486 4125 sumeret;
2520 4057 2663 4128 quod
2715 4069 2772 4111 et
2817 4056 3018 4111 factum
3047 4066 3154 4111 est.
3194 4055 3353 4119 Nam,
3414 4055 3587 4125 quoad
3636 4055 3767 4108 vixit

2200 4151 2378 4206 nullus
2408 4151 2629 4206 cuilibet
2677 4149 2876 4217 hospiti
2923 4149 3219 4219 quidquam
3270 4147 3533 4202 molestia:
3580 4147 3774 4201 inferre

2208 4243 2582 4315 praesumpsit.

2267 4338 2358 4391 26.
2405 4336 2461 4391 lu
2519 4336 2680 4391 beato
2734 4349 2949 4405 quoque
2986 4348 3114 4406 rege
3164 4342 3379 4390 constat
3424 4331 3773 4403 apostolicum

2126 4436 2172 4490 D
2199 4430 2326 4487 illud
2357 4432 2658 4501 impletum,
2689 4432 2830 4503 quod
2860 4430 3056 4500 legitur
3084 4447 3098 4483 :
3141 4428 3408 4494 Quoniam
3458 4443 3549 4497 per
3580 4423 3774 4478 multa:

2201 4524 2563 4578 tribulationcs
2610 4532 2815 4593 oportet
2887 4523 3090 4573 intrare
3152 4520 3209 4571 in
3261 4533 3485 4587 regnum
3535 4517 3777 4568 (telorum

2201 4617 2337 4689 (Act.
2373 4633 2484 4681 xrv,
2514 4615 2644 4686 2!);
2680 4622 2734 4669 et
2764 4616 2818 4669 in
2870 4612 3010 4666 libro
3060 4610 3352 4680 Sapientiae
3389 4626 3403 4661 :
3436 4607 3577 4674 Quos
3603 4606 3779 4675 diligit

2200 4708 2364 4773 Deus,
2415 4707 2670 4777 castigat,
2721 4714 2776 4761 et
2826 4713 2985 4774 pater
3028 4701 3264 4772 ﬂagellat
3313 4715 3529 4758 omnem
3573 4698 3778 4765 ﬁlium,

2274 4910 2386 4982 (59)
2413 4909 2635 4982 Rectius
2662 4906 3036 4982 Bulgaro‘rum.
3222 4973 3259 4982 _
3310 4979 3318 4982 Δ
3458 4978 3467 4982 _
3643 4967 3659 4979 ,

2271 4973 2383 5053 (60)
2409 4981 2463 5035 In
2492 4995 2594 5053 ms.
2622 4973 2824 5053 spiritu
2835 4977 3015 5053 minus
3033 4982 3197 5029 recte.
3222 4973 3326 5053 Dat
3347 4973 3778 5053 auctor,opinnr.

2201 5039 2416 5109 sensum
2470 5039 2758 5103 verborum
2813 5046 3026 5100 illorum
3057 5086 3071 5109 ,
3129 5060 3251 5114 qua:
3305 5043 3567 5114 habentur
3618 5039 3780 5114 lfrov.

2199 5122 2428 5189 XXIX,i‘.
2454 5122 2510 5175 il
2546 5138 2558 5172 :
2601 5118 2787 5172 Totum
2815 5118 3056 5189 spirimrn
3102 5109 3257 5173 suum
3298 5111 3498 5180 profert
3545 5109 3781 5172 stultus;

2198 5187 2403 5263 sapiens
2426 5192 2621 5263 Ili/fert,
2662 5199 2707 5263 et
2736 5187 3048 5263 reservqutt
3074 5194 3362 5263 posterum.

2270 5248 2384 5333 (61)
2422 5248 2563 5333 luctu
2602 5248 2765 5333 liabet
2791 5272 2895 5311 ms.
2922 5248 3234 5333 Millic'ense,
3262 5255 3313 5307 in
3340 5265 3448 5333 quo
3470 5249 3579 5304 hzec
3604 5248 3783 5333 scium

2200 5318 2400 5389 de‘ho'c
2427 5332 2569 5384 facto
2617 5330 2954 5402 subdttntur:
2988 5345 3005 5379 ι
3044 5325 3147 5379 Per
3172 5318 3275 5402 hoc
3325 5318 3786 5402 deniqnevolens

2198 5401 2442 5471 intelligi,
2467 5410 2524 5454 ut
2554 5401 2858 5471 quicunque
2918 5412 3021 5450 non
3053 5396 3427 5471 acquiesceret
3470 5389 3787 5471 iudiciuin-

2197 5461 2399 5533 stitirc,"
2431 5461 2650 5543 quod-.a
2696 5461 2922 5521 Domino
2973 5461 3352 5543 proposuerat,
3380 5461 3458 5515 sic
3488 5462 3664 5543 lieres.
3693 5461 3783 5511 illi.

2197 5531 2497 5599 Audiernnt
2532 5542 2861 5595 habitatores
2888 5531 3044 5591 terrae
3065 5531 3352 5605 judicium,
3380 5531 3521 5601 quod
3543 5531 3787 5596 judicas-

2199 5623 2280 5669 set
2306 5627 2420 5679 rex,
2451 5622 2505 5666 et
2537 5611 2846 5665 timuerunt.
2878 5627 2897 5658 ι
