3816 6322
25 344 51 399 Ι
68 344 187 402 225

1539 342 1713 400 VITA.

3176 349 3314 405 i220

26 474 202 529 quem
254 457 445 526 recipit
490 456 670 527 (Prov.
718 474 802 522 ιιι,
836 458 893 512 ll
920 474 941 523 -;
1000 457 1158 513 Hebr.
1198 472 1299 517 xu.
1330 455 1407 527 6).
1436 457 1617 512 Multis
1644 459 1694 517 Λ
1724 464 1869 510 ctum
1899 455 2058 527 {forte
2081 456 2296 528 affectu]
2341 459 2560 521 doluit,‘
2589 456 2766 511 scie‘ns
2812 470 2941 513 vero
2972 462 3256 533 ‘scriptum
3295 483 3307 517 :

26 555 181 607 enim
226 552 400 607 modis
449 552 775 606 correctioni
818 551 1015 605 divinte
1061 551 1391 615 succubuit,
1451 552 1625 607 tribus

26 643 196 696 armis
229 640 546 695 inﬁrmitate
578 641 819 695 continet
863 640 1102 695 laborem
1147 641 1299 711 (62).
1330 642 1624 712 Postquam

38 734 155 786 nde
188 730 588 802 propitiationis
620 731 710 784 Dei
737 730 1094 786 medicamine
1119 731 1416 792 COIIValuit,
1440 738 1625 786 tamen

34 826 235 879 "dicio
264 823 451 877 :eterui
484 824 781 892 persecreti
838 823 1069 887 consilii,
1097 824 1387 892 quamdam
1417 823 1625 877 exami-

26 922 307 979 iatianem
339 924 389 977 in
447 923 679 976 ﬁliorum
711 936 935 976 suorum
990 922 1139 975 obitu
1193 922 1293 975 sibi
1322 924 1490 976 sensit
1518 922 1627 975 im-

28 1012 249 1066 nittere
291 1011 367 1083 [in
389 1028 486 1065 ms.
553 1009 794 1081 mittere]
824 1011 1077 1071 verbera,
1118 1025 1253 1079 quos
1298 1011 1350 1064 in
1381 1011 1509 1080 ipsis
1538 1012 1623 1065 in-

26 1104 213 1159 hutizn
266 1105 520 1175 gradibus
570 1104 828 1168 infantes,
878 1104 975 1172 qui
1015 1101 1181 1167 dedit,
1216 1103 1439 1157 abstulit
1483 1102 1621 1173 (63).

26 1198 94 1250 De
133 1213 369 1268 quorum
402 1206 576 1251 morte
599 1197 912 1251 maestitiam
956 1198 1201 1251 obortam
1234 1198 1449 1267 genitor
1495 1212 1624 1267 pro-

26 1298 147 1343 iter
209 1303 454 1344 amorem
487 1287 579 1343 ﬁlii
638 1288 968 1358 superstitis,
1020 1289 1175 1344 bona:
1221 1289 1419 1345 indolis
1469 1291 1625 1360 pueri

26 1380 263 1434 interici
297 1379 655 1449 compescuit,
686 1379 937 1433 solatium
970 1394 1130 1447 quem
1182 1380 1336 1449 quasi
1365 1379 1476 1449 jam
1501 1381 1624 1435 uni-

26 1486 144 1525 tum
170 1486 305 1526 caro
344 1470 575 1543 diligens
619 1470 836 1535 affectu,
892 1471 1143 1538 precibus
1174 1472 1391 1527 Christo
1441 1475 1620 1543 quoti-

26 1561 223 1628 iianis,
256 1570 312 1617 et
337 1562 451 1631 ejus
490 1562 737 1634 genitrici
782 1563 986 1633 Virgini
1020 1574 1292 1634 perpetuze
1347 1580 1625 1621 commen-

26 1653 195 1707 lavit.
228 1653 385 1710 Hunc
414 1654 514 1710 sibi
541 1655 655 1710 fore
705 1658 1075 1725 superstitem,
1108 1657 1251 1711 hunc
1276 1658 1424 1727 regni
1454 1658 1623 1713 htere-

26 1744 169 1809 iem,
193 1745 339 1800 votis
366 1746 619 1804 omnibus
645 1747 997 1814 desideravit,
1030 1759 1087 1805 et
1116 1758 1174 1802 ut
1219 1748 1407 1804 efﬁcax
1464 1750 1619 1805 ﬁeret

26 1836 81 1889 Id
136 1837 370 1892 tenenda
440 1838 578 1892 tanti
627 1839 907 1910 regiminis
955 1841 1318 1908 gubernacula
1373 1842 1615 1897 virorum
1651 1814 1785 1882 Ba"
1816 1830 1984 1884 1‘35"!"
2039 1829 2185 1882 labia
2234 1833 2421 1897 ηὀνίιι
2481 1833 2726 1889 "ﬁniens
2777 1835 3085 1904 δεΐῖριυιηε

26 1927 371 1984 iocumentis
400 1930 848 1992 orthodoxorum.
900 1942 999 1987 us"
1066 1932 1316 1989 lectionis
1348 1934 1616 2004 quotidia-

26 2035 121 2087 ιε,
164 2019 300 2075 fecit
329 2022 570 2076 auditum
598 2032 885 2093 utrumque
906 2024 1020 2095 (64)
1048 2027 1307 2093 praebere.
1338 2027 1456 2096 ipse
1484 2042 1619 2096 quo-

25 2124 123 2177 μεθ
156 2119 401 2179 paterna:
442 2110 750 2168 dilectionis
794 2114 991 2169 ardore
1043 2127 1414 2186 compunctus,
1459 2119 1615 2173 libel-

31 2214 129 2252 um
159 2199 281 2269 (65)
305 2199 407 2255 sibi
459 2200 527 2255 de
555 2200 901 2258 institutione
945 2219 1155 2259 morum
1209 2207 1532 2275 composuit,
1560 2207 1614 2262 in

26 2304 125 2358 juo
150 2289 405 2357 fideliter,
438 2300 492 2347 et
518 2292 806 2364 diligenter
834 2297 1015 2352 verbis
1055 2313 1177 2353 eum
1232 2300 1617 2356 admonitionis

25 2382 326 2449 ipiritualis
360 2382 485 2455 [ms.
510 2385 784 2459 specialis]
836 2388 1167 2459 alloquitur,
1188 2392 1463 2447 instruens
1484 2408 1618 2463 qua-

30 2472 143 2526 iter
164 2482 298 2529 ante
325 2474 508 2530 omnia
539 2476 732 2532 debeat
764 2477 1056 2534 observare
1083 2480 1242 2534 ﬁdem
1268 2482 1613 2550 catholicam,

25 2564 353 2621 ionﬁrmare
387 2576 593 2622 statum
627 2567 1084 2632 ecclesiasticum,
1115 2570 1374 2625 honorem
1409 2572 1619 2643 impen-

25 2651 147 2709 Zere
188 2654 440 2725 dignitati
495 2656 835 2726 pontiﬁcum,
864 2659 1134 2729 principes
1167 2670 1219 2715 ct
1250 2661 1449 2717 milites
1496 2663 1618 2717 dili-

25 2758 168 2811 gere,
214 2746 474 2813 judicium
530 2747 849 2812 observare,
897 2749 1211 2820 patientiam
1260 2752 1313 2806 in
1366 2753 1615 2811 omnbus

25 2836 240 2892 ictibus
261 2838 482 2905 habere,
512 2840 753 2911 hospites
778 2842 1011 2912 benigne
1039 2842 1298 2914 recipere,
1329 2843 1615 2917 benignius

26 2928 148 2990 αι..
180 2928 471 3002 benignus]
503 2932 735 2996 nutrire,
789 2933 909 2988 sine
963 2934 1191 2989 consilio
1244 2935 1380 2990 nihil
1429 2952 1633 3007 agere,

26 3016 262 3085 najores
312 3034 439 3074 suos
489 3035 703 3091 semper
771 3030 897 3076 ante
951 3022 1139 3079 oculos
1190 3024 1256 3079 ad
1306 3028 1612 3097 exemplum

26 3117 293 3174 notuere,
324 3112 588 3167 orationis
643 3112 878 3168 oiiicium
930 3112 1302 3184 frequentare.
1353 3119 1608 3187 pietatem

26 3210 73 3253 at
101 3200 541 3257 misericordiam
566 3219 691 3258 cum
731 3204 945 3263 caeteris
989 3206 1278 3263 virtutibus
1310 3210 1605 3278 possidere.

89 3292 186 3345 27.
212 3292 435 3349 Talibus
461 3304 516 3349 et
552 3295 637 3351 his
685 3296 955 3353 similibus
984 3298 1285 3369 disciplinis
1331 3301 1612 3357 institutus

30 3383 239 3438 uvcuis
264 3385 574 3455 praeclarus,
624 3386 691 3441 ad
721 3396 909 3442 nutum
957 3388 1329 3457 dispositionis
1370 3399 1609 3455 merum,

27 3475 110 3531 :ui
146 3484 341 3531 cuneta
398 3476 706 3547 subjacent,
762 3479 1063 3535 obedien’do
1109 3481 1240 3535 1051
1320 3482 1639 3545 ΒοιιιίιιίςιιιΔ

28 3567 416 3623 incarnationis
435 3583 579 3624 anno
606 3570 774 3626 vitam
800 3570 942 3625 hanc
980 3571 1260 3628 exitialem
1310 3582 1615 3629 commuta-

27 3657 120 3722 rit,
144 3658 473 3728 sempiterno
496 3658 618 3730 [al.,
640 3676 883 3716 menaose
905 3663 1316 3736 sempiternam]
1350 3680 1615 3737 superno-

27 3766 146 3802 rum
179 3749 376 3804 civium
401 3751 691 3820 adjunctus
737 3755 1123 3821 contubernio,
1173 3758 1327 3828 cujus
1375 3758 1611 3813 animam

38 3856 141 3908 psa
185 3841 444 3898 transitus
472 3843 553 3897 sui
594 3843 727 3899 hora
758 3844 973 3902 cuidam
1001 3846 1257 3917 episcopo
1296 3847 1613 3906 Graecorum

27 3931 223 4002 165‘),
280 3942 482 3989 sancta:
530 3937 958 3992 conversationis
1019 3939 1159 4003 viro,
1206 3940 1502 3996 revelatum
1530 3950 1617 3997 est

28 4022 226 4078 deferri
254 4038 348 4095 per
374 4026 593 4097 angelos
620 4028 687 4082 ad
717 4028 838 4083 caeli
872 4029 1090 4100 palatia.
1123 4028 1322 4087 Verum
1353 4034 1478 4103 quia
1516 4048 1614 4105 pro

27 4116 333 4173 sanctitatis
355 4134 465 4175 sua:
504 4118 731 4183 meritis,
762 4136 973 4177 summo
1029 4122 1099 4177 ab
1125 4125 1381 4181 omnibus
1426 4125 1617 4197 dilige-

30 4217 189 4263 Jatur
210 4207 422 4274 aﬂ‘ectu,
453 4220 606 4266 ortus
632 4220 717 4266 est
743 4212 930 4283 ingens
978 4213 1154 4270 luctus
1207 4217 1473 4286 omnium,
1519 4219 1619 4275 sed

30 4300 75 4355 ii
92 4300 275 4355 axime
297 4302 625 4373 principum,
656 4303 796 4357 inter
817 4319 951 4373 quos
976 4315 1131 4375 pater
1156 4294 1429 4365 desolatus
1451 4324 1615 4381 grave

29 4394 203 4446 .raxit
232 4392 375 4464 [ms.,
404 4395 702 4468 contraxit]
742 4397 1081 4467 suspirium;
1124 4401 1314 4457 videns
1357 4402 1502 4457 enim
1555 4418 1619 4459 se

1733 547 1855 602 Non
1879 560 1952 602 est
1979 549 2255 617 sapientia,
2284 568 2387 605 non
2434 562 2507 606 est
2534 550 2831 621 prudentia.
2867 568 2971 607 non
3017 565 3093 609 cst
3141 559 3311 610 consi-

1728 640 1856 694 lium
1908 653 2091 696 contra
2129 642 2408 696 Dominum
2440 644 2622 703 (Prov.
2675 661 2787 706 xxi,
2813 645 2903 715 ’50)
2934 662 2947 699 :
2978 666 2996 698 ι
3026 646 3309 703 Neminem

1727 742 1947 802 propter
1979 732 2185 787 obitum
2242 735 2530 789 charorum
2580 738 2805 791 nimium
2853 739 3054 793 debere
3102 742 3307 794 contri-

1727 826 1883 888 stari,
1909 843 1927 875 ι
1964 824 2206 894 deposito
2238 840 2468 880 mmrorc
2499 828 2589 897 (66
2619 831 2631 845 '
2653 830 2691 895 ),
2751 846 2808 881 se
2865 831 3083 885 contulit
3139 842 3309 888 totum

1728 917 1796 970 ad
1820 918 2164 985 quaerendam
2195 917 2501 988 largitatem
2527 921 2919 977 misericordia!
2945 923 3161 986 divinae,
3194 940 3307 977 ore-

1728 1008 2011 1062 nobiorum
2044 1016 2097 1062 et
2116 1008 2370 1063 Ecclesiae
2398 1008 2685 1073 ministris,
2715 1013 2996 1068 monachis
3017 1022 3069 1073 et
3091 1015 3312 1068 clericis

1728 1096 1959 1151 diversis
1987 1097 2453 1169 eleemosynarum
2485 1100 2640 1153 donis
2676 1104 2981 1159 consolatus
3006 1106 3162 1177 [forte
3184 1121 3311 1160 cnu-

1728 1189 1964 1260 solatis],
2000 1205 2294 1259 expensam
2346 1194 2512 1247 totius
2544 1188 2811 1264 sutmptus,
2840 1214 3001 1266 quatn
3030 1209 3157 1254 tunc
3218 1201 3312 1254 ha-

1726 1278 1857 1334 bere
1887 1290 2121 1349 poterat,
2149 1284 2475 1352 peregrinis,
2500 1284 2695 1349 viduis,
2730 1295 2786 1340 et
2818 1290 3082 1357 orphanis
3102 1299 3308 1360 erogat.

1726 1367 2052 1423 Exterarum
2086 1372 2248 1423 etiam
2301 1376 2624 1427 monasteria
2669 1376 3066 1443 provinciarum
3098 1380 3312 1434 muniﬁ-

1725 1459 1918 1514 centia:
1948 1461 2289 1530 regiteelonis
2313 1463 2609 1519 innumeris
2638 1484 2733 1535 per
2757 1469 2973 1521 nuntios
3014 1484 3139 1522 suos
3167 1484 3310 1540 szepe

1725 1554 1984 1608 visitavit.

1794 1646 1883 1700 28.
1925 1644 2282 1701 Gravedinem
2310 1663 2517 1703 morum
2557 1650 2722 1721 (63‘),
2747 1667 2910 1721 quam
2952 1654 3002 1706 in
3032 1651 3312 1720 juventute

1726 1746 2034 1805 receperat,
2061 1752 2232 1807 usque
2255 1739 2323 1792 ad
2355 1740 2513 1794 linem
2548 1742 2668 1795 vitze
2700 1744 2890 1796 tenuit.
2931 1744 3032 1798 Vix
3067 1762 3305 1814 unquam

3150 1837 3308 1891 Risus

1720 1920 1899 1983 dolore
1928 1923 2194 1988 miscetur,
2246 1935 2294 1978 et
2353 1934 2586 1979 extrema
2636 1927 2819 1996 gaudii
2871 1918 3042 1981 luctus
3091 1940 3310 1997 occupat

1720 2009 1907 2081 (Prov.
1941 2028 2051 2077 11v,
2084 2013 2171 2084 15)
2211 2030 2227 2080 ;
2282 2028 2499 2084 semper
2540 2014 2619 2069 sic
2673 2029 2940 2085 apparens
2974 2032 3038 2071 ac
3083 2018 3126 2071 si
3184 2030 3311 2072 ante

1719 2100 1919 2158 Christi
1954 2104 2187 2161 tribunal
2236 2115 2428 2172 staret,
2464 2107 2758 2179 interioris
2823 2108 2934 2178 (67)
2985 2110 3156 2165 oculis
3194 2109 3313 2179 ejus

1720 2198 2064 2266 praesentiam
2088 2199 2238 2254 vultu
2269 2214 2467 2256 sereno
2512 2202 2883 2272 conspiciens,
2929 2202 3203 2259 Christum
3255 2205 3309 2259 in

1717 2303 1835 2357 ore,
1867 2289 2144 2347 Christum
2177 2293 2229 2347 in
2266 2293 2451 2363 corde,
2484 2296 2759 2351 Christum
2788 2297 2841 2350 in
2871 2299 3081 2353 cunctis
3101 2300 3311 2355 actibus

1718 2395 1777 2437 se
1811 2380 1893 2455 [se
1928 2382 2077 2449 abest
2108 2382 2237 2456 ms.}
2266 2394 2482 2455 gestare
2515 2386 2928 2457 demonstravit.
2970 2388 3121 2444 Diem
3180 2390 3311 2444 ulti-

1718 2488 1871 2528 mum
1893 2488 2109 2543 semper
2130 2485 2256 2531 ante
2296 2476 2485 2531 oculos
2507 2479 2687 2533 cordis
2711 2488 2978 2544 statuens,
3007 2491 3117 2535 toto
3144 2498 3301 2536 mcu-

1721 2564 1789 2620 tis
1841 2565 2112 2622 desiderio
2178 2568 2319 2624 inter
2373 2570 2563 2639 patria:
2613 2570 2856 2625 caelestis
2920 2573 3090 2635 cives,
3154 2577 3308 2641 quasi

1724 2657 1961 2726 quodam
1989 2656 2113 2730 [al.,
2148 2659 2447 2731 quondam]
2478 2660 2735 2731 angelicre
2762 2665 3193 2719 conversationis
3222 2667 3310 2719 ha-

1717 2747 1834 2802 bitu
1887 2750 2142 2819 cupiebat
2203 2752 2471 2807 habitare.
2531 2752 2754 2808 Cunctis
2822 2755 2932 2810 Deo
2985 2758 3307 2829 placitarum

1719 2840 1978 2895 virtutum
2007 2843 2299 2909 generibus
2333 2844 2629 2900 adornatus
2661 2845 2714 2898 in
2746 2849 3033 2903 sanctitate
3066 2861 3117 2905 et
3142 2849 3308 2919 justi-

1720 2930 1815 2994 tia,
1847 2946 2030 2987 coram
2057 2934 2175 3001 ipso
2194 2934 2448 2989 omnibus
2480 2935 2673 2990 diebus
2710 2938 2833 2992 vitae
2857 2957 2968 2993 sua:
2991 2943 3307 2997 conversari

1715 3017 1979 3086 decrevit,
2012 3023 2145 3077 utin
2176 3038 2241 3078 eo
2285 3023 2398 3092 jam
2431 3038 2527 3078 ceu
2559 3026 2804 3095 quautam
2857 3026 3051 3082 futurre
3098 3030 3307 3099 gloriﬁ-

1715 3113 1949 3169 cationis
1976 3116 2187 3185 species
2223 3116 2529 3173 clarescere
2556 3119 2853 3174 videretur.

2339 3227 2568 3283 CAPUT
2609 3230 2673 3284 Υ.

1717 3331 1951 3410 Morbus,
2004 3336 2158 3410 etin
2206 3351 2265 3389 eo
2312 3337 2515 3410 detecta
2570 3340 2891 3407 conspiratio
2935 3342 3306 3410 quorumdam;

1794 3405 1977 3459 beatus
2013 3405 2208 3479 abitus,
2236 3406 2527 3479 sepultura,
2560 3405 2767 3479 decreta
2807 3405 3041 3479 corporis
3067 3412 3306 3477 eleratio,

1780 3490 1849 3526 ac
1880 3475 2141 3529 mirabilia
2168 3476 2221 3530 iu
2250 3478 2516 3544 apertione
2538 3478 2762 3547 sepulcri
2788 3475 2951 3549 facta.

1788 3566 1879 3622 Ἃ).
1935 3560 2070 3621 Post
2126 3582 2230 3641 non
2294 3566 2523 3623 multum
2584 3569 2845 3639 temporis
2897 3564 3309 3643 mgrotationem

1718 3659 1969 3724 incurrit,
1992 3674 2097 3730 qua
2130 3660 2476 3733 postmodum
2507 3676 2738 3731 corpore
2763 3665 3019 3731 excessit,
3040 3663 3308 3737 longaque

1718 3750 1995 3821 languoris
2045 3750 2291 3806 molestia
2331 3750 2758 3822 ingravescente,
2787 3752 2842 3808 in
2891 3754 3117 3824 pedibus
3161 3764 3310 3810 stare

1720 3843 2001 3912 nequibat.
2034 3841 2292 3899 Videntes
2331 3850 2511 3898 autem
2541 3852 2778 3912 quatuor
2800 3845 3122 3900 nobilissimi
3154 3848 3307 3917 pala-

1720 3932 1960 3988 tinorum
2007 3932 2098 3987 diu
2140 3932 2489 4004 graviterque
2540 3931 2878 3992 laborantem
2921 3934 3069 4005 (nam
3111 3937 3212 4007 ipsi
3253 3938 3309 3992 in

1717 4024 1942 4094 perﬁdia
1999 4025 2179 4081 cordis
2209 4025 2386 4081 adhuc
2414 4036 2664 4082 errantes
2692 4028 2976 4083 consilimn
3008 4029 3311 4101 iniquitatis

1719 4116 2014 4183 duxerunt,
2048 4130 2412 4189 oce’asumque
2458 4118 2574 4189 ejus
2616 4118 2669 4173 in
2700 4129 2929 4175 mortem
2973 4122 3150 4175 conati
3182 4130 3310 4175 sunt

1719 4211 2014 4280 tractare),
2063 4208 2176 4277 jam
2221 4210 2309 4265 die
2361 4211 2868 4279 advesperascente,
2922 4220 3212 4279 antequam
3252 4210 3309 4264 iu

1716 4306 1879 4360 domo
1908 4304 2126 4359 lucerna
2154 4304 2562 4371 accenderetur,
2613 4320 2755 4360 unus
2805 4321 2994 4361 eorum
3045 4306 3308 4359 audacter

1718 4398 1819 4453 sub
1850 4397 2084 4452 obscuro
2123 4397 2399 4466 ingressus
2419 4405 2525 4460 est,
2548 4404 2603 4453 ct
2631 4399 2697 4451 ad
2738 4395 3306 4469 jugulandumrcgcm

29 4484 206 4540 tolum
233 4484 348 4539 sine
364 4501 459 4557 spe
483 4487 823 4555 posteritatis
849 4488 1189 4553 derelictum,
1238 4491 1455 4560 pietatis
1481 4490 1615 4547 ελσε·
1644 4503 1688 4561 ι)
1716 4504 1900 4546 ensem
1932 4488 2191 4543 nudatum
2236 4488 2338 4542 sub
2365 4487 2637 4545 chlamida
2663 4488 2893 4563 tegebat.
2946 4488 3080 4542 Dum
3117 4489 3310 4559 pedem

100 4636 230 4711 (62)Δ
255 4636 430 4711 Locus
454 4638 672 4711 videtur
702 4640 1015 4705 mendosus,
1042 4640 1439 4711 legendumque
1492 4658 1620 4695 con-

30 4711 177 4782 intra
214 4707 477 4782 laborans,
512 4709 587 4762 uti
612 4710 665 4762 in
697 4712 1026 4782 apographo_
1052 4707 1121 4765 ad
1156 4707 1452 4782 marginem
1500 4721 1619 4767 erat

29 4778 318 4845 scriptum,
340 4787 394 4830 et
411 4776 554 4833 hunc
576 4776 975 4834 sensum'dedit
1005 4780 1221 4835 Surius.

100 4848 214 4918 (65)
265 4847 511 4918 Phrasim
549 4850 689 4904 hanc
729 4851 1099 4905 obscuriorcm
1126 4862 1180 4906 et
1228 4853 1423 4906 forsan
1460 4868 1616 4907 men-

30 4917 214 4992 iosam
240 4917 438 4973 clarius
483 4919 562 4992 sic
592 4922 861 4990 expressit
890 4919 1116 4977 Surius:
1147 4940 1166 4972 ι
1207 4922 1322 4989 Qua
1372 4923 1618 4992 (inﬁrmi-

30 4990 176 5056 ἀιε)
231 5004 351 5043 eum
397 4990 612 5044 tandem
677 4992 871 5044 divina:
918 4993 1303 5048 misericordia
1351 4990 1619 5048 medicina

32 5068 175 5132 esset
197 5057 468 5122 liberatus,
493 5060 545 5113 in
572 5060 718 5132 obitu
744 5061 979 5115 ﬁliorum
1012 5077 1252 5124 suorum,
1278 5079 1415 5132 quos
1440 5065 1618 5118 adhuc

40 5128 261 5204 nfantes
309 5143 457 5184 mors
497 5130 697 5198 rapuit,
760 5133 949 5186 aeterni
1001 5132 1212 5188 Judicis
1260 5128 1465 5204 ﬂagella
1492 5149 1616 5204 per-

31 5200 216 5254 iCltSit.
240 5217 260 5249 ν
286 5228 289 5229 ν
352 5236 353 5239 η

101 5268 217 5341 (64)
239 5267 298 5341 _ld
321 5277 428 5341 est,
453 5269 699 5324 auditum
719 5273 962 5341 corporis
981 5282 1036 5327 et
1057 5274 1246 5327 animi.

99 5338 497 5414 (65)_Libel_lum
528 5341 714 5404 istum,
736 5338 842 5414 seu
872 5343 1070 5397 Monita
1111 5344 1169 5398 ὃ.
1207 5344 1467 5414 Stephani
1517 5345 1615 5399 ha-

36 5426 123 5486 ges
152 5408 314 5486 infra.
348 5410 426 5463 Ex
448 5425 636 5486 eorum
664 5412 952 5486 collatione
999 5428 1121 5467 cum
1142 5408 1320 5486 Abrevi'
1353 5431 1614 5486 compen-

38 5482 142 5542 lio,
176 5482 316 5549 quod
362 5482 627 5549 sequitur,
683 5480 935 5551 colligere
980 5484 1180 5553 poterit
1211 5480 1494 5539 studiosus
1538 5488 1614 5541 Ie-

36 5562 147 5602 -tor
218 5564 377 5617 quam
427 5561 620 5605 exacte
674 5553 1012 5606 Carthuitius
1075 5565 1300 5610 secutus
1355 5557 1428 5610 sit
1497 5573 1612 5610 mo-

41 5630 282 5673 iunieuta
341 5621 537 5689 quibus
585 5638 712 5675 usus
742 5634 822 5675 est
873 5626 939 5677 ad
972 5624 1147 5678 Vitam
1193 5627 1331 5680 hanc
1369 5629 1610 5681 conscri-

36 5692 275 5743 )cmlam.

98 5760 260 5829 (65‘)
310 5759 453 5814 Idem
494 5761 653 5815 latius
715 5762 946 5818 refertur
998 5765 1049 5818 in
1104 5767 1220 5822 Vita
1256 5766 1320 5839 ‘S.
1350 5767 1603 5833 Emerici,

305 5856 542 5912 Psuot
566 5898 579 5914 .
628 5852 775 5915 CLI.

1721 4644 1808 4699 ubi
1833 4645 2120 4714 episcopus
2143 4713 2147 4714 ν
2172 4642 2262 4697 ille
2307 4642 2508 4698 dicitur
2548 4641 2808 4698 Eusebius
2844 4642 3100 4714 Ctesarea:
3125 4642 3307 4714 Pulcr-

1718 4712 2351 4779 stinaimetropolitanus.
2399 4714 2630 4779 Additur
2660 4714 2878 4776 ibidem,
2913 4713 3110 4767 factum
3158 4712 3311 4767 iiun-

1720 4789 1866 4859 garis
1908 4786 2219 4859 innotuisse
2262 4796 2342 4859 ex
2392 4784 2655 4859 relatione
2710 4785 3009 4859 cujusdam
3037 4784 3307 4859 canonici

1718 4854 2092 4915 Czesariensis,
2119 4857 2211 4925 qui
2261 4855 2403 4909 istud
2444 4854 2934 4923 Constantinopoli,
2961 4854 3049 4909 ubi
3100 4854 3311 4922 legatus

1718 4936 1859 4994 erat,
1887 4927 2151 4980 narravit.
2178 4926 2345 4979 Erant
2375 4939 2441 4979 eo
2466 4933 2709 4993 tempore
2755 4925 2994 4995 episcopi
3043 4925 3312 4980 Cat-sarem

1718 5008 1773 5053 et
1800 4998 1921 5051 aliis
1954 4997 2255 5051 Palaestina:
2283 4996 2438 5059 locis,
2470 4994 2616 5064 iique
2661 4994 3140 5050 communicabant
3183 5010 3307 5061 cum

1719 5068 1958 5123 Ecclesia
1984 5067 2249 5127 Romana,
2277 5066 2370 5120 sed
2400 5065 2579 5118 minus
2608 5067 2717 5119 noti
2768 5074 2916 5119 sunt.
2947 5068 3081 5120 Cum
3124 5074 3315 5121 autem

1720 5153 1807 5193 res
1838 5139 2009 5206 magis
2053 5146 2262 5206 spectet
2308 5136 2375 5191 ad
2424 5134 2733 5206 Emericum
2763 5146 2923 5206 quam
2956 5138 3023 5192 ad
3072 5134 3308 5204 Stepha-

1718 5226 1864 5269 num,
1913 5203 2099 5278 magis'
2140 5207 2352 5278 discuti
2375 5203 2573 5278 poterit
2599 5206 2667 5278 ad
2718 5203 3310 5278 Q'Novembris.7quo

1718 5280 1955 5335 Emerici
2005 5274 2265 5333 iucmor'ia
2306 5274 2699 5346 Martyrologio
2726 5275 2976 5332 Romano
3016 5291 3098 5332 est
3134 5280 3307 5332 ascri-

1716 5361 1894 5429 Ρίίῖλη.
1951 5420 1971 5429 -
2070 5427 2075 5429 _
2392 5416 2459 5429 ..
2643 5418 2655 5429 .
2721 5417 2733 5429 .
2831 5417 2864 5429 ..

1734 5448 1745 5495 ζ
1788 5420 1900 5490 (66)
1950 5420 2174 5495 Luctum
2236 5432 2342 5472 non
2389 5416 2554 5473 fuisse
2602 5417 2765 5472 nimis
2814 5417 3149 5495 diuturnum,
3210 5432 3306 5495 ne-

1716 5486 1842 5548 dum
1880 5486 2138 5545 morbum
2164 5503 2230 5543 es
2268 5504 2336 5543 eo
2379 5498 2744 5555 contractum,
2796 5499 2857 5543 ut
2894 5488 3147 5543 volebant
3191 5486 3305 5550 alii,

1716 5562 1935 5632 probavi
1969 5560 2122 5615 alias.

1784 5633 1875 5704 (66
1910 5634 1951 5704 ‘)
1978 5632 2310 5704 Gravitatem
2335 5646 2544 5685 morum
2580 5631 2851 5702 intelligit.

1787 5702 1897 5775 (67)
1931 5702 2224 5768 lnterioris,
2262 5703 2314 5757 id
2341 5711 2425 5758 est
2450 5706 2635 5758 mntis
2658 5704 2850 5757 oculis.
