3916 6316
567 316 705 376 4221
1673 320 1734 377 s.
1766 320 2105 379 STEPHANI
2138 310 2628 384 ltUNGARORUtl
2671 326 2873 387 usus
3666 346 3771 409 ms

563 431 834 489 inhiberet
862 432 951 488 ubi
977 448 1069 489 rex
1099 433 1432 504 quiescebat,
1463 449 1651 490 revera
1672 436 1881 492 ccelesti
1912 437 2144 506 impulsu
2176 420 2221 478 Α
2251 452 2410 492 manu
2442 440 2813 497 ministrorum
2842 444 3158 514 principalis
3184 447 3387 506 chorus
3414 455 3663 512 comitum.
3695 462 3771 521 Ubi

560 524 771 623 glad-ius
800 526 1026 623 corruit,
1084 541 1482 597 percussusque
1508 536 1708 582 terram
1748 528 1861 600 (68)
1892 531 2145 585 tinnitum
2249 544 2344 584 rex
2372 532 2604 588 dilectus
2637 534 2690 588 iu
2722 536 2902 591 medio
2932 535 3144 607 jacens,
3180 553 3401 612 accepta
3432 550 3663 605 unctione
3687 558 3771 623 spi-

560 614 812 670 reddidit.
846 614 1042 670 Statim
1071 631 1166 670 rex
1193 618 1419 672 audiens
1445 633 1665 674 causam
1692 621 1994 689 requisivit,
2022 637 2144 677 cum
2247 621 2423 679 ritalis
2474 630 2827 694 sacramenti,
2887 642 3136 686 sanctam
3194 634 3458 701 animam,
3500 614 3773 710 corporis.“

556 708 685 774 quid
748 706 923 762 fuerat
986 710 1328 778 prmsciehat.
1377 710 1471 766 Ille
1504 726 1635 767 vero
1669 713 1863 768 anxius
1913 716 2142 782 corruit,
2245 715 2527 783 sanguinis
2551 718 2766 774 Domini
2796 723 2968 776 nostri
2992 721 3121 778 Jcsu
3170 724 3374 782 Christi
3400 706 3775 793 viatico-recrea-

554 798 1083 855 eonsiliumfuroris
1133 800 1217 855 sui
1269 804 1604 873 recognovit,
1647 805 1839 870 doluit,
1887 807 2139 873 accessit,
2247 809 2379 869 lam,
2426 821 2569 862 anno
2597 808 3309 871 Dominicmlncarnationis
3355 817 3627 876 millesimo
3654 827 3777 881 tricc-

551 891 880 985 procubuit,
931 892 1158 961 vestigia
1200 894 1544 965 amplexatus
1589 906 1694 958 est,
1750 912 1809 952 se
1853 898 2143 967 deliquisse
2243 896 2382 952 simo
2409 909 2605 969 quarto
2659 902 2799 975 (70),
2830 904 2883 959 in
2934 921 3131 963 manus
3179 921 3457 980 perpetuae
3495 913 3704 985 Virginis
3734 930 3777 975 et

550 984 855 1052 confessus,
881 985 982 1041 sibi
1020 986 1290 1057 indulgeri
1318 998 1573 1059 precatus
1599 999 1704 1045 est.
1736 989 1959 1046 Veniam
1992 1007 2142 1063 qua:-
2240 996 2555 1044 sanctorum
2593 992 2937 1062 angelorum,
2985 1006 3208 1054 aeternae
3259 1002 3462 1071 quietis
3504 984 3773 1066 beatitudini

547 1076 713 1141 remi.
747 1092 853 1131 ηοη
904 1078 1099 1133 avertit
1146 1077 1364 1163 fac‘iem,
1418 1079 1574 1135 facile
1621 1081 1845 1137 dimisit,
1901 1082 2141 1155 Denique
2240 1075 2577 1136 inferendam
2620 1083 2863 1139 tradidit.
2893 1085 3094 1146 Factus
3146 1100 3232 1148 est
3262 1093 3515 1163 planctus
3555 1101 3775 1157 maximus

543 1166 700 1235 jussu
733 1168 878 1237 regis
907 1169 1196 1224 homicidae
1222 1158 1317 1224 ‘illi
1355 1170 1555 1225 inventi
1592 1181 1737 1239 sunt,
1795 1183 1851 1228 et
1881 1174 2138 1231 adversus
2239 1184 2460 1228 suorum
2489 1214 2505 1240 υ
2563 1179 2818 1243 gaudium
2876 1183 3197 1253 angelorum
3234 1158 3278 1252 ς’
3309 1188 3405 1242 sed
3462 1188 3549 1244 hic
3572 1191 3775 1259 planctus

545 1274 641 1314 eos
665 1260 872 1330 judicio
903 1260 1062 1333 [forte
1082 1261 1309 1334 judicia]
1343 1262 1572 1329 locutus,
1627 1266 1791 1338 digna
1813 1281 1908 1323 eos
1939 1267 2101 1324 multa

2237 1273 2427 1331 postea
2477 1281 2667 1325 versus
2726 1282 2812 1327 est
2858 1273 2914 1328 in
2968 1275 3210 1331 laetitiam
3260 1279 3375 1350 (71)
3418 1283 3772 1351 sempiternam,

543 1350 621 1404 vit
651 1353 947 1407 sententia.
2239 1369 2346 1414 tam
2378 1367 2716 1421 nascentium
2742 1383 2906 1437 quam
2933 1382 2989 1425 et
3010 1371 3308 1428 viventium
3336 1375 3660 1445 populorum.

606 1460 706 1514 '50.
735 1460 980 1519 Tandem
1016 1480 1114 1535 per
1165 1465 1590 1523 misericordiam
1626 1454 1953 1543 Dei‘dignus
2005 1487 2137 1529 cen-
2305 1454 2396 1509 θ’
2427 1456 2509 1512 Ad
2540 1460 2833 1531 εκεεειιιίεε
2890 1460 3101 1521 funeris
3127 1464 3246 1535 eius
3292 1481 3359 1520 εκ
3407 1468 3643 1524 omnibus
3665 1470 3772 1527 Pan-

545 1554 795 1626 tuplicari
820 1557 1194 1613 retributionis
1233 1560 1449 1627 bravio,
1481 1568 1659 1618 tactus
1689 1560 1847 1628 febri,
1878 1579 2002 1620 cum
2030 1566 2131 1622 sibi
2234 1547 2412 1601 ηθηίῖὲ
2433 1548 2606 1628 ριεξείε
2631 1553 2999 1621 concurritur:
3024 1570 3226 1627 corpus
3252 1557 3322 1611 ad
3352 1559 3534 1613 εθάεω
3560 1563 3768 1629 regalem.

542 1644 686 1701 diem
713 1648 971 1703 transitus
1007 1648 1292 1705 imminere
1334 1666 1439 1706 non
1487 1652 1807 1724 ambigeret,
1854 1655 2101 1711 accersiti

2232 1634 2424 1691 Albam
2476 1639 2722 1697 videlicet
2773 1642 3068 1709 civitatem,
3113 1644 3419 1702 deducitur.
3460 1648 3525 1703 Et
3561 1653 3768 1720 quoniam

539 1737 811 1808 episcopis
840 1748 893 1793 et
921 1739 1112 1809 primis
1149 1741 1334 1811 palatii
1390 1741 1459 1799 de
1490 1742 1693 1799 Christi
1753 1745 1972 1801 nomine
2015 1747 2101 1818 glo

2232 1729 2462 1787 ecclesia
2516 1732 2857 1792 Beatissimae
2903 1734 3164 1810 Virginis,
3217 1739 3287 1795 ab
3337 1740 3455 1810 ipso
3483 1753 3766 1811 constructa,

540 1827 828 1892 riantibus,
861 1829 1092 1899 primum
1120 1845 1243 1885 cum
1269 1832 1350 1887 eis
1375 1833 1629 1887 tractavit
1657 1831 1725 1889 de
1753 1834 2130 1892 substituendo
2234 1824 2471 1878 nondum
2525 1835 2647 1881 073i
2695 1828 2974 1897 dedica”,
3027 1832 3226 1887 ηιεΐίιο
3279 1834 3508 1889 εοηεὶιίο
3555 1845 3765 1891 suillum

537 1934 639 1989 pro
667 1933 726 1974 se
766 1935 913 1989 rege.
950 1919 1153 1977 Deinde
1181 1932 1403 1993 paterne
1429 1924 1638 1980 monuit
1662 1924 2128 1983 illos-catholicam
2234 1915 2347 1986 (ῖῖ)
2373 1917 2677 1987 Ροηείίῖοεεν
2726 1921 2879 1991 Prius
2905 1921 3185 1979 baSilicam
3231 1924 3586 1990 Snndiﬁcnre.
3617 1928 3767 1991 deinde

540 2012 701 2068 fidem
722 2013 1012 2069 observare
1046 2030 1208 2086 quam
1245 2027 1593 2087 acceperant,
1627 2019 2128 2087 amarcjustitiam,
2229 2023 2429 2080 θοτρυε
2480 2019 2640 2068 lem!
2688 2016 3099 2070 commenda"?-
3150 2015 3401 2072 PerfeCla
3463 2018 3769 2075 dediﬂlionis

536 2107 753 2163 vincula
802 2123 1054 2179 supemze
1118 2110 1404 2166 charitatis
1466 2111 1708 2184 diligere,
1769 2122 1826 2168 et
1873 2115 2127 2170 charitati
2231 2103 2594 2171 εοιθῐηηὶιθιθ.
2618 2122 2819 2178 corpus
2845 2118 3093 2163 sanctum
3118 2108 3170 2163 in
3212 2109 3395 2166 medio
3418 2111 3601 2167 domus
3625 2128 3765 2167 sarco'

538 2212 761 2267 operam
810 2197 981 2264 dare,
1028 2198 1356 2263 laimilitatis
1412 2202 1595 2257 studio
1649 2203 1956 2274 invigilare,
2017 2222 2128 2275 prae
2229 2194 2406 2265 phago
2432 2196 2648 2251 Candidi
2703 2197 2990 2253 marmoris
3034 2197 3347 2270 imponitur.
3392 2200 3484 2254 ubi
3525 2216 3612 2270 per
3632 2217 3765 2257 annos

540 2288 814 2362 [mnpro]
845 2291 1096 2347 omnibus
1122 2305 1252 2346 vero
1286 2291 1514 2348 novellae
1535 2292 1959 2349 Christianitatis
1978 2297 2129 2366 plan-
2228 2288 2430 2357 plures,
2472 2288 2734 2345 Dominus
2788 2305 2888 2360 per
2932 2290 3102 2361 ipsius
3148 2291 3343 2346 merita
3392 2293 3572 2349 multis
3604 2295 3766 2350 inmm-

539 2379 881 2453 tationi‘[al.,
910 2381 1323 2454 plantationem]
1369 2382 1671 2439 custodiam
1723 2372 1999 2441 adbibere.
2032 2386 2101 2441 Hi

2233 2377 2394 2432 moda
2452 2377 2806 2445 patientibus,
2853 2378 3317 2446 febricitantibus,
3370 2381 3688 2437 aiilietioncm
3722 2394 3767 2440 et

539 2472 723 2538 dictis,
755 2487 948 2528 manus
983 2481 1039 2528 et
1067 2473 1254 2530 oculos
1281 2473 1469 2530 levans
1507 2476 1573 2530 ad
1602 2476 1803 2542 sidera,
1845 2477 1924 2532 sic
1948 2477 2125 2533 excla-
2227 2469 2505 2525 miseriam
2553 2485 2705 2525 suam
2763 2471 3239 2542 pmolamanlibus.
3268 2473 3627 2545 indiciumque
3663 2492 3764 2547 por-

536 2565 706 2620 mavit
739 2582 752 2619 :
784 2564 992 2637 Regina
1017 2564 1162 2630 cteli,
1204 2567 1511 2637 reparatrix
1539 2566 1739 2639 inclyta
1785 2569 1994 2637 mundi,
2034 2579 2125 2627 tuo
2228 2565 2489 2629 tantibus,
2533 2565 2797 2622 beneﬁcia
2850 2567 3106 2637 pmstilil
3158 2567 3447 2623 innumera
3472 2570 3596 2640 (75)⁶
3643 2569 3764 2640 Srpe

533 2655 839 2726 patrocinio
895 2666 1141 2711 sanctam
1195 2656 1518 2725 Ecclesiam,
1570 2673 1692 2713 cum
1748 2659 2014 2728 episcopis
2069 2668 2127 2715 et
2226 2668 2323 2724 per
2351 2665 2566 2711 noctem
2618 2656 2873 2721 melodia.
2922 2658 3274 2713 cantantibus
3320 2658 3763 2731 angelisdmnllis

536 2745 705 2812 clero,
738 2763 966 2817 regnum
999 2764 1121 2803 cum
1158 2749 1483 2820 primatibus
1530 2758 1586 2805 et
1616 2750 1813 2819 populo
1863 2751 1963 2807 sub
2016 2750 2123 2806 tuis
2224 2746 2587 2814 audiebatur;
2639 2746 2956 2818 frequenter
3002 2748 3189 2804 odoris
3231 2751 3538 2805 suavissimi
3584 2752 3764 2806 dulcedo

531 2839 788 2907 precibus
848 2840 1129 2895 committo
1173 2857 1188 2896 :
1239 2841 1438 2911 quibus
1496 2841 1743 2898 ultimum
1790 2842 2121 2911 valedicens,
2223 2851 2321 2908 per
2349 2837 2520 2893 latera
2568 2837 2755 2910 templi
2806 2838 3236 2911 dispergebatur.
3291 2840 3395 2908 Qui
3426 2841 3537 2911 (74)
3581 2843 3762 2897 αιηιὶιι

531 2931 786 2987 manibus
825 2933 930 2989 tuis
959 2933 1193 2988 animam
1226 2948 1399 2989 meam
1425 2934 1764 2989 commendo.
2222 2944 2419 3000 corpus
2457 2928 2674 2985 beatum
2706 2930 2759 2985 in
2808 2930 2926 2986 loco
2954 2932 3143 2987 eodem
3173 2935 3530 3003 quadraginta
3569 2935 3764 3005 quinque

599 3023 691 3077 3|.
720 3023 965 3080 instabat
1006 3034 1134 3081 tunc
1181 3024 1501 3081 solemuitas
1537 3026 1834 3095 praecipua,
1880 3025 2120 3083 celebris
2221 3021 2379 3076 annis
2405 3022 2557 3077 mirae
2584 3021 2954 3093 dispositionis
2974 3033 3208 3089 secreto,
3259 3025 3352 3095 qui
3379 3025 3431 3079 in
3459 3027 3644 3081 sanctis
3676 3028 3764 3081 suis

527 3117 736 3189 angelis
765 3126 822 3173 et
864 3116 1192 3183 hominibus,
1247 3117 1363 3173 dies
1396 3117 1799 3188 Assumptionis
1829 3117 2028 3185 Mariae,
2056 3119 2114 3174 in
2145 3106 2187 3164 C
2221 3114 2548 3184 prtedicatur
2589 3115 2880 3181 mirabilis,
2911 3118 3208 3187 gravedine
3239 3132 3509 3189 pressum,
3538 3130 3589 3175 et
3613 3121 3657 3174 in
3674 3121 3766 3191 pul-

525 3208 680 3277 cujus
701 3208 898 3279 gaudio
952 3208 1236 3264 dissolutio
1266 3208 1347 3264 sui
1392 3209 1637 3278 corporis
1684 3208 1857 3275 fieret,
1907 3210 2116 3265 miseri-
2222 3220 2406 3261 verem
2438 3207 2743 3263 redactum.
2778 3208 2844 3263 Et
2872 3209 2977 3264 hoc
3005 3219 3248 3280 tempore
3304 3211 3763 3280 prredestinatodec

524 3301 726 3356 cordia:
755 3315 909 3371 spem
960 3300 1183 3371 majoris
1220 3300 1344 3372 [ηις.
1371 3298 1656 3372 majorem]
1689 3316 1991 3371 sesperans
2019 3303 2118 3358 ha-
2220 3297 2420 3353 clarari
2470 3298 2689 3370 dignus,
2741 3308 2800 3355 et
2844 3300 2898 3355 in
2946 3301 3368 3357 resurrectionis
3411 3303 3500 3356 die
3543 3303 3766 3373 gloriosus

519 3392 762 3449 biturum
804 3393 1065 3463 precibus
1092 3390 1206 3465 (69)
1235 3408 1249 3459 ;
1284 3392 1400 3447 haec
1419 3392 1796 3462 spiritualibus
1826 3393 2117 3463 postulavit
2221 3390 2472 3446 renovari
2499 3402 2759 3457 meretur,
2807 3393 2913 3447 hoc
2951 3408 3046 3448 cor
3072 3408 3229 3449 suum
3282 3395 3527 3465 resipuit,
3555 3396 3669 3466 quid
3694 3397 3768 3451 de-

519 3486 794 3560 suspiriis,
846 3496 901 3542 et
950 3485 1207 3559 lacrymis
1255 3486 1542 3546 obtinuitj
1567 3484 1773 3541 Aderat
1814 3500 1944 3558 ergo
1986 3484 2116 3544 felix
2217 3478 2399 3551 signet
2450 3482 2623 3538 Oculis
2676 3474 3051 3554 spiritualibus
3101 3484 3225 3555 [ηις.
3278 3484 3762 3557 supernaturalmus}

518 3577 613 3634 illa
650 3578 790 3645 dies,
842 3591 941 3649 per
965 3576 1081 3646 ejus
1110 3576 1316 3633 obitum
1368 3576 1581 3633 felicior
1609 3592 1736 3632 mox
1767 3575 1972 3649 futura,
2001 3579 2112 3635 cir-
2221 3577 2452 3635 delectat
2474 3574 3076 3649 imendere,quod-[ms.
3106 3575 3223 3650 qui]
3246 3578 3363 3634 sine
3391 3579 3764 3650 przeordinatio-

517 3669 973 3727 eumstabatcum
1026 3669 1173 3727 clero
1198 3668 1499 3742 paternitas
1549 3668 1955 3740 episcoporum,
1985 3684 2112 3727 cum
2216 3669 2303 3726 nis
2328 3668 2416 3725 die
2459 3667 2653 3726 an‘ectu
2689 3668 2872 3725 divino
2891 3664 3099 3724 factum
3128 3683 3242 3725 non
3291 3669 3632 3725 aestimamus.
3654 3670 3761 3724 For-

2220 3846 2395 3921 (Psal.
2436 3861 2603 3912 mu,
2635 3846 2749 3919 36).
2773 3847 3065 3904 marmoris
3098 3849 3344 3919 pondere
3378 3858 3698 3921 pressumﬁct
3720 3850 3760 3900 iu

2216 3919 2498 3991 pulverem
2547 3921 2851 3991 redactum,
2908 3929 2969 3974 ut
3013 3928 3256 3991 tempore
3294 3920 3569 3991 praefinito
3596 3920 3765 3991 dignus

2218 3989 2609 4056 declarantur,
2639 3998 2696 4045 et
2734 3990 2789 4044 iu
2819 3990 3236 4060 resurrectionis
3273 3990 3361 4045 die
3391 3989 3670 4060 gloriosius
3692 4003 3760 4042 re-

2214 4071 2463 4141 novetur.
2494 4060 2552 4115 id
2581 4074 2725 4141 vero.
2747 4059 2874 4141 quid
2907 4060 3195 4141 significet,
3233 4059 3460 4141 quando
3481 4061 3591 4141 sine
3612 4060 3759 4141 divina

2213 4131 2556 4185 ordinatione
2578 4138 2644 4185 et
2674 4129 2861 4201 divino
2886 4129 3082 4185 ati'ectu
3130 4130 3361 4201 factum
3390 4132 3605 4201 minime
3634 4138 3759 4201 puta-

2214 4215 2373 4271 mus,
2406 4201 2540 4271 libet
2566 4200 2739 4256 oculis
2786 4200 3144 4256 interioribus
3180 4200 3476 4271 speculari.
3529 4199 3761 4271 Fortassis

586 4271 702 4342 (70)
734 4271 950 4328 Obiisse
984 4283 1232 4327 sanctum
1254 4285 1396 4327 anno
1449 4271 1588 4327 1058
1624 4280 1862 4327 constat.
1905 4271 2021 4340 Qua
2055 4274 2109 4330 in
2213 4270 2461 4342 nonnihil
2492 4271 2691 4342 terreni
2719 4271 2981 4342 pulveris,
3010 4269 3640 4342 divinat—examinationis
3663 4269 3761 4336 igne

517 4340 654 4397 urbe
684 4340 912 4409 abierit,
958 4342 1101 4413 apud
1150 4342 1403 4411 antiquos
1444 4341 1633 4413 nullibi
1687 4343 1907 4413 dicitur.
1956 4344 2108 4397 Atta-
2213 4341 2575 4412 purgandum,
2632 4340 2685 4413 in
2725 4340 2852 4413 illo
2881 4350 3241 4413 remanserat,
3299 4341 3420 4396 sine
3470 4356 3575 4409 quo
3612 4353 3757 4407 reges,

510 4427 807 4484 men,jcum
842 4428 969 4469 mox
987 4410 1142 4484 dicat
1192 4410 1389 4484 corpus
1436 4411 1631 4484 Albam
1683 4411 1941 4484 Regalcm
1986 4429 2105 4484 esse
2138 4413 2189 4476 D
2214 4410 2407 4484 magna
2438 4411 2688 4484 potentia
2736 4410 2878 4484 fulti,
2912 4412 3079 4466 vitam
3116 4422 3439 4484 [ir-mentem
3471 4413 3577 4475 vix,
3605 4418 3761 4484 autne

513 4482 857 4550 translatum,
907 4483 1123 4539 videtur
1167 4479 1446 4540 insinuare
1483 4480 1559 4537 ibi
1602 4495 1708 4538 non
1740 4479 1860 4539 esse
1907 4482 2108 4539 defun-
2212 4479 2327 4536 vixi
2351 4479 2569 4554 quidem
2620 4482 2921 4554 transigere
2967 4479 3258 4554 possunt.)
3295 4481 3530 4554 Sensum
3570 4496 3599 4534 a
3626 4479 3761 4554 Suria

592 3846 958 3920 (68)7Rectius
1013 3849 1301 3913 diceretur,
1354 3863 1700 3920 percussaque
1738 3858 1900 3917 terra,
1930 3852 2026 3908 sed
2056 3860 2113 3910 et

518 3918 625 3975 alia
649 3919 828 3975 minus
848 3919 1040 3975 Latina
1099 3921 1263 3976 habet
1313 3918 1521 3985 auctor,
1563 3918 1884 3976 necromnia
1931 3932 2110 3980 tamen

519 3990 609 4045 illa
627 3992 882 4062 notanda
912 3991 1061 4055 duxi,
1086 3992 1246 4046 modo
1266 4005 1461 4046 sensus
1486 3991 1841 4062 intelligatur.

587 4059 847 4143 (69).Vo_:§
870 4061 1107 4143 precibus
1130 4062 1332 4117 omissa
1354 4070 1439 4143 est
1465 4062 1518 4143 in
1570 4059 1701 4143 ms.)
1736 4071 1968 4143 nechest
2010 4078 2111 4119 ne-

515 4130 779 4254 ceslstlt’ria.
808 4130 1007 4187 Ibidem
1054 4147 1176 4187 mox
1211 4147 1312 4202 pro
1352 4130 1717 4202 spiritualium
1751 4131 1948 4203 legitur
1996 4150 2111 4203 spe-

515 4217 599 4254 cm
624 4219 641 4254 ι
678 4218 759 4254 us.

515 4217 759 4255 ctatwus.

507 4561 682 4609 ctum.
2211 4550 2385 4609 recte'
2407 4554 2593 4608 datum
2630 4550 2903 4617 existimo,
2935 4550 2993 4606 at
3019 4552 3228 4607 anetori
3259 4551 3649 4621 philosophauti
3680 4550 3760 4602 Ini-

585 4623 699 4697 (71)
760 4622 846 4681 0b
896 4622 1161 4679 miracula
1212 4633 1398 4680 secuta
1427 4663 1443 4690 ,
1492 4621 1687 4694 opinor
1713 4662 1728 4688 ,
1777 4632 1833 4680 et
1877 4624 2102 4697 gloriam
2209 4623 2357 4680 nime
2394 4622 2667 4697 assentior
2700 4637 2717 4687 ;
2743 4638 2872 4697 nam
2897 4622 3060 4697 _quod
3088 4637 3315 4697 corpus,
3343 4633 3569 4691 excepta
3604 4622 3759 4697 dexte-

508 4690 709 4750 sancti.
1527 4690 1547 4694 ⁷
1879 4690 1906 4697 ⁷
2209 4708 2291 4759 ra,
2309 4703 2369 4749 ut
2388 4693 2713 4757 videbimus,
2740 4692 2793 4746 in
2824 4690 3096 4761 pulverem
3119 4694 3190 4748 sit
3218 4694 3517 4753 redactum,
3544 4690 3761 4760 quodque

583 4764 697 4834 (72)
736 4764 899 4844 forte
931 4773 1189 4844 _statuere.
1242 4765 1317 4820 De
1366 4763 1499 4844 Alba
1532 4762 1719 4836 Regali
1757 4764 1926 4844 variis
1971 4764 2106 4821 locis
2207 4778 2306 4833 per
2337 4779 2510 4844 annos
2539 4763 3189 4844 quadragiiita_quiiiqite
3239 4763 3463 4844 publica
3496 4762 3649 4844 .cu‘ltu
3688 4776 3760 4844 ca-

509 4845 719 4901 actum,
745 4836 814 4890 de
854 4835 1014 4904 hujus
1043 4851 1260 4905 quoque
1292 4835 1540 4891 ecclesiae
1562 4835 1967 4891 constructione
1995 4852 2102 4891 nou

504 4920 686 4979 pauca
706 4905 876 4979 videri
903 4915 1129 4979 possunt
1148 4905 1189 4979 _§
1216 4906 1306 4961 25.

581 4977 697 5047 (75)
720 4976 779 5031 ln
808 4974 1115 5047 msgaliqua
1147 4974 1235 5030 hic
1257 4975 1461 5047 omissa
1489 4991 1504 5040 ;
1533 4990 1659 5047 nam
1686 4975 1799 5030 haec
1822 4974 1995 5031 solum
2028 4975 2100 5030 ibi

505 5045 800 5119 leguntur;
831 5066 849 5097 ι
886 5045 982 5119 Ubi
1012 5045 1113 5119 per
1152 5062 1327 5100 annos
1364 5045 1855 5119 pluresADomiuus
1886 5047 2100 5119 perip-

506 5116 623 5173 sius
648 5117 840 5171 merita
871 5118 1053 5172 multis
1095 5117 1435 5171 incommoda
1467 5116 1802 5186 patientibus
1828 5116 2096 5171 beneficia

506 5188 762 5257 pra-stitit
787 5188 1087 5242 innumera.
1113 5206 1133 5238 ι

580 5258 695 5329 (74)
733 5257 952 5329 Phrasis
982 5259 1069 5311 hic
1107 5256 1344 5329 maxime
1377 5256 1637 5329 mendosa
1667 5264 1750 5329 est
1775 5264 1885 5329 tam
1905 5255 1961 5329 in
1983 5255 2102 5310 edi—

509 5329 656 5384 tione
677 5327 841 5391 auam
872 5328 923 5381 in
960 5344 1087 5391 ms.,
1121 5327 1247 5381 licet
1284 5328 1333 5381 in
1361 5327 1584 5382 vocibus
1616 5327 1846 5381 subinde
1884 5327 2098 5381 dissen-

509 5400 664 5453 tiant.
692 5395 966 5468 Scriptum
996 5398 1139 5468 haud
1167 5398 1330 5451 dubie
1369 5397 1474 5452 fuit
1502 5412 1672 5468 usque
1699 5398 1764 5450 ad
1807 5395 1967 5449 finem
1996 5395 2099 5468 hu-

499 5469 590 5535 jus
623 5466 831 5522 numeri
886 5469 988 5521 hoc
1032 5467 1146 5522 fere
1182 5467 1342 5522 modo
1374 5484 1388 5531 ;
1442 5482 1551 5536 quo
1609 5467 1786 5521 locum
1822 5466 2096 5535 expressit

509 5540 701 5594 Surius
731 5557 744 5593 :
804 5556 822 5589 ι
854 5537 1031 5593 Jacuit
1062 5539 1114 5591 in
1144 5552 1209 5591 eo
1274 5536 1390 5592 loco
1443 5552 1658 5592 sacrum
1709 5551 1906 5606 corpus
1937 5537 2094 5590 annis

507 5609 867 5680 quadraginta
914 5608 1154 5680 quinque
1177 5608 1387 5680 Occulta
1423 5608 1656 5680 quadam
1705 5606 2092 5680 omnipotentis

508 5676 600 5739 Dei
629 5676 1003 5749 dispositione,
1054 5676 1144 5749 qui
1188 5686 1272 5733 est
1300 5678 1562 5733 mirabilis
1621 5678 1673 5730 iu
1732 5676 1937 5733 sanctis
1980 5676 2092 5731 suis

2208 4831 2418 4898 ruerit,
2466 4831 2572 4888 non
2619 4831 2823 4900 pra-bet
2875 4831 3124 4888 idoneam
3185 4831 3454 4887 ratio‘ucm
3489 4831 3758 4901 judicandi,

2205 4914 2328 4972 post
2358 4913 2585 4959 mortem
2616 4903 2788 4958 sancti
2814 4903 3016 4971 aliquid
3059 4904 3110 4957 in
3141 4902 3259 4972 ejus
3309 4904 3489 4972 anima
3523 4901 3674 4954 fuisse
3700 4901 3759 4967 ig-

2204 4974 2365 5029 nibus
2396 4974 2762 5045 piacularibus
2803 4973 3131 5045 expiaudum
3164 4971 3180 5039 ς
3234 4988 3358 5045 cum
3409 4971 3758 5040 plerorumqnc

2203 5043 2522 5100 sanctorum
2576 5059 2805 5114 corpora
2841 5043 2893 5097 iu
2929 5043 3204 5113 pulverem
3248 5043 3758 5114 rediganturhsecuu-

2202 5115 2329 5169 dum
2354 5115 2659 5170 ordinarias
2678 5110 2892 5169 naturae
2930 5110 3102 5183 leges,
3144 5110 3408 5182 multique
3430 5127 3496 5183 ex
3519 5112 3620 5183 illis
3657 5110 3753 5163 Ion-

2203 5184 2339 5255 giori
2366 5195 2608 5255 tempore
2650 5186 2771 5255 sine
2811 5181 3025 5253 publica
3061 5181 3415 5238 veneratidne
3442 5181 3653 5255 fuerint,
3683 5193 3755 5232 ne-

2201 5254 2308 5324 quc
2336 5254 2515 5309 tamen
2548 5256 2671 5310 inde
2693 5254 2879 5309 inferri
2905 5256 3096 5324 possit,
3123 5255 3325 5322 aliquid
3355 5255 3407 5307 in
3438 5254 3568 5321 ipsis
3595 5264 3754 5324 super—

2200 5319 2370 5380 fuisse
2400 5325 2604 5379 terreni
2635 5325 2873 5394 pulveris
2905 5319 3039 5395 post,
3076 5319 3290 5395 felicem
3331 5319 3560 5395 obitum.
3591 5319 3752 5395 _Tanto

2199 5403 2381 5449 autem
2407 5398 2581 5466 magis
2602 5390 2691 5466 ab,
2717 5397 2821 5450 hac
2845 5390 3152 5464 suspicione
3202 5390 3752 5466 abstineredebuerat

2199 5476 2391 5521 auctor
2415 5462 2620 5535 quanto
2648 5465 2877 5521 clariora
2907 5462 3032 5519 sunt
3059 5464 3369 5535 sanctitatis
3404 5462 3614 5523 indicia,
3650 5470 3749 5528 quae

2197 5534 2541 5605 praemiserat
2597 5536 2667 5591 de
2720 5536 3026 5594 miraculis.
3081 5534 3315 5591 melodia
3356 5535 3563 5593 cmlcsti
3608 5541 3749 5599 atque

2195 5604 2360 5664 odore
2384 5604 2725 5665 suavissimo.
