3816 6322
36 265 47 272 ’
111 304 264 364 19.29

106 514 266 568 veris
311 514 644 583 aspersione.
706 516 829 585 igne
871 516 1064 571 divinae
1121 509 1544 575 examina’tionis
1583 517 1705 591 [ms.

105 604 716 678 excommunicationis]
747 607 1133 677 puriﬁcaudam
1182 620 1542 676 remanserat,
1590 611 1709 666 sine

105 710 227 762 qua
277 696 393 766 [ms.
426 694 555 767 quo]
616 707 921 769 regnantes,
975 701 1127 769 quasi
1173 701 1405 770 quodam
1444 700 1571 764 jure
1615 717 1710 771 po-

108 785 343 841 tentiale
373 788 538 842 vitam
585 799 905 858 praesentem
946 792 1031 845 vix
1065 802 1159 845 aut
1182 791 1486 847 nullatenus
1512 792 1711 847 ducere

104 888 338 946 queant.

186 973 282 1028 55.
323 972 628 1043 lnterjectis
668 977 783 1049 (75)
830 978 1010 1048 itaque
1060 980 1422 1050 quadraginta
1468 980 1710 1050 quinque

102 1067 297 1134 annis,
329 1082 449 1122 cum
478 1068 589 1140 (76)
617 1071 682 1125 ad
725 1072 1027 1141 praestanda
1068 1088 1166 1143 per
1212 1088 1335 1128 eum
1393 1072 1712 1127 mortalibus

102 1158 507 1217 misericordia:
548 1179 660 1219 suae
720 1164 1007 1232 beneﬁcia,
1035 1165 1223 1222 Sancti
1262 1167 1344 1221 sui
1391 1165 1503 1234 jam
1550 1166 1713 1223 vellet

102 1248 262 1303 Deus
284 1252 474 1307 merita
518 1254 824 1319 declarare,
867 1254 1125 1311 Romanae
1171 1257 1315 1316 sedis
1344 1256 1709 1323 institutione,

100 1343 430 1410 apoStolicis
456 1344 650 1402 litteris
694 1349 961 1403 sancitum
1015 1358 1098 1404 est
1150 1360 1209 1403 ut
1249 1366 1437 1406 eorum
1484 1366 1713 1421 corpora

98 1433 318 1490 elevari
349 1436 634 1504 deberent,
680 1439 771 1508 qui
822 1439 875 1494 in
903 1438 1179 1496 Pannonia
1221 1443 1542 1499 Christianae
1590 1444 1710 1499 ﬁdei

100 1523 359 1597 jacentes
388 1524 513 1597 [al.,
556 1528 802 1582 mendose
847 1528 1120 1602 jacentes]
1170 1533 1400 1598 semina,
1453 1548 1549 1588 sua
1592 1548 1711 1589 eam

97 1616 528 1683 praedicatione,
557 1618 641 1672 vel
667 1619 1008 1675 institutione
1037 1624 1103 1676 ad
1148 1624 1436 1678 Dominum
1479 1640 1711 1681 conver-

99 1702 330 1760 tissent.
360 1707 697 1764 Adveniente
722 1724 849 1764 vero
885 1718 1127 1780 tempore
1155 1712 1541 1769 declarationis
1572 1714 1711 1784 ejus,

94 1804 161 1848 ct
195 1796 451 1851 laudibus
476 1798 665 1868 gratiae
694 1798 833 1869 ejus,
878 1816 1039 1869 quam
1067 1817 1165 1871 per
1198 1802 1371 1872 ipsum
1405 1820 1538 1875 gens
1564 1805 1716 1858 Hun-

96 1887 303 1955 garica
337 1890 658 1957 promeruit,
691 1890 748 1945 in
807 1892 1009 1947 mundo
1040 1892 1400 1963 divulganda',
1434 1910 1529 1951 rex
1558 1894 1717 1949 Ladi.

96 1977 266 2033 slaus
317 1980 453 2051 (π),
495 1980 587 2051 qui
651 1992 778 2037 tunc
831 1983 1223 2054 rempublicam
1275 1985 1713 2051 administrabat,

95 2071 370 2127 "inversa
425 2090 635 2129 morum
694 2072 982 2133 honestate
1034 2078 1330 2149 praeclarus
1372 2079 1611 2147 habitus,
1663 2091 1719 2137 et

95 2159 381 2215 virtutum
433 2160 645 2235 fulgore
692 2160 1044 2236 conspicuus,
1098 2160 1348 2224 laudibus
1396 2178 1449 2225 et
1489 2170 1717 2228 servitio

98 2258 211 2313 Dei
246 2258 494 2330 perfecte
548 2262 782 2331 deditus,
816 2262 1057 2334 Spiritus
1102 2252 1369 2320 Paracleti
1416 2264 1718 2336 perlustra-

99 2349 269 2404 tinne
300 2358 497 2419 tactus,
526 2352 711 2409 habito
733 2354 962 2411 consilio
991 2370 1114 2411 cum
1141 2357 1408 2428 episc0pis
1435 2366 1489 2412 et
1518 2358 1716 2427 prima-

99 2442 287 2504 tibus.
337 2452 389 2498 et
438 2444 605 2500 totius
649 2444 944 2501 Pannonia:
988 2447 1348 2518 sapientibus,
1403 2449 1715 2504 triduanum

100 2534 337 2589 eunetis
357 2533 550 2589 indixit
573 2534 865 2607 jejunium,
896 2547 956 2593 ut
990 2539 1136 2609 quod
1183 2542 1461 2596 communi
1510 2540 1713 2598 Catho-

100 2621 351 2677 licornm
382 2624 624 2693 utilitati,
653 2626 892 2697 Spiritus
918 2630 1093 2685 sancti
1122 2630 1280 2686 donis
1331 2631 1637 2687 animarum
1661 2642 1716 2688 et

101 2729 412 2786 corporum
437 2717 669 2773 salutem
698 2722 1077 2790 operantibus,
1124 2722 1343 2778 videtur
1393 2723 1508 2779 fore
1552 2725 1716 2795 proﬁ-

100 2820 285 2859 eumn
325 2810 598 2864 communi
640 2802 962 2867 cunctorum
985 2814 1387 2882 deprecatione,
1420 2812 1641 2882 jejuniis
1662 2825 1716 2871 et

98 2894 483 2968 eleemosynis
508 2898 757 2966 fundata,
784 2916 885 2972 per
914 2901 1407 2958 manifestationem
1436 2905 1712 2977 signorum

100 2986 347 3041 deberet
376 3004 497 3044 esse
525 2991 897 3060 quaerendum.

190 3077 289 3130 54.
347 3077 452 3134 Sed
482 3082 885 3137 utostenderet
944 3080 1207 3137 Dominus
1241 3092 1460 3152 quantae
1505 3084 1715 3141 miseri-

102 3170 327 3223 cordiae
356 3185 449 3225 rex
477 3180 699 3227 sanctus
745 3170 932 3240 fuerit,
962 3174 1140 3228 adhuc
1172 3175 1387 3228 mortali
1435 3177 1628 3232 vivens
1658 3178 1708 3231 in

100 3274 375 3328 corpore,
430 3275 592 3330 quam
634 3260 748 3332 jam
797 3277 919 3317 cum
976 3261 1194 3317 Christo
1248 3279 1500 3334 regnasse
1556 3264 1716 3337 [forte

109 3351 382 3424 regnans]
407 3352 837 3419 demonstrabat,
860 3354 928 3410 ad
957 3354 1059 3411 hoc
1084 3370 1195 3424 prae
1222 3356 1434 3410 caeteris
1459 3359 1715 3427 operibus

106 3446 428 3514 approbare
455 3445 591 3518 (78),
611 3460 736 3501 cum
762 3445 943 3501 triduo
971 3446 1089 3517 ejus
1119 3461 1315 3517 corpus
1351 3448 1477 3502 totis
1508 3448 1715 3505 viribus

105 3536 338 3592 elevare
384 3545 712 3609 satagerent,
765 3537 910 3593 nulla
966 3539 1033 3593 de
1076 3538 1194 3594 loco
1249 3554 1349 3594 suo
1378 3541 1553 3609 potuit
1597 3551 1715 3598 arte

111 3628 354 3683 moveri.
394 3627 513 3696 Quo
542 3643 775 3700 namque
808 3636 1071 3699 tempore,
1117 3617 1463 3701 exigentibus
1515 3630 1713 3701 culpis,

112 3721 273 3776 inter
293 3721 608 3791 praedictum
655 3736 837 3792 regem
890 3718 1199 3775 Ladislaum
1248 3729 1303 3776 et
1350 3719 1574 3776 fratrem
1599 3721 1713 3793 (79)

112 3809 246 3879 ejus
280 3810 622 3868 Salomonem
653 3812 836 3883 gravis
857 3820 975 3867 orta
1004 3812 1200 3867 seditio
1231 3810 1427 3877 fuerat,
1451 3812 1522 3867 ob
1549 3828 1713 3883 quam

115 3901 384 3958 Salomon
412 3911 609 3974 captus
662 3902 717 3958 in
769 3916 992 3958 carcere
1038 3902 1343 3958 tenebatur.
1399 3901 1533 3959 Cum
1584 3918 1715 3975 ergo

112 4006 229 4062 pro
269 3990 527 4047 elevando
566 4005 796 4062 corpore
852 3989 1055 4046 frustra
1105 4001 1421 4058 conaretur,
1466 3994 1711 4063 quaedam

120 4081 337 4138 inclusa
389 4083 538 4139 iuxta
584 4083 873 4140 ecclesiam
920 4082 1112 4139 Sancti
1166 4083 1465 4140 Salvatoris
1514 4085 1714 4140 sumlui

198 4219 312 4291 (75)
338 4219 644 4291 Legebatur
664 4218 1078 4291 interfectiones,
1113 4218 1260 4289 quod
1286 4226 1347 4274 ut
1367 4218 1515 4275 clare
1560 4236 1715 4277 men-

120 4289 316 4351 dosum
370 4289 605 4345 correxi.
662 4289 825 4344 Plura
880 4297 1183 4357 sequuntur
1230 4290 1427 4344 menda
1473 4292 1527 4344 in
1580 4307 1711 4357 ms.,

120 4374 195 4442 et_
220 4359 473 4415 nonnulla
494 4431 506 4442 _
527 4360 692 4442 etiam
735 4359 790 4413 in
838 4359 1102 4442 editione.
1149 4358 1340 4413 Priora
1364 4360 1657 4442 _negligan_i
1691 4378 1708 4427 ;

1754 306 1933 367 VlTA.

106 421 261 476 sitan
290 419 533 491 quaedam
560 418 681 493 (ms.
717 414 1028 496 quemdam]
1061 423 1111 479 in
1158 426 1294 497 ipso,
1350 423 1556 480 terreni
1586 422 1706 496 pul-
1732 428 1785 487 Α

3262 323 3397 378 1250

1811 426 1949 495 (80),
2001 426 2218 485 nomine
2267 426 2543 495 Charitas,
2599 426 2754 502 cujus
2811 426 2932 485 vitae
2986 432 3216 490 celebris
3271 444 3396 490 tunc

1811 519 2075 588 temp’Oris
2100 520 2283 591 opinio
2313 521 2614 591 ferebatur,
2646 519 2979 580 revelatione
3033 525 3132 580 sibi
3180 526 3396 580 caelitus

1811 604 1977 673 facta,
2009 608 2121 679 regi
2152 610 2425 666 mandavit
2455 627 2548 668 eos
2592 613 2862 669 incassum
2888 614 2984 668 niti
3018 624 3073 669 et
3104 631 3207 669 non
3236 631 3395 685 posse

1813 698 2111 755 transferre
2146 703 2320 757 sancti
2364 704 2510 774 regis
2551 705 2801 775 pignora,
2841 706 3015 761 donec
3062 706 3336 762 Salomoni
3363 723 3395 761 a

1813 796 2083 848 earcerari
2112 795 2361 851 absoluto
2388 800 2655 866 custodia,
2686 799 2857 853 libera
2896 799 3226 870 indulgentia
3258 815 3400 870 prm-

1812 884 2059 938 heretur.
2099 883 2194 939 lllo
2226 886 2409 957 itaque
2434 904 2465 944 c
2504 904 2725 945 carcere
2752 890 3033 960 producto,
3063 902 3117 945 et
3145 894 3397 946 triduano

1814 972 2016 1029 iterato
2053 973 2283 1046 jejunio,
2323 994 2445 1033 cum
2479 980 2546 1034 ad
2575 980 2984 1036 transferendas
3025 983 3281 1053 reliquias
3311 1000 3399 1036 sa-

1814 1080 1937 1120 cras
1967 1068 2121 1122 tertia
2147 1069 2233 1123 die
2266 1079 2483 1123 ventum
2512 1067 2724 1139 fuisset,
2760 1072 2894 1139 lapis
2918 1072 3107 1142 ingens
3133 1089 3396 1144 superpo-

1814 1159 1951 1213 situs
1984 1161 2202 1225 tumbae,
2229 1170 2377 1215 tanta
2409 1161 2677 1229 facilitate
2693 1163 2937 1216 sublatus
2960 1170 3064 1227 est,
3093 1180 3156 1217 ac
3188 1165 3231 1218 si
3266 1163 3398 1217 nihil

1816 1259 1940 1305 ante
1967 1250 2221 1321 ponderis
2252 1251 2547 1309 habuisset.

2428 1364 2657 1421 CAPUT
2698 1364 2785 1419 Vl.

1821 1452 2053 1507 Elevatio
2080 1456 2313 1525 coeperis
2344 1464 2391 1510 et
2416 1457 2699 1538 miracula,
2729 1459 2865 1511 mira
2901 1458 3128 1513 dexterae
3176 1458 3401 1513 inventio

2444 1538 2491 1581 et
2514 1530 2802 1598 integritas.

1888 1604 1977 1670 55.
2010 1615 2288 1687 Completo
2316 1633 2447 1690 ergo
2475 1620 2648 1675 tertiae
2684 1620 2788 1675 diei
2833 1620 3177 1691 vespertinali
3206 1618 3402 1680 ofﬁcio,

1820 1709 2035 1764 cunctis
2067 1709 2263 1764 divinae
2313 1712 2679 1766 miserationis
2710 1712 2970 1767 beneﬁcia
2996 1728 3092 1782 per
3125 1712 3269 1767 beati
3301 1710 3405 1764 viri

1821 1800 2071 1853 meritum
2100 1802 2557 1870 prmstolantihus,
2614 1804 2793 1858 subito
2840 1803 2962 1876 [al.,
2995 1803 3211 1860 subdito
3258 1817 3405 1855 mcu-

1815 1888 1962 1961 dose]
1993 1889 2204 1960 plebem
2237 1905 2394 1946 suam
2436 1892 2657 1949 Christo
2700 1894 2976 1961 visitante,
3011 1892 3401 1948 miraculorum

1816 1979 2043 2051 insignia
2067 1997 2165 2052 per
2191 1983 2604 2053 amplitudinem
2634 1985 2826 2039 domus
2852 1994 3057 2039 sanctae
3100 1983 3404 2037 funduntur

1816 2071 2066 2139 cmlitus,
2125 2089 2355 2145 quorum
2414 2075 2718 2146 pluralitas,
2779 2077 3033 2147 quoniam
3092 2076 3205 2144 ipsa
3249 2083 3406 2128 nocte

1817 2177 2103 2219 numerum
2148 2176 2460 2221 excesserat
2512 2166 2656 2238 (8|),
2715 2166 2843 2221 illud
2899 2165 3267 2237 evangelicum
3315 2163 3404 2217 hic

1816 2254 1947 2309 libet
1983 2253 2336 2313 introducere
2362 2257 2503 2327 quod
2535 2256 2784 2313 Salvator
2815 2257 3033 2322 Joanni,
3062 2271 3160 2327 per
3187 2255 3405 2309 nuntios

1815 2346 2119 2404 sciscitanti
2160 2361 2227 2402 an
2282 2348 2396 2420 ipse
2423 2350 2495 2403 sit
2538 2350 2631 2419 qui
2660 2358 2922 2406 venturus
2969 2359 3053 2405 est
3084 2363 3405 2418 responsum

1816 2440 2171 2493 mandaverat
2203 2453 2217 2491 :
2259 2438 2399 2494 Caeci
2433 2439 2619 2494 vident
2650 2439 2765 2509 (82)
2789 2449 2845 2494 et
2889 2439 3064 2494 claudi
3100 2436 3403 2502 ambulant,

1816 2532 1963 2585 surdi
1990 2530 2234 2590 audiunt,
2263 2530 2459 2602 leprosi
2490 2533 2844 2597 mundantur,
2876 2530 3001 2586 mali
3035 2531 3402 2600 corriguntur,

1815 2617 2098 2694 paralytici
2146 2632 2447 2677 curantur:
2498 2634 2728 2692 qu0rum
2780 2632 2962 2678 tamen
3007 2621 3211 2691 aliqua,
3258 2620 3407 2689 quod

1816 2720 2009 2766 cuncta
2079 2726 2185 2765 non
2263 2728 2550 2781 possumus
2586 2754 2601 2778 ,
2664 2714 3005 2768 innotescere
3072 2722 3402 2781 satagemus.

1815 2800 2037 2856 Juvenis
2071 2802 2564 2872 quidatu,omnibus
2596 2802 2857 2857 membris
2903 2801 3219 2863 dissolutus,
3249 2799 3407 2854 annis

1818 2908 1892 2947 χιι
1941 2893 2236 2964 paralysim
2289 2908 2521 2963 passus,
2581 2909 2839 2948 manuum
2898 2902 2953 2949 et
3006 2895 3202 2964 pedum
3252 2904 3411 2947 care-

1818 2984 1913 3039 bat
1951 2983 2148 3051 oﬁieio,
2197 2984 2289 3053 qui
2344 2994 2629 3054 parentum
2666 2984 2977 3053 adjumento
3023 2994 3211 3039 vectus
3259 2982 3406 3047 illuc.

1821 3083 2035 3145 recepta
2088 3075 2253 3129 totius
2298 3076 2543 3144 corporis
2593 3075 2900 3145 sospitate,
2950 3075 3228 3145 signorum
3279 3074 3411 3129 fecit

1821 3166 2055 3229 initium,
2116 3176 2277 3235 atque
2324 3167 2388 3218 ad
2440 3166 2614 3220 altare
2673 3166 2815 3221 haud
2874 3166 3112 3236 segniter
3156 3179 3403 3230 currens,

1817 3259 2059 3314 omnium
2120 3258 2341 3313 Christo
2399 3258 2586 3313 laudes
2633 3256 2983 3313 clamantium
3036 3258 3410 3329 augmentavit

1818 3350 2092 3422 gaudium.

1887 3444 1976 3498 56.
2038 3444 2188 3498 Alius
2246 3459 2462 3515 quoque
2511 3457 2648 3515 puer
2692 3444 2989 3513 septennis,
3036 3458 3067 3498 a
3117 3441 3409 3497 nativitate

1819 3536 2114 3589 contractis
2139 3536 2321 3590 nervis
2362 3534 2589 3607 genibus
2614 3543 2668 3589 et
2713 3534 2984 3598 manibus,
3026 3533 3410 3603 reportabatur

1819 3620 1933 3695 (85)
1958 3640 1971 3686 ;
2000 3639 2162 3693 quem
2218 3624 2325 3679 ﬁde
2356 3624 2497 3695 pleni
2530 3632 2810 3695 parentes,
2834 3621 2980 3677 beati
3014 3623 3120 3678 viri
3150 3620 3408 3692 suffragio

1818 3715 2188 3781 conferentes,
2248 3717 2504 3787 prostrati
2547 3715 2703 3785 juxta
2753 3714 3057 3786 sepulcrum
3091 3729 3274 3771 secum
3304 3730 3405 3785 po-

1816 3817 2062 3872 suerunt,
2088 3808 2316 3878 gratiam
2338 3808 2582 3879 petituri,
2610 3824 2771 3878 quam
2798 3823 2919 3863 mox
2947 3807 3245 3874 consecuti,
3275 3821 3412 3862 eon-

1820 3896 2141 3952 traetionem
2182 3911 2471 3953 nervorum
2522 3898 2576 3952 in
2623 3899 2730 3954 ﬁlio
2783 3898 3015 3953 distendi
3043 3898 3405 3963 mirabantur,

1816 3996 1874 4042 et
1894 3986 2248 4044 consolidatis
2270 3987 2497 4059 genibus
2525 3996 2579 4043 et
2610 3988 2832 4059 plantis,
2887 4003 3077 4046 omnes
3106 4004 3230 4045 eum
3258 3990 3407 4045 ince-

1815 4077 2029 4135 dentem
2052 4077 2165 4152 (84)
2203 4080 2470 4147 videntes,
2502 4081 2706 4138 Christi
2741 4096 2937 4138 nomen
2996 4083 3050 4137 in
3102 4082 3247 4138 beati
3293 4082 3403 4137 viri

1814 4230 1989 4284 gnans
2014 4229 2126 4285 prae
2151 4216 2364 4272 caeteris
2410 4217 2665 4288 operibus
2692 4231 2751 4272 se
2800 4215 3103 4287 approbare
3147 4213 3398 4269 declam-

1812 4294 2279 4437 ῒθὶτῖἒῖξέξοηιοη
2334 4371 2440 4437 {‘09
2496 4366 2615 4437 9"“
2664 4355 2834 4411 "at"
2862 4355 3270 4437 Ladis'ﬁi'-5°d
3301 4370 3402 4437 p'a:

122 4433 234 4487 alia
264 4445 410 4496 vero,
455 4429 545 4486 ubi
570 4429 717 4485 clara
766 4437 912 4494 sunt,
962 4428 1254 4499 corrigam,
1285 4429 1380 4484 sed
1405 4425 1609 4485 monito
1632 4425 1711 4486 le;
1749 4457 1795 4515 ι)
1821 4425 2049 4508 ιτιάθιίε..
2074 4426 2514 4515 Forsauulatiori
2564 4443 2725 4483 sensu
2780 4436 3006 4515 vocatur
3052 4425 3245 4515 frater,
3285 4425 3403 4507 ,ιιἰεί

121 4514 311 4642 et???)
344 4571 477 4627 Illud
506 4588 625 4626 cum
652 4570 894 4643 supplevi
917 4585 984 4627 ex
1008 4567 1190 4625 Surio.

198 4665 409 4791 (Πλρθ
434 4665 493 4721 S.
526 4664 774 4720 Ladislao
800 4677 929 4735 rege
967 4664 1108 4745 apud
1136 4676 1239 4717 nos
1258 4668 1438 4744 actum
1468 4670 1553 4744 est
1579 4671 1711 4721 tom.

236 4753 366 4791 unu.
396 4751 520 4791 nae.
553 4734 662 4789 515
685 4743 739 4790 et
784 4735 1158 4791 sequentibus.
1191 4734 1267 4789 De
1293 4748 1358 4788 eo
1386 4749 1439 4787 in
1464 4733 1584 4789 Vita
1614 4750 1711 4788 an-

122 4738 168 4792 V
202 4733 372 4807 Junii.
396 4751 520 4807 pag.
553 4734 662 4789 515
685 4743 739 4807 et
784 4733 1158 4807 sequentibus.
1191 4734 1267 4789 De
1293 4748 1359 4807 eo
1386 4733 1439 4787 in
1464 4733 1584 4807 Yita
1614 4750 1713 4807 an-

74 4873 79 4877 ,
125 4808 278 4877 liqua
305 4803 528 4871 ibidem,
571 4820 693 4877 pag.
724 4803 874 4860 519a
924 4803 1112 4877 gNam
1139 4818 1282 4877 anno
1329 4803 1541 4858 Domini
1591 4805 1714 4858 mil-

121 4874 313 4933 lesimo
338 4874 666 4931 centesimo'
687 4875 1037 4945 nonagesimo
1059 4874 1296 4945 secundo
1321 4881 1567 4945 sanetum
1591 4889 1715 4929 cor-

162 4962 231 5003 us
285 4946 414 5018 ejus
447 4944 960 5018 canonigatumjest.
993 4963 1011 4997 ι
1071 4944 1368 5018 Ad___quem
1399 4944 1601 5018 lucum
1632 4945 1713 5018 sic

169 5013 527 5087 apebrocbius
557 5033 569 5070 :
596 5035 614 5068 ι
646 5015 871 5087 Pbrasis
886 5016 1001 5070 haec
1024 5022 1107 5087 est
1132 5014 1274 5068 illius
1292 5013 1713 5087 temporis,_inde

121 5085 340 5157 sumpta
368 5087 511 5156 quod
533 5085 967 5157 canonizationis
993 5086 1284 5157 decretum
1331 5085 1485 5153 sequi
1512 5085 1713 5157 soleret

117 5154 464 5226 corporis—de
494 5165 636 5211 terra
667 5156 918 5211 elevatio.
940 5174 962 5208 ι
993 5154 1193 5209 Eadem
1245 5156 1311 5209 de
1340 5170 1506 5209 causa
1533 5154 1710 5209 eleva-

119 5239 242 5284 tum
269 5227 434 5283 fuisse
474 5242 674 5297 corpus
705 5226 763 5282 S.
800 5226 1084 5296 Stephani,
1117 5234 1282 5293 atque
1329 5226 1466 5297 adeo
1493 5226 1708 5281 formali

116 5298 538 5356 cauonizatione
569 5294 772 5367 sanctis
799 5294 1096 5367 ascriptum
1127 5310 1271 5362 esse,
1300 5294 1547 5367 pluribus
1575 5311 1708 5366 pro-

118 5368 319 5426 bavi'in
349 5368 653 5424 Comment.
681 5366 708 5440 §
742 5367 832 5422 58.

198 5459 379 5531 (78)1η
397 5476 503 5515 ms.
518 5460 861 5530 approbatur;
884 5468 940 5516 at
964 5476 1031 5517 ne
1058 5459 1137 5517 sic
1168 5460 1385 5530 quidem
1409 5474 1599 5517 sensus
1623 5468 1709 5516 est

115 5531 414 5604 perfectus.
446 5531 640 5604 Surius
684 5531 900 5604 videtur
943 5533 1277 5587 sententiam
1299 5540 1708 5604 recteiexpres-

114 5601 285 5666 sisse,
337 5604 416 5656 sic
458 5603 710 5658 habens:
772 5620 790 5652 ι
830 5601 935 5657 Sed
982 5611 1040 5655 ut
1083 5604 1397 5659 ostenderet
1445 5602 1705 5657 Dominus

113 5683 321 5741 quanta
357 5672 729 5727 misericordia
758 5687 851 5726 rex
884 5673 1061 5727 adhuc
1112 5688 1340 5728 manens
1392 5673 1445 5727 in
1474 5685 1708 5741 corpore

113 5744 379 5813 praeditus
410 5742 591 5798 fuerit.
635 5758 797 5814 quam
839 5744 1001 5798 etiam
1055 5742 1165 5811 jam
1205 5760 1325 5799 cum
1358 5743 1578 5799 Christo
1618 5756 1702 5796 re-

1819 4511 1979 4553 error
2037 4496 2319 4566 irrepserit
2370 4496 2504 4551 vitio
2563 4499 3038 4553 transcribentium
3068 4506 3234 4566 ,aut
3284 4496 3401 4564 ipse

1814 4565 2233 4623 Carthuitiusin
2282 4580 2348 4623 eo
2370 4568 2655 4622 erraverit.
2703 4567 2778 4624 De
2827 4581 3045 4622 carcere
3094 4565 3403 4621 Solomonis

1816 4652 2090 4707 causaque
2110 4637 2350 4692 carceris
2386 4647 2566 4691 actum
2612 4645 2697 4692 est
2724 4638 2777 4693 in
2821 4637 3059 4703 Comm.,
3092 4651 3241 4692 num.
3272 4636 3399 4699 439,

1816 4708 1905 4763 ubi
1935 4707 2101 4777 etiam
2131 4707 2246 4761 haec
2276 4707 2443 4777 ipsius
2469 4707 2717 4762 liberatio
2740 4709 3111 4763 conﬁrmatur.

1887 4777 2002 4847 (80)
2034 4776 2175 4844 Quid
2208 4778 2470 4849 velitvox
2499 4778 2584 4849 illa
2628 4778 2845 4849 sumlui,
2866 4778 3035 4849 plane
3058 4778 3271 4849 ignoro,
3296 4777 3401 4833 nisi

1814 4848 1997 4905 forsan
2022 4850 2095 4904 sit
2120 4862 2316 4903 nomen
2346 4848 2469 4903 loci.
2512 4847 2793 4909 Bonﬁnius
2822 4847 2964 4903 idem
3005 4847 3257 4913 narrans,
3307 4862 3405 4902 vo-

1812 4933 1931 4975 cem
1968 4919 2127 4973 istam
2162 4919 2364 4984 omisit,
2396 4918 2473 4972 uti
2503 4928 2558 4973 et
2583 4918 2795 4974 Surius.
3279 4928 3287 4935 ‘

1885 4991 2242 5115 (gitEditum
2272 4998 2392 5046 erat
2419 4990 2678 5045 mendose
2709 4999 2980 5056 messerat,
3019 4988 3165 5059 quod
3186 4988 3401 5043 correxi

1945 5077 2085 5115 111⁵1οο

1811 5073 1879 5114 ex
1903 5062 2085 5117 Surio.

1885 5130 1998 5201 (82)
2030 5132 2239 5188 lndicat
2266 5142 2458 5187 auctor
2485 5132 2649 5187 verba
2684 5130 2887 5201 Christi
2919 5129 3109 5184 Matth.
3146 5143 3222 5190 xl,
3245 5131 3299 5197 Ῡ.
3326 5130 3398 5183 5:

1813 5201 1952 5255 Caeci
1980 5200 2187 5265 ’vident,
2241 5202 2417 5256 claudi
2464 5203 2757 5268 ambulant,
2805 5200 2999 5271 leprosi
3050 5202 3396 5259 mandantur,

1811 5272 1963 5325 surdi
1988 5272 2233 5333 audiunt,
2281 5274 2473 5325 mortui
2500 5282 2801 5337 resurquat,
2839 5285 3094 5341 pauperes
3135 5271 3398 5341 euangeli-

1813 5351 2021 5395 zantur.
2064 5342 2131 5395 At
2160 5344 2274 5410 ipsa
2324 5343 2483 5396 verba
2516 5352 2707 5397 exacte
2758 5338 2863 5395 non
2910 5338 3079 5406 dedit,
3110 5338 3236 5409 quia
3290 5355 3397 5393 non

1810 5413 1991 5465 omnia
2020 5413 2412 5482 congruebant,
2448 5421 2709 5480 quantum
2732 5412 3008 5466 existimo.

1884 5482 1995 5552 (85)
2025 5480 2426 5551 Repbrlabatur,
2480 5483 2531 5535 id
2582 5494 2666 5536 est
2709 5484 2993 5551 ferebatur.
3034 5480 3227 5536 Surius
3272 5493 3396 5534 sen-

1810 5566 1929 5674 sunl:
1979 5553 2229 5618 mutavit,
2272 5554 2398 5606 dum
2452 5552 2643 5616 edidit,
2685 5553 2900 5621 genibus
2947 5561 2995 5606 et
3044 5552 3287 5606 mam’bus
3313 5567 3399 5604 re-

1810 5631 1895 5674 uta
1934 5632 2009 5674 at.

1807 5631 2009 5691 ptabat.

1809 5764 1847 5819 S
1881 5693 1993 5773 (81)
2039 5694 2187 5750 Alias
2226 5694 2481 5750 mendose
2532 5693 2842 5761 incedentes,
2872 5693 3033 5765 quod
3085 5691 3299 5749 correxi
3324 5704 3391 5744 ex

1852 5779 1989 5819 uno.

1852 5781 1881 5817 ll
1891 5779 1989 5819 ΙῚΟο
