3816 6322
518 283 649 341 121'“

1597 284 1654 338 S.
1693 281 2035 339 STEPIMNI
2078 276 2566 335 llUNGARORUM
2608 276 2807 332 REGIS
3558 285 3637 339 lii!

518 398 763 462 meritis,
822 388 1079 454 laudabili
1123 397 1364 453 clamore
1413 395 1876 465 glorificaverunt.
1942 393 2110 459 Quem
2143 382 2186 439 Λ
2221 400 2504 463 cmpcrunt
2562 391 2779 461 quidam
2826 388 2977 457 jussu
3042 388 3182 459 regis
3234 404 3401 458 aquam
3429 394 3467 445 in
3500 396 3639 452 :aidari:

514 506 605 545 rex
646 493 756 545 Deu
783 496 1031 559 devotus,
1052 508 1165 563 pra:
1189 493 1358 547 nimio
1388 492 1584 562 gaudio
1607 490 1961 562 Iacrymatus,
1994 505 2114 543 ma-

517 581 677 636 nibus
708 602 737 639 a
767 594 910 638 terra
938 582 1198 649 levatum,
1225 583 1291 636 ad
1323 582 1495 636 altare
1530 582 1783 651 portavit,
1824 581 1911 634 ubi
1945 580 2113 634 nimio

518 670 639 739 (85‘;
666 674 841 729 laudis
867 671 1101 744 prolato,
1132 672 1340 743 gratias
1368 673 1479 728 Deo
1510 688 1610 742 pro
1663 671 1941 729 beneficiis
1972 687 2112 740 prec-

518 766 664 820 stilis
689 766 741 821 iu
767 766 1000 821 sanitate
1030 766 1206 836 pueri,
1264 780 1386 819 cum
1450 765 1705 819 omnibus
1753 764 1842 831 qui
1883 762 2110 816 aderant

515 859 892 914 favorabiliter
929 859 1062 929 egit.
1117 856 1208 913 Sic
1260 866 1426 911 totam
1458 866 1671 911 noctem
1726 857 1867 909 Deus
1907 870 2002 923 pro
2034 854 2108 906 fa-

514 948 649 1002 uiuli
684 949 764 1003 sui
797 947 1281 1019 venerationefSG)
1338 946 1629 1002 multorum
1682 945 1889 1016 fulgore
1924 946 2103 1015 signo—

530 1054 651 1092 rum
705 1038 1031 1093 mirabiliter
1093 1038 1443 1108 perlustravit
1490 1054 1504 1100 ;
1565 1036 1793 1106 populus
1847 1049 1977 1088 vero
2031 1036 2108 1088 vi-

520 1130 663 1202 giliis
694 1143 750 1186 et
774 1133 1113 1187 orationibus
1145 1118 1384 1185 intentus
1414 1129 1735 1207 miraculum
1767 1128 2106 1196 tutumquod-

518 1238 624 1293 que
688 1223 905 1277 laudum
962 1223 1293 1278 clamoribus
1354 1221 1699 1277 manifestum
1768 1221 1950 1275 facere
2000 1236 2103 1274 non

517 1316 787 1369 cessabat.
1156 1330 1159 1333 ‘

538 1400 539 1405 “
590 1408 678 1461 57.
736 1406 832 1461 llis
872 1407 1218 1463 inserendum
1264 1407 1481 1463 videtur
1529 1416 1584 1461 et
1630 1406 1949 1476 illud‘quod
1999 1422 2101 1459 non

518 1500 692 1555 solum
726 1501 794 1555 ibi
824 1512 1140 1571 prmsentes,
1181 1502 1275 1556 sed
1306 1494 1466 1572 longe
1494 1515 1709 1570 quoque
1755 1501 1940 1571 positi,
1995 1498 2107 1553 suf-

518 1580 855 1657 fragantibus
902 1589 1017 1658 ejus
1065 1592 1291 1656 meritis,
1324 1591 1597 1647 celebrem
1657 1591 1937 1646 consecuti
1980 1599 2105 1644 sunt

514 1682 708 1739 salutis
732 1682 1004 1740 effectum.
1038 1684 1171 1740 Nam
1221 1701 1345 1741 cum
1389 1686 1712 1742 elevationis
1745 1688 1916 1758 ipsius
1948 1688 2104 1742 undi-

515 1789 622 1844 que
671 1775 928 1843 crepisset
976 1775 1120 1832 fama
1182 1776 1556 1836 eelebrescere
1604 1794 1619 1843 ;

513 1864 862 1935 languoribus
890 1882 958 1923 ex
993 1869 1245 1924 omnibus
1288 1869 1574 1942 llungarize
1624 1870 1821 1925 finibus
1859 1871 1927 1924 ad
1977 1885 2102 1925 san-

513 1967 660 2013 ctum
712 1959 997 2027 tumulum,
1053 1976 1159 2031 quo
1210 1962 1410 2033 quique
1447 1972 1695 2033 poterant
1740 1962 1919 2021 modo.
1955 1961 2103 2017 festi-

509 2063 645 2103 nare
674 2061 981 2120 emperunt.
1025 2052 1132 2109 Sed
1186 2070 1306 2109 cum
1342 2054 1461 2109 aliis
1510 2054 1965 2124 prmeedentibus,
2011 2052 2099 2107 alii

510 2140 747 2217 graviori
803 2141 1079 2198 debilitate
1130 2141 1411 2212 prohibiti,
1464 2143 1626 2201 simul
1681 2143 1965 2213 pervenire
2004 2157 2098 2196 ne-

510 2229 750 2299 quirent.
782 2231 942 2286 simili
976 2241 1154 2307 tamen
1196 2234 1570 2289 misericordia
1604 2234 1658 2288 in
1709 2234 1793 2288 via
1827 2232 2097 2288 innumeri

510 2320 687 2373 sanati
717 2330 863 2375 sunt.
904 2321 1057 2378 Unde
1086 2323 1137 2377 in
1182 2339 1601 2393 permansuram
1657 2324 1774 2397 (87)
1821 2323 2100 2379 beneficiis

509 2410 683 2464 sancti
718 2411 860 2482 regis
915 2414 1257 2480 memoriam,
1315 2414 1663 2484 quamplures
1709 2430 1805 2485 per
1854 2430 1977 2470 eum
2014 2430 2098 2469 sa-

509 2501 647 2567 nati,
684 2503 880 2557 redditi
937 2502 991 2558 in
1026 2504 1238 2571 eodem,
1296 2506 1386 2561 ubi
1442 2507 1617 2562 sanati
1675 2517 1818 2570 sunt,
1887 2508 2098 2563 itineris

513 2590 657 2659 loco,
690 2594 926 2665 grandes
954 2606 1390 2667 aggregaveruut
1444 2602 1673 2653 acervos
1712 2598 1970 2670 lapidum,
2004 2600 2095 2669 qui

508 2684 670 2757 longo
699 2685 773 2741 ibi
806 2695 1046 2757 tempore
1094 2698 1215 2757 post
1265 2688 1494 2744 multum
1545 2689 1705 2762 [forte
1730 2690 2096 2764 postmodum]

508 2776 748 2841 fuerunt.
804 2776 909 2832 Sed
967 2786 1023 2845 et
1076 2779 1269 2833 mulier
1317 2783 1584 2849 quaedam,
1633 2796 1755 2835 cum
1804 2781 1943 2837 inter
1981 2783 2097 2838 lucc

508 2866 651 2923 filius
681 2867 797 2937 ejus
823 2852 1132 2923 exhalasset
1183 2869 1455 2939 spiritum,
1487 2870 1578 2940 qui
1618 2870 1719 2924 sibi
1763 2870 1944 2925 fuerat
1973 2872 2096 2926 uni-

506 2973 625 3027 cus,
661 2959 957 3015 exanimati
979 2959 1341 3030 corpusjuxta
1373 2961 1517 3032 regis
1542 2960 1803 3015 tumulum
1827 2962 2092 3032 deposuit,
2125 3024 2129 3029 ,

504 3046 600 3101 Dei
629 3057 684 3103 et
711 3049 887 3105 sancti
937 3053 1052 3119 ejus
1105 3065 1270 3121 super
1303 3066 1369 3106 eo
1426 3050 1781 3121 imploratura
1829 3053 2092 3107 solamen.

506 3141 643 3197 Mira
662 3144 881 3213 quidem
936 3160 1043 3211 res,
1088 3156 1142 3202 et
1169 3148 1373 3203 nostris
1421 3148 1686 3219 stupenda
1737 3148 2092 3219 temporibus,

505 3250 611 3289 non
635 3235 788 3306 prius
832 3252 992 3293 orare
1041 3239 1239 3294 mulier
1264 3240 1474 3295 destitit
1502 3257 1664 3312 quam
1712 3241 1905 3310 filium,
1933 3256 2094 3313 quem

504 3323 816 3385 defunctum
838 3328 1222 3403 collocaverat,
1249 3331 1516 3387 viventem
1543 3332 1771 3403 accepit.

573 3416 664 3471 38.
693 3410 1040 3487 Hanel‘acto,
1093 3422 1178 3478 die
1230 3431 1354 3492 post
1387 3423 1826 3494 Assumptionem
1861 3425 2094 3481 sanctis-

502 3506 654 3585 simae
688 3508 913 3581 virginis
941 3510 1124 3566 Marha
1169 3514 1383 3583 quinto,
1432 3515 1881 3570 convenientibus
1921 3516 1973 3570 in
2001 3531 2093 3571 ee-

501 3597 722 3659 clesiam
750 3617 873 3656 cum
906 3618 1030 3673 rege
1076 3604 1434 3675 principibus,
1466 3621 1589 3661 cum
1640 3606 1786 3662 clero
1817 3608 2093 3677 pontifici-

466 3687 626 3761 bus,
682 3691 918 3760 primum
966 3694 1133 3749 missa
1192 3710 1290 3764 pro
1331 3694 1600 3751 defunctis
1648 3688 1917 3753 Celebrata
1967 3709 2087 3763 est;

504 3781 701 3837 deinde
746 3782 954 3866 sublata
1009 3786 1198 3866 tabula
1248 3792 1575 3856 marmorea,
1614 3805 1734 3860 qua}
1782 3791 2091 3860 pavimento

501 3871 878 3953 praeminebat.
910 3864 1200 3945 Postquam
1232 3887 1555 3949 perventum
1607 3890 1691 3935 est
1729 3880 1795 3934 ad
1829 3882 2085 3945 tumbam,

505 3970 653 4016 tanta
678 3961 977 4032 fragrantia
1025 3981 1192 4022 suave
1231 3968 1526 4025 redolentis
1571 3970 1754 4026 odoris
1788 3972 1843 4025 in
1882 3973 2090 4041 appari-

502 4056 653 4111 tione
686 4056 856 4126 ipsius
909 4073 1100 4115 omnes
1126 4060 1217 4131 qui
1247 4061 1479 4115 aderant
1526 4062 1907 4128 circumdedit,
1946 4064 2089 4133 quod

502 4147 558 4202 in
604 4146 842 4204 medium
884 4151 1123 4220 paradisi
1173 4152 1489 4208 deliciarum
1534 4154 1736 4208 donum
1789 4168 1849 4208 se
1902 4162 2089 4225 raptos

501 4240 884 4311 opinarentur.
936 4242 1056 4313 Ipsa
1104 4259 1321 4315 quoque
1367 4245 1551 4302 tumba
1587 4245 1743 4316 plena
1795 4244 1897 4301 fuit
1947 4260 2087 4316 aqua

499 4347 694 4403 parum
727 4330 965 4402 rubenti,
1021 4336 1174 4406 quasi
1200 4335 1321 4392 oleo
1373 4337 1657 4406 permista,
1688 4336 1742 4391 in
1770 4351 1900 4407 qua,
1941 4335 2089 4390 velut.

2223 494 2479 554 argentea
2533 494 2586 536 et
2637 480 2783 535 dolia
2842 478 3120 535 effundere
3151 522 3165 544 ,
3214 478 3287 551 [ut
3328 482 3453 554 (89)]
3484 500 3641 541 cra-um

2220 576 2565 645 sarc0phago
2606 573 2809 629 certior
2857 574 3016 628 ﬁeret
3062 575 3241 627 annuli
3273 574 3642 635 invcntio.Sedmi.

2218 662 2338 723 rum
2368 668 2420 720 in
2457 666 2699 730 modum,
2750 673 2956 734 quanto
2996 665 3169 735 magis
3202 664 3361 733 liquor
3381 666 3643 731 οπυιιάυιηωτ,

2215 769 2364 814 tanto
2395 760 2514 830 plus
2537 774 2604 812 eo
2640 768 2924 813 crescente
2957 757 3140 811 tumba
3173 758 3457 826 replebatur.
3490 762 3646 827 Quoia

2212 850 2497 913 miraculo,
2529 850 2782 903 haustam
2834 863 3030 917 aquam
3088 847 3207 901 loco
3249 862 3337 901 suo
3380 851 3645 907 rt‘stilucrunt:

2212 958 2310 997 nec
2342 951 2543 1006 tamen,
2590 956 2652 996 ea
2688 938 2892 1005 refusa,
2934 940 3106 1009 magis
3143 940 3212 993 ob
3236 941 3330 995 hoc
3358 944 3501 994 tumba
3533 948 3648 1011 replet:

2207 1033 2325 1087 fuit.

2282 1122 2376 1177 '59.
2436 1122 2613 1189 Tunc,
2668 1132 2923 1194 c00perto
2975 1124 3244 1193 sepulcro,
3275 1122 3435 1178 laudes
3475 1130 3649 1195 etgraiu

2209 1217 2405 1271 divinre
2445 1216 2633 1285 pietati
2687 1215 3111 1285 proclamantes,
3162 1231 3279 1270 cum
3325 1216 3383 1269 de
3416 1217 3652 1271 intentatis

2209 1326 2374 1373 sauro
2409 1309 2742 1365 beatissima;
2772 1309 2963 1364 Matris
3012 1309 3105 1363 Dei
3140 1309 3399 1380 genitricis
3424 1320 3467 1364 et
3488 1324 3653 1379 prrpcm

2206 1403 2436 1473 virginis
2476 1403 2647 1458 altare
2682 1411 3101 1473 reparaverunt,
3153 1404 3359 1457 interim
3384 1404 3511 1465 Deus,
3538 1408 3595 1471 qui
3612 1418 3655 1457 μι

2208 1496 2478 1549 mirabilis
2530 1496 2583 1548 in
2617 1495 2823 1550 sanctis
2862 1498 2975 1551 suis
3024 1496 3199 1568 (Psaf.
3254 1497 3517 1565 van,56).
3552 1499 3655 1553 ensis

2205 1585 2319 1639 suis
2356 1584 2627 1655 largitatis
2684 1585 2985 1651 beneficiis,
3052 1588 3357 1657 petentibus
3400 1589 3656 1642 miraculorum

2208 1690 2428 1730 suorum
2459 1674 2629 1746 signis
2654 1691 2713 1731 se
2754 1687 3076 1747 praesentem
3102 1693 3227 1733 esse
3279 1677 3611 1747 nodlicavitmi
3630 1680 3656 1729 ia

1679 1756 1849 1831 νειῖίίε
1896 1778 2101 1832 obsessi
2138 1756 2180 1810 Β
2210 1776 2439 1831 tantum,
2475 1777 2534 1822 ut
2589 1776 2801 1839 tempus
2858 1769 2988 1824 illud
3026 1770 3320 1826 Dominicze
3364 1774 3657 1825 conversationis

2207 1861 2347 1915 inter
2377 1861 2626 1917 homines
2663 1862 2943 1919 videretur
2969 1868 3294 1929 revolutum,
3324 1866 3384 1919 de
3408 1881 3494 1937 quo
3515 1866 3656 1935 legitur;

2205 1952 2404 2007 Omnes
2432 1952 2563 2023 (9|),
2598 1954 2688 2022 qui
2750 1955 3021 2009 habebant
3066 1956 3314 2011 infirmos
3357 1958 3497 2011 variis
3530 1958 3659 2025 languo-

2204 2045 2376 2109 ribus,
2408 2046 2678 2101 ducebant
2710 2047 2829 2101 illos
2857 2048 2923 2102 ad
2973 2047 3159 2103 Jesum
3191 2030 3246 2103 et
3288 2050 3570 2104 eurabautur.
3593 2049 3660 2103 litt

2203 2137 2386 2193 omnia
2417 2138 2590 2193 virtus
2644 2138 2828 2192 divina
2891 2154 2997 2193 non
3028 2139 3205 2194 solum
3258 2140 3365 2210 ipsa
3404 2140 3491 2202 die,
3516 2140 3661 2207 δρόμος

2204 2237 2448 2298 tempore
2476 2228 2590 2298 (92)
2619 2227 2813 2293 multo,
2844 2242 2941 2298 per
2978 2229 3175 2282 merita
3225 2228 3398 2283 famuli
3446 2228 3510 2283 sui
3531 2228 3662 2296 dignati

2202 2328 2285 2373 est
2318 2319 2557 2389 operari,
2585 2319 2729 2389 quod
2759 2320 2926 2374 etiam
2970 2320 3037 2374 de
3068 2320 3194 2376 aliis
3241 2320 3528 2391 regionibus,
3558 2319 3663 2370 audin
3766 2342 3767 2393 ι

2201 2411 2590 2466 beneficiorum
2651 2411 2744 2465 Dei
2781 2409 2947 2476 fama,
2982 2427 3082 2480 pro
3132 2412 3473 2481 recuperanda
3509 2409 3661 2463 saniutr.
3766 2398 3767 2413 ¹

2202 2503 2539 2559 diversarum
2570 2502 2937 2556 valetudinum
2972 2502 3085 2573 (93)
3118 2503 3326 2557 morbis
3362 2502 3665 2556 laborantan

2201 2594 2454 2666 Suffragia
2479 2596 2618 2651 beati
2639 2597 2736 2650 viri
2762 2612 2882 2650 cum
2910 2611 3106 2666 magno
3132 2596 3397 2651 desiderio
3411 2592 3665 2649 conrolamt.

2199 2685 2487 2741 Comitissa
2511 2702 2640 2740 vero
2662 2687 2909 2757 quaedam
2933 2686 3235 2740 nobilitatis
3260 2686 3471 2743 eximia.
3499 2694 3665 2737 nutrotu.

2200 2777 2419 2833 nomine
2447 2777 2685 2833 Mathide
2710 2777 2847 2851 (94),
2895 2777 3069 2832 tribus
3117 2777 3389 2832 continuis
3428 2776 3551 2829 annis
3572 2774 3669 2826 visre-

2200 2884 2319 2925 rum
2349 2870 2534 2925 dolore
2580 2879 2829 2941 gravata,
2858 2867 2973 2938 jam
3022 2870 3189 2923 morti
3230 2870 3457 2940 proxima
3486 2864 3669 2929 fuit.0u

2197 2977 2228 3016 a
2256 2963 2370 3020 suis
2396 2962 2449 3017 in
2500 2962 2706 3017 feretro
2756 2962 2954 3027 delata,
2984 2977 3117 3016 mox
3170 2963 3290 3034 ipsa
3336 2962 3413 3016 die
3458 2975 3538 3029 una
3570 2956 3673 3011 sancti

2196 3054 2302 3111 viri
2354 3054 2618 3110 tumulum
2665 3054 2849 3126 attigit
2878 3054 3137 3125 paulatim
3191 3069 3255 3110 se
3302 3052 3533 3108 meliorari
3559 3049 3673 3107 sensit.

2196 3163 2262 3203 ac
2315 3147 2368 3202 in
2412 3148 2564 3203 brevi
2617 3146 2743 3202 vitae
2789 3145 2990 3218 prioris
3040 3146 3312 3213 sospitate
3358 3153 3575 3213 recepta,
3608 3153 3671 3191 ων
3768 3158 3769 3223 ξ

2196 3240 2375 3311 gnalia
2404 3239 2498 3295 Dei
2530 3255 2628 3311 per
2652 3238 2840 3295 famuli
2888 3239 2973 3296 sui
3014 3239 3216 3294 merita
3258 3239 3313 3294 in
3360 3254 3414 3294 se
3440 3239 3673 3291 rcmuncnll

2195 3328 2509 3401 divulgavit.
2827 3342 2833 3350 '
3002 3330 3005 3333 ’
3092 3336 3095 3337 ⁷

2266 3420 2359 3475 40.
2396 3420 2606 3475 Caetera
2640 3436 2774 3477 vero
2812 3420 3204 3477 miraculorum
3248 3419 3344 3477 Dei
3387 3414 3597 3491 prodigia.
3623 3424 3676 3481 ρω

2197 3514 2488 3569 dilectione
2513 3512 2702 3568 famuli
2732 3515 2814 3568 sui
2841 3513 3056 3569 ccelitus
3088 3522 3336 3578 ostensa,
3362 3526 3455 3565 non
3488 3509 3578 3562 ideo
3592 3500 3674 3572 quod

2194 3604 2490 3673 fastidiam,
2526 3622 2631 3660 non
2658 3606 2863 3675 scripta
2886 3605 3171 3674 dereliqui,
3199 3606 3298 3660 sed
3328 3605 3444 3673 quia
3467 3616 3549 3655 non
3572 3594 3675 3650 solum

2193 3696 2326 3750 mihi
2382 3695 2584 3765 placuit
2646 3695 2928 3760 Dominus,
2973 3695 3065 3765 qui
3116 3710 3285 3766 super
3313 3694 3472 3749 honos
3515 3682 3677 3742 eturbs

2194 3788 2359 3843 solem
2386 3804 2544 3842 suum
2580 3788 2883 3843 clarescere
2911 3786 3042 3841 facit
3079 3785 3309 3858 (Matth.
3339 3803 3391 3849 v,
3421 3784 3515 3854 i5),
3556 3772 3678 3834 tienti-

2194 3880 2403 3935 ciorum
2466 3878 2637 3949 ipsius
2681 3878 3089 3948 multiplicitate
3133 3879 3271 3951 [lege
3314 3862 3677 3945 multipliciuttmi

2196 3980 2515 4026 cunctorum
2564 3970 2795 4042 proficio
2843 3970 2967 4041 (95)
3028 3970 3441 4034 consulentem,
3481 3956 3677 4020 innumeris

2196 4063 2536 4131 sapientibus
2586 4078 2726 4133 quos
2773 4062 3049 4133 Hungaria
3120 4063 3271 4117 fovet
3320 4070 3374 4116 et
3420 4052 3677 4126 amplectitur.

2195 4151 2338 4221 stylo
2370 4151 2755 4206 declarandam
2800 4152 3197 4207 commendavi.
3258 4151 3387 4204 lllud
3415 4161 3525 4201 vero
3563 4138 3677 4195 inim

2196 4244 2405 4300 codicis
2456 4253 2674 4300 tantum
2730 4246 3033 4301 adhaerere
3060 4245 3304 4309 decrevi,
3348 4241 3565 4314 quoniam
3600 4232 3680 4285 miro

2190 4334 2411 4405 pietatis
2435 4335 2529 4390 Dei
2570 4350 2804 4391 munere
2831 4336 2921 4390 diu
2963 4335 3224 4405 qumsitus
3278 4344 3332 4389 et
3383 4348 3478 4388 non
3519 4329 3680 4384 inventas

500 4422 556 4476 in
611 4423 856 4479 balsamo
897 4424 1227 4495 liquefacto,
1278 4426 1605 4496 quieverunt
1649 4440 1772 4481 ossa
1821 4426 2082 4497 pretiosa.
2113 4443 2166 4504 ι)
2194 4426 2449 4491 annulus,
2478 4441 2600 4481 eum
2640 4427 2757 4496 ipsa
2795 4425 2942 4482 beati
2988 4428 3089 4481 viri
3119 4428 3372 4490 dextera,
3401 4434 3507 4494 post
3534 4413 3679 4474 transl?

500 4512 710 4581 Quibus
740 4515 792 4569 in
820 4516 1176 4573 mundissimo
1200 4517 1519 4575 linteamine
1574 4518 1837 4586 collectis,
1878 4518 1932 4573 in
1978 4518 2094 4589 ipso

500 4603 715 4673 liquore
766 4604 1070 4662 diutissime
1097 4614 1182 4661 est
1211 4606 1474 4678 qumsitus
1515 4607 1771 4674 annulus,
1817 4607 1910 4679 qui
1947 4608 2092 4663 beati

498 4696 600 4750 viri
632 4695 871 4752 dextera:
900 4698 1013 4770 (88)
1034 4698 1213 4755 fuerat
1240 4701 1543 4771 impositus.
1567 4701 1687 4768 Quo
1714 4717 1821 4757 non
1849 4702 2090 4762 invento,

572 4830 684 4905 (βξ)
707 4831 1019 4905 Legendum
1051 4834 1270 4905 opinor,
1293 4835 1487 4905 hymno
1510 4834 1688 4891 laudis
1717 4834 1941 4904 prolato.

571 4902 686 4975 (Sfj)
715 4902 809 4975 _ln‘
826 4918 927 4957 ms.
970 4902 1192 4975 legitur.
1222 4922 1315 4973 per
1333 4902 1531 4974 jamuli
1569 4907 1652 4960 sui
1681 4902 2090 4963 venerationem.

573 4973 688 5041 (87)
715 4971 931 5043 Editnm
956 4971 1074 5028 erat
1100 4992 1193 5043 per
1220 4971 1542 5039 mensuram,
1568 4975 1662 5030 sed
1685 4977 1938 5031 mendqu
1967 4993 2090 5032 cor-

498 5042 909 5117 reviex§urio,
944 5046 1033 5113 qui
1067 5042 1286 5101 sensum
1318 5057 1467 5100 recte
1484 5046 1775 5117 expressit.

569 5112 684 5182 (88)
713 5112 934 5168 Editum
964 5112 1083 5169 erat
1119 5116 1356 5179 dextera,
1411 5124 1467 5169 at
1516 5112 1571 5170 iri
1621 5116 1781 5171 Surio
1838 5117 2085 5171 dexterw.

498 5183 747 5256 Annutus
777 5193 956 5256 autem
985 5186 1225 5243 dexterae
1254 5187 1355 5239 fuit
1402 5187 1689 5256 impositus
1735 5195 1976 5255 tempore
2001 5202 2089 5240 se-

497 5252 746 5326 pulturae.
778 5253 1050 5320 Qumsitus
1091 5255 1179 5309 ille
1200 5267 1284 5311 est
1328 5257 1444 5311 sine
1480 5252 1738 5319 'dextera,
1784 5252 1928 5326 quod
1975 5258 2089 5314 haec

498 5324 816 5395 crederetur
844 5334 1103 5394 conrupta
1130 5340 1253 5379 cum
1283 5326 1489 5395 reliquo
1510 5341 1758 5394 corpore.

536 5390 680 5515 l(83)
712 5390 1113 5465 Utappositunt
1155 5405 1240 5451 est
1278 5411 1342 5451 ex
1396 5390 1559 5452 Surio
1607 5390 1677 5450 ad
1728 5412 1948 5452 sensum
1995 5414 2089 5454 ex-

554 5479 621 5515 cn
666 5477 774 5514 um.

498 5477 774 5531 ptcnaum.

569 5531 683 5604 (90)
710 5532 858 5605 alias
898 5536 1175 5600 mendose,
1210 5537 1518 5605 uotiﬁcabit.

592 5605 685 5673 9f)
715 5602 925 5659 indicat
948 5605 1120 5659 locum
1145 5606 1276 5661 Luc.
1305 5602 1377 5673 tv,
1423 5607 1514 5674 40,
1571 5606 1626 5662 in
1654 5606 1760 5662 fine
1809 5608 2084 5677 paululum

496 5690 581 5727 mu
594 5683 783 5729 latum.

566 5747 677 5816 (ut!)
709 5748 926 5804 Editum
978 5754 1095 5803 erat
1121 5749 1366 5817 temporis
1394 5765 1412 5814 ;
1449 5756 1504 5804 at
1531 5749 1785 5805 mendum
1835 5764 1901 5805 ex
1926 5749 2087 5805 Surio

2200 4515 2365 4571 tionis
2394 4516 2513 4586 ejus
2566 4518 2861 4571 terminum
2915 4527 3001 4573 est
3037 4517 3437 4572 manifestatus.
3485 4504 3681 4566 Monachus

2199 4606 2447 4677 quidam,
2473 4604 2693 4663 nomine
2717 4604 3041 4674 Mercurius,
3080 4611 3171 4679 qui
3205 4611 3258 4664 in
3292 4609 3473 4663 ordine
3489 4600 3681 4696 cicde

2199 4697 2437 4769 thesnuri
2491 4710 2775 4771 perpetuae
2824 4701 3063 4773 Virginis
3106 4711 3293 4757 custos
3336 4699 3514 4760 fuerat,
3543 4702 3583 4747 et
3615 4698 3679 4756 ρει

2194 4833 2484 4893 sublatum.

2269 4905 2383 4975 (95)
2413 4906 2468 4960 In
2521 4922 2621 4961 ms.
2649 4906 3106 4973 inualctudinum;
3138 4910 3234 4961 sed
3279 4906 3418 4960 idem
3442 4909 3515 4975 est

2270 4961 2384 5044 (94)
2437 4978 2590 5045 Apud
2639 4975 2856 5031 Snrintn
2925 4961 3229 5042 Malleifdis,
3281 4974 3359 5029 ιιιί
3399 4974 3553 5045 etiam
3584 4961 3682 5016 W

2198 5038 2554 5117 Bonfinius'in
2592 5046 2998 5117 Commentario
3019 5038 3270 5101 laudatus
3295 5060 3440 5117 num.
3467 5038 3663 5117 ηδε-,μί

2272 5116 2386 5187 (95)
2443 5116 2606 5171 Forte
2658 5115 2941 5186 legendum
2997 5120 3254 5186 pro/mw,
3316 5116 3367 5169 id
3418 5108 3679 5187 estutililalf-

2195 5180 2505 5262 commodo.
2539 5187 2669 5239 Tota
2711 5180 2966 5262 periodus
2994 5180 3108 5243 haec
3139 5182 3599 5262 utcunquenllmlf

2199 5256 2345 5309 Illam
2386 5258 2579 5313 Surius
2641 5242 2911 5327 expressit
2938 5260 3039 5312 hoc
3076 5259 3234 5313 modo
3263 5276 3277 5309 :
3309 5242 3338 5305 ι’
3363 5253 3473 5327 Ali;
3505 5242 3679 5327 ηιίηςθίξ

2197 5327 2402 5382 εωιίιιιε
2430 5314 2735 5396 perpetrata
2778 5344 2881 5382 non
2914 5329 3119 5383 idcirco
3149 5314 3678 5396 prie-terruisikqutMm

2194 5392 2469 5452 fastidiam
2505 5392 2655 5464 {sed
2686 5412 2808 5451 cum
2858 5413 2963 5452 non
2998 5392 3247 5453 mihi'uni
3292 5398 3437 5465 pluat
3486 5392 3677 5465 υωωιξεθν

2191 5468 2285 5535 qui
2343 5453 2518 5523 solem,
2538 5482 2698 5523 suum
2743 5469 2873 5522 oriri
2928 5469 3057 5524 facit
3092 5484 3253 5538 super
3279 5453 3446 5538 bonos
3470 5470 3516 5513 ει
3556 5453 3678 5538 ιηῇξίῗῖ

2196 5523 2408 5591 tantam
2459 5540 2845 5594 beneficiorum
2880 5523 3003 5609 ejus
3021 5523 3252 5608 capiam,
3286 5535 3512 5609 omnium
3536 5523 3677 5609 tntilqu

2194 5608 2483 5681 consulere
2507 5611 2755 5681 cupiens,
2787 5598 3437 5681 innu'nieris'sapientibus
3462 5598 3678 5681 vitiant}?

2198 5679 2471 5749 Hungaria
2498 5670 2639 5736 fovet
2668 5690 2721 5735 et
2746 5670 3147 5748 complectitur,
3175 5670 3315 5748 stylo
3341 5670 3675 5743 prosequendum

2188 5751 2452 5820 relinquo.
2482 5771 2499 5801 ι
