3816 6322
179 328 346 388 £9.55

1533 330 1790 388 MONl'l‘A
1830 333 1923 388 AD
1959 333 2214 392 FILIUM.

3349 344 3487 400 1254

178 446 322 516 (96)
356 461 452 517 per
495 462 735 503 amorem
783 445 1022 503 cmlcstis
1050 445 1242 515 patria:
1292 443 1488 499 smculo
1519 444 1790 498 renuntia-
1820 447 1866 506 Α
1897 456 2120 501 cunctos
2147 447 2410 502 virtutum
2452 448 2652 522 gradus
2683 445 3004 504 ascendere.
3047 450 3193 506 Unde
3219 449 3340 522 [ηιε.
3377 451 3486 506 γε.

177 550 381 604 verat,
433 539 547 610 ipsa
581 541 714 594 hora
760 554 866 609 qua
917 537 1154 593 tumulus
1210 544 1431 607 apertus
1480 535 1674 599 fuerat,
1729 550 1796 589 ne

177 630 335 699 quid
363 639 672 685 sanctarum
720 630 1077 699 reliquiarum
1124 637 1362 698 raperet,
1413 626 1797 698 redargutioue

179 720 371 790 regali
398 720 588 792 procul
637 721 760 775 inde
783 730 870 776 est
899 729 1157 775 remotus.
1207 719 1305 774 Cui
1349 718 1490 775 tristi
1539 718 1689 772 vultu
1743 719 1795 772 in

179 812 372 867 choro
428 813 685 868 residenti
735 813 952 884 juvenis
990 812 1210 883 quidam
1244 854 1260 878 ,
1318 812 1458 868 albis
1515 813 1791 876 vestitus,

182 919 444 973 pannum
477 904 777 959 involutum
811 905 1053 971 tradidit,
1083 906 1307 960 dicens:
1335 904 1491 961 Hunc
1522 905 1617 960 tibi
1649 920 1797 960 com-

177 997 401 1051 mendo
420 997 770 1062 servandum,
817 1012 940 1053 cum
970 1006 1185 1067 tempus
1217 997 1406 1063 fuerit,
1437 997 1796 1053 manifestan-

180 1089 355 1142 dum.
401 1089 530 1146 Post
568 1088 982 1160 completionem
1027 1089 1187 1146 ofﬁcii
1231 1090 1374 1146 sacri
1411 1091 1710 1146 monachus
1741 1090 1794 1144 in

182 1183 418 1253 angulis
448 1183 641 1238 domus
693 1198 933 1254 pannum
969 1183 1247 1254 expendit,
1279 1184 1654 1253 integramque
1701 1183 1794 1237 Dei

181 1273 313 1328 viri
365 1289 585 1329 manum
638 1290 760 1329 cum
819 1273 1021 1329 annulo
1062 1275 1275 1329 miriﬁci
1325 1275 1509 1345 operis
1544 1289 1792 1341 cernens,

161 1364 441 1435 ‘expavit,
475 1375 638 1434 atque
681 1380 886 1429 secum,
939 1365 1162 1420 nemine
1203 1365 1430 1428 sciente,
1488 1365 1556 1420 ad
1601 1381 1792 1421 mona-

183 1457 453 1523 s'erium,
485 1458 627 1526 quod
679 1472 779 1512 suo
826 1456 1076 1529 regimini
1119 1455 1559 1512 commendatum
1593 1459 1790 1525 fuerat,

184 1554 416 1617 tempus
446 1561 475 1600 a
509 1547 708 1617 juvene
735 1547 836 1601 sibi
878 1546 1218 1616 praedictum,
1251 1561 1282 1599 a
1323 1545 1543 1602 Christo
1564 1557 1796 1617 praesto-

183 1637 434 1702 laturus,
460 1639 781 1709 deportavit,
814 1639 885 1693 ibi
923 1637 1013 1692 diu
1051 1639 1197 1694 solus
1240 1639 1542 1694 absconditi
1579 1639 1630 1693 in
1663 1656 1794 1710 agro

185 1731 443 1786 thesauri
475 1731 776 1787 custodiam
824 1743 878 1786 et
909 1732 1169 1786 excubias
1197 1731 1459 1786 decrevit.
1503 1732 1632 1788 Post
1671 1733 1792 1788 l‘un-

1903 537 2046 609 rutn]
2076 538 2284 594 Veritas
2307 539 2385 594 ait
2442 541 2493 595 in
2519 538 2817 608 Evangelia
2853 556 2865 592 :
2918 538 3064 594 Beati
3103 541 3486 604 misericordes,

1897 631 2146 702 quoniam
2195 631 2294 702 ipsi
2325 634 2738 688 misericordiam
2778 643 3158 704 consequentur
3184 632 3400 704 (Matth.
3429 650 3484 697 v,

1899 722 1976 792 7).
2009 722 2076 776 Et
2111 723 2241 777 item
2271 736 2286 774 :
2340 722 2490 786 Date,
2548 733 2596 777 et
2645 724 2859 777 dat-itur
2894 724 3030 784 vobis
3078 724 3228 795 (Luc.
3263 739 3334 789 γι,
3373 723 3483 794 38).

1897 810 2029 867 Item
2054 813 2108 866 in
2137 813 2244 868 alio
2274 812 2391 869 loco
2423 831 2438 865 :
2491 813 2645 869 Sicut
2691 830 2831 884 aqua
2878 815 3144 884 extinguit
3177 814 3373 885 ignem,
3413 814 3487 867 ita

1897 905 2240 977 cleemosyna
2296 905 2566 975 extinguit
2615 915 2901 975 peccatum
2965 904 3158 975 (Eccli.
3210 921 3268 958 In
3305 947 3320 970 ,
3373 905 3486 974 51’»).

1899 995 2092 1052 Merito
2114 1010 2244 1067 ergo
2284 994 2408 1068 [ms.
2438 995 2586 1068 vero]
2619 997 2763 1051 beati
2797 995 2910 1050 Viri
2938 997 3156 1052 dextera
3189 994 3289 1050 fuit
3313 995 3488 1050 aliena

1881 1088 2219 1160 putredinis,
2265 1103 2386 1159 quae
2415 1095 2631 1158 semper
2676 1087 2898 1159 pietatis
2949 1088 3083 1144 ﬂore
3134 1089 3484 1155 reviviscens,

1897 1181 1952 1236 in
2002 1181 2208 1237 alendis
2254 1182 2578 1252 pauperibus
2624 1197 2920 1252 numquam
2971 1197 3138 1236 vacua
3187 1181 3290 1236 l'uit
3330 1181 3488 1236 donis

1894 1275 2245 1346 erogationis,
2284 1275 2536 1331 subvenit
2571 1275 2626 1330 in
2653 1261 2976 1330 necessitate
3000 1274 3210 1344 positis,
3238 1273 3490 1328 liberavit

1898 1381 2192 1435 oppressos
2218 1382 2246 1420 a
2263 1365 2396 1437 jugo
2418 1366 2779 1439 captivitatis,
2807 1373 2989 1421 vestes
3017 1374 3073 1420 et
3093 1355 3487 1435 ltospitalitatcs

1896 1455 2124 1526 praebuit
2165 1456 2485 1526 peregrinis,
2534 1455 2822 1512 viduarum
2872 1467 2929 1511 et
2979 1458 3347 1526 orphanorum
3386 1458 3488 1511 mi—

1896 1548 2069 1601 serias
2093 1556 2146 1601 et
2177 1546 2503 1619 indlgentias
2563 1561 2689 1603 suas
2719 1563 2839 1603 esse
2868 1543 3224 1617 computavit,
3276 1561 3489 1601 coenam

1879 1637 2069 1709 '(lOl),
2099 1646 2152 1694 et
2182 1640 2496 1694 mandatum
2529 1640 2865 1695 Dominicum
2914 1641 2966 1695 in
3012 1624 3258 1695 lavandis
3287 1656 3486 1712 egeno-

1898 1747 2016 1785 rum
2045 1725 2271 1802 pcdibus
2301 1733 2546 1802 quotidie
2598 1733 2898 1786 renovavit.
2935 1732 3345 1804 Eleemosynam
3378 1748 3487 1785 non

185 1821 422 1877 datores
480 1822 652 1891 ipsius
681 1823 915 1878 emnobii
948 1823 1198 1878 conscios
1227 1824 1340 1894 (97)
1389 1824 1539 1888 fecit,
1571 1826 1636 1879 ad
1668 1825 1793 1879 ulti-
1827 1811 1868 1866 Β
1895 1822 1961 1876 de
1992 1823 2200 1892 rapina,
2230 1823 2311 1878 vel
2345 1824 2576 1878 aliormn
2632 1822 2852 1888 damno,
2885 1827 2980 1879 sed
3031 1825 3098 1878 de
3125 1824 3360 1894 pr0priis
3410 1821 3493 1876 fa-

182 1929 348 1968 mam
371 1916 840 1986 apprOpi'nquante
871 1926 1108 1986 tempore
1130 1917 1206 1970 rei
1250 1915 1610 1984 declarandae,
1647 1919 1792 1988 regis

185 2008 266 2060 ad
297 2009 544 2061 notitiam
580 2009 851 2078 perduxit.
886 2009 988 2076 Qui
1045 2025 1189 2074 mox,
1226 2011 1480 2066 adunatis
1522 2012 1794 2081 episcopis

178 2108 248 2153 et
279 2099 574 2170 llungaria:
609 2102 818 2172 primis,
875 2102 1058 2156 multis
1100 2118 1129 2156 a
1162 2103 1382 2158 Christo
1410 2103 1792 2158 miraculorum

177 2189 247 2242 in
274 2189 661 2245 Leneﬁciorum
698 2191 811 2263 (98)
841 2193 1095 2262 erogatis,
1125 2192 1338 2250 elevare
1389 2193 1488 2247 viri
1525 2193 1617 2249 Dei
1656 2195 1789 2249 dex-

180 2288 332 2334 terae
360 2279 500 2334 diem
531 2281 722 2335 statuit
742 2281 1089 2337 celebritatis.

263 2371 362 2425 41.
395 2371 535 2438 Quid
562 2381 666 2437 est,
711 2371 928 2438 fratres,
966 2374 1108 2444 quod
1139 2375 1352 2432 exteris
1383 2375 1646 2433 membris
1674 2377 1790 2432 dis-

181 2462 396 2516 solutis
425 2461 558 2516 etin
587 2462 810 2534 pulvere
835 2479 1003 2521 carne
1049 2465 1292 2531 redacta,
1346 2469 1562 2536 penitus
1604 2468 1794 2525 defun-

180 2556 329 2620 ctis,
375 2553 598 2625 solaque
659 2555 882 2610 dextera
932 2571 1126 2611 manus
1186 2559 1402 2614 ossibus
1436 2600 1452 2626 ,
1499 2570 1624 2616 cute
1669 2574 1792 2616 cum

181 2647 386 2703 nervis
439 2647 775 2714 adhaerente,
825 2663 936 2702 sua:
984 2651 1218 2704 servavit
1271 2652 1411 2706 Deus
1471 2651 1794 2723 integritatis

184 2738 371 2810 (99)?
403 2737 520 2793 Non
548 2738 670 2812 [ηπ.
697 2741 795 2813 nil]
833 2742 981 2798 aliud
1027 2744 1285 2809 arbitror,
1313 2745 1416 2800 nisi
1460 2745 1627 2800 divini
1662 2763 1794 2802 con-

194 2830 317 2886 silii
341 2831 705 2901 proluuditate
743 2834 794 2887 in
826 2833 985 2902 hujus
1009 2837 1328 2893 excellentia
1356 2839 1528 2894 sancti
1560 2840 1795 2895 voluisse

185 2921 467 2983 declarari
510 2922 878 2986 dissolutionis
927 2927 1081 2999 (100)
1125 2943 1281 2998 opus,
1314 2939 1385 2984 et
1437 2930 1794 3002 eleemosynaa

276 3077 389 3151 (96)
429 3077 486 3132 [tt
549 3095 654 3134 ms.
711 3079 908 3150 legitur
959 3083 1233 3151 ecclesite,
1278 3085 1372 3140 sed
1411 3086 1687 3150 mendose,
1737 3088 1789 3140 in

1896 1917 2226 1980 cullatibus,
2278 1916 2551 1972 conﬁuere
2603 1916 2754 1973 fecit.
2786 1916 2857 1972 Ut
2905 1917 3094 1972 domos
3140 1917 3234 1971 Dei
3290 1915 3488 1969 divites

1894 2007 2151 2073 ediceret,
2204 2007 2305 2063 sibi
2351 2009 2680 2064 voluntatem
2735 2008 2860 2082 [ηις.
2890 2006 3224 2080 facultatem]
3257 2005 3486 2061 babcndi

1896 2100 2192 2166 subtraxit,
2221 2100 2408 2169 sicque
2440 2101 2654 2155 cunctis
2683 2099 2748 2154 ad
2787 2111 2976 2154 nutum
3027 2097 3308 2170 dignitatis
3359 2111 3486 2165 pro-

1896 2193 2105 2257 ﬁciens,
2138 2208 2358 2246 carnem
2398 2207 2551 2247 suam
2589 2207 2712 2247 cum
2743 2191 2889 2247 vitiis
2932 2201 2986 2246 et
3032 2187 3488 2260 concupiscentiis

1895 2287 2170 2341 cruciﬁxit
2195 2283 2340 2356 (Gal.
2369 2299 2420 2349 v,
2444 2283 2560 2353 Ξι).
2594 2282 2722 2337 lude
2761 2291 2847 2337 est
2876 2281 3120 2352 corporis
3163 2288 3219 2334 et
3253 2278 3490 2334 dextera:

1895 2378 2231 2436 delectabilis
2289 2386 2345 2432 et
2388 2376 2634 2430 miranda
2688 2374 2988 2439 veneratio,
3047 2372 3172 2428 inde
3219 2370 3390 2426 dulcis
3432 2378 3490 2423 et

1895 2471 2025 2528 felix
2076 2481 2294 2528 aeterna:
2349 2469 2475 2525 vitae
2539 2455 2825 2541 retributio
2857 2509 2871 2531 ,
2933 2468 3058 2524 inde
3111 2461 3490 2522 desiderabilis

1895 2579 2253 2635 supernorum
2307 2561 2508 2618 civium
2539 2560 2894 2625 cohabitatio,
2949 2557 3039 2613 ubi
3092 2543 3322 2612 irradiat
3365 2551 3489 2625 [mm

1896 2655 2096 2729 radiat]
2121 2669 2338 2727 semper
2388 2653 2576 2709 lucens
2599 2661 2654 2708 et
2678 2651 2992 2708 indeﬁciens
3042 2648 3306 2722 splendor
3329 2645 3490 2702 unius

1897 2763 2231 2822 summmque
2284 2746 2530 2809 deitatis,
2557 2745 2736 2801 Patris
2758 2755 2813 2800 et
2841 2743 2964 2799 Filii
2995 2752 3048 2799 et
3093 2741 3332 2812 Spiritus
3356 2753 3488 2796 sau-

1896 2842 1992 2906 cti,
2015 2857 2112 2911 per
2144 2839 2353 2895 inﬁnita
2377 2839 2574 2894 saecula
2603 2837 2944 2893 szeculorum.
2976 2836 3166 2890 Amen.

1902 3087 2064 3142 talem
2094 3088 2145 3140 in
2175 3103 2273 3141 suo
2297 3101 2398 3141 rus.
2430 3085 2716 3148 invenerit,
2748 3084 2860 3138 sive
2884 3081 3027 3150 quod
3079 3081 3270 3150 menda
3304 3094 3491 3136 corre-

189 3148 442 3224 etlitione
468 3165 600 3224 vero
631 3148 985 3224 eligit—iunica
1033 3169 1183 3218 voce,
1217 3148 1378 3223 quam
1433 3157 1485 3210 in
1535 3148 1681 3210 duas
1715 3159 1794 3212 di-
1823 3159 1867 3218 C
1904 3161 2064 3213 xerit.
2104 3157 2280 3213 Verba
2330 3157 2499 3224 ipsius
2544 3156 2730 3224 accipe
2759 3194 2772 3207 .
2822 3172 2840 3204 ι
2874 3148 2988 3224 Sed
3027 3151 3154 3224 quid
3192 3149 3308 3224 sibi.
3344 3150 3485 3224 )‘Illl.

167 3218 328 3298 _visi,
369 3231 425 3272 ut
474 3221 638 3276 habet
687 3221 902 3288 Surius,
955 3239 1077 3278 cum
1137 3218 1453 3282 sic—sensus
1503 3226 1575 3284 sit
1618 3228 1795 3296 perfe-

190 3299 362 3343 ClIOI'.

275 3358 388 3428 (97)
433 3357 488 3412 In
543 3376 647 3438 ms.
681 3366 970 3438 consocios.
1021 3365 1262 3438 Utraque
1310 3366 1425 3438 haec
1461 3381 1564 3420 vox
1611 3369 1796 3438 requi-

196 3429 520 3511 r_it_ut__a-nte
547 3432 757 3511 legatur
782 3433 1114 3511 fundamus,
1167 3429 1254 3490 ubi
1284 3437 1490 3490 editum
1523 3446 1641 3511 erat
1671 3429 1795 3511 fun-

193 3500 474 3554 datoribus
498 3519 516 3564 ;
543 3500 721 3557 simile
743 3500 997 3560 mendum
1025 3521 1148 3562 mox
1174 3516 1480 3561 correctum
1505 3521 1572 3561 ex
1604 3500 1790 3573 Suria,

195 3579 258 3622 et
317 3585 411 3637 pro
464 3575 729 3642 temporis,
788 3577 862 3630 uti
921 3577 1062 3630 male
1116 3588 1236 3632 erat
1297 3577 1521 3643 editum,
1554 3579 1790 3649 positum

197 3649 451 3706 tempore.

279 3709 389 3785 (98}
424 3711 520 3785 llic
546 3727 758 3769 rursum
809 3730 964 3785 aeque
989 3717 1172 3772 omnia
1217 3728 1344 3772 sunt
1375 3718 1652 3774 mendosa.
1684 3719 1792 3775 Pro

196 3781 256 3863 in
284 3779 694 3863 .lleueﬁciorum,
743 3779 1027 3863 legendum
1061 3790 1306 3863 suspicor
1356 3789 1574 3863 interim
1619 3790 1784 3863 bene-

198 3854 363 3922 ﬁciis,
397 3862 452 3904 ct
486 3867 607 3906 mox
635 3869 732 3922 pro
781 3854 1001 3921 elevare,
1045 3854 1327 3912 elevamus.
1358 3859 1493 3913 Αυυὶ
1523 3859 1740 3914 Surium
1775 3879 1787 3914 :

205 3940 224 3972 ι
259 3919 482 4002 lsvero,
513 3919 650 4002 mox
685 3927 874 4002 accitis
924 3919 1192 4002 episcopis
1221 3937 1291 4002 et
1329 3927 1634 4002 ﬂungarite
1683 3927 1793 4000 pri-

199 3995 394 4065 mariis
424 3995 574 4065 viris,
600 4010 722 4050 cum
749 4000 912 4065 nmlta
958 3995 1175 4053 interim
1212 3995 1788 4057 Cltristtts"miraenlo-

199 4076 347 4144 ritur
377 4062 640 4144 beneﬁcia
687 4062 990 4144 exhiberet,
1029 4069 1310 4144 celebrem
1369 4070 1600 4141 pratiixit
1643 4072 1785 4126 diem

197 4133 348 4185 beati
380 4133 518 4198 regis
556 4136 790 4192 dexterae
817 4138 1111 4194 elevandaa.
1134 4161 1151 4192 ι

200 4273 214 4284 _
280 4201 388 4272 (99)
421 4201 640 4284 l’hrasis
666 4209 777 4284 hinc
806 4208 994 4284 luxata
1021 4219 1105 4264 est
1147 4212 1198 4284 in
1247 4211 1489 4284 editione
1531 4227 1686 4284 reque
1721 4227 1786 4267 ac

201 4274 263 4350 in
288 4274 525 4350 ⁸πιεῖν..ιηί
558 4276 798 4350 pluribus
825 4279 955 4332 locis
978 4278 1087 4346 jam
1119 4282 1403 4335 observavi
1448 4274 1781 4335 circa'ﬁnem

195 4344 367 4410 hujus
391 4344 539 4398 Vitae.
561 4344 772 4402 Surius
797 4364 915 4404 eam
949 4344 1169 4404 exhibet
1191 4354 1476 4421 integrant,
1497 4353 1611 4407 sive
1640 4351 1780 4421 quod

1899 3229 2101 3282 fratres
2147 3227 2297 3296 mei,
2345 3219 2512 3296 quod,
2566 3219 2780 3280 caeteris
2831 3220 3088 3296 membris
3138 3219 3390 3276 resolutis
3432 3230 3508 3276 et-

1901 3314 2065 3354 carne
2089 3298 2141 3352 in
2176 3291 2450 3366 pulverem
2498 3297 2738 3366 redacta,
2771 3293 2938 3366 solam
2991 3291 3240 3366 dextram
3268 3304 3491 3346 manum

1897 3360 2358 3437 cumejus'cute,
2413 3365 2627 3422 OSsil.us
2672 3376 2726 3418 et
2772 3364 2979 3427 nervis,
3031 3361 3174 3416 Deus
3221 3360 3489 3430 integram

1897 3437 2319 3510 conservavit?!
2449 3507 2459 3510 _
2679 3503 2692 3510 _
3193 3499 3205 3510 .
3243 3499 3256 3510 .
3331 3499 3363 3510 ..

1969 3509 2119 3578 (lOO)
2155 3508 2265 3561 Vox
2302 3507 2414 3562 lucc
2448 3507 2643 3578 iterum
2679 3503 2860 3569 luxata
2887 3502 3123 3578 videtur,
3154 3499 3258 3578 nisi
3311 3499 3486 3554 disso-

1898 3570 2031 3632 lutio
2063 3570 2403 3646 captivorum
2447 3575 2904 3646 intelligaturiaut
2935 3570 3498 3646 dissolutiosumatur-

1902 3667 1994 3720 pro
2027 3639 2363 3721 remissione.
2411 3647 2558 3721 Alias
2615 3639 2898 3721 legendum
2931 3650 3052 3721 esth
3078 3639 3505 3721 distributionis,

1893 3712 2105 3790 pietatis
2137 3718 2529 3781 misericordia’,
2590 3712 2688 3769 aut
2737 3712 2866 3784 quid
2911 3712 3110 3780 simile,
3160 3712 3239 3764 uti
3297 3721 3495 3766 conse-

1895 3791 2114 3860 quentia
2146 3790 2439 3860 ittsinualtt.
2539 3858 2546 3860 _
2777 3854 2789 3860 _
2909 3855 2920 3860 _
3071 3813 3078 3819 '
3451 3848 3465 3860 ,

1968 3859 2114 3930 (101)
2142 3859 2255 3915 Vox
2287 3875 2487 3930 caenam
2536 3858 2588 3913 in
2643 3873 2743 3930 rus.
2771 3854 3027 3930 jungitur
3048 3868 3174 3930 eum
3216 3854 3487 3930 sequenti-

1895 3920 2016 3995 bus,
2057 3920 2131 3983 uii
2165 3930 2338 3997 posui.
2373 3928 2471 3982 Per
2527 3920 2841 3997 tnandatum
2876 3920 3215 3997 Dominicum
3247 3937 3374 3976 mox
3403 3920 3486 3975 in-

1898 3993 2089 4071 telligit
2119 3993 2287 4072 rvérba
2333 3998 2532 4072 Christi
2569 3996 2734 4072 Joan.
2792 4012 2913 4072 xm,
2944 3994 3011 4048 Μ
3045 4013 3057 4046 :
3113 3993 3173 4048 Si
3223 4005 3486 4072 ergoego

1894 4061 2180 4141 (alipedes
2199 4079 2391 4141 vestros
2422 4068 2679 4141 Dominus
2705 4078 2750 4121 et
2775 4067 3043 4141 magister,
3097 4073 3144 4118 et
3172 4079 3258 4141 nos
3286 4061 3485 4141 debetis

1894 4131 2036 4196 alter
2069 4141 2287 4195 alterius
2317 4140 2495 4193 lavare
2555 4138 2728 4209 pedes,
2757 4131 3017 4209 etcfljmc
3040 4149 3164 4209 eum
3195 4132 3247 4186 in
3294 4131 3488 4184 ultima

1897 4229 2055 4268 creua
2081 4210 2370 4280 discipulis
2394 4210 2508 4264 suis
2533 4204 2872 4263 litandaverit
2892 4204 3183 4282 Dominus,
3222 4209 3480 4282 sanctus-

1893 4298 1998 4352 que
2024 4273 2376 4352 factitaverit,
2411 4295 2623 4334 cumam
2666 4287 2719 4333 et
2747 4273 3057 4331 mandatum
3086 4273 3297 4326 Domini
3324 4284 3483 4325 reno-

1893 4351 2074 4407 vatum
2103 4351 2234 4406 dicit
2258 4359 2469 4405 auctor.

1269 4478 3476 4517 ,____________________________________._....

899 4761 914 4790 ἲ

2248 4649 2420 4756 αλὶ-

1154 4711 1170 4732 f

322 4871 573 4942 Quibus
605 4846 968 4950 Stephanus
1005 4873 1204 4936 ﬁlium
1237 4846 1972 4946 Etneri'cuibiiistrt‘i'xit,
2008 4879 2076 4934 ut
2107 4874 2574 4948 regnumrecle
2615 4865 2850 4946 pieque
2882 4861 3359 4927 administraret

1632 5022 2016 5037 *-

279 5141 594 5212 Quanquam
625 5146 886 5200 incertum
913 5145 985 5199 sit
1028 5162 1095 5199 an
1142 5146 1200 5197 S.
1255 5145 1562 5220 Stephanus
1591 5162 1647 5200 se
1686 5144 2138 5215 rcgnoabdicare
2168 5140 2400 5195 voluerit
2438 5140 2492 5194 in
2523 5137 2760 5210 gratiam
2792 5135 2886 5190 ﬁlii
2912 5131 3177 5200 Emeriei,
3220 5131 3274 5186 id
3301 5140 3492 5189 tamen.

200 5243 413 5288 certum
451 5245 556 5301 est,
586 5251 706 5291 eum
738 5237 849 5291 ﬁlio
886 5251 983 5292 suo
1007 5251 1231 5306 regnum
1269 5237 1596 5301 destinasse,
1628 5253 1692 5291 ac
1730 5236 1863 5290 nihil
1891 5233 2310 5306 praetermisisse
2333 5248 2440 5302 quo
2469 5245 2591 5285 eum
2617 5230 2860 5286 erudiret
2897 5230 2966 5286 ad
2990 5239 3195 5288 rectam
3222 5226 3476 5295 piamque

200 5327 445 5395 ejusdem
475 5329 632 5400 regni
676 5329 1224 5385 administrationem.
1255 5331 1585 5385 Documenta
1617 5329 1726 5384 ﬁlio
1754 5329 1900 5394 data,
1941 5345 2062 5399 qua:
2118 5329 2444 5385 brevissimo
2468 5329 2792 5399 compendio
2853 5320 3304 5396 commemoravit
3350 5320 3492 5392 Car-1

208 5420 435 5474 tlntitius
465 5435 614 5474 num.
661 5419 756 5485 26,
813 5419 1145 5478 luculentum
1175 5420 1277 5490 pia:
1330 5421 1472 5475 illius
1515 5435 1659 5475 curae
1687 5420 1933 5490 praebent
1987 5420 2405 5486 testimonium;
2452 5419 2722 5490 simulque
2771 5417 3064 5474 ostendunt
3095 5413 3272 5486 qualis
3320 5408 3488 5466 fuerit

207 5513 517 5580 Stephanus
549 5514 685 5585 ipse,
709 5530 833 5571 cum
877 5515 1176 5571 verisimile
1204 5531 1313 5571 non
1358 5516 1428 5570 sit
1459 5515 1606 5579 illum
1637 5513 1944 5583 neglexisse
1973 5527 2034 5568 ea
2059 5528 2180 5584 quae
2227 5513 2337 5569 ﬁlio
2383 5512 2671 5586 diligenter
2700 5511 3008 5568 inculcavit.
3074 5507 3274 5562 Monita
3327 5503 3416 5558 illa
3448 5517 3480 5557 a

205 5605 372 5659 variis
391 5605 533 5660 edita
557 5615 705 5671 sunt,
728 5614 889 5675 atque
911 5607 1053 5676 apud
1086 5599 1469 5662 Werboczium
1501 5605 1719 5675 quidem
1753 5606 1807 5660 in
1841 5604 2015 5675 Opere
2069 5605 2341 5675 tripartito
2395 5612 2527 5659 tom.
2575 5603 2639 5670 ll,
2671 5618 2701 5656 a
2745 5618 2865 5674 pag.
2901 5603 2925 5656 l
2963 5603 3062 5657 sub
3123 5601 3225 5656 hoc
3273 5595 3429 5652 titulo
3461 5611 3482 5648 ε

208 5696 388 5752 Sancti
416 5695 667 5767 Stephani
702 5699 858 5768 primi
889 5698 1022 5768 regis
1046 5695 1297 5770 Ungarite
1335 5699 1662 5753 decretorum
1714 5695 1846 5750 liber
1889 5695 2088 5765 primus
2117 5693 2186 5749 ad
2216 5702 2462 5748 sanctum
2507 5689 2805 5747 Emericum
2868 5690 3072 5746 ducem.
3107 5691 3489 5770 Acceusentun

209 5791 353 5844 enim
381 5792 611 5849 decretis
647 5807 741 5849 seu
764 5792 972 5853 lenibus
995 5769 1144 5857 regni
1175 5791 1480 5860 llungariae,
1507 5789 1757 5859 quamvis
1806 5787 2024 5872 proprie
2052 5785 2200 5860 leges
2245 5802 2356 5845 non
2383 5785 2634 5853 sint,.sed
2661 5783 2866 5842 monita
2900 5783 3117 5853 regibus
3144 5783 3269 5836 data
3299 5778 3375 5834 ad
3391 5769 3507 5833 re..-
