  <div class='ocr_page' id='page_1' title='image "/cluster/home/n/w/nwhite01/storage/ocr_20150623/151/hvd.32044015473796/623.png"; bbox 0 0 3816 6322; ppageno 0'>
   <div class='ocr_carea' id='block_1_1' title="bbox 453 345 592 404">
    <p class='ocr_par' dir='ltr' id='par_1_1' title="bbox 453 345 592 404">
     <span class='ocr_line' id='line_1_1' title="bbox 453 345 592 404; baseline -0.022 0"><span class='ocrx_word' id='word_1_1' title='bbox 453 345 592 404; x_wconf 70' lang='grc'><strong>1255</strong></span> 
     </span>
    </p>
   </div>
   <div class='ocr_carea' id='block_1_2' title="bbox 1503 342 2711 407">
    <p class='ocr_par' dir='ltr' id='par_1_2' title="bbox 1503 342 2711 407">
     <span class='ocr_line' id='line_1_2' title="bbox 1503 342 2711 407; baseline -0.002 -4"><span class='ocrx_word' id='word_1_2' title='bbox 1503 347 1558 403; x_wconf 89' lang='lat' dir='ltr'><strong>S.</strong></span> <span class='ocrx_word' id='word_1_3' title='bbox 1592 342 1933 403; x_wconf 77' lang='lat' dir='ltr'><strong>STEPHANI</strong></span> <span class='ocrx_word' id='word_1_4' title='bbox 1968 345 2457 405; x_wconf 70' lang='lat' dir='ltr'><strong>llUNGAliORUM</strong></span> <span class='ocrx_word' id='word_1_5' title='bbox 2505 350 2711 407; x_wconf 76' lang='lat' dir='ltr'><strong>REGIS</strong></span> 
     </span>
    </p>
   </div>
   <div class='ocr_carea' id='block_1_3' title="bbox 3533 355 3623 413">
    <p class='ocr_par' dir='ltr' id='par_1_3' title="bbox 3533 355 3623 413">
     <span class='ocr_line' id='line_1_3' title="bbox 3533 355 3623 413; baseline 0.033 -3"><span class='ocrx_word' id='word_1_6' title='bbox 3533 355 3623 413; x_wconf 69' lang='grc'><strong>1236</strong></span> 
     </span>
    </p>
   </div>
   <div class='ocr_carea' id='block_1_4' title="bbox 452 446 3625 538">
    <p class='ocr_par' dir='ltr' id='par_1_4' title="bbox 452 446 3625 538">
     <span class='ocr_line' id='line_1_4' title="bbox 452 446 3625 538; baseline 0.004 -27"><span class='ocrx_word' id='word_1_7' title='bbox 452 469 618 535; x_wconf 86' lang='lat' dir='ltr'><strong>guunt</strong></span> <span class='ocrx_word' id='word_1_8' title='bbox 646 454 905 525; x_wconf 84' lang='lat' dir='ltr'><strong>praeclare</strong></span> <span class='ocrx_word' id='word_1_9' title='bbox 934 457 1447 513; x_wconf 84' lang='lat' dir='ltr'><strong>administrandum.</strong></span> <span class='ocrx_word' id='word_1_10' title='bbox 1486 458 1578 514; x_wconf 92' lang='lat' dir='ltr'><strong>llla</strong></span> <span class='ocrx_word' id='word_1_11' title='bbox 1608 470 1788 516; x_wconf 89' lang='lat' dir='ltr'><strong>autem</strong></span> <span class='ocrx_word' id='word_1_12' title='bbox 1833 460 1941 515; x_wconf 87' lang='lat' dir='ltr'><strong>huc</strong></span> <span class='ocrx_word' id='word_1_13' title='bbox 1979 457 2304 527; x_wconf 82' lang='lat' dir='ltr'><strong>transferam</strong></span> <span class='ocrx_word' id='word_1_14' title='bbox 2359 477 2423 520; x_wconf 80' lang='lat' dir='ltr'><strong>ex</strong></span> <span class='ocrx_word' id='word_1_15' title='bbox 2454 463 2692 517; x_wconf 76' lang='lat' dir='ltr'><strong>editione</strong></span> <span class='ocrx_word' id='word_1_16' title='bbox 2743 476 3069 531; x_wconf 82' lang='lat' dir='ltr'><strong>memorata,</strong></span> <span class='ocrx_word' id='word_1_17' title='bbox 3124 476 3278 538; x_wconf 91' lang='lat' dir='ltr'><strong>prout</strong></span> <span class='ocrx_word' id='word_1_18' title='bbox 3310 446 3457 521; x_wconf 78' lang='lat' dir='ltr'><strong>divisa</strong></span> <span class='ocrx_word' id='word_1_19' title='bbox 3482 474 3625 526; x_wconf 78' lang='lat' dir='ltr'><strong>suntin</strong></span> 
     </span>
    </p>
   </div>
   <div class='ocr_carea' id='block_1_5' title="bbox 456 552 3628 627">
    <p class='ocr_par' dir='ltr' id='par_1_5' title="bbox 456 552 3628 627">
     <span class='ocr_line' id='line_1_5' title="bbox 456 552 3628 627; baseline 0.004 -23"><span class='ocrx_word' id='word_1_20' title='bbox 456 552 827 621; x_wconf 72' lang='lat' dir='ltr'><strong>pra‘falinttcnt</strong></span> <span class='ocrx_word' id='word_1_21' title='bbox 858 559 911 603; x_wconf 83' lang='lat' dir='ltr'><strong>et</strong></span> <span class='ocrx_word' id='word_1_22' title='bbox 935 552 1121 606; x_wconf 88' lang='lat' dir='ltr'><strong>decem</strong></span> <span class='ocrx_word' id='word_1_23' title='bbox 1150 552 1325 621; x_wconf 86' lang='lat' dir='ltr'><strong>capita</strong></span> <span class='ocrx_word' id='word_1_24' title='bbox 1358 569 1373 618; x_wconf 93' lang='lat'><strong>;</strong></span> <span class='ocrx_word' id='word_1_25' title='bbox 1436 552 1809 624; x_wconf 86' lang='lat' dir='ltr'><strong>lectionesque</strong></span> <span class='ocrx_word' id='word_1_26' title='bbox 1841 555 2120 610; x_wconf 75' lang='lat' dir='ltr'><strong>variantes</strong></span> <span class='ocrx_word' id='word_1_27' title='bbox 2172 555 2313 610; x_wconf 85' lang='lat' dir='ltr'><strong>dabo</strong></span> <span class='ocrx_word' id='word_1_28' title='bbox 2360 555 2427 608; x_wconf 92' lang='lat' dir='ltr'><strong>ad</strong></span> <span class='ocrx_word' id='word_1_29' title='bbox 2468 556 2767 626; x_wconf 89' lang='lat' dir='ltr'><strong>marginem</strong></span> <span class='ocrx_word' id='word_1_30' title='bbox 2812 573 2877 611; x_wconf 83' lang='lat' dir='ltr'><strong>ex</strong></span> <span class='ocrx_word' id='word_1_31' title='bbox 2934 559 3176 616; x_wconf 80' lang='lat' dir='ltr'><strong>editione</strong></span> <span class='ocrx_word' id='word_1_32' title='bbox 3206 558 3409 615; x_wconf 84' lang='lat' dir='ltr'><strong>Joannis</strong></span> <span class='ocrx_word' id='word_1_33' title='bbox 3430 560 3628 627; x_wconf 75' lang='lat' dir='ltr'><strong>Sambncl,</strong></span> 
     </span>
    </p>
   </div>
   <div class='ocr_carea' id='block_1_6' title="bbox 455 645 3631 719">
    <p class='ocr_par' dir='ltr' id='par_1_6' title="bbox 455 645 3631 719">
     <span class='ocr_line' id='line_1_6' title="bbox 455 645 3631 719; baseline 0.003 -18"><span class='ocrx_word' id='word_1_34' title='bbox 455 649 549 719; x_wconf 89' lang='lat' dir='ltr'><strong>qni</strong></span> <span class='ocrx_word' id='word_1_35' title='bbox 578 649 762 701; x_wconf 85' lang='lat' dir='ltr'><strong>eadem</strong></span> <span class='ocrx_word' id='word_1_36' title='bbox 789 647 937 701; x_wconf 88' lang='lat' dir='ltr'><strong>dedit</strong></span> <span class='ocrx_word' id='word_1_37' title='bbox 964 656 1083 717; x_wconf 88' lang='lat' dir='ltr'><strong>post</strong></span> <span class='ocrx_word' id='word_1_38' title='bbox 1107 645 1337 702; x_wconf 86' lang='lat' dir='ltr'><strong>Bonﬁnii</strong></span> <span class='ocrx_word' id='word_1_39' title='bbox 1361 645 1699 717; x_wconf 90' lang='lat' dir='ltr'><strong>aliorumque</strong></span> <span class='ocrx_word' id='word_1_40' title='bbox 1720 646 1912 716; x_wconf 85' lang='lat' dir='ltr'><strong>Opera.</strong></span> <span class='ocrx_word' id='word_1_41' title='bbox 1968 645 2025 701; x_wconf 89' lang='lat' dir='ltr'><strong>Si</strong></span> <span class='ocrx_word' id='word_1_42' title='bbox 2049 660 2169 715; x_wconf 75' lang='lat' dir='ltr'><strong>quae</strong></span> <span class='ocrx_word' id='word_1_43' title='bbox 2214 661 2341 711; x_wconf 80' lang='lat' dir='ltr'><strong>vero</strong></span> <span class='ocrx_word' id='word_1_44' title='bbox 2369 648 2689 713; x_wconf 69' lang='lat' dir='ltr'><strong>obscuriora</strong></span> <span class='ocrx_word' id='word_1_45' title='bbox 2756 648 3107 719; x_wconf 79' lang='lat' dir='ltr'><strong>videbuntur,</strong></span> <span class='ocrx_word' id='word_1_46' title='bbox 3130 652 3181 706; x_wconf 89' lang='lat' dir='ltr'><strong>in</strong></span> <span class='ocrx_word' id='word_1_47' title='bbox 3205 652 3339 711; x_wconf 83' lang='lat' dir='ltr'><strong>notis</strong></span> <span class='ocrx_word' id='word_1_48' title='bbox 3358 650 3547 709; x_wconf 82' lang='lat' dir='ltr'><strong>breviter</strong></span> <span class='ocrx_word' id='word_1_49' title='bbox 3572 674 3631 712; x_wconf 76' lang='lat' dir='ltr'><strong>ct-</strong></span> 
     </span>
    </p>
   </div>
   <div class='ocr_carea' id='block_1_7' title="bbox 452 738 937 814">
    <p class='ocr_par' dir='ltr' id='par_1_7' title="bbox 452 738 937 814">
     <span class='ocr_line' id='line_1_7' title="bbox 452 738 937 814; baseline 0.004 -22"><span class='ocrx_word' id='word_1_50' title='bbox 452 741 661 814; x_wconf 86' lang='lat' dir='ltr'><strong>plieare</strong></span> <span class='ocrx_word' id='word_1_51' title='bbox 683 738 937 795; x_wconf 88' lang='lat' dir='ltr'><strong>conabor.</strong></span> 
     </span>
    </p>
   </div>
   <div class='ocr_carea' id='block_1_8' title="bbox 1910 852 2277 870">
    <p class='ocr_par' dir='ltr' id='par_1_8' title="bbox 1910 852 2277 870">
     <span class='ocr_line' id='line_1_8' title="bbox 1910 852 2277 870; baseline -0.008 0"><span class='ocrx_word' id='word_1_52' title='bbox 1910 852 2277 870; x_wconf 77' lang='lat'><strong>-———</strong></span> 
     </span>
    </p>
   </div>
   <div class='ocr_carea' id='block_1_9' title="bbox 1059 958 1426 1016">
    <p class='ocr_par' dir='ltr' id='par_1_9' title="bbox 1059 958 1426 1016">
     <span class='ocr_line' id='line_1_9' title="bbox 1059 958 1426 1016; baseline 0.003 -1"><span class='ocrx_word' id='word_1_53' title='bbox 1059 958 1426 1016; x_wconf 68' lang='grc' dir='ltr'><strong>ΡΒιΕΕΑΤΙΟ</strong></span> 
     </span>
    </p>
   </div>
   <div class='ocr_carea' id='block_1_10' title="bbox 454 1069 2045 1144">
    <p class='ocr_par' dir='ltr' id='par_1_10' title="bbox 454 1069 2045 1144">
     <span class='ocr_line' id='line_1_10' title="bbox 454 1069 2045 1144; baseline 0.001 -18"><span class='ocrx_word' id='word_1_54' title='bbox 454 1069 524 1126; x_wconf 85' lang='lat' dir='ltr'><strong>In</strong></span> <span class='ocrx_word' id='word_1_55' title='bbox 544 1087 651 1126; x_wconf 84' lang='lat' dir='ltr'><strong>atta</strong></span> <span class='ocrx_word' id='word_1_56' title='bbox 694 1087 786 1125; x_wconf 77' lang='lat' dir='ltr'><strong>rex</strong></span> <span class='ocrx_word' id='word_1_57' title='bbox 824 1072 1069 1144; x_wconf 77' lang='lat' dir='ltr'><strong>hortatur</strong></span> <span class='ocrx_word' id='word_1_58' title='bbox 1104 1072 1287 1127; x_wconf 79' lang='lat' dir='ltr'><strong>ducent</strong></span> <span class='ocrx_word' id='word_1_59' title='bbox 1332 1073 1401 1125; x_wconf 85' lang='lat' dir='ltr'><strong>ad</strong></span> <span class='ocrx_word' id='word_1_60' title='bbox 1455 1075 1771 1138; x_wconf 72' lang='lat' dir='ltr'><strong>capessenda</strong></span> <span class='ocrx_word' id='word_1_61' title='bbox 1822 1084 2045 1144; x_wconf 82' lang='lat' dir='ltr'><strong>paterna</strong></span> 
     </span>
    </p>
   </div>
   <div class='ocr_carea' id='block_1_11' title="bbox 882 1143 1668 1215">
    <p class='ocr_par' dir='ltr' id='par_1_11' title="bbox 882 1143 1668 1215">
     <span class='ocr_line' id='line_1_11' title="bbox 882 1143 1668 1215; baseline 0.005 -21"><span class='ocrx_word' id='word_1_62' title='bbox 882 1143 1080 1195; x_wconf 84' lang='lat' dir='ltr'><strong>monita</strong></span> <span class='ocrx_word' id='word_1_63' title='bbox 1117 1153 1163 1196; x_wconf 79' lang='lat' dir='ltr'><strong>et</strong></span> <span class='ocrx_word' id='word_1_64' title='bbox 1204 1152 1461 1213; x_wconf 73' lang='lat' dir='ltr'><strong>prazcepta</strong></span> <span class='ocrx_word' id='word_1_65' title='bbox 1498 1144 1668 1215; x_wconf 71' lang='lat'><strong>([02).</strong></span> 
     </span>
    </p>
   </div>
   <div class='ocr_carea' id='block_1_12' title="bbox 528 1231 2049 1292">
    <p class='ocr_par' dir='ltr' id='par_1_12' title="bbox 528 1231 2049 1292">
     <span class='ocr_line' id='line_1_12' title="bbox 528 1231 2049 1292; baseline 0.001 -6"><span class='ocrx_word' id='word_1_66' title='bbox 528 1231 586 1286; x_wconf 82' lang='lat' dir='ltr'><strong>In</strong></span> <span class='ocrx_word' id='word_1_67' title='bbox 617 1232 836 1287; x_wconf 87' lang='lat' dir='ltr'><strong>nomine</strong></span> <span class='ocrx_word' id='word_1_68' title='bbox 881 1240 1084 1287; x_wconf 82' lang='lat' dir='ltr'><strong>sanctae</strong></span> <span class='ocrx_word' id='word_1_69' title='bbox 1140 1231 1427 1292; x_wconf 83' lang='lat' dir='ltr'><strong>Trinitatis</strong></span> <span class='ocrx_word' id='word_1_70' title='bbox 1468 1242 1523 1287; x_wconf 88' lang='lat' dir='ltr'><strong>et</strong></span> <span class='ocrx_word' id='word_1_71' title='bbox 1578 1233 1869 1291; x_wconf 71' lang='lat' dir='ltr'><strong>individua:</strong></span> <span class='ocrx_word' id='word_1_72' title='bbox 1920 1232 2049 1288; x_wconf 92' lang='lat' dir='ltr'><strong>Uni-</strong></span> 
     </span>
    </p>
   </div>
   <div class='ocr_carea' id='block_1_13' title="bbox 456 1321 607 1377">
    <p class='ocr_par' dir='ltr' id='par_1_13' title="bbox 456 1321 607 1377">
     <span class='ocr_line' id='line_1_13' title="bbox 456 1321 607 1377; baseline -0.007 0"><span class='ocrx_word' id='word_1_73' title='bbox 456 1321 607 1377; x_wconf 82' lang='lat' dir='ltr'><strong>tatis.</strong></span> 
     </span>
    </p>
   </div>
   <div class='ocr_carea' id='block_1_14' title="bbox 527 1409 2047 1482">
    <p class='ocr_par' dir='ltr' id='par_1_14' title="bbox 527 1409 2047 1482">
     <span class='ocr_line' id='line_1_14' title="bbox 527 1409 2047 1482; baseline 0 -17"><span class='ocrx_word' id='word_1_74' title='bbox 527 1409 662 1465; x_wconf 89' lang='lat' dir='ltr'><strong>Cum</strong></span> <span class='ocrx_word' id='word_1_75' title='bbox 695 1418 892 1465; x_wconf 91' lang='lat' dir='ltr'><strong>cuncta</strong></span> <span class='ocrx_word' id='word_1_76' title='bbox 930 1409 1023 1465; x_wconf 88' lang='lat' dir='ltr'><strong>Dei</strong></span> <span class='ocrx_word' id='word_1_77' title='bbox 1054 1422 1190 1466; x_wconf 88' lang='lat' dir='ltr'><strong>nutu</strong></span> <span class='ocrx_word' id='word_1_78' title='bbox 1228 1410 1467 1477; x_wconf 82' lang='lat' dir='ltr'><strong>condita,</strong></span> <span class='ocrx_word' id='word_1_79' title='bbox 1497 1426 1704 1482; x_wconf 89' lang='lat' dir='ltr'><strong>suaque</strong></span> <span class='ocrx_word' id='word_1_80' title='bbox 1751 1409 2047 1477; x_wconf 82' lang='lat' dir='ltr'><strong>evidentis-</strong></span> 
     </span>
    </p>
   </div>
   <div class='ocr_carea' id='block_1_15' title="bbox 455 1499 2049 1572">
    <p class='ocr_par' dir='ltr' id='par_1_15' title="bbox 455 1499 2049 1572">
     <span class='ocr_line' id='line_1_15' title="bbox 455 1499 2049 1572; baseline 0.001 -16"><span class='ocrx_word' id='word_1_81' title='bbox 455 1500 594 1556; x_wconf 87' lang='lat' dir='ltr'><strong>sima</strong></span> <span class='ocrx_word' id='word_1_82' title='bbox 624 1499 1079 1571; x_wconf 74' lang='lat' dir='ltr'><strong>przeordinationc</strong></span> <span class='ocrx_word' id='word_1_83' title='bbox 1122 1500 1407 1571; x_wconf 86' lang='lat' dir='ltr'><strong>disposita,</strong></span> <span class='ocrx_word' id='word_1_84' title='bbox 1458 1510 1567 1556; x_wconf 90' lang='lat' dir='ltr'><strong>tam</strong></span> <span class='ocrx_word' id='word_1_85' title='bbox 1610 1501 1667 1572; x_wconf 81' lang='lat' dir='ltr'><strong>in</strong></span> <span class='ocrx_word' id='word_1_86' title='bbox 1694 1500 2049 1571; x_wconf 75' lang='lat' dir='ltr'><strong>amplitudine</strong></span> 
     </span>
    </p>
   </div>
   <div class='ocr_carea' id='block_1_16' title="bbox 458 1590 2049 1663">
    <p class='ocr_par' dir='ltr' id='par_1_16' title="bbox 458 1590 2049 1663">
     <span class='ocr_line' id='line_1_16' title="bbox 458 1590 2049 1663; baseline 0 -18"><span class='ocrx_word' id='word_1_87' title='bbox 458 1590 579 1645; x_wconf 79' lang='lat' dir='ltr'><strong>(teli</strong></span> <span class='ocrx_word' id='word_1_88' title='bbox 606 1606 767 1661; x_wconf 90' lang='lat' dir='ltr'><strong>quam</strong></span> <span class='ocrx_word' id='word_1_89' title='bbox 813 1591 864 1644; x_wconf 91' lang='lat' dir='ltr'><strong>in</strong></span> <span class='ocrx_word' id='word_1_90' title='bbox 894 1590 1009 1645; x_wconf 88' lang='lat' dir='ltr'><strong>istis</strong></span> <span class='ocrx_word' id='word_1_91' title='bbox 1048 1590 1399 1660; x_wconf 81' lang='lat' dir='ltr'><strong>amplissimis</strong></span> <span class='ocrx_word' id='word_1_92' title='bbox 1431 1590 1551 1663; x_wconf 89' lang='lat' dir='ltr'><strong>[al.,</strong></span> <span class='ocrx_word' id='word_1_93' title='bbox 1585 1591 1905 1663; x_wconf 76' lang='lat' dir='ltr'><strong>aptissimis]</strong></span> <span class='ocrx_word' id='word_1_94' title='bbox 1936 1600 2049 1657; x_wconf 84' lang='lat' dir='ltr'><strong>ter-</strong></span> 
     </span>
    </p>
   </div>
   <div class='ocr_carea' id='block_1_17' title="bbox 458 1679 2051 1753">
    <p class='ocr_par' dir='ltr' id='par_1_17' title="bbox 458 1679 2051 1753">
     <span class='ocr_line' id='line_1_17' title="bbox 458 1679 2051 1753; baseline 0.001 -18"><span class='ocrx_word' id='word_1_95' title='bbox 458 1696 642 1735; x_wconf 89' lang='lat' dir='ltr'><strong>rarum</strong></span> <span class='ocrx_word' id='word_1_96' title='bbox 696 1679 1012 1735; x_wconf 90' lang='lat' dir='ltr'><strong>climatibus</strong></span> <span class='ocrx_word' id='word_1_97' title='bbox 1055 1721 1071 1745; x_wconf 89' lang='lat'><strong>,</strong></span> <span class='ocrx_word' id='word_1_98' title='bbox 1118 1680 1332 1737; x_wconf 83' lang='lat' dir='ltr'><strong>ratione</strong></span> <span class='ocrx_word' id='word_1_99' title='bbox 1382 1682 1755 1753; x_wconf 69' lang='lat' dir='ltr'><strong>intelligentia:</strong></span> <span class='ocrx_word' id='word_1_100' title='bbox 1807 1681 2051 1737; x_wconf 74' lang='lat' dir='ltr'><strong>l‘untlitus</strong></span> 
     </span>
    </p>
   </div>
   <div class='ocr_carea' id='block_1_18' title="bbox 456 1769 2049 1843">
    <p class='ocr_par' dir='ltr' id='par_1_18' title="bbox 456 1769 2049 1843">
     <span class='ocr_line' id='line_1_18' title="bbox 456 1769 2049 1843; baseline -0.002 -17"><span class='ocrx_word' id='word_1_101' title='bbox 456 1771 693 1826; x_wconf 82' lang='lat' dir='ltr'><strong>sentiam</strong></span> <span class='ocrx_word' id='word_1_102' title='bbox 726 1771 912 1840; x_wconf 82' lang='lat' dir='ltr'><strong>vigere</strong></span> <span class='ocrx_word' id='word_1_103' title='bbox 963 1781 1127 1839; x_wconf 89' lang='lat' dir='ltr'><strong>atque</strong></span> <span class='ocrx_word' id='word_1_104' title='bbox 1176 1772 1519 1826; x_wconf 84' lang='lat' dir='ltr'><strong>subsistere:</strong></span> <span class='ocrx_word' id='word_1_105' title='bbox 1568 1787 1802 1843; x_wconf 88' lang='lat' dir='ltr'><strong>cmnque</strong></span> <span class='ocrx_word' id='word_1_106' title='bbox 1844 1769 2049 1825; x_wconf 81' lang='lat' dir='ltr'><strong>affatim</strong></span> 
     </span>
    </p>
   </div>
   <div class='ocr_carea' id='block_1_19' title="bbox 460 1861 2050 1946">
    <p class='ocr_par' dir='ltr' id='par_1_19' title="bbox 460 1861 2050 1946">
     <span class='ocr_line' id='line_1_19' title="bbox 460 1861 2050 1946; baseline 0 -29"><span class='ocrx_word' id='word_1_107' title='bbox 460 1862 717 1917; x_wconf 88' lang='lat' dir='ltr'><strong>universa</strong></span> <span class='ocrx_word' id='word_1_108' title='bbox 749 1861 909 1931; x_wconf 88' lang='lat' dir='ltr'><strong>ltujus</strong></span> <span class='ocrx_word' id='word_1_109' title='bbox 933 1863 1062 1917; x_wconf 78' lang='lat' dir='ltr'><strong>vita:</strong></span> <span class='ocrx_word' id='word_1_110' title='bbox 1093 1864 1317 1931; x_wconf 81' lang='lat' dir='ltr'><strong>utilitati</strong></span> <span class='ocrx_word' id='word_1_111' title='bbox 1351 1864 1711 1946; x_wconf 78' lang='lat' dir='ltr'><strong>dignitatique</strong></span> <span class='ocrx_word' id='word_1_112' title='bbox 1742 1862 1916 1934; x_wconf 83' lang='lat' dir='ltr'><strong>gratia</strong></span> <span class='ocrx_word' id='word_1_113' title='bbox 1954 1861 2050 1917; x_wconf 80' lang='lat' dir='ltr'><strong>Dei</strong></span> 
     </span>
    </p>
   </div>
   <div class='ocr_carea' id='block_1_20' title="bbox 458 1949 2049 2027">
    <p class='ocr_par' dir='ltr' id='par_1_20' title="bbox 458 1949 2049 2027">
     <span class='ocr_line' id='line_1_20' title="bbox 458 1949 2049 2027; baseline -0.001 -19"><span class='ocrx_word' id='word_1_114' title='bbox 458 1968 743 2019; x_wconf 88' lang='lat' dir='ltr'><strong>concessa,</strong></span> <span class='ocrx_word' id='word_1_115' title='bbox 771 1954 981 2008; x_wconf 76' lang='lat' dir='ltr'><strong>scilicet</strong></span> <span class='ocrx_word' id='word_1_116' title='bbox 1012 1967 1199 2027; x_wconf 86' lang='lat' dir='ltr'><strong>regna,</strong></span> <span class='ocrx_word' id='word_1_117' title='bbox 1230 1949 1567 2019; x_wconf 80' lang='lat' dir='ltr'><strong>consulatus,</strong></span> <span class='ocrx_word' id='word_1_118' title='bbox 1600 1954 1852 2023; x_wconf 86' lang='lat' dir='ltr'><strong>ducatus,</strong></span> <span class='ocrx_word' id='word_1_119' title='bbox 1883 1954 2049 2009; x_wconf 87' lang='lat' dir='ltr'><strong>comi-</strong></span> 
     </span>
    </p>
   </div>
   <div class='ocr_carea' id='block_1_21' title="bbox 456 2045 2050 2118">
    <p class='ocr_par' dir='ltr' id='par_1_21' title="bbox 456 2045 2050 2118">
     <span class='ocr_line' id='line_1_21' title="bbox 456 2045 2050 2118; baseline 0.002 -20"><span class='ocrx_word' id='word_1_120' title='bbox 456 2054 622 2110; x_wconf 84' lang='lat' dir='ltr'><strong>tatus,</strong></span> <span class='ocrx_word' id='word_1_121' title='bbox 674 2045 1046 2115; x_wconf 84' lang='lat' dir='ltr'><strong>pontiticatus,</strong></span> <span class='ocrx_word' id='word_1_122' title='bbox 1079 2055 1413 2117; x_wconf 68' lang='lat' dir='ltr'><strong>caeterasque</strong></span> <span class='ocrx_word' id='word_1_123' title='bbox 1474 2047 1803 2117; x_wconf 78' lang='lat' dir='ltr'><strong>dignitates,</strong></span> <span class='ocrx_word' id='word_1_124' title='bbox 1852 2048 2050 2118; x_wconf 85' lang='lat' dir='ltr'><strong>partim</strong></span> 
     </span>
    </p>
   </div>
   <div class='ocr_carea' id='block_1_22' title="bbox 458 2136 2046 2215">
    <p class='ocr_par' dir='ltr' id='par_1_22' title="bbox 458 2136 2046 2215">
     <span class='ocr_line' id='line_1_22' title="bbox 458 2136 2046 2215; baseline 0.003 -26"><span class='ocrx_word' id='word_1_125' title='bbox 458 2136 658 2190; x_wconf 78' lang='lat' dir='ltr'><strong>divinis</strong></span> <span class='ocrx_word' id='word_1_126' title='bbox 688 2136 978 2215; x_wconf 60' lang='lat' dir='ltr'><strong>praeceptis</strong></span> <span class='ocrx_word' id='word_1_127' title='bbox 999 2145 1161 2206; x_wconf 84' lang='lat' dir='ltr'><strong>atque</strong></span> <span class='ocrx_word' id='word_1_128' title='bbox 1213 2138 1494 2203; x_wconf 89' lang='lat' dir='ltr'><strong>institutis,</strong></span> <span class='ocrx_word' id='word_1_129' title='bbox 1526 2138 1726 2207; x_wconf 90' lang='lat' dir='ltr'><strong>partiut</strong></span> <span class='ocrx_word' id='word_1_130' title='bbox 1763 2138 2046 2208; x_wconf 81' lang='lat' dir='ltr'><strong>legalibus,</strong></span> 
     </span>
    </p>
   </div>
   <div class='ocr_carea' id='block_1_23' title="bbox 454 2225 2050 2300">
    <p class='ocr_par' dir='ltr' id='par_1_23' title="bbox 454 2225 2050 2300">
     <span class='ocr_line' id='line_1_23' title="bbox 454 2225 2050 2300; baseline 0.003 -21"><span class='ocrx_word' id='word_1_131' title='bbox 454 2225 921 2296; x_wconf 88' lang='lat' dir='ltr'><strong>partimjuridicis</strong></span> <span class='ocrx_word' id='word_1_132' title='bbox 954 2226 1076 2300; x_wconf 81' lang='lat' dir='ltr'><strong>[al.,</strong></span> <span class='ocrx_word' id='word_1_133' title='bbox 1122 2226 1525 2297; x_wconf 82' lang='lat' dir='ltr'><strong>juridicialibus</strong></span> <span class='ocrx_word' id='word_1_134' title='bbox 1555 2229 1668 2283; x_wconf 88' lang='lat' dir='ltr'><strong>sive</strong></span> <span class='ocrx_word' id='word_1_135' title='bbox 1713 2228 2050 2298; x_wconf 79' lang='lat' dir='ltr'><strong>jurisictio-</strong></span> 
     </span>
    </p>
   </div>
   <div class='ocr_carea' id='block_1_24' title="bbox 456 2317 2048 2391">
    <p class='ocr_par' dir='ltr' id='par_1_24' title="bbox 456 2317 2048 2391">
     <span class='ocr_line' id='line_1_24' title="bbox 456 2317 2048 2391; baseline 0.003 -19"><span class='ocrx_word' id='word_1_136' title='bbox 456 2317 682 2389; x_wconf 86' lang='lat' dir='ltr'><strong>nibus],</strong></span> <span class='ocrx_word' id='word_1_137' title='bbox 747 2323 941 2390; x_wconf 84' lang='lat' dir='ltr'><strong>partim</strong></span> <span class='ocrx_word' id='word_1_138' title='bbox 990 2319 1241 2375; x_wconf 86' lang='lat' dir='ltr'><strong>civilibus</strong></span> <span class='ocrx_word' id='word_1_139' title='bbox 1290 2336 1356 2375; x_wconf 92' lang='lat' dir='ltr'><strong>ac</strong></span> <span class='ocrx_word' id='word_1_140' title='bbox 1401 2322 1727 2376; x_wconf 89' lang='lat' dir='ltr'><strong>nobiliorunt</strong></span> <span class='ocrx_word' id='word_1_141' title='bbox 1781 2332 2048 2391; x_wconf 67' lang='lat' dir='ltr'><strong>aelateque</strong></span> 
     </span>
    </p>
   </div>
   <div class='ocr_carea' id='block_1_25' title="bbox 456 2410 2047 2489">
    <p class='ocr_par' dir='ltr' id='par_1_25' title="bbox 456 2410 2047 2489">
     <span class='ocr_line' id='line_1_25' title="bbox 456 2410 2047 2489; baseline 0.002 -28"><span class='ocrx_word' id='word_1_142' title='bbox 456 2420 835 2479; x_wconf 87' lang='lat' dir='ltr'><strong>provectorunt</strong></span> <span class='ocrx_word' id='word_1_143' title='bbox 886 2410 1148 2478; x_wconf 91' lang='lat' dir='ltr'><strong>consiliis,</strong></span> <span class='ocrx_word' id='word_1_144' title='bbox 1192 2411 1565 2489; x_wconf 83' lang='lat' dir='ltr'><strong>suasionibus,</strong></span> <span class='ocrx_word' id='word_1_145' title='bbox 1619 2412 1756 2487; x_wconf 88' lang='lat' dir='ltr'><strong>regi,</strong></span> <span class='ocrx_word' id='word_1_146' title='bbox 1809 2411 2047 2477; x_wconf 91' lang='lat' dir='ltr'><strong>defendi,</strong></span> 
     </span>
    </p>
   </div>
   <div class='ocr_carea' id='block_1_26' title="bbox 457 2500 2051 2575">
    <p class='ocr_par' dir='ltr' id='par_1_26' title="bbox 457 2500 2051 2575">
     <span class='ocr_line' id='line_1_26' title="bbox 457 2500 2051 2575; baseline 0.005 -24"><span class='ocrx_word' id='word_1_147' title='bbox 457 2500 646 2564; x_wconf 79' lang='lat' dir='ltr'><strong>dividi,</strong></span> <span class='ocrx_word' id='word_1_148' title='bbox 676 2501 974 2555; x_wconf 85' lang='lat' dir='ltr'><strong>coadunat‘i</strong></span> <span class='ocrx_word' id='word_1_149' title='bbox 1030 2500 1240 2555; x_wconf 86' lang='lat' dir='ltr'><strong>videant</strong></span> <span class='ocrx_word' id='word_1_150' title='bbox 1273 2517 1289 2569; x_wconf 91' lang='lat'><strong>;</strong></span> <span class='ocrx_word' id='word_1_151' title='bbox 1324 2510 1380 2555; x_wconf 86' lang='lat' dir='ltr'><strong>et</strong></span> <span class='ocrx_word' id='word_1_152' title='bbox 1424 2518 1544 2557; x_wconf 90' lang='lat' dir='ltr'><strong>cum</strong></span> <span class='ocrx_word' id='word_1_153' title='bbox 1594 2519 1783 2575; x_wconf 85' lang='lat' dir='ltr'><strong>omnes</strong></span> <span class='ocrx_word' id='word_1_154' title='bbox 1831 2504 2051 2558; x_wconf 86' lang='lat' dir='ltr'><strong>ordines</strong></span> 
     </span>
    </p>
   </div>
   <div class='ocr_carea' id='block_1_27' title="bbox 462 2591 2052 2665">
    <p class='ocr_par' dir='ltr' id='par_1_27' title="bbox 462 2591 2052 2665">
     <span class='ocr_line' id='line_1_27' title="bbox 462 2591 2052 2665; baseline 0.002 -21"><span class='ocrx_word' id='word_1_155' title='bbox 462 2591 660 2661; x_wconf 84' lang='lat' dir='ltr'><strong>ubique</strong></span> <span class='ocrx_word' id='word_1_156' title='bbox 694 2600 986 2659; x_wconf 86' lang='lat' dir='ltr'><strong>terrarum,</strong></span> <span class='ocrx_word' id='word_1_157' title='bbox 1023 2593 1397 2664; x_wconf 82' lang='lat' dir='ltr'><strong>cujuscunque</strong></span> <span class='ocrx_word' id='word_1_158' title='bbox 1442 2594 1551 2649; x_wconf 90' lang='lat' dir='ltr'><strong>sint</strong></span> <span class='ocrx_word' id='word_1_159' title='bbox 1615 2594 1919 2665; x_wconf 81' lang='lat' dir='ltr'><strong>dignitatis,</strong></span> <span class='ocrx_word' id='word_1_160' title='bbox 1946 2609 2052 2647; x_wconf 91' lang='lat' dir='ltr'><strong>non</strong></span> 
     </span>
    </p>
   </div>
   <div class='ocr_carea' id='block_1_28' title="bbox 460 2682 2057 2763">
    <p class='ocr_par' dir='ltr' id='par_1_28' title="bbox 460 2682 2057 2763">
     <span class='ocr_line' id='line_1_28' title="bbox 460 2682 2057 2763; baseline 0.003 -27"><span class='ocrx_word' id='word_1_161' title='bbox 460 2682 634 2736; x_wconf 77' lang='lat' dir='ltr'><strong>solum</strong></span> <span class='ocrx_word' id='word_1_162' title='bbox 668 2682 1015 2751; x_wconf 78' lang='lat' dir='ltr'><strong>satellitibus,</strong></span> <span class='ocrx_word' id='word_1_163' title='bbox 1045 2683 1258 2749; x_wconf 88' lang='lat' dir='ltr'><strong>amicis,</strong></span> <span class='ocrx_word' id='word_1_164' title='bbox 1282 2684 1479 2749; x_wconf 81' lang='lat' dir='ltr'><strong>servis,</strong></span> <span class='ocrx_word' id='word_1_165' title='bbox 1522 2685 1834 2763; x_wconf 80' lang='lat' dir='ltr'><strong>praecipere,</strong></span> <span class='ocrx_word' id='word_1_166' title='bbox 1857 2701 2057 2741; x_wconf 87' lang='lat' dir='ltr'><strong>consu-</strong></span> 
     </span>
    </p>
   </div>
   <div class='ocr_carea' id='block_1_29' title="bbox 462 2774 2056 2853">
    <p class='ocr_par' dir='ltr' id='par_1_29' title="bbox 462 2774 2056 2853">
     <span class='ocr_line' id='line_1_29' title="bbox 462 2774 2056 2853; baseline 0.004 -26"><span class='ocrx_word' id='word_1_167' title='bbox 462 2776 575 2828; x_wconf 84' lang='lat' dir='ltr'><strong>lere</strong></span> <span class='ocrx_word' id='word_1_168' title='bbox 624 2774 748 2847; x_wconf 82' lang='lat' dir='ltr'><strong>[al.,</strong></span> <span class='ocrx_word' id='word_1_169' title='bbox 800 2775 1074 2837; x_wconf 80' lang='lat' dir='ltr'><strong>consiliari</strong></span> <span class='ocrx_word' id='word_1_170' title='bbox 1115 2776 1229 2831; x_wconf 90' lang='lat' dir='ltr'><strong>sive</strong></span> <span class='ocrx_word' id='word_1_171' title='bbox 1288 2776 1623 2853; x_wconf 79' lang='lat' dir='ltr'><strong>consulere],</strong></span> <span class='ocrx_word' id='word_1_172' title='bbox 1664 2779 1913 2849; x_wconf 68' lang='lat' dir='ltr'><strong>suadere,</strong></span> <span class='ocrx_word' id='word_1_173' title='bbox 1961 2778 2056 2851; x_wconf 73' lang='lat' dir='ltr'><strong>sel</strong></span> 
     </span>
    </p>
   </div>
   <div class='ocr_carea' id='block_1_30' title="bbox 463 2867 2054 2939">
    <p class='ocr_par' dir='ltr' id='par_1_30' title="bbox 463 2867 2054 2939">
     <span class='ocr_line' id='line_1_30' title="bbox 463 2867 2054 2939; baseline -0.003 -14"><span class='ocrx_word' id='word_1_174' title='bbox 463 2871 629 2925; x_wconf 89' lang='lat' dir='ltr'><strong>etiam</strong></span> <span class='ocrx_word' id='word_1_175' title='bbox 654 2868 780 2922; x_wconf 80' lang='lat' dir='ltr'><strong>filiis</strong></span> <span class='ocrx_word' id='word_1_176' title='bbox 803 2882 901 2938; x_wconf 86' lang='lat' dir='ltr'><strong>pro</strong></span> <span class='ocrx_word' id='word_1_177' title='bbox 928 2875 1079 2922; x_wconf 90' lang='lat' dir='ltr'><strong>certo</strong></span> <span class='ocrx_word' id='word_1_178' title='bbox 1102 2867 1272 2923; x_wconf 90' lang='lat' dir='ltr'><strong>sciam</strong></span> <span class='ocrx_word' id='word_1_179' title='bbox 1300 2885 1315 2935; x_wconf 89' lang='lat'><strong>;</strong></span> <span class='ocrx_word' id='word_1_180' title='bbox 1354 2878 1482 2923; x_wconf 93' lang='lat' dir='ltr'><strong>tunc</strong></span> <span class='ocrx_word' id='word_1_181' title='bbox 1513 2884 1597 2923; x_wconf 89' lang='lat' dir='ltr'><strong>me</strong></span> <span class='ocrx_word' id='word_1_182' title='bbox 1624 2883 1730 2923; x_wconf 90' lang='lat' dir='ltr'><strong>non</strong></span> <span class='ocrx_word' id='word_1_183' title='bbox 1758 2869 1902 2939; x_wconf 81' lang='lat' dir='ltr'><strong>piget</strong></span> <span class='ocrx_word' id='word_1_184' title='bbox 1931 2868 2054 2939; x_wconf 83' lang='lat' dir='ltr'><strong>[al.,</strong></span> 
     </span>
    </p>
   </div>
   <div class='ocr_carea' id='block_1_31' title="bbox 466 2957 2058 3030">
    <p class='ocr_par' dir='ltr' id='par_1_31' title="bbox 466 2957 2058 3030">
     <span class='ocr_line' id='line_1_31' title="bbox 466 2957 2058 3030; baseline 0 -17"><span class='ocrx_word' id='word_1_185' title='bbox 466 2979 533 3015; x_wconf 87' lang='lat' dir='ltr'><strong>tte</strong></span> <span class='ocrx_word' id='word_1_186' title='bbox 562 2957 791 3030; x_wconf 82' lang='lat' dir='ltr'><strong>pigeat],</strong></span> <span class='ocrx_word' id='word_1_187' title='bbox 826 2957 1335 3026; x_wconf 82' lang='lat' dir='ltr'><strong>liliamabilissime,</strong></span> <span class='ocrx_word' id='word_1_188' title='bbox 1380 2960 1480 3014; x_wconf 89' lang='lat' dir='ltr'><strong>ltac</strong></span> <span class='ocrx_word' id='word_1_189' title='bbox 1529 2958 1639 3012; x_wconf 86' lang='lat' dir='ltr'><strong>vita</strong></span> <span class='ocrx_word' id='word_1_190' title='bbox 1685 2960 1907 3026; x_wconf 83' lang='lat' dir='ltr'><strong>comite,</strong></span> <span class='ocrx_word' id='word_1_191' title='bbox 1963 2958 2058 3013; x_wconf 85' lang='lat' dir='ltr'><strong>tibi</strong></span> 
     </span>
    </p>
   </div>
   <div class='ocr_carea' id='block_1_32' title="bbox 463 3048 2059 3119">
    <p class='ocr_par' dir='ltr' id='par_1_32' title="bbox 463 3048 2059 3119">
     <span class='ocr_line' id='line_1_32' title="bbox 463 3048 2059 3119; baseline -0.001 -15"><span class='ocrx_word' id='word_1_192' title='bbox 463 3050 1129 3119; x_wconf 73' lang='lat' dir='ltr'><strong>documenta,pnecepta,</strong></span> <span class='ocrx_word' id='word_1_193' title='bbox 1182 3049 1407 3103; x_wconf 84' lang='lat' dir='ltr'><strong>consilia</strong></span> <span class='ocrx_word' id='word_1_194' title='bbox 1438 3057 1493 3103; x_wconf 88' lang='lat' dir='ltr'><strong>et</strong></span> <span class='ocrx_word' id='word_1_195' title='bbox 1534 3048 1819 3111; x_wconf 87' lang='lat' dir='ltr'><strong>suasiones</strong></span> <span class='ocrx_word' id='word_1_196' title='bbox 1866 3062 2059 3119; x_wconf 80' lang='lat' dir='ltr'><strong>parare</strong></span> 
     </span>
    </p>
   </div>
   <div class='ocr_carea' id='block_1_33' title="bbox 466 3140 2061 3215">
    <p class='ocr_par' dir='ltr' id='par_1_33' title="bbox 466 3140 2061 3215">
     <span class='ocr_line' id='line_1_33' title="bbox 466 3140 2061 3215; baseline 0.001 -19"><span class='ocrx_word' id='word_1_197' title='bbox 466 3144 588 3215; x_wconf 80' lang='lat' dir='ltr'><strong>[al.,</strong></span> <span class='ocrx_word' id='word_1_198' title='bbox 619 3140 969 3215; x_wconf 82' lang='lat' dir='ltr'><strong>proponere],</strong></span> <span class='ocrx_word' id='word_1_199' title='bbox 1019 3141 1216 3211; x_wconf 89' lang='lat' dir='ltr'><strong>quibus</strong></span> <span class='ocrx_word' id='word_1_200' title='bbox 1267 3149 1370 3196; x_wconf 74' lang='lat' dir='ltr'><strong>tua:</strong></span> <span class='ocrx_word' id='word_1_201' title='bbox 1430 3141 1553 3195; x_wconf 77' lang='lat' dir='ltr'><strong>vita:</strong></span> <span class='ocrx_word' id='word_1_202' title='bbox 1604 3157 1805 3206; x_wconf 89' lang='lat' dir='ltr'><strong>mores,</strong></span> <span class='ocrx_word' id='word_1_203' title='bbox 1854 3141 2061 3211; x_wconf 87' lang='lat' dir='ltr'><strong>tibique</strong></span> 
     </span>
    </p>
   </div>
   <div class='ocr_carea' id='block_1_34' title="bbox 472 3230 2061 3305">
    <p class='ocr_par' dir='ltr' id='par_1_34' title="bbox 472 3230 2061 3305">
     <span class='ocr_line' id='line_1_34' title="bbox 472 3230 2061 3305; baseline 0.001 -20"><span class='ocrx_word' id='word_1_204' title='bbox 472 3232 837 3300; x_wconf 81' lang='lat' dir='ltr'><strong>subjecturun&#39;t</strong></span> <span class='ocrx_word' id='word_1_205' title='bbox 866 3246 1125 3297; x_wconf 81' lang='lat' dir='ltr'><strong>exornes,</strong></span> <span class='ocrx_word' id='word_1_206' title='bbox 1175 3230 1421 3305; x_wconf 80' lang='lat' dir='ltr'><strong>quando,</strong></span> <span class='ocrx_word' id='word_1_207' title='bbox 1468 3245 1678 3296; x_wconf 85' lang='lat' dir='ltr'><strong>summa</strong></span> <span class='ocrx_word' id='word_1_208' title='bbox 1728 3231 2061 3287; x_wconf 90' lang='lat' dir='ltr'><strong>concedente</strong></span> 
     </span>
    </p>
   </div>
   <div class='ocr_carea' id='block_1_35' title="bbox 463 3322 1291 3394">
    <p class='ocr_par' dir='ltr' id='par_1_35' title="bbox 463 3322 1291 3394">
     <span class='ocr_line' id='line_1_35' title="bbox 463 3322 1291 3394; baseline -0.004 -14"><span class='ocrx_word' id='word_1_209' title='bbox 463 3324 733 3387; x_wconf 82' lang='lat' dir='ltr'><strong>Potentia,</strong></span> <span class='ocrx_word' id='word_1_210' title='bbox 758 3332 883 3394; x_wconf 79' lang='lat' dir='ltr'><strong>post</strong></span> <span class='ocrx_word' id='word_1_211' title='bbox 904 3339 989 3377; x_wconf 91' lang='lat' dir='ltr'><strong>me</strong></span> <span class='ocrx_word' id='word_1_212' title='bbox 1016 3322 1291 3394; x_wconf 77' lang='lat' dir='ltr'><strong>regnabis.</strong></span> 
     </span>
    </p>
   </div>
   <div class='ocr_carea' id='block_1_36' title="bbox 538 3413 2062 3483">
    <p class='ocr_par' dir='ltr' id='par_1_36' title="bbox 538 3413 2062 3483">
     <span class='ocr_line' id='line_1_36' title="bbox 538 3413 2062 3483; baseline 0 -13"><span class='ocrx_word' id='word_1_213' title='bbox 538 3415 613 3470; x_wconf 86' lang='lat' dir='ltr'><strong>&#39;l‘c</strong></span> <span class='ocrx_word' id='word_1_214' title='bbox 654 3427 839 3469; x_wconf 89' lang='lat' dir='ltr'><strong>autem</strong></span> <span class='ocrx_word' id='word_1_215' title='bbox 902 3415 1163 3478; x_wconf 90' lang='lat' dir='ltr'><strong>studiose,</strong></span> <span class='ocrx_word' id='word_1_216' title='bbox 1219 3413 1463 3469; x_wconf 90' lang='lat' dir='ltr'><strong>adhibita</strong></span> <span class='ocrx_word' id='word_1_217' title='bbox 1515 3415 1832 3481; x_wconf 86' lang='lat' dir='ltr'><strong>audientia,</strong></span> <span class='ocrx_word' id='word_1_218' title='bbox 1887 3414 2062 3483; x_wconf 89' lang='lat' dir='ltr'><strong>patris</strong></span> 
     </span>
    </p>
   </div>
   <div class='ocr_carea' id='block_1_37' title="bbox 465 3502 2067 3574">
    <p class='ocr_par' dir='ltr' id='par_1_37' title="bbox 465 3502 2067 3574">
     <span class='ocr_line' id='line_1_37' title="bbox 465 3502 2067 3574; baseline 0.001 -17"><span class='ocrx_word' id='word_1_219' title='bbox 465 3502 936 3573; x_wconf 48' lang='lat' dir='ltr'><strong>prmeeptajuxta</strong></span> <span class='ocrx_word' id='word_1_220' title='bbox 976 3504 1180 3559; x_wconf 77' lang='lat' dir='ltr'><strong>divina:</strong></span> <span class='ocrx_word' id='word_1_221' title='bbox 1215 3505 1497 3574; x_wconf 75' lang='lat' dir='ltr'><strong>sapientia:</strong></span> <span class='ocrx_word' id='word_1_222' title='bbox 1531 3506 1773 3571; x_wconf 71' lang='lat' dir='ltr'><strong>suaSutn,</strong></span> <span class='ocrx_word' id='word_1_223' title='bbox 1803 3504 2067 3560; x_wconf 85' lang='lat' dir='ltr'><strong>concedet</strong></span> 
     </span>
    </p>
   </div>
   <div class='ocr_carea' id='block_1_38' title="bbox 2080 942 3639 1027">
    <p class='ocr_par' dir='ltr' id='par_1_38' title="bbox 2080 942 3639 1027">
     <span class='ocr_line' id='line_1_38' title="bbox 2080 942 3639 1027; baseline -0.009 -6"><span class='ocrx_word' id='word_1_224' title='bbox 2080 942 2127 998; x_wconf 73' lang='grc' dir='ltr'><strong>Α</strong></span> <span class='ocrx_word' id='word_1_225' title='bbox 2153 965 2394 1021; x_wconf 88' lang='lat' dir='ltr'><strong>minatus</strong></span> <span class='ocrx_word' id='word_1_226' title='bbox 2420 968 2509 1016; x_wconf 86' lang='lat' dir='ltr'><strong>est</strong></span> <span class='ocrx_word' id='word_1_227' title='bbox 2548 954 2748 1027; x_wconf 89' lang='lat' dir='ltr'><strong>populo</strong></span> <span class='ocrx_word' id='word_1_228' title='bbox 2796 953 3175 1023; x_wconf 81' lang='lat' dir='ltr'><strong>percussiones</strong></span> <span class='ocrx_word' id='word_1_229' title='bbox 3229 952 3433 1010; x_wconf 70' lang='lat' dir='ltr'><strong>framea:</strong></span> <span class='ocrx_word' id='word_1_230' title='bbox 3474 970 3639 1025; x_wconf 71' lang='lat' dir='ltr'><strong>prona-</strong></span> 
     </span>
    </p>
   </div>
   <div class='ocr_carea' id='block_1_39' title="bbox 2150 1044 3639 1124">
    <p class='ocr_par' dir='ltr' id='par_1_39' title="bbox 2150 1044 3639 1124">
     <span class='ocr_line' id='line_1_39' title="bbox 2150 1044 3639 1124; baseline -0.004 -15"><span class='ocrx_word' id='word_1_231' title='bbox 2150 1054 2329 1124; x_wconf 86' lang='lat' dir='ltr'><strong>stigiis</strong></span> <span class='ocrx_word' id='word_1_232' title='bbox 2383 1048 2556 1122; x_wconf 88' lang='lat' dir='ltr'><strong>patris</strong></span> <span class='ocrx_word' id='word_1_233' title='bbox 2608 1046 2729 1120; x_wconf 86' lang='lat' dir='ltr'><strong>[al.,</strong></span> <span class='ocrx_word' id='word_1_234' title='bbox 2760 1046 2935 1115; x_wconf 85' lang='lat' dir='ltr'><strong>patris</strong></span> <span class='ocrx_word' id='word_1_235' title='bbox 2991 1044 3292 1117; x_wconf 75' lang='lat' dir='ltr'><strong>omittitur],</strong></span> <span class='ocrx_word' id='word_1_236' title='bbox 3341 1046 3510 1103; x_wconf 83' lang='lat' dir='ltr'><strong>idcirco</strong></span> <span class='ocrx_word' id='word_1_237' title='bbox 3531 1052 3639 1107; x_wconf 73' lang='lat' dir='ltr'><strong>multa</strong></span> 
     </span>
    </p>
   </div>
   <div class='ocr_carea' id='block_1_40' title="bbox 2150 1136 3643 1214">
    <p class='ocr_par' dir='ltr' id='par_1_40' title="bbox 2150 1136 3643 1214">
     <span class='ocr_line' id='line_1_40' title="bbox 2150 1136 3643 1214; baseline -0.006 -13"><span class='ocrx_word' id='word_1_238' title='bbox 2150 1144 2292 1201; x_wconf 89' lang='lat' dir='ltr'><strong>mala</strong></span> <span class='ocrx_word' id='word_1_239' title='bbox 2316 1157 2512 1214; x_wconf 88' lang='lat' dir='ltr'><strong>passus</strong></span> <span class='ocrx_word' id='word_1_240' title='bbox 2537 1148 2624 1195; x_wconf 90' lang='lat' dir='ltr'><strong>est</strong></span> <span class='ocrx_word' id='word_1_241' title='bbox 2654 1139 2708 1192; x_wconf 91' lang='lat' dir='ltr'><strong>in</strong></span> <span class='ocrx_word' id='word_1_242' title='bbox 2756 1152 2942 1206; x_wconf 84' lang='lat' dir='ltr'><strong>regno,</strong></span> <span class='ocrx_word' id='word_1_243' title='bbox 2993 1145 3048 1192; x_wconf 87' lang='lat' dir='ltr'><strong>et</strong></span> <span class='ocrx_word' id='word_1_244' title='bbox 3088 1138 3156 1192; x_wconf 86' lang='lat' dir='ltr'><strong>ad</strong></span> <span class='ocrx_word' id='word_1_245' title='bbox 3208 1136 3440 1193; x_wconf 81' lang='lat' dir='ltr'><strong>ultimum</strong></span> <span class='ocrx_word' id='word_1_246' title='bbox 3478 1138 3643 1208; x_wconf 63' lang='lat' dir='ltr'><strong>deiectas</strong></span> 
     </span>
    </p>
   </div>
   <div class='ocr_carea' id='block_1_41' title="bbox 2150 1224 3643 1306">
    <p class='ocr_par' dir='ltr' id='par_1_41' title="bbox 2150 1224 3643 1306">
     <span class='ocr_line' id='line_1_41' title="bbox 2150 1224 3643 1306; baseline -0.003 -16"><span class='ocrx_word' id='word_1_247' title='bbox 2150 1243 2235 1292; x_wconf 89' lang='lat' dir='ltr'><strong>est</strong></span> <span class='ocrx_word' id='word_1_248' title='bbox 2266 1232 2388 1306; x_wconf 88' lang='lat' dir='ltr'><strong>(IlI</strong></span> <span class='ocrx_word' id='word_1_249' title='bbox 2418 1230 2550 1301; x_wconf 86' lang='lat' dir='ltr'><strong>Reg.</strong></span> <span class='ocrx_word' id='word_1_250' title='bbox 2600 1244 2678 1294; x_wconf 72' lang='grc' dir='ltr'><strong>χι,</strong></span> <span class='ocrx_word' id='word_1_251' title='bbox 2712 1227 2822 1297; x_wconf 81' lang='lat' dir='ltr'><strong>ll).</strong></span> <span class='ocrx_word' id='word_1_252' title='bbox 2860 1224 2976 1281; x_wconf 79' lang='lat' dir='ltr'><strong>Hoc</strong></span> <span class='ocrx_word' id='word_1_253' title='bbox 3030 1225 3123 1280; x_wconf 90' lang='lat' dir='ltr'><strong>tibi</strong></span> <span class='ocrx_word' id='word_1_254' title='bbox 3156 1240 3226 1281; x_wconf 89' lang='lat' dir='ltr'><strong>ne</strong></span> <span class='ocrx_word' id='word_1_255' title='bbox 3275 1227 3485 1291; x_wconf 84' lang='lat' dir='ltr'><strong>accidat,</strong></span> <span class='ocrx_word' id='word_1_256' title='bbox 3523 1230 3643 1293; x_wconf 71' lang='lat' dir='ltr'><strong>ebuli.</strong></span> 
     </span>
    </p>
   </div>
   <div class='ocr_carea' id='block_1_42' title="bbox 2151 1316 3646 1394">
    <p class='ocr_par' dir='ltr' id='par_1_42' title="bbox 2151 1316 3646 1394">
     <span class='ocr_line' id='line_1_42' title="bbox 2151 1316 3646 1394; baseline -0.007 -11"><span class='ocrx_word' id='word_1_257' title='bbox 2151 1328 2251 1394; x_wconf 89' lang='lat' dir='ltr'><strong>lili,</strong></span> <span class='ocrx_word' id='word_1_258' title='bbox 2279 1326 2409 1381; x_wconf 89' lang='lat' dir='ltr'><strong>mihi</strong></span> <span class='ocrx_word' id='word_1_259' title='bbox 2436 1341 2452 1390; x_wconf 93' lang='lat'><strong>;</strong></span> <span class='ocrx_word' id='word_1_260' title='bbox 2487 1338 2622 1394; x_wconf 91' lang='lat' dir='ltr'><strong>puer</strong></span> <span class='ocrx_word' id='word_1_261' title='bbox 2650 1336 2731 1386; x_wconf 91' lang='lat' dir='ltr'><strong>es,</strong></span> <span class='ocrx_word' id='word_1_262' title='bbox 2759 1318 3078 1373; x_wconf 89' lang='lat' dir='ltr'><strong>deliciarum</strong></span> <span class='ocrx_word' id='word_1_263' title='bbox 3109 1316 3234 1390; x_wconf 78' lang='lat' dir='ltr'><strong>[al.,</strong></span> <span class='ocrx_word' id='word_1_264' title='bbox 3258 1318 3552 1393; x_wconf 81' lang='lat' dir='ltr'><strong>divitiarum]</strong></span> <span class='ocrx_word' id='word_1_265' title='bbox 3568 1337 3646 1378; x_wconf 72' lang='lat' dir='ltr'><strong>ru-</strong></span> 
     </span>
    </p>
   </div>
   <div class='ocr_carea' id='block_1_43' title="bbox 2152 1408 3649 1488">
    <p class='ocr_par' dir='ltr' id='par_1_43' title="bbox 2152 1408 3649 1488">
     <span class='ocr_line' id='line_1_43' title="bbox 2152 1408 3649 1488; baseline -0.005 -13"><span class='ocrx_word' id='word_1_266' title='bbox 2152 1420 2302 1486; x_wconf 90' lang='lat' dir='ltr'><strong>nnla,</strong></span> <span class='ocrx_word' id='word_1_267' title='bbox 2344 1414 2643 1488; x_wconf 87' lang='lat' dir='ltr'><strong>pulvinaris</strong></span> <span class='ocrx_word' id='word_1_268' title='bbox 2691 1410 2900 1475; x_wconf 87' lang='lat' dir='ltr'><strong>accola,</strong></span> <span class='ocrx_word' id='word_1_269' title='bbox 2953 1408 3099 1466; x_wconf 83' lang='lat' dir='ltr'><strong>fotus</strong></span> <span class='ocrx_word' id='word_1_270' title='bbox 3145 1409 3563 1481; x_wconf 84' lang='lat' dir='ltr'><strong>educatusqnein</strong></span> <span class='ocrx_word' id='word_1_271' title='bbox 3590 1414 3649 1468; x_wconf 74' lang='lat' dir='ltr'><strong>dt-</strong></span> 
     </span>
    </p>
   </div>
   <div class='ocr_carea' id='block_1_44' title="bbox 2151 1502 3651 1577">
    <p class='ocr_par' dir='ltr' id='par_1_44' title="bbox 2151 1502 3651 1577">
     <span class='ocr_line' id='line_1_44' title="bbox 2151 1502 3651 1577; baseline -0.007 -7"><span class='ocrx_word' id='word_1_272' title='bbox 2151 1513 2292 1577; x_wconf 86' lang='lat' dir='ltr'><strong>liciis</strong></span> <span class='ocrx_word' id='word_1_273' title='bbox 2347 1508 2600 1572; x_wconf 87' lang='lat' dir='ltr'><strong>cunctis,</strong></span> <span class='ocrx_word' id='word_1_274' title='bbox 2657 1502 3064 1574; x_wconf 78' lang='lat' dir='ltr'><strong>expeditionum</strong></span> <span class='ocrx_word' id='word_1_275' title='bbox 3095 1542 3113 1569; x_wconf 92' lang='lat'><strong>,</strong></span> <span class='ocrx_word' id='word_1_276' title='bbox 3165 1502 3367 1557; x_wconf 87' lang='lat' dir='ltr'><strong>laboris</strong></span> <span class='ocrx_word' id='word_1_277' title='bbox 3411 1502 3514 1573; x_wconf 81' lang='lat' dir='ltr'><strong>|al.,</strong></span> <span class='ocrx_word' id='word_1_278' title='bbox 3542 1503 3651 1559; x_wconf 73' lang='lat' dir='ltr'><strong>totius</strong></span> 
     </span>
    </p>
   </div>
   <div class='ocr_carea' id='block_1_45' title="bbox 2151 1595 3652 1678">
    <p class='ocr_par' dir='ltr' id='par_1_45' title="bbox 2151 1595 3652 1678">
     <span class='ocr_line' id='line_1_45' title="bbox 2151 1595 3652 1678; baseline -0.007 -16"><span class='ocrx_word' id='word_1_279' title='bbox 2151 1605 2559 1678; x_wconf 77' lang='lat' dir='ltr'><strong>expeditionum</strong></span> <span class='ocrx_word' id='word_1_280' title='bbox 2608 1596 2857 1668; x_wconf 82' lang='lat' dir='ltr'><strong>laboris],</strong></span> <span class='ocrx_word' id='word_1_281' title='bbox 2906 1605 3070 1665; x_wconf 87' lang='lat' dir='ltr'><strong>atque</strong></span> <span class='ocrx_word' id='word_1_282' title='bbox 3113 1595 3443 1650; x_wconf 83' lang='lat' dir='ltr'><strong>diversarum</strong></span> <span class='ocrx_word' id='word_1_283' title='bbox 3486 1598 3652 1666; x_wconf 66' lang='lat' dir='ltr'><strong>gestia</strong></span> 
     </span>
    </p>
   </div>
   <div class='ocr_carea' id='block_1_46' title="bbox 2152 1685 3654 1760">
    <p class='ocr_par' dir='ltr' id='par_1_46' title="bbox 2152 1685 3654 1760">
     <span class='ocr_line' id='line_1_46' title="bbox 2152 1685 3654 1760; baseline -0.009 -5"><span class='ocrx_word' id='word_1_284' title='bbox 2152 1694 2482 1754; x_wconf 86' lang='lat' dir='ltr'><strong>incursionis</strong></span> <span class='ocrx_word' id='word_1_285' title='bbox 2508 1704 2725 1760; x_wconf 82' lang='lat' dir='ltr'><strong>expers,</strong></span> <span class='ocrx_word' id='word_1_286' title='bbox 2786 1690 2839 1742; x_wconf 88' lang='lat' dir='ltr'><strong>in</strong></span> <span class='ocrx_word' id='word_1_287' title='bbox 2869 1687 3069 1758; x_wconf 91' lang='lat' dir='ltr'><strong>quibus</strong></span> <span class='ocrx_word' id='word_1_288' title='bbox 3110 1702 3217 1757; x_wconf 88' lang='lat' dir='ltr'><strong>ego</strong></span> <span class='ocrx_word' id='word_1_289' title='bbox 3256 1685 3369 1755; x_wconf 90' lang='lat' dir='ltr'><strong>jam</strong></span> <span class='ocrx_word' id='word_1_290' title='bbox 3422 1685 3519 1741; x_wconf 87' lang='lat' dir='ltr'><strong>fere</strong></span> <span class='ocrx_word' id='word_1_291' title='bbox 3542 1696 3654 1742; x_wconf 74' lang='lat' dir='ltr'><strong>totam</strong></span> 
     </span>
    </p>
   </div>
   <div class='ocr_carea' id='block_1_47' title="bbox 2152 1777 3656 1849">
    <p class='ocr_par' dir='ltr' id='par_1_47' title="bbox 2152 1777 3656 1849">
     <span class='ocr_line' id='line_1_47' title="bbox 2152 1777 3656 1849; baseline -0.01 -4"><span class='ocrx_word' id='word_1_292' title='bbox 2152 1804 2327 1845; x_wconf 90' lang='lat' dir='ltr'><strong>meam</strong></span> <span class='ocrx_word' id='word_1_293' title='bbox 2359 1785 2592 1842; x_wconf 90' lang='lat' dir='ltr'><strong>contrivi</strong></span> <span class='ocrx_word' id='word_1_294' title='bbox 2643 1789 2881 1836; x_wconf 50' lang='lat' dir='ltr'><strong>(etatem.</strong></span> <span class='ocrx_word' id='word_1_295' title='bbox 2925 1777 3046 1833; x_wconf 81' lang='lat' dir='ltr'><strong>Jam</strong></span> <span class='ocrx_word' id='word_1_296' title='bbox 3081 1788 3298 1849; x_wconf 89' lang='lat' dir='ltr'><strong>tempus</strong></span> <span class='ocrx_word' id='word_1_297' title='bbox 3350 1778 3506 1844; x_wconf 88' lang='lat' dir='ltr'><strong>adest,</strong></span> <span class='ocrx_word' id='word_1_298' title='bbox 3528 1779 3569 1831; x_wconf 76' lang='lat' dir='ltr'><strong>in</strong></span> <span class='ocrx_word' id='word_1_299' title='bbox 3588 1794 3656 1846; x_wconf 79' lang='lat' dir='ltr'><strong>qeo</strong></span> 
     </span>
    </p>
   </div>
   <div class='ocr_carea' id='block_1_48' title="bbox 2155 1866 3657 1951">
    <p class='ocr_par' dir='ltr' id='par_1_48' title="bbox 2155 1866 3657 1951">
     <span class='ocr_line' id='line_1_48' title="bbox 2155 1866 3657 1951; baseline -0.008 -18"><span class='ocrx_word' id='word_1_300' title='bbox 2155 1878 2251 1951; x_wconf 79' lang='lat' dir='ltr'><strong>tibi</strong></span> <span class='ocrx_word' id='word_1_301' title='bbox 2273 1892 2377 1931; x_wconf 91' lang='lat' dir='ltr'><strong>non</strong></span> <span class='ocrx_word' id='word_1_302' title='bbox 2407 1888 2618 1945; x_wconf 86' lang='lat' dir='ltr'><strong>semper</strong></span> <span class='ocrx_word' id='word_1_303' title='bbox 2644 1870 3013 1944; x_wconf 71' lang='lat' dir='ltr'><strong>pulvinarium</strong></span> <span class='ocrx_word' id='word_1_304' title='bbox 3060 1867 3320 1931; x_wconf 73' lang='lat' dir='ltr'><strong>mollities</strong></span> <span class='ocrx_word' id='word_1_305' title='bbox 3350 1866 3657 1943; x_wconf 43' lang='grc' dir='ltr'><strong>[σικυωνίαν</strong></span> 
     </span>
    </p>
   </div>
   <div class='ocr_carea' id='block_1_49' title="bbox 2152 1956 3658 2041">
    <p class='ocr_par' dir='ltr' id='par_1_49' title="bbox 2152 1956 3658 2041">
     <span class='ocr_line' id='line_1_49' title="bbox 2152 1956 3658 2041; baseline -0.009 -18"><span class='ocrx_word' id='word_1_306' title='bbox 2152 1964 2448 2036; x_wconf 88' lang='lat' dir='ltr'><strong>mollitiei],</strong></span> <span class='ocrx_word' id='word_1_307' title='bbox 2496 1978 2619 2041; x_wconf 80' lang='lat' dir='ltr'><strong>quae</strong></span> <span class='ocrx_word' id='word_1_308' title='bbox 2657 1972 2709 2019; x_wconf 90' lang='lat' dir='ltr'><strong>te</strong></span> <span class='ocrx_word' id='word_1_309' title='bbox 2751 1961 3001 2020; x_wconf 79' lang='lat' dir='ltr'><strong>hebetem</strong></span> <span class='ocrx_word' id='word_1_310' title='bbox 3050 1967 3108 2014; x_wconf 91' lang='lat' dir='ltr'><strong>et</strong></span> <span class='ocrx_word' id='word_1_311' title='bbox 3158 1956 3447 2014; x_wconf 86' lang='lat' dir='ltr'><strong>delicatum</strong></span> <span class='ocrx_word' id='word_1_312' title='bbox 3485 1958 3658 2021; x_wconf 59' lang='lat' dir='ltr'><strong>rutilant,</strong></span> 
     </span>
    </p>
   </div>
   <div class='ocr_carea' id='block_1_50' title="bbox 2152 2050 3662 2125">
    <p class='ocr_par' dir='ltr' id='par_1_50' title="bbox 2152 2050 3662 2125">
     <span class='ocr_line' id='line_1_50' title="bbox 2152 2050 3662 2125; baseline -0.007 -9"><span class='ocrx_word' id='word_1_313' title='bbox 2152 2058 2477 2124; x_wconf 65' lang='lat' dir='ltr'><strong>adhibendae</strong></span> <span class='ocrx_word' id='word_1_314' title='bbox 2528 2066 2678 2121; x_wconf 82' lang='lat' dir='ltr'><strong>sunt,</strong></span> <span class='ocrx_word' id='word_1_315' title='bbox 2733 2054 2878 2125; x_wconf 92' lang='lat' dir='ltr'><strong>quod</strong></span> <span class='ocrx_word' id='word_1_316' title='bbox 2927 2062 3013 2109; x_wconf 90' lang='lat' dir='ltr'><strong>est</strong></span> <span class='ocrx_word' id='word_1_317' title='bbox 3057 2051 3349 2121; x_wconf 86' lang='lat' dir='ltr'><strong>dissipatio</strong></span> <span class='ocrx_word' id='word_1_318' title='bbox 3392 2050 3662 2105; x_wconf 76' lang='lat' dir='ltr'><strong>virtutunct</strong></span> 
     </span>
    </p>
   </div>
   <div class='ocr_carea' id='block_1_51' title="bbox 2152 2142 3661 2214">
    <p class='ocr_par' dir='ltr' id='par_1_51' title="bbox 2152 2142 3661 2214">
     <span class='ocr_line' id='line_1_51' title="bbox 2152 2142 3661 2214; baseline -0.009 -7"><span class='ocrx_word' id='word_1_319' title='bbox 2152 2152 2408 2207; x_wconf 86' lang='lat' dir='ltr'><strong>vitiorum</strong></span> <span class='ocrx_word' id='word_1_320' title='bbox 2432 2148 2757 2209; x_wconf 85' lang='lat' dir='ltr'><strong>fomentum,</strong></span> <span class='ocrx_word' id='word_1_321' title='bbox 2783 2155 2946 2214; x_wconf 88' lang='lat' dir='ltr'><strong>atque</strong></span> <span class='ocrx_word' id='word_1_322' title='bbox 2973 2142 3314 2211; x_wconf 86' lang='lat' dir='ltr'><strong>contemptio</strong></span> <span class='ocrx_word' id='word_1_323' title='bbox 3338 2143 3661 2205; x_wconf 82' lang='lat' dir='ltr'><strong>mandatorum;</strong></span> 
     </span>
    </p>
   </div>
   <div class='ocr_carea' id='block_1_52' title="bbox 2154 2233 3663 2305">
    <p class='ocr_par' dir='ltr' id='par_1_52' title="bbox 2154 2233 3663 2305">
     <span class='ocr_line' id='line_1_52' title="bbox 2154 2233 3663 2305; baseline -0.005 -11"><span class='ocrx_word' id='word_1_324' title='bbox 2154 2241 2249 2298; x_wconf 82' lang='lat' dir='ltr'><strong>sed</strong></span> <span class='ocrx_word' id='word_1_325' title='bbox 2294 2239 2565 2293; x_wconf 89' lang='lat' dir='ltr'><strong>interdum</strong></span> <span class='ocrx_word' id='word_1_326' title='bbox 2609 2236 2879 2305; x_wconf 85' lang='lat' dir='ltr'><strong>asperitas</strong></span> <span class='ocrx_word' id='word_1_327' title='bbox 2928 2233 3216 2287; x_wconf 88' lang='lat' dir='ltr'><strong>tribuenda</strong></span> <span class='ocrx_word' id='word_1_328' title='bbox 3272 2240 3375 2298; x_wconf 81' lang='lat' dir='ltr'><strong>est,</strong></span> <span class='ocrx_word' id='word_1_329' title='bbox 3427 2246 3529 2299; x_wconf 65' lang='lat' dir='ltr'><strong>qtae</strong></span> <span class='ocrx_word' id='word_1_330' title='bbox 3571 2240 3663 2286; x_wconf 75' lang='lat' dir='ltr'><strong>tuam</strong></span> 
     </span>
    </p>
   </div>
   <div class='ocr_carea' id='block_1_53' title="bbox 2153 2321 3665 2399">
    <p class='ocr_par' dir='ltr' id='par_1_53' title="bbox 2153 2321 3665 2399">
     <span class='ocr_line' id='line_1_53' title="bbox 2153 2321 3665 2399; baseline -0.009 -14"><span class='ocrx_word' id='word_1_331' title='bbox 2153 2328 2570 2399; x_wconf 79' lang='lat' dir='ltr'><strong>intelligentiam</strong></span> <span class='ocrx_word' id='word_1_332' title='bbox 2624 2326 2691 2379; x_wconf 90' lang='lat' dir='ltr'><strong>ad</strong></span> <span class='ocrx_word' id='word_1_333' title='bbox 2719 2342 2809 2388; x_wconf 90' lang='lat' dir='ltr'><strong>ea,</strong></span> <span class='ocrx_word' id='word_1_334' title='bbox 2867 2338 2988 2393; x_wconf 64' lang='lat' dir='ltr'><strong>qua:</strong></span> <span class='ocrx_word' id='word_1_335' title='bbox 3034 2321 3325 2393; x_wconf 74' lang='lat' dir='ltr'><strong>praecipio,</strong></span> <span class='ocrx_word' id='word_1_336' title='bbox 3384 2321 3578 2374; x_wconf 80' lang='lat' dir='ltr'><strong>reddant</strong></span> <span class='ocrx_word' id='word_1_337' title='bbox 3612 2333 3665 2372; x_wconf 59' lang='lat' dir='ltr'><strong>ato</strong></span> 
     </span>
    </p>
   </div>
   <div class='ocr_carea' id='block_1_54' title="bbox 2156 2410 3666 2485">
    <p class='ocr_par' dir='ltr' id='par_1_54' title="bbox 2156 2410 3666 2485">
     <span class='ocr_line' id='line_1_54' title="bbox 2156 2410 3666 2485; baseline -0.008 -11"><span class='ocrx_word' id='word_1_338' title='bbox 2156 2426 2384 2477; x_wconf 89' lang='lat' dir='ltr'><strong>tentam.</strong></span> <span class='ocrx_word' id='word_1_339' title='bbox 2421 2415 2519 2483; x_wconf 73' lang='lat' dir='ltr'><strong>llis</strong></span> <span class='ocrx_word' id='word_1_340' title='bbox 2558 2415 2744 2485; x_wconf 82' lang='lat' dir='ltr'><strong>itaque</strong></span> <span class='ocrx_word' id='word_1_341' title='bbox 2787 2413 3053 2485; x_wconf 80' lang='lat' dir='ltr'><strong>pra:fatis,</strong></span> <span class='ocrx_word' id='word_1_342' title='bbox 3092 2412 3388 2473; x_wconf 84' lang='lat' dir='ltr'><strong>redeamus</strong></span> <span class='ocrx_word' id='word_1_343' title='bbox 3438 2410 3497 2464; x_wconf 89' lang='lat' dir='ltr'><strong>ad</strong></span> <span class='ocrx_word' id='word_1_344' title='bbox 3533 2425 3666 2483; x_wconf 77' lang='lat' dir='ltr'><strong>propo-</strong></span> 
     </span>
    </p>
   </div>
   <div class='ocr_carea' id='block_1_55' title="bbox 2153 2508 2338 2572">
    <p class='ocr_par' dir='ltr' id='par_1_55' title="bbox 2153 2508 2338 2572">
     <span class='ocr_line' id='line_1_55' title="bbox 2153 2508 2338 2572; baseline -0.005 -9"><span class='ocrx_word' id='word_1_345' title='bbox 2153 2508 2338 2572; x_wconf 78' lang='lat' dir='ltr'><strong>situm.</strong></span> 
     </span>
    </p>
   </div>
   <div class='ocr_carea' id='block_1_56' title="bbox 2225 2590 3670 2669">
    <p class='ocr_par' dir='ltr' id='par_1_56' title="bbox 2225 2590 3670 2669">
     <span class='ocr_line' id='line_1_56' title="bbox 2225 2590 3670 2669; baseline -0.008 -15"><span class='ocrx_word' id='word_1_346' title='bbox 2225 2596 2360 2669; x_wconf 72' lang='lat' dir='ltr'><strong>CAP.</strong></span> <span class='ocrx_word' id='word_1_347' title='bbox 2389 2597 2427 2651; x_wconf 90' lang='grc' dir='ltr'><strong>ι.</strong></span> <span class='ocrx_word' id='word_1_348' title='bbox 2462 2594 2539 2653; x_wconf 84' lang='lat' dir='ltr'><strong>De</strong></span> <span class='ocrx_word' id='word_1_349' title='bbox 2567 2593 2891 2659; x_wconf 74' lang='lat' dir='ltr'><strong>obseruanda</strong></span> <span class='ocrx_word' id='word_1_350' title='bbox 2924 2592 3188 2657; x_wconf 76' lang='lat' dir='ltr'><strong>catholica</strong></span> <span class='ocrx_word' id='word_1_351' title='bbox 3234 2593 3362 2661; x_wconf 77' lang='lat' dir='ltr'><strong>ﬁde.</strong></span> <span class='ocrx_word' id='word_1_352' title='bbox 3394 2590 3670 2659; x_wconf 73' lang='lat' dir='ltr'><strong>Quoniamal</strong></span> 
     </span>
    </p>
   </div>
   <div class='ocr_carea' id='block_1_57' title="bbox 2156 2682 3674 2761">
    <p class='ocr_par' dir='ltr' id='par_1_57' title="bbox 2156 2682 3674 2761">
     <span class='ocr_line' id='line_1_57' title="bbox 2156 2682 3674 2761; baseline -0.006 -18"><span class='ocrx_word' id='word_1_353' title='bbox 2156 2688 2355 2760; x_wconf 81' lang='lat' dir='ltr'><strong>regalis</strong></span> <span class='ocrx_word' id='word_1_354' title='bbox 2391 2686 2671 2761; x_wconf 87' lang='lat' dir='ltr'><strong>dignitatis</strong></span> <span class='ocrx_word' id='word_1_355' title='bbox 2704 2686 2953 2741; x_wconf 82' lang='lat' dir='ltr'><strong>ordinent</strong></span> <span class='ocrx_word' id='word_1_356' title='bbox 2996 2700 3102 2738; x_wconf 92' lang='lat' dir='ltr'><strong>non</strong></span> <span class='ocrx_word' id='word_1_357' title='bbox 3170 2692 3389 2753; x_wconf 85' lang='lat' dir='ltr'><strong>oportet</strong></span> <span class='ocrx_word' id='word_1_358' title='bbox 3422 2684 3510 2737; x_wconf 82' lang='lat' dir='ltr'><strong>nisi</strong></span> <span class='ocrx_word' id='word_1_359' title='bbox 3551 2682 3674 2736; x_wconf 58' lang='lat' dir='ltr'><strong>fideles</strong></span> 
     </span>
    </p>
   </div>
   <div class='ocr_carea' id='block_1_58' title="bbox 2156 2772 3674 2837">
    <p class='ocr_par' dir='ltr' id='par_1_58' title="bbox 2156 2772 3674 2837">
     <span class='ocr_line' id='line_1_58' title="bbox 2156 2772 3674 2837; baseline -0.009 -2"><span class='ocrx_word' id='word_1_360' title='bbox 2156 2788 2213 2835; x_wconf 87' lang='lat' dir='ltr'><strong>et</strong></span> <span class='ocrx_word' id='word_1_361' title='bbox 2239 2776 2506 2833; x_wconf 89' lang='lat' dir='ltr'><strong>catholica</strong></span> <span class='ocrx_word' id='word_1_362' title='bbox 2540 2776 2646 2830; x_wconf 84' lang='lat' dir='ltr'><strong>ﬁde</strong></span> <span class='ocrx_word' id='word_1_363' title='bbox 2687 2775 2924 2831; x_wconf 87' lang='lat' dir='ltr'><strong>imbutos</strong></span> <span class='ocrx_word' id='word_1_364' title='bbox 2970 2772 3239 2828; x_wconf 86' lang='lat' dir='ltr'><strong>accedere</strong></span> <span class='ocrx_word' id='word_1_365' title='bbox 3266 2814 3281 2837; x_wconf 96' lang='lat'><strong>,</strong></span> <span class='ocrx_word' id='word_1_366' title='bbox 3318 2773 3503 2826; x_wconf 79' lang='lat' dir='ltr'><strong>idcirco</strong></span> <span class='ocrx_word' id='word_1_367' title='bbox 3539 2782 3674 2825; x_wconf 70' lang='lat' dir='ltr'><strong>sana:</strong></span> 
     </span>
    </p>
   </div>
   <div class='ocr_carea' id='block_1_59' title="bbox 2159 2861 3677 2934">
    <p class='ocr_par' dir='ltr' id='par_1_59' title="bbox 2159 2861 3677 2934">
     <span class='ocr_line' id='line_1_59' title="bbox 2159 2861 3677 2934; baseline -0.009 -8"><span class='ocrx_word' id='word_1_368' title='bbox 2159 2868 2283 2926; x_wconf 75' lang='lat' dir='ltr'><strong>fidei</strong></span> <span class='ocrx_word' id='word_1_369' title='bbox 2307 2868 2361 2921; x_wconf 91' lang='lat' dir='ltr'><strong>in</strong></span> <span class='ocrx_word' id='word_1_370' title='bbox 2396 2867 2600 2922; x_wconf 85' lang='lat' dir='ltr'><strong>nostris</strong></span> <span class='ocrx_word' id='word_1_371' title='bbox 2633 2864 2905 2921; x_wconf 90' lang='lat' dir='ltr'><strong>mandatis</strong></span> <span class='ocrx_word' id='word_1_372' title='bbox 2928 2864 3164 2934; x_wconf 89' lang='lat' dir='ltr'><strong>primum</strong></span> <span class='ocrx_word' id='word_1_373' title='bbox 3199 2865 3397 2919; x_wconf 89' lang='lat' dir='ltr'><strong>damus</strong></span> <span class='ocrx_word' id='word_1_374' title='bbox 3433 2863 3594 2916; x_wconf 88' lang='lat' dir='ltr'><strong>locum.</strong></span> <span class='ocrx_word' id='word_1_375' title='bbox 3614 2861 3677 2927; x_wconf 75' lang='lat' dir='ltr'><strong>lut-</strong></span> 
     </span>
    </p>
   </div>
   <div class='ocr_carea' id='block_1_60' title="bbox 2158 2955 3677 3033">
    <p class='ocr_par' dir='ltr' id='par_1_60' title="bbox 2158 2955 3677 3033">
     <span class='ocr_line' id='line_1_60' title="bbox 2158 2955 3677 3033; baseline -0.009 -15"><span class='ocrx_word' id='word_1_376' title='bbox 2158 2962 2351 3033; x_wconf 83' lang='lat' dir='ltr'><strong>pr&#39;mis</strong></span> <span class='ocrx_word' id='word_1_377' title='bbox 2402 2959 2680 3031; x_wconf 74' lang='lat' dir='ltr'><strong>praecipio,</strong></span> <span class='ocrx_word' id='word_1_378' title='bbox 2739 2958 2989 3023; x_wconf 90' lang='lat' dir='ltr'><strong>consulo,</strong></span> <span class='ocrx_word' id='word_1_379' title='bbox 3026 2957 3262 3023; x_wconf 89' lang='lat' dir='ltr'><strong>suadeo,</strong></span> <span class='ocrx_word' id='word_1_380' title='bbox 3306 2956 3379 3011; x_wconf 92' lang='lat' dir='ltr'><strong>ﬁli</strong></span> <span class='ocrx_word' id='word_1_381' title='bbox 3415 2955 3677 3013; x_wconf 66' lang='lat' dir='ltr'><strong>charissim,</strong></span> 
     </span>
    </p>
   </div>
   <div class='ocr_carea' id='block_1_61' title="bbox 2161 3044 3681 3124">
    <p class='ocr_par' dir='ltr' id='par_1_61' title="bbox 2161 3044 3681 3124">
     <span class='ocr_line' id='line_1_61' title="bbox 2161 3044 3681 3124; baseline -0.007 -14"><span class='ocrx_word' id='word_1_382' title='bbox 2161 3055 2207 3110; x_wconf 90' lang='lat' dir='ltr'><strong>si</strong></span> <span class='ocrx_word' id='word_1_383' title='bbox 2242 3052 2478 3124; x_wconf 85' lang='lat' dir='ltr'><strong>regalem</strong></span> <span class='ocrx_word' id='word_1_384' title='bbox 2519 3052 2674 3121; x_wconf 82' lang='lat' dir='ltr'><strong>cupis</strong></span> <span class='ocrx_word' id='word_1_385' title='bbox 2711 3053 3003 3109; x_wconf 81' lang='lat' dir='ltr'><strong>honestare</strong></span> <span class='ocrx_word' id='word_1_386' title='bbox 3042 3065 3312 3110; x_wconf 89' lang='lat' dir='ltr'><strong>coronam</strong></span> <span class='ocrx_word' id='word_1_387' title='bbox 3353 3047 3475 3121; x_wconf 58' lang='lat' dir='ltr'><strong>(aL,</strong></span> <span class='ocrx_word' id='word_1_388' title='bbox 3497 3044 3681 3115; x_wconf 73' lang='lat' dir='ltr'><strong>curiam].</strong></span> 
     </span>
    </p>
   </div>
   <div class='ocr_carea' id='block_1_62' title="bbox 2164 3140 3680 3213">
    <p class='ocr_par' dir='ltr' id='par_1_62' title="bbox 2164 3140 3680 3213">
     <span class='ocr_line' id='line_1_62' title="bbox 2164 3140 3680 3213; baseline -0.009 -11"><span class='ocrx_word' id='word_1_389' title='bbox 2164 3156 2222 3202; x_wconf 94' lang='lat' dir='ltr'><strong>ut</strong></span> <span class='ocrx_word' id='word_1_390' title='bbox 2251 3146 2411 3201; x_wconf 87' lang='lat' dir='ltr'><strong>ﬁdem</strong></span> <span class='ocrx_word' id='word_1_391' title='bbox 2444 3144 2773 3201; x_wconf 83' lang='lat' dir='ltr'><strong>catholicam</strong></span> <span class='ocrx_word' id='word_1_392' title='bbox 2806 3152 2863 3198; x_wconf 89' lang='lat' dir='ltr'><strong>et</strong></span> <span class='ocrx_word' id='word_1_393' title='bbox 2917 3142 3313 3213; x_wconf 84' lang='lat' dir='ltr'><strong>apostolicam,</strong></span> <span class='ocrx_word' id='word_1_394' title='bbox 3347 3142 3434 3195; x_wconf 85' lang='lat' dir='ltr'><strong>tali</strong></span> <span class='ocrx_word' id='word_1_395' title='bbox 3480 3140 3680 3208; x_wconf 72' lang='lat' dir='ltr'><strong>diligentia</strong></span> 
     </span>
    </p>
   </div>
   <div class='ocr_carea' id='block_1_63' title="bbox 2161 3229 3683 3297">
    <p class='ocr_par' dir='ltr' id='par_1_63' title="bbox 2161 3229 3683 3297">
     <span class='ocr_line' id='line_1_63' title="bbox 2161 3229 3683 3297; baseline -0.01 -3"><span class='ocrx_word' id='word_1_396' title='bbox 2161 3247 2216 3294; x_wconf 92' lang='lat' dir='ltr'><strong>et</strong></span> <span class='ocrx_word' id='word_1_397' title='bbox 2247 3236 2491 3292; x_wconf 87' lang='lat' dir='ltr'><strong>custodia</strong></span> <span class='ocrx_word' id='word_1_398' title='bbox 2524 3247 2839 3297; x_wconf 90' lang='lat' dir='ltr'><strong>conserves,</strong></span> <span class='ocrx_word' id='word_1_399' title='bbox 2888 3241 2947 3287; x_wconf 92' lang='lat' dir='ltr'><strong>ut</strong></span> <span class='ocrx_word' id='word_1_400' title='bbox 2985 3232 3247 3286; x_wconf 90' lang='lat' dir='ltr'><strong>omnibus</strong></span> <span class='ocrx_word' id='word_1_401' title='bbox 3276 3231 3374 3286; x_wconf 91' lang='lat' dir='ltr'><strong>tibi</strong></span> <span class='ocrx_word' id='word_1_402' title='bbox 3420 3246 3450 3283; x_wconf 85' lang='lat' dir='ltr'><strong>a</strong></span> <span class='ocrx_word' id='word_1_403' title='bbox 3494 3229 3683 3283; x_wconf 69' lang='lat' dir='ltr'><strong>Deosth</strong></span> 
     </span>
    </p>
   </div>
   <div class='ocr_carea' id='block_1_64' title="bbox 2158 3316 3683 3402">
    <p class='ocr_par' dir='ltr' id='par_1_64' title="bbox 2158 3316 3683 3402">
     <span class='ocr_line' id='line_1_64' title="bbox 2158 3316 3683 3402; baseline -0.013 -17"><span class='ocrx_word' id='word_1_404' title='bbox 2158 3327 2322 3399; x_wconf 78' lang='lat' dir='ltr'><strong>jectis</strong></span> <span class='ocrx_word' id='word_1_405' title='bbox 2369 3325 2680 3396; x_wconf 77' lang='lat' dir='ltr'><strong>exemplum</strong></span> <span class='ocrx_word' id='word_1_406' title='bbox 2726 3322 2999 3402; x_wconf 74' lang='lat' dir='ltr'><strong>przebeas,</strong></span> <span class='ocrx_word' id='word_1_407' title='bbox 3048 3322 3363 3390; x_wconf 70' lang='lat' dir='ltr'><strong>cunctique</strong></span> <span class='ocrx_word' id='word_1_408' title='bbox 3414 3316 3683 3381; x_wconf 64' lang='lat' dir='ltr'><strong>ecclesiastiu&#39;</strong></span> 
     </span>
    </p>
   </div>
   <div class='ocr_carea' id='block_1_65' title="bbox 2165 3407 3684 3493">
    <p class='ocr_par' dir='ltr' id='par_1_65' title="bbox 2165 3407 3684 3493">
     <span class='ocr_line' id='line_1_65' title="bbox 2165 3407 3684 3493; baseline -0.012 -17"><span class='ocrx_word' id='word_1_409' title='bbox 2165 3421 2269 3476; x_wconf 88' lang='lat' dir='ltr'><strong>viri</strong></span> <span class='ocrx_word' id='word_1_410' title='bbox 2316 3419 2443 3493; x_wconf 81' lang='lat' dir='ltr'><strong>[al.,</strong></span> <span class='ocrx_word' id='word_1_411' title='bbox 2468 3415 2590 3487; x_wconf 93' lang='lat' dir='ltr'><strong>ﬁlii]</strong></span> <span class='ocrx_word' id='word_1_412' title='bbox 2621 3416 2819 3471; x_wconf 90' lang='lat' dir='ltr'><strong>merito</strong></span> <span class='ocrx_word' id='word_1_413' title='bbox 2872 3423 2924 3469; x_wconf 89' lang='lat' dir='ltr'><strong>te</strong></span> <span class='ocrx_word' id='word_1_414' title='bbox 2954 3428 3142 3468; x_wconf 83' lang='lat' dir='ltr'><strong>verum</strong></span> <span class='ocrx_word' id='word_1_415' title='bbox 3196 3411 3524 3467; x_wconf 62' lang='lat' dir='ltr'><strong>Christiana</strong></span> <span class='ocrx_word' id='word_1_416' title='bbox 3546 3407 3684 3478; x_wconf 58' lang='lat' dir='ltr'><strong>proles</strong></span> 
     </span>
    </p>
   </div>
   <div class='ocr_carea' id='block_1_66' title="bbox 2166 3498 3684 3571">
    <p class='ocr_par' dir='ltr' id='par_1_66' title="bbox 2166 3498 3684 3571">
     <span class='ocr_line' id='line_1_66' title="bbox 2166 3498 3684 3571; baseline -0.011 -2"><span class='ocrx_word' id='word_1_417' title='bbox 2166 3512 2336 3569; x_wconf 89' lang='lat' dir='ltr'><strong>sionis</strong></span> <span class='ocrx_word' id='word_1_418' title='bbox 2376 3508 2660 3564; x_wconf 85' lang='lat' dir='ltr'><strong>nominent</strong></span> <span class='ocrx_word' id='word_1_419' title='bbox 2688 3506 2890 3570; x_wconf 90' lang='lat' dir='ltr'><strong>virum,</strong></span> <span class='ocrx_word' id='word_1_420' title='bbox 2929 3504 3047 3558; x_wconf 91' lang='lat' dir='ltr'><strong>sine</strong></span> <span class='ocrx_word' id='word_1_421' title='bbox 3087 3516 3216 3571; x_wconf 91' lang='lat' dir='ltr'><strong>qua,</strong></span> <span class='ocrx_word' id='word_1_422' title='bbox 3272 3517 3375 3571; x_wconf 90' lang='lat' dir='ltr'><strong>pro</strong></span> <span class='ocrx_word' id='word_1_423' title='bbox 3415 3509 3546 3555; x_wconf 87' lang='lat' dir='ltr'><strong>certo</strong></span> <span class='ocrx_word' id='word_1_424' title='bbox 3580 3498 3684 3553; x_wconf 59' lang='grc' dir='ltr'><strong>ςςὶλε.</strong></span> 
     </span>
    </p>
   </div>
   <div class='ocr_carea' id='block_1_67' title="bbox 469 3586 3685 3693">
    <p class='ocr_par' dir='ltr' id='par_1_67' title="bbox 469 3586 3685 3693">
     <span class='ocr_line' id='line_1_67' title="bbox 469 3586 3685 3693; baseline -0.004 -43"><span class='ocrx_word' id='word_1_425' title='bbox 469 3596 788 3669; x_wconf 68' lang='lat' dir='ltr'><strong>observare,</strong></span> <span class='ocrx_word' id='word_1_426' title='bbox 818 3596 1047 3652; x_wconf 88' lang='lat' dir='ltr'><strong>dicentis</strong></span> <span class='ocrx_word' id='word_1_427' title='bbox 1070 3610 1166 3667; x_wconf 90' lang='lat' dir='ltr'><strong>per</strong></span> <span class='ocrx_word' id='word_1_428' title='bbox 1195 3611 1257 3651; x_wconf 91' lang='lat' dir='ltr'><strong>os</strong></span> <span class='ocrx_word' id='word_1_429' title='bbox 1281 3595 1587 3655; x_wconf 81' lang='lat' dir='ltr'><strong>Salomonis</strong></span> <span class='ocrx_word' id='word_1_430' title='bbox 1618 3614 1629 3649; x_wconf 91' lang='lat'>:</span> <span class='ocrx_word' id='word_1_431' title='bbox 1668 3596 1829 3661; x_wconf 81' lang='lat' dir='ltr'><strong>Audi,</strong></span> <span class='ocrx_word' id='word_1_432' title='bbox 1857 3596 1940 3665; x_wconf 81' lang='lat' dir='ltr'><strong>ﬁli</strong></span> <span class='ocrx_word' id='word_1_433' title='bbox 1962 3594 2057 3659; x_wconf 82' lang='lat' dir='ltr'><strong>mi,</strong></span> <span class='ocrx_word' id='word_1_434' title='bbox 2088 3630 2134 3693; x_wconf 64' lang='grc' dir='ltr'>ο</span> <span class='ocrx_word' id='word_1_435' title='bbox 2166 3601 2507 3657; x_wconf 74' lang='lat' dir='ltr'><strong>Christianus</strong></span> <span class='ocrx_word' id='word_1_436' title='bbox 2552 3612 2660 3652; x_wconf 88' lang='lat' dir='ltr'><strong>non</strong></span> <span class='ocrx_word' id='word_1_437' title='bbox 2707 3594 2907 3655; x_wconf 88' lang='lat' dir='ltr'><strong>diceris</strong></span> <span class='ocrx_word' id='word_1_438' title='bbox 2929 3635 2945 3662; x_wconf 89' lang='lat'><strong>,</strong></span> <span class='ocrx_word' id='word_1_439' title='bbox 2998 3592 3082 3648; x_wconf 81' lang='lat' dir='ltr'><strong>vel</strong></span> <span class='ocrx_word' id='word_1_440' title='bbox 3124 3586 3405 3647; x_wconf 66' lang='lat' dir='ltr'><strong>Ecclesia:</strong></span> <span class='ocrx_word' id='word_1_441' title='bbox 3457 3590 3591 3645; x_wconf 83' lang='lat' dir='ltr'><strong>ﬁlius.</strong></span> <span class='ocrx_word' id='word_1_442' title='bbox 3624 3586 3685 3651; x_wconf 68' lang='lat' dir='ltr'><strong>U&#39;tl</strong></span> 
     </span>
    </p>
   </div>
   <div class='ocr_carea' id='block_1_68' title="bbox 468 3688 2061 3759">
    <p class='ocr_par' dir='ltr' id='par_1_68' title="bbox 468 3688 2061 3759">
     <span class='ocr_line' id='line_1_68' title="bbox 468 3688 2061 3759; baseline 0.001 -17"><span class='ocrx_word' id='word_1_443' title='bbox 468 3690 636 3759; x_wconf 74' lang='lat' dir='ltr'><strong>patris</strong></span> <span class='ocrx_word' id='word_1_444' title='bbox 672 3691 751 3743; x_wconf 83' lang='lat' dir='ltr'><strong>tui</strong></span> <span class='ocrx_word' id='word_1_445' title='bbox 801 3688 1158 3759; x_wconf 73' lang='lat' dir='ltr'><strong>disciplinam,</strong></span> <span class='ocrx_word' id='word_1_446' title='bbox 1192 3699 1239 3743; x_wconf 87' lang='lat' dir='ltr'><strong>et</strong></span> <span class='ocrx_word' id='word_1_447' title='bbox 1290 3707 1352 3744; x_wconf 85' lang='lat' dir='ltr'><strong>ue</strong></span> <span class='ocrx_word' id='word_1_448' title='bbox 1397 3690 1630 3751; x_wconf 77' lang='lat' dir='ltr'><strong>dimittas</strong></span> <span class='ocrx_word' id='word_1_449' title='bbox 1665 3689 1828 3758; x_wconf 82' lang='lat' dir='ltr'><strong>legem</strong></span> <span class='ocrx_word' id='word_1_450' title='bbox 1874 3689 2061 3749; x_wconf 71' lang='lat' dir='ltr'><strong>matris</strong></span> 
     </span>
    </p>
   </div>
   <div class='ocr_carea' id='block_1_69' title="bbox 472 3778 2064 3852">
    <p class='ocr_par' dir='ltr' id='par_1_69' title="bbox 472 3778 2064 3852">
     <span class='ocr_line' id='line_1_69' title="bbox 472 3778 2064 3852; baseline 0 -17"><span class='ocrx_word' id='word_1_451' title='bbox 472 3791 579 3835; x_wconf 76' lang='lat' dir='ltr'><strong>tua:</strong></span> <span class='ocrx_word' id='word_1_452' title='bbox 606 3778 789 3847; x_wconf 83' lang='lat' dir='ltr'><strong>(Prov.</strong></span> <span class='ocrx_word' id='word_1_453' title='bbox 851 3796 889 3847; x_wconf 87' lang='lat' dir='ltr'><strong>l,</strong></span> <span class='ocrx_word' id='word_1_454' title='bbox 922 3783 999 3850; x_wconf 89' lang='lat'><strong>8),</strong></span> <span class='ocrx_word' id='word_1_455' title='bbox 1060 3790 1121 3836; x_wconf 92' lang='lat' dir='ltr'><strong>ut</strong></span> <span class='ocrx_word' id='word_1_456' title='bbox 1169 3781 1403 3835; x_wconf 86' lang='lat' dir='ltr'><strong>addatur</strong></span> <span class='ocrx_word' id='word_1_457' title='bbox 1435 3781 1610 3852; x_wconf 89' lang='lat' dir='ltr'><strong>gratia</strong></span> <span class='ocrx_word' id='word_1_458' title='bbox 1643 3780 1808 3850; x_wconf 86' lang='lat' dir='ltr'><strong>capiti</strong></span> <span class='ocrx_word' id='word_1_459' title='bbox 1861 3788 1970 3847; x_wconf 93' lang='lat' dir='ltr'><strong>tuo,</strong></span> <span class='ocrx_word' id='word_1_460' title='bbox 2010 3788 2064 3835; x_wconf 88' lang='lat' dir='ltr'><strong>et</strong></span> 
     </span>
    </p>
   </div>
   <div class='ocr_carea' id='block_1_70' title="bbox 474 3870 2063 3943">
    <p class='ocr_par' dir='ltr' id='par_1_70' title="bbox 474 3870 2063 3943">
     <span class='ocr_line' id='line_1_70' title="bbox 474 3870 2063 3943; baseline -0.001 -16"><span class='ocrx_word' id='word_1_461' title='bbox 474 3870 902 3941; x_wconf 81' lang='lat' dir='ltr'><strong>multiplicemur</strong></span> <span class='ocrx_word' id='word_1_462' title='bbox 939 3871 1037 3926; x_wconf 89' lang='lat' dir='ltr'><strong>tibi</strong></span> <span class='ocrx_word' id='word_1_463' title='bbox 1063 3872 1187 3926; x_wconf 90' lang='lat' dir='ltr'><strong>anni</strong></span> <span class='ocrx_word' id='word_1_464' title='bbox 1216 3872 1339 3926; x_wconf 79' lang='lat' dir='ltr'><strong>vita:</strong></span> <span class='ocrx_word' id='word_1_465' title='bbox 1373 3882 1496 3939; x_wconf 64' lang='lat' dir='ltr'><strong>tuae.</strong></span> <span class='ocrx_word' id='word_1_466' title='bbox 1523 3872 1600 3926; x_wconf 72' lang='lat' dir='ltr'><strong>Ex</strong></span> <span class='ocrx_word' id='word_1_467' title='bbox 1631 3872 1734 3943; x_wconf 85' lang='lat' dir='ltr'><strong>hac</strong></span> <span class='ocrx_word' id='word_1_468' title='bbox 1762 3885 1892 3941; x_wconf 86' lang='lat' dir='ltr'><strong>ergo</strong></span> <span class='ocrx_word' id='word_1_469' title='bbox 1937 3886 2063 3925; x_wconf 91' lang='lat' dir='ltr'><strong>seu-</strong></span> 
     </span>
    </p>
   </div>
   <div class='ocr_carea' id='block_1_71' title="bbox 473 3962 2065 4035">
    <p class='ocr_par' dir='ltr' id='par_1_71' title="bbox 473 3962 2065 4035">
     <span class='ocr_line' id='line_1_71' title="bbox 473 3962 2065 4035; baseline -0.002 -16"><span class='ocrx_word' id='word_1_470' title='bbox 473 3962 647 4019; x_wconf 83' lang='lat' dir='ltr'><strong>tentia</strong></span> <span class='ocrx_word' id='word_1_471' title='bbox 687 3962 1123 4020; x_wconf 85' lang='lat' dir='ltr'><strong>animadvertere</strong></span> <span class='ocrx_word' id='word_1_472' title='bbox 1168 3964 1397 4035; x_wconf 89' lang='lat' dir='ltr'><strong>poteris,</strong></span> <span class='ocrx_word' id='word_1_473' title='bbox 1453 3964 1496 4019; x_wconf 92' lang='lat' dir='ltr'><strong>si</strong></span> <span class='ocrx_word' id='word_1_474' title='bbox 1547 3979 1611 4020; x_wconf 85' lang='lat' dir='ltr'><strong>ea</strong></span> <span class='ocrx_word' id='word_1_475' title='bbox 1662 3980 1783 4034; x_wconf 78' lang='lat' dir='ltr'><strong>qua:</strong></span> <span class='ocrx_word' id='word_1_476' title='bbox 1840 3971 2065 4033; x_wconf 87' lang='lat' dir='ltr'><strong>paterna</strong></span> 
     </span>
    </p>
   </div>
   <div class='ocr_carea' id='block_1_72' title="bbox 474 4053 2065 4125">
    <p class='ocr_par' dir='ltr' id='par_1_72' title="bbox 474 4053 2065 4125">
     <span class='ocr_line' id='line_1_72' title="bbox 474 4053 2065 4125; baseline 0.001 -17"><span class='ocrx_word' id='word_1_477' title='bbox 474 4055 678 4125; x_wconf 83' lang='lat' dir='ltr'><strong>pietate</strong></span> <span class='ocrx_word' id='word_1_478' title='bbox 728 4053 824 4109; x_wconf 88' lang='lat' dir='ltr'><strong>tibi</strong></span> <span class='ocrx_word' id='word_1_479' title='bbox 879 4055 1130 4124; x_wconf 71' lang='lat' dir='ltr'><strong>praecipio</strong></span> <span class='ocrx_word' id='word_1_480' title='bbox 1184 4056 1583 4124; x_wconf 84' lang='lat' dir='ltr'><strong>contempseris</strong></span> <span class='ocrx_word' id='word_1_481' title='bbox 1647 4054 1813 4124; x_wconf 87' lang='lat' dir='ltr'><strong>(quod</strong></span> <span class='ocrx_word' id='word_1_482' title='bbox 1858 4055 2065 4122; x_wconf 83' lang='lat' dir='ltr'><strong>absit!)</strong></span> 
     </span>
    </p>
   </div>
   <div class='ocr_carea' id='block_1_73' title="bbox 475 4144 2067 4218">
    <p class='ocr_par' dir='ltr' id='par_1_73' title="bbox 475 4144 2067 4218">
     <span class='ocr_line' id='line_1_73' title="bbox 475 4144 2067 4218; baseline 0.001 -20"><span class='ocrx_word' id='word_1_483' title='bbox 475 4145 619 4216; x_wconf 88' lang='lat' dir='ltr'><strong>quod</strong></span> <span class='ocrx_word' id='word_1_484' title='bbox 653 4146 885 4215; x_wconf 88' lang='lat' dir='ltr'><strong>amplius</strong></span> <span class='ocrx_word' id='word_1_485' title='bbox 923 4144 1044 4218; x_wconf 77' lang='lat' dir='ltr'><strong>[al.,</strong></span> <span class='ocrx_word' id='word_1_486' title='bbox 1077 4147 1219 4215; x_wconf 91' lang='lat' dir='ltr'><strong>quod</strong></span> <span class='ocrx_word' id='word_1_487' title='bbox 1263 4147 1377 4215; x_wconf 87' lang='lat' dir='ltr'><strong>jam</strong></span> <span class='ocrx_word' id='word_1_488' title='bbox 1428 4144 1681 4217; x_wconf 83' lang='lat' dir='ltr'><strong>amplius]</strong></span> <span class='ocrx_word' id='word_1_489' title='bbox 1735 4146 1942 4201; x_wconf 89' lang='lat' dir='ltr'><strong>amicus</strong></span> <span class='ocrx_word' id='word_1_490' title='bbox 1972 4146 2067 4200; x_wconf 70' lang='lat' dir='ltr'><strong>Dei</strong></span> 
     </span>
    </p>
   </div>
   <div class='ocr_carea' id='block_1_74' title="bbox 474 4235 2066 4308">
    <p class='ocr_par' dir='ltr' id='par_1_74' title="bbox 474 4235 2066 4308">
     <span class='ocr_line' id='line_1_74' title="bbox 474 4235 2066 4308; baseline -0.001 -17"><span class='ocrx_word' id='word_1_491' title='bbox 474 4247 530 4292; x_wconf 87' lang='lat' dir='ltr'><strong>et</strong></span> <span class='ocrx_word' id='word_1_492' title='bbox 561 4238 839 4292; x_wconf 83' lang='lat' dir='ltr'><strong>hominum</strong></span> <span class='ocrx_word' id='word_1_493' title='bbox 879 4252 984 4303; x_wconf 88' lang='lat' dir='ltr'><strong>non</strong></span> <span class='ocrx_word' id='word_1_494' title='bbox 1016 4237 1144 4291; x_wconf 90' lang='lat' dir='ltr'><strong>eris.</strong></span> <span class='ocrx_word' id='word_1_495' title='bbox 1178 4236 1318 4291; x_wconf 90' lang='lat' dir='ltr'><strong>Audi</strong></span> <span class='ocrx_word' id='word_1_496' title='bbox 1342 4251 1467 4291; x_wconf 83' lang='lat' dir='ltr'><strong>vero</strong></span> <span class='ocrx_word' id='word_1_497' title='bbox 1496 4235 1919 4303; x_wconf 87' lang='lat' dir='ltr'><strong>inobcdientium</strong></span> <span class='ocrx_word' id='word_1_498' title='bbox 1946 4236 2066 4308; x_wconf 85' lang='lat' dir='ltr'><strong>[al.,</strong></span> 
     </span>
    </p>
   </div>
   <div class='ocr_carea' id='block_1_75' title="bbox 476 4325 2066 4398">
    <p class='ocr_par' dir='ltr' id='par_1_75' title="bbox 476 4325 2066 4398">
     <span class='ocr_line' id='line_1_75' title="bbox 476 4325 2066 4398; baseline 0.001 -18"><span class='ocrx_word' id='word_1_499' title='bbox 476 4328 722 4382; x_wconf 76' lang='lat' dir='ltr'><strong>mendose</strong></span> <span class='ocrx_word' id='word_1_500' title='bbox 773 4325 1225 4398; x_wconf 86' lang='lat' dir='ltr'><strong>inobedientiam]</strong></span> <span class='ocrx_word' id='word_1_501' title='bbox 1284 4327 1763 4397; x_wconf 75' lang='lat' dir='ltr'><strong>pnevaricatorum</strong></span> <span class='ocrx_word' id='word_1_502' title='bbox 1815 4330 2066 4398; x_wconf 63' lang='lat' dir='ltr'><strong>praecepti</strong></span> 
     </span>
    </p>
   </div>
   <div class='ocr_carea' id='block_1_76' title="bbox 476 4417 2067 4489">
    <p class='ocr_par' dir='ltr' id='par_1_76' title="bbox 476 4417 2067 4489">
     <span class='ocr_line' id='line_1_76' title="bbox 476 4417 2067 4489; baseline -0.001 -14"><span class='ocrx_word' id='word_1_503' title='bbox 476 4434 664 4475; x_wconf 88' lang='lat' dir='ltr'><strong>casum</strong></span> <span class='ocrx_word' id='word_1_504' title='bbox 697 4428 751 4473; x_wconf 91' lang='lat' dir='ltr'><strong>et</strong></span> <span class='ocrx_word' id='word_1_505' title='bbox 780 4417 1164 4489; x_wconf 75' lang='lat' dir='ltr'><strong>przecipitium.</strong></span> <span class='ocrx_word' id='word_1_506' title='bbox 1193 4420 1367 4474; x_wconf 84' lang='lat' dir='ltr'><strong>Adam</strong></span> <span class='ocrx_word' id='word_1_507' title='bbox 1397 4419 1641 4489; x_wconf 89' lang='lat' dir='ltr'><strong>quidem,</strong></span> <span class='ocrx_word' id='word_1_508' title='bbox 1695 4435 1857 4489; x_wconf 89' lang='lat' dir='ltr'><strong>quem</strong></span> <span class='ocrx_word' id='word_1_509' title='bbox 1882 4419 2067 4485; x_wconf 86' lang='lat' dir='ltr'><strong>Domi—</strong></span> 
     </span>
    </p>
   </div>
   <div class='ocr_carea' id='block_1_77' title="bbox 478 4509 2070 4580">
    <p class='ocr_par' dir='ltr' id='par_1_77' title="bbox 478 4509 2070 4580">
     <span class='ocr_line' id='line_1_77' title="bbox 478 4509 2070 4580; baseline 0.001 -17"><span class='ocrx_word' id='word_1_510' title='bbox 478 4526 583 4565; x_wconf 90' lang='lat' dir='ltr'><strong>nus</strong></span> <span class='ocrx_word' id='word_1_511' title='bbox 607 4511 855 4565; x_wconf 89' lang='lat' dir='ltr'><strong>conditor</strong></span> <span class='ocrx_word' id='word_1_512' title='bbox 886 4511 1161 4579; x_wconf 91' lang='lat' dir='ltr'><strong>totiusque</strong></span> <span class='ocrx_word' id='word_1_513' title='bbox 1189 4519 1454 4565; x_wconf 62' lang='lat' dir='ltr'><strong>creatura:</strong></span> <span class='ocrx_word' id='word_1_514' title='bbox 1484 4509 1802 4580; x_wconf 89' lang='lat' dir='ltr'><strong>plasmator,</strong></span> <span class='ocrx_word' id='word_1_515' title='bbox 1826 4511 1891 4566; x_wconf 93' lang='lat' dir='ltr'><strong>ad</strong></span> <span class='ocrx_word' id='word_1_516' title='bbox 1916 4526 2070 4566; x_wconf 88' lang='lat' dir='ltr'><strong>suam</strong></span> 
     </span>
    </p>
   </div>
   <div class='ocr_carea' id='block_1_78' title="bbox 478 4600 2071 4674">
    <p class='ocr_par' dir='ltr' id='par_1_78' title="bbox 478 4600 2071 4674">
     <span class='ocr_line' id='line_1_78' title="bbox 478 4600 2071 4674; baseline 0 -17"><span class='ocrx_word' id='word_1_517' title='bbox 478 4604 736 4658; x_wconf 78' lang='lat' dir='ltr'><strong>formavit</strong></span> <span class='ocrx_word' id='word_1_518' title='bbox 784 4603 1194 4658; x_wconf 88' lang='lat' dir='ltr'><strong>similitudinem</strong></span> <span class='ocrx_word' id='word_1_519' title='bbox 1241 4600 1392 4673; x_wconf 85' lang='lat' dir='ltr'><strong>(Gen.</strong></span> <span class='ocrx_word' id='word_1_520' title='bbox 1422 4620 1459 4666; x_wconf 84' lang='grc' dir='ltr'><strong>ι,</strong></span> <span class='ocrx_word' id='word_1_521' title='bbox 1493 4603 1610 4674; x_wconf 75' lang='lat'><strong>9.6),</strong></span> <span class='ocrx_word' id='word_1_522' title='bbox 1662 4619 1898 4674; x_wconf 88' lang='lat' dir='ltr'><strong>eumque</strong></span> <span class='ocrx_word' id='word_1_523' title='bbox 1948 4604 2071 4659; x_wconf 77' lang='lat' dir='ltr'><strong>uni-</strong></span> 
     </span>
    </p>
   </div>
   <div class='ocr_carea' id='block_1_79' title="bbox 477 4693 2074 4768">
    <p class='ocr_par' dir='ltr' id='par_1_79' title="bbox 477 4693 2074 4768">
     <span class='ocr_line' id='line_1_79' title="bbox 477 4693 2074 4768; baseline 0.002 -20"><span class='ocrx_word' id='word_1_524' title='bbox 477 4695 860 4750; x_wconf 76' lang='lat' dir='ltr'><strong>versalisfecit</strong></span> <span class='ocrx_word' id='word_1_525' title='bbox 919 4695 1189 4750; x_wconf 64' lang='lat' dir='ltr'><strong>haeredem</strong></span> <span class='ocrx_word' id='word_1_526' title='bbox 1228 4693 1531 4765; x_wconf 81' lang='lat' dir='ltr'><strong>dignitatis,</strong></span> <span class='ocrx_word' id='word_1_527' title='bbox 1588 4696 1861 4752; x_wconf 90' lang='lat' dir='ltr'><strong>vinculum</strong></span> <span class='ocrx_word' id='word_1_528' title='bbox 1911 4698 2074 4768; x_wconf 80' lang='lat' dir='ltr'><strong>fregit</strong></span> 
     </span>
    </p>
   </div>
   <div class='ocr_carea' id='block_1_80' title="bbox 479 4787 2071 4858">
    <p class='ocr_par' dir='ltr' id='par_1_80' title="bbox 479 4787 2071 4858">
     <span class='ocr_line' id='line_1_80' title="bbox 479 4787 2071 4858; baseline 0.002 -18"><span class='ocrx_word' id='word_1_529' title='bbox 479 4796 896 4858; x_wconf 57' lang='lat' dir='ltr'><strong>praeceptorum,</strong></span> <span class='ocrx_word' id='word_1_530' title='bbox 945 4787 1239 4858; x_wconf 90' lang='lat' dir='ltr'><strong>statimque</strong></span> <span class='ocrx_word' id='word_1_531' title='bbox 1280 4788 1608 4857; x_wconf 85' lang='lat' dir='ltr'><strong>dignitatum</strong></span> <span class='ocrx_word' id='word_1_532' title='bbox 1653 4790 2071 4856; x_wconf 89' lang='lat' dir='ltr'><strong>sublimitatem,</strong></span> 
     </span>
    </p>
   </div>
   <div class='ocr_carea' id='block_1_81' title="bbox 481 4878 2075 4951">
    <p class='ocr_par' dir='ltr' id='par_1_81' title="bbox 481 4878 2075 4951">
     <span class='ocr_line' id='line_1_81' title="bbox 481 4878 2075 4951; baseline 0.003 -20"><span class='ocrx_word' id='word_1_533' title='bbox 481 4896 547 4933; x_wconf 87' lang='lat' dir='ltr'><strong>ac</strong></span> <span class='ocrx_word' id='word_1_534' title='bbox 574 4878 910 4933; x_wconf 89' lang='lat' dir='ltr'><strong>mansionem</strong></span> <span class='ocrx_word' id='word_1_535' title='bbox 933 4878 1170 4949; x_wconf 89' lang='lat' dir='ltr'><strong>paradisi</strong></span> <span class='ocrx_word' id='word_1_536' title='bbox 1202 4878 1440 4949; x_wconf 82' lang='lat' dir='ltr'><strong>perdidit</strong></span> <span class='ocrx_word' id='word_1_537' title='bbox 1485 4878 1641 4948; x_wconf 80' lang='lat' dir='ltr'><strong>(Gen.</strong></span> <span class='ocrx_word' id='word_1_538' title='bbox 1674 4880 1778 4951; x_wconf 87' lang='lat' dir='ltr'><strong>ut).</strong></span> <span class='ocrx_word' id='word_1_539' title='bbox 1802 4880 2075 4949; x_wconf 83' lang='lat' dir='ltr'><strong>Antiquus</strong></span> 
     </span>
    </p>
   </div>
   <div class='ocr_carea' id='block_1_82' title="bbox 482 4968 2076 5042">
    <p class='ocr_par' dir='ltr' id='par_1_82' title="bbox 482 4968 2076 5042">
     <span class='ocr_line' id='line_1_82' title="bbox 482 4968 2076 5042; baseline -0.001 -17"><span class='ocrx_word' id='word_1_540' title='bbox 482 4986 701 5042; x_wconf 89' lang='lat' dir='ltr'><strong>quoque</strong></span> <span class='ocrx_word' id='word_1_541' title='bbox 730 4970 959 5041; x_wconf 82' lang='lat' dir='ltr'><strong>populus</strong></span> <span class='ocrx_word' id='word_1_542' title='bbox 994 4984 1025 5024; x_wconf 90' lang='lat' dir='ltr'><strong>a</strong></span> <span class='ocrx_word' id='word_1_543' title='bbox 1072 4970 1183 5024; x_wconf 93' lang='lat' dir='ltr'><strong>Deo</strong></span> <span class='ocrx_word' id='word_1_544' title='bbox 1213 4968 1420 5024; x_wconf 87' lang='lat' dir='ltr'><strong>electus</strong></span> <span class='ocrx_word' id='word_1_545' title='bbox 1449 4979 1505 5023; x_wconf 92' lang='lat' dir='ltr'><strong>et</strong></span> <span class='ocrx_word' id='word_1_546' title='bbox 1530 4969 1782 5036; x_wconf 87' lang='lat' dir='ltr'><strong>dilectus,</strong></span> <span class='ocrx_word' id='word_1_547' title='bbox 1824 4971 1951 5039; x_wconf 87' lang='lat' dir='ltr'><strong>quia</strong></span> <span class='ocrx_word' id='word_1_548' title='bbox 1999 4970 2076 5023; x_wconf 86' lang='lat' dir='ltr'><strong>le-</strong></span> 
     </span>
    </p>
   </div>
   <div class='ocr_carea' id='block_1_83' title="bbox 484 5062 2073 5141">
    <p class='ocr_par' dir='ltr' id='par_1_83' title="bbox 484 5062 2073 5141">
     <span class='ocr_line' id='line_1_83' title="bbox 484 5062 2073 5141; baseline -0.003 -19"><span class='ocrx_word' id='word_1_549' title='bbox 484 5068 701 5141; x_wconf 84' lang='lat' dir='ltr'><strong>gamina</strong></span> <span class='ocrx_word' id='word_1_550' title='bbox 758 5066 878 5139; x_wconf 86' lang='lat' dir='ltr'><strong>[al.,</strong></span> <span class='ocrx_word' id='word_1_551' title='bbox 933 5062 1213 5137; x_wconf 84' lang='lat' dir='ltr'><strong>ligamina]</strong></span> <span class='ocrx_word' id='word_1_552' title='bbox 1278 5065 1687 5135; x_wconf 82' lang='lat' dir='ltr'><strong>mandatorum,</strong></span> <span class='ocrx_word' id='word_1_553' title='bbox 1737 5065 1922 5135; x_wconf 83' lang='lat' dir='ltr'><strong>digitis</strong></span> <span class='ocrx_word' id='word_1_554' title='bbox 1981 5063 2073 5118; x_wconf 91' lang='lat' dir='ltr'><strong>Dei</strong></span> 
     </span>
    </p>
   </div>
   <div class='ocr_carea' id='block_1_84' title="bbox 484 5151 2074 5227">
    <p class='ocr_par' dir='ltr' id='par_1_84' title="bbox 484 5151 2074 5227">
     <span class='ocr_line' id='line_1_84' title="bbox 484 5151 2074 5227; baseline -0.004 -14"><span class='ocrx_word' id='word_1_555' title='bbox 484 5158 728 5223; x_wconf 87' lang='lat' dir='ltr'><strong>condita,</strong></span> <span class='ocrx_word' id='word_1_556' title='bbox 776 5156 1014 5227; x_wconf 87' lang='lat' dir='ltr'><strong>disjecit,</strong></span> <span class='ocrx_word' id='word_1_557' title='bbox 1062 5156 1268 5211; x_wconf 90' lang='lat' dir='ltr'><strong>idcirco</strong></span> <span class='ocrx_word' id='word_1_558' title='bbox 1310 5154 1540 5211; x_wconf 75' lang='lat' dir='ltr'><strong>ditersis</strong></span> <span class='ocrx_word' id='word_1_559' title='bbox 1593 5153 1800 5208; x_wconf 88' lang='lat' dir='ltr'><strong>interiit</strong></span> <span class='ocrx_word' id='word_1_560' title='bbox 1849 5151 2074 5207; x_wconf 88' lang='lat' dir='ltr'><strong>modis:</strong></span> 
     </span>
    </p>
   </div>
   <div class='ocr_carea' id='block_1_85' title="bbox 483 5242 2074 5321">
    <p class='ocr_par' dir='ltr' id='par_1_85' title="bbox 483 5242 2074 5321">
     <span class='ocr_line' id='line_1_85' title="bbox 483 5242 2074 5321; baseline -0.004 -17"><span class='ocrx_word' id='word_1_561' title='bbox 483 5258 694 5321; x_wconf 90' lang='lat' dir='ltr'><strong>partem</strong></span> <span class='ocrx_word' id='word_1_562' title='bbox 740 5249 962 5319; x_wconf 91' lang='lat' dir='ltr'><strong>quidem</strong></span> <span class='ocrx_word' id='word_1_563' title='bbox 1009 5257 1156 5304; x_wconf 88' lang='lat' dir='ltr'><strong>terra</strong></span> <span class='ocrx_word' id='word_1_564' title='bbox 1214 5246 1498 5316; x_wconf 79' lang='lat' dir='ltr'><strong>deglutivit</strong></span> <span class='ocrx_word' id='word_1_565' title='bbox 1547 5243 1743 5313; x_wconf 75' lang='lat' dir='ltr'><strong>(Nam.</strong></span> <span class='ocrx_word' id='word_1_566' title='bbox 1782 5260 1917 5312; x_wconf 82' lang='lat' dir='ltr'><strong>xvtt,</strong></span> <span class='ocrx_word' id='word_1_567' title='bbox 1958 5242 2074 5315; x_wconf 22' lang='lat'><strong>35‘),</strong></span> 
     </span>
    </p>
   </div>
   <div class='ocr_carea' id='block_1_86' title="bbox 486 5334 2078 5411">
    <p class='ocr_par' dir='ltr' id='par_1_86' title="bbox 486 5334 2078 5411">
     <span class='ocr_line' id='line_1_86' title="bbox 486 5334 2078 5411; baseline -0.002 -19"><span class='ocrx_word' id='word_1_568' title='bbox 486 5348 699 5411; x_wconf 83' lang='lat' dir='ltr'><strong>partem</strong></span> <span class='ocrx_word' id='word_1_569' title='bbox 746 5355 964 5410; x_wconf 88' lang='lat' dir='ltr'><strong>quoque</strong></span> <span class='ocrx_word' id='word_1_570' title='bbox 990 5338 1385 5394; x_wconf 78' lang='lat' dir='ltr'><strong>exterminator</strong></span> <span class='ocrx_word' id='word_1_571' title='bbox 1440 5334 1811 5399; x_wconf 88' lang='lat' dir='ltr'><strong>mortiﬁcavit,</strong></span> <span class='ocrx_word' id='word_1_572' title='bbox 1856 5342 1912 5388; x_wconf 91' lang='lat' dir='ltr'><strong>et</strong></span> <span class='ocrx_word' id='word_1_573' title='bbox 1953 5349 2078 5405; x_wconf 89' lang='lat' dir='ltr'><strong>pars</strong></span> 
     </span>
    </p>
   </div>
   <div class='ocr_carea' id='block_1_87' title="bbox 488 5426 2077 5496">
    <p class='ocr_par' dir='ltr' id='par_1_87' title="bbox 488 5426 2077 5496">
     <span class='ocr_line' id='line_1_87' title="bbox 488 5426 2077 5496; baseline -0.002 -12"><span class='ocrx_word' id='word_1_574' title='bbox 488 5431 720 5484; x_wconf 80' lang='lat' dir='ltr'><strong>invicem</strong></span> <span class='ocrx_word' id='word_1_575' title='bbox 777 5446 835 5489; x_wconf 89' lang='lat' dir='ltr'><strong>se</strong></span> <span class='ocrx_word' id='word_1_576' title='bbox 889 5429 1182 5487; x_wconf 83' lang='lat' dir='ltr'><strong>interfecit.</strong></span> <span class='ocrx_word' id='word_1_577' title='bbox 1237 5427 1409 5485; x_wconf 87' lang='lat' dir='ltr'><strong>Filius</strong></span> <span class='ocrx_word' id='word_1_578' title='bbox 1459 5442 1674 5496; x_wconf 87' lang='lat' dir='ltr'><strong>quoque</strong></span> <span class='ocrx_word' id='word_1_579' title='bbox 1720 5426 2028 5482; x_wconf 73' lang='lat' dir='ltr'><strong>Solomonis</strong></span> <span class='ocrx_word' id='word_1_580' title='bbox 2062 5466 2077 5490; x_wconf 92' lang='lat'><strong>,</strong></span> 
     </span>
    </p>
   </div>
   <div class='ocr_carea' id='block_1_88' title="bbox 488 5517 2079 5593">
    <p class='ocr_par' dir='ltr' id='par_1_88' title="bbox 488 5517 2079 5593">
     <span class='ocr_line' id='line_1_88' title="bbox 488 5517 2079 5593; baseline -0.004 -16"><span class='ocrx_word' id='word_1_581' title='bbox 488 5520 753 5591; x_wconf 68' lang='lat' dir='ltr'><strong>altjiciens</strong></span> <span class='ocrx_word' id='word_1_582' title='bbox 774 5525 999 5593; x_wconf 87' lang='lat' dir='ltr'><strong>paciﬁca</strong></span> <span class='ocrx_word' id='word_1_583' title='bbox 1056 5523 1221 5578; x_wconf 89' lang='lat' dir='ltr'><strong>verba</strong></span> <span class='ocrx_word' id='word_1_584' title='bbox 1254 5519 1446 5591; x_wconf 90' lang='lat' dir='ltr'><strong>patris,</strong></span> <span class='ocrx_word' id='word_1_585' title='bbox 1488 5534 1553 5573; x_wconf 91' lang='lat' dir='ltr'><strong>ac</strong></span> <span class='ocrx_word' id='word_1_586' title='bbox 1586 5518 1837 5589; x_wconf 85' lang='lat' dir='ltr'><strong>superbia</strong></span> <span class='ocrx_word' id='word_1_587' title='bbox 1884 5517 2079 5579; x_wconf 84' lang='lat' dir='ltr'><strong>elatus,</strong></span> 
     </span>
    </p>
   </div>
   <div class='ocr_carea' id='block_1_89' title="bbox 566 5652 2079 5725">
    <p class='ocr_par' dir='ltr' id='par_1_89' title="bbox 566 5652 2079 5725">
     <span class='ocr_line' id='line_1_89' title="bbox 566 5652 2079 5725; baseline -0.005 -15"><span class='ocrx_word' id='word_1_588' title='bbox 566 5658 714 5725; x_wconf 70' lang='grc'><strong>(102)</strong></span> <span class='ocrx_word' id='word_1_589' title='bbox 768 5656 866 5709; x_wconf 89' lang='lat' dir='ltr'><strong>llic</strong></span> <span class='ocrx_word' id='word_1_590' title='bbox 918 5655 1251 5725; x_wconf 71' lang='lat' dir='ltr'><strong>prmlationis</strong></span> <span class='ocrx_word' id='word_1_591' title='bbox 1306 5654 1493 5708; x_wconf 90' lang='lat' dir='ltr'><strong>titulus</strong></span> <span class='ocrx_word' id='word_1_592' title='bbox 1556 5655 1695 5725; x_wconf 81' lang='lat' dir='ltr'><strong>apud</strong></span> <span class='ocrx_word' id='word_1_593' title='bbox 1751 5652 2079 5708; x_wconf 87' lang='lat' dir='ltr'><strong>Sambucum</strong></span> 
     </span>
    </p>
   </div>
   <div class='ocr_carea' id='block_1_90' title="bbox 495 5724 2079 5790">
    <p class='ocr_par' dir='ltr' id='par_1_90' title="bbox 495 5724 2079 5790">
     <span class='ocr_line' id='line_1_90' title="bbox 495 5724 2079 5790; baseline -0.004 -10"><span class='ocrx_word' id='word_1_594' title='bbox 495 5724 790 5789; x_wconf 85' lang='lat' dir='ltr'><strong>omittitur,</strong></span> <span class='ocrx_word' id='word_1_595' title='bbox 842 5734 895 5777; x_wconf 89' lang='lat' dir='ltr'><strong>et</strong></span> <span class='ocrx_word' id='word_1_596' title='bbox 924 5724 1081 5777; x_wconf 81' lang='lat' dir='ltr'><strong>certo</strong></span> <span class='ocrx_word' id='word_1_597' title='bbox 1135 5741 1237 5776; x_wconf 86' lang='lat' dir='ltr'><strong>non</strong></span> <span class='ocrx_word' id='word_1_598' title='bbox 1287 5733 1370 5777; x_wconf 88' lang='lat' dir='ltr'><strong>est</strong></span> <span class='ocrx_word' id='word_1_599' title='bbox 1416 5725 1474 5774; x_wconf 70' lang='grc' dir='ltr'><strong>ὃ.</strong></span> <span class='ocrx_word' id='word_1_600' title='bbox 1527 5724 1790 5790; x_wconf 70' lang='lat' dir='ltr'><strong>Stephani</strong></span> <span class='ocrx_word' id='word_1_601' title='bbox 1824 5740 1837 5783; x_wconf 86' lang='lat'>;</span> <span class='ocrx_word' id='word_1_602' title='bbox 1876 5724 2079 5776; x_wconf 86' lang='lat' dir='ltr'><strong>omissa</strong></span> 
     </span>
    </p>
   </div>
   <div class='ocr_carea' id='block_1_91' title="bbox 500 5792 2071 5857">
    <p class='ocr_par' dir='ltr' id='par_1_91' title="bbox 500 5792 2071 5857">
     <span class='ocr_line' id='line_1_91' title="bbox 500 5792 2071 5857; baseline -0.003 -7"><span class='ocrx_word' id='word_1_603' title='bbox 500 5798 695 5851; x_wconf 54' lang='grc' dir='ltr'><strong>ἱὺὶηεωι</strong></span> <span class='ocrx_word' id='word_1_604' title='bbox 756 5794 1009 5851; x_wconf 88' lang='lat' dir='ltr'><strong>similiter</strong></span> <span class='ocrx_word' id='word_1_605' title='bbox 1042 5793 1309 5846; x_wconf 76' lang='lat' dir='ltr'><strong>invocatio</strong></span> <span class='ocrx_word' id='word_1_606' title='bbox 1367 5792 1719 5848; x_wconf 67' lang='lat' dir='ltr'><strong>sanctissima:</strong></span> <span class='ocrx_word' id='word_1_607' title='bbox 1769 5792 2071 5857; x_wconf 67' lang='lat' dir='ltr'><strong>Trinitatis.</strong></span> 
     </span>
    </p>
   </div>
   <div class='ocr_carea' id='block_1_92' title="bbox 2166 3682 3687 3750">
    <p class='ocr_par' dir='ltr' id='par_1_92' title="bbox 2166 3682 3687 3750">
     <span class='ocr_line' id='line_1_92' title="bbox 2166 3682 3687 3750; baseline -0.013 0"><span class='ocrx_word' id='word_1_608' title='bbox 2166 3695 2311 3750; x_wconf 84' lang='lat' dir='ltr'><strong>enim</strong></span> <span class='ocrx_word' id='word_1_609' title='bbox 2341 3691 2476 3748; x_wconf 83' lang='lat' dir='ltr'><strong>false</strong></span> <span class='ocrx_word' id='word_1_610' title='bbox 2510 3689 2761 3749; x_wconf 88' lang='lat' dir='ltr'><strong>credunt,</strong></span> <span class='ocrx_word' id='word_1_611' title='bbox 2815 3686 2899 3741; x_wconf 83' lang='lat' dir='ltr'><strong>vel</strong></span> <span class='ocrx_word' id='word_1_612' title='bbox 2931 3687 3092 3740; x_wconf 86' lang='lat' dir='ltr'><strong>ﬁdem</strong></span> <span class='ocrx_word' id='word_1_613' title='bbox 3127 3686 3181 3739; x_wconf 90' lang='lat' dir='ltr'><strong>in</strong></span> <span class='ocrx_word' id='word_1_614' title='bbox 3222 3686 3389 3741; x_wconf 88' lang='lat' dir='ltr'><strong>bonis</strong></span> <span class='ocrx_word' id='word_1_615' title='bbox 3419 3700 3513 3739; x_wconf 89' lang='lat' dir='ltr'><strong>non</strong></span> <span class='ocrx_word' id='word_1_616' title='bbox 3535 3682 3687 3747; x_wconf 71' lang='lat' dir='ltr'><strong>impleo:</strong></span> 
     </span>
    </p>
   </div>
   <div class='ocr_carea' id='block_1_93' title="bbox 2166 3770 3689 3857">
    <p class='ocr_par' dir='ltr' id='par_1_93' title="bbox 2166 3770 3689 3857">
     <span class='ocr_line' id='line_1_93' title="bbox 2166 3770 3689 3857; baseline -0.008 -18"><span class='ocrx_word' id='word_1_617' title='bbox 2166 3792 2223 3839; x_wconf 88' lang='lat' dir='ltr'><strong>et</strong></span> <span class='ocrx_word' id='word_1_618' title='bbox 2245 3789 2446 3838; x_wconf 88' lang='lat' dir='ltr'><strong>ornant</strong></span> <span class='ocrx_word' id='word_1_619' title='bbox 2498 3776 2754 3848; x_wconf 90' lang='lat' dir='ltr'><strong>operibus</strong></span> <span class='ocrx_word' id='word_1_620' title='bbox 2781 3774 2926 3847; x_wconf 87' lang='lat' dir='ltr'><strong>(quia</strong></span> <span class='ocrx_word' id='word_1_621' title='bbox 2959 3774 3095 3830; x_wconf 87' lang='lat' dir='ltr'><strong>ﬁdes</strong></span> <span class='ocrx_word' id='word_1_622' title='bbox 3148 3774 3274 3829; x_wconf 86' lang='lat' dir='ltr'><strong>sine</strong></span> <span class='ocrx_word' id='word_1_623' title='bbox 3308 3788 3472 3857; x_wconf 78' lang='lat' dir='ltr'><strong>Opere</strong></span> <span class='ocrx_word' id='word_1_624' title='bbox 3513 3770 3689 3827; x_wconf 75' lang='lat' dir='ltr'><strong>moritur)</strong></span> 
     </span>
    </p>
   </div>
   <div class='ocr_carea' id='block_1_94' title="bbox 2169 3867 3691 3940">
    <p class='ocr_par' dir='ltr' id='par_1_94' title="bbox 2169 3867 3691 3940">
     <span class='ocr_line' id='line_1_94' title="bbox 2169 3867 3691 3940; baseline -0.012 -8"><span class='ocrx_word' id='word_1_625' title='bbox 2169 3890 2275 3931; x_wconf 89' lang='lat' dir='ltr'><strong>nec</strong></span> <span class='ocrx_word' id='word_1_626' title='bbox 2299 3874 2386 3930; x_wconf 91' lang='lat' dir='ltr'><strong>hic</strong></span> <span class='ocrx_word' id='word_1_627' title='bbox 2416 3874 2644 3928; x_wconf 85' lang='lat' dir='ltr'><strong>honeste</strong></span> <span class='ocrx_word' id='word_1_628' title='bbox 2676 3882 2928 3940; x_wconf 89' lang='lat' dir='ltr'><strong>regnant,</strong></span> <span class='ocrx_word' id='word_1_629' title='bbox 2983 3883 3083 3922; x_wconf 91' lang='lat' dir='ltr'><strong>nec</strong></span> <span class='ocrx_word' id='word_1_630' title='bbox 3131 3867 3186 3922; x_wconf 91' lang='lat' dir='ltr'><strong>in</strong></span> <span class='ocrx_word' id='word_1_631' title='bbox 3220 3876 3434 3924; x_wconf 64' lang='lat' dir='ltr'><strong>aeterno</strong></span> <span class='ocrx_word' id='word_1_632' title='bbox 3476 3880 3609 3935; x_wconf 81' lang='lat' dir='ltr'><strong>regno</strong></span> <span class='ocrx_word' id='word_1_633' title='bbox 3643 3868 3691 3913; x_wconf 70' lang='lat' dir='ltr'><strong>tu</strong></span> 
     </span>
    </p>
   </div>
   <div class='ocr_carea' id='block_1_95' title="bbox 2167 3957 3692 4034">
    <p class='ocr_par' dir='ltr' id='par_1_95' title="bbox 2167 3957 3692 4034">
     <span class='ocr_line' id='line_1_95' title="bbox 2167 3957 3692 4034; baseline -0.011 -10"><span class='ocrx_word' id='word_1_634' title='bbox 2167 3982 2372 4024; x_wconf 88' lang='lat' dir='ltr'><strong>corona</strong></span> <span class='ocrx_word' id='word_1_635' title='bbox 2394 3965 2724 4034; x_wconf 85' lang='lat' dir='ltr'><strong>participant</strong></span> <span class='ocrx_word' id='word_1_636' title='bbox 2757 3961 2882 4034; x_wconf 73' lang='lat' dir='ltr'><strong>[al.,</strong></span> <span class='ocrx_word' id='word_1_637' title='bbox 2926 3957 3383 4030; x_wconf 89' lang='lat' dir='ltr'><strong>participantur].</strong></span> <span class='ocrx_word' id='word_1_638' title='bbox 3416 3958 3469 4012; x_wconf 88' lang='lat' dir='ltr'><strong>Si</strong></span> <span class='ocrx_word' id='word_1_639' title='bbox 3491 3971 3596 4010; x_wconf 79' lang='lat' dir='ltr'><strong>vero</strong></span> <span class='ocrx_word' id='word_1_640' title='bbox 3616 3968 3692 4006; x_wconf 58' lang='lat' dir='ltr'><strong>sar</strong></span> 
     </span>
    </p>
   </div>
   <div class='ocr_carea' id='block_1_96' title="bbox 2172 4048 3691 4130">
    <p class='ocr_par' dir='ltr' id='par_1_96' title="bbox 2172 4048 3691 4130">
     <span class='ocr_line' id='line_1_96' title="bbox 2172 4048 3691 4130; baseline -0.014 -15"><span class='ocrx_word' id='word_1_641' title='bbox 2172 4071 2282 4115; x_wconf 90' lang='lat' dir='ltr'><strong>tum</strong></span> <span class='ocrx_word' id='word_1_642' title='bbox 2309 4057 2431 4130; x_wconf 84' lang='lat' dir='ltr'><strong>[al.,</strong></span> <span class='ocrx_word' id='word_1_643' title='bbox 2462 4053 2687 4126; x_wconf 86' lang='lat' dir='ltr'><strong>statum]</strong></span> <span class='ocrx_word' id='word_1_644' title='bbox 2717 4054 2919 4108; x_wconf 90' lang='lat' dir='ltr'><strong>retines</strong></span> <span class='ocrx_word' id='word_1_645' title='bbox 2949 4051 3095 4118; x_wconf 89' lang='lat' dir='ltr'><strong>ﬁdei,</strong></span> <span class='ocrx_word' id='word_1_646' title='bbox 3148 4051 3326 4105; x_wconf 89' lang='lat' dir='ltr'><strong>habes</strong></span> <span class='ocrx_word' id='word_1_647' title='bbox 3372 4051 3526 4105; x_wconf 88' lang='lat' dir='ltr'><strong>etiam</strong></span> <span class='ocrx_word' id='word_1_648' title='bbox 3554 4048 3691 4116; x_wconf 56' lang='lat' dir='ltr'><strong>gniuli</strong></span> 
     </span>
    </p>
   </div>
   <div class='ocr_carea' id='block_1_97' title="bbox 2170 4138 3693 4217">
    <p class='ocr_par' dir='ltr' id='par_1_97' title="bbox 2170 4138 3693 4217">
     <span class='ocr_line' id='line_1_97' title="bbox 2170 4138 3693 4217; baseline -0.016 -10"><span class='ocrx_word' id='word_1_649' title='bbox 2170 4150 2384 4217; x_wconf 84' lang='lat' dir='ltr'><strong>salutis.</strong></span> <span class='ocrx_word' id='word_1_650' title='bbox 2436 4146 2533 4203; x_wconf 88' lang='lat' dir='ltr'><strong>llis</strong></span> <span class='ocrx_word' id='word_1_651' title='bbox 2572 4145 2792 4215; x_wconf 88' lang='lat' dir='ltr'><strong>quidem</strong></span> <span class='ocrx_word' id='word_1_652' title='bbox 2836 4143 3193 4198; x_wconf 88' lang='lat' dir='ltr'><strong>armamentis</strong></span> <span class='ocrx_word' id='word_1_653' title='bbox 3245 4152 3443 4197; x_wconf 88' lang='lat' dir='ltr'><strong>contra</strong></span> <span class='ocrx_word' id='word_1_654' title='bbox 3482 4138 3693 4194; x_wconf 56' lang='lat' dir='ltr'><strong>intisilils</strong></span> 
     </span>
    </p>
   </div>
   <div class='ocr_carea' id='block_1_98' title="bbox 2170 4228 3694 4307">
    <p class='ocr_par' dir='ltr' id='par_1_98' title="bbox 2170 4228 3694 4307">
     <span class='ocr_line' id='line_1_98' title="bbox 2170 4228 3694 4307; baseline -0.01 -11"><span class='ocrx_word' id='word_1_655' title='bbox 2170 4252 2225 4306; x_wconf 86' lang='lat' dir='ltr'><strong>et</strong></span> <span class='ocrx_word' id='word_1_656' title='bbox 2246 4239 2486 4295; x_wconf 88' lang='lat' dir='ltr'><strong>visibiles</strong></span> <span class='ocrx_word' id='word_1_657' title='bbox 2516 4236 2755 4307; x_wconf 87' lang='lat' dir='ltr'><strong>legitime</strong></span> <span class='ocrx_word' id='word_1_658' title='bbox 2784 4234 3048 4290; x_wconf 87' lang='lat' dir='ltr'><strong>dimicare</strong></span> <span class='ocrx_word' id='word_1_659' title='bbox 3087 4235 3301 4303; x_wconf 89' lang='lat' dir='ltr'><strong>poteris</strong></span> <span class='ocrx_word' id='word_1_660' title='bbox 3332 4234 3584 4289; x_wconf 71' lang='lat' dir='ltr'><strong>inimicos.</strong></span> <span class='ocrx_word' id='word_1_661' title='bbox 3608 4228 3694 4281; x_wconf 66' lang='lat' dir='ltr'><strong>Nam</strong></span> 
     </span>
    </p>
   </div>
   <div class='ocr_carea' id='block_1_99' title="bbox 2174 4319 3694 4402">
    <p class='ocr_par' dir='ltr' id='par_1_99' title="bbox 2174 4319 3694 4402">
     <span class='ocr_line' id='line_1_99' title="bbox 2174 4319 3694 4402; baseline -0.014 -15"><span class='ocrx_word' id='word_1_662' title='bbox 2174 4334 2250 4387; x_wconf 88' lang='lat' dir='ltr'><strong>ait</strong></span> <span class='ocrx_word' id='word_1_663' title='bbox 2277 4330 2567 4402; x_wconf 81' lang='lat' dir='ltr'><strong>Apostolus</strong></span> <span class='ocrx_word' id='word_1_664' title='bbox 2600 4347 2613 4383; x_wconf 93' lang='lat'><strong>:</strong></span> <span class='ocrx_word' id='word_1_665' title='bbox 2649 4328 2766 4382; x_wconf 81' lang='lat' dir='ltr'><strong>Non</strong></span> <span class='ocrx_word' id='word_1_666' title='bbox 2817 4326 3192 4391; x_wconf 89' lang='lat' dir='ltr'><strong>coronabitur,</strong></span> <span class='ocrx_word' id='word_1_667' title='bbox 3247 4326 3361 4380; x_wconf 91' lang='lat' dir='ltr'><strong>nisi</strong></span> <span class='ocrx_word' id='word_1_668' title='bbox 3406 4325 3495 4394; x_wconf 92' lang='lat' dir='ltr'><strong>qui</strong></span> <span class='ocrx_word' id='word_1_669' title='bbox 3532 4319 3694 4388; x_wconf 73' lang='lat' dir='ltr'><strong>legitime</strong></span> 
     </span>
    </p>
   </div>
   <div class='ocr_carea' id='block_1_100' title="bbox 2174 4408 3697 4491">
    <p class='ocr_par' dir='ltr' id='par_1_100' title="bbox 2174 4408 3697 4491">
     <span class='ocr_line' id='line_1_100' title="bbox 2174 4408 3697 4491; baseline -0.012 -14"><span class='ocrx_word' id='word_1_670' title='bbox 2174 4422 2464 4485; x_wconf 88' lang='lat' dir='ltr'><strong>certaverit</strong></span> <span class='ocrx_word' id='word_1_671' title='bbox 2506 4418 2589 4491; x_wconf 90' lang='lat' dir='ltr'><strong>(Il</strong></span> <span class='ocrx_word' id='word_1_672' title='bbox 2634 4417 2772 4472; x_wconf 83' lang='lat' dir='ltr'><strong>Tim.</strong></span> <span class='ocrx_word' id='word_1_673' title='bbox 2818 4432 2880 4485; x_wconf 79' lang='lat' dir='ltr'><strong>tr,</strong></span> <span class='ocrx_word' id='word_1_674' title='bbox 2910 4415 2989 4487; x_wconf 86' lang='lat'><strong>5).</strong></span> <span class='ocrx_word' id='word_1_675' title='bbox 3040 4415 3201 4483; x_wconf 78' lang='lat' dir='ltr'><strong>Fides</strong></span> <span class='ocrx_word' id='word_1_676' title='bbox 3247 4430 3407 4487; x_wconf 83' lang='lat' dir='ltr'><strong>ergo,</strong></span> <span class='ocrx_word' id='word_1_677' title='bbox 3442 4415 3504 4469; x_wconf 89' lang='lat' dir='ltr'><strong>de</strong></span> <span class='ocrx_word' id='word_1_678' title='bbox 3552 4408 3697 4480; x_wconf 77' lang='lat' dir='ltr'><strong>qualo-</strong></span> 
     </span>
    </p>
   </div>
   <div class='ocr_carea' id='block_1_101' title="bbox 2175 4505 3696 4583">
    <p class='ocr_par' dir='ltr' id='par_1_101' title="bbox 2175 4505 3696 4583">
     <span class='ocr_line' id='line_1_101' title="bbox 2175 4505 3696 4583; baseline -0.009 -16"><span class='ocrx_word' id='word_1_679' title='bbox 2175 4529 2330 4583; x_wconf 91' lang='lat' dir='ltr'><strong>quor,</strong></span> <span class='ocrx_word' id='word_1_680' title='bbox 2369 4514 2489 4571; x_wconf 65' lang='lat' dir='ltr'><strong>hazc,</strong></span> <span class='ocrx_word' id='word_1_681' title='bbox 2524 4518 2609 4566; x_wconf 87' lang='lat' dir='ltr'><strong>est</strong></span> <span class='ocrx_word' id='word_1_682' title='bbox 2649 4528 2663 4565; x_wconf 83' lang='lat'><strong>;</strong></span> <span class='ocrx_word' id='word_1_683' title='bbox 2723 4516 2783 4562; x_wconf 92' lang='lat' dir='ltr'><strong>ut</strong></span> <span class='ocrx_word' id='word_1_684' title='bbox 2827 4508 3046 4563; x_wconf 87' lang='lat' dir='ltr'><strong>Patrem</strong></span> <span class='ocrx_word' id='word_1_685' title='bbox 3105 4507 3277 4561; x_wconf 88' lang='lat' dir='ltr'><strong>Deunt</strong></span> <span class='ocrx_word' id='word_1_686' title='bbox 3328 4505 3696 4572; x_wconf 72' lang='lat' dir='ltr'><strong>omnipotentem.</strong></span> 
     </span>
    </p>
   </div>
   <div class='ocr_carea' id='block_1_102' title="bbox 2175 4592 3699 4670">
    <p class='ocr_par' dir='ltr' id='par_1_102' title="bbox 2175 4592 3699 4670">
     <span class='ocr_line' id='line_1_102' title="bbox 2175 4592 3699 4670; baseline -0.012 -11"><span class='ocrx_word' id='word_1_687' title='bbox 2175 4604 2433 4661; x_wconf 76' lang='lat' dir='ltr'><strong>factorem</strong></span> <span class='ocrx_word' id='word_1_688' title='bbox 2468 4602 2633 4657; x_wconf 90' lang='lat' dir='ltr'><strong>totius</strong></span> <span class='ocrx_word' id='word_1_689' title='bbox 2673 4610 2941 4656; x_wconf 75' lang='lat' dir='ltr'><strong>creatura:</strong></span> <span class='ocrx_word' id='word_1_690' title='bbox 2991 4596 3115 4670; x_wconf 82' lang='lat' dir='ltr'><strong>[al.,</strong></span> <span class='ocrx_word' id='word_1_691' title='bbox 3158 4594 3448 4668; x_wconf 65' lang='lat' dir='ltr'><strong>factum],</strong></span> <span class='ocrx_word' id='word_1_692' title='bbox 3480 4604 3530 4649; x_wconf 89' lang='lat' dir='ltr'><strong>et</strong></span> <span class='ocrx_word' id='word_1_693' title='bbox 3573 4592 3699 4657; x_wconf 61' lang='lat' dir='ltr'><strong>nnige</strong></span> 
     </span>
    </p>
   </div>
   <div class='ocr_carea' id='block_1_103' title="bbox 2177 4682 3701 4763">
    <p class='ocr_par' dir='ltr' id='par_1_103' title="bbox 2177 4682 3701 4763">
     <span class='ocr_line' id='line_1_103' title="bbox 2177 4682 3701 4763; baseline -0.009 -13"><span class='ocrx_word' id='word_1_694' title='bbox 2177 4698 2348 4751; x_wconf 87' lang='lat' dir='ltr'><strong>ttitunt</strong></span> <span class='ocrx_word' id='word_1_695' title='bbox 2398 4693 2515 4763; x_wconf 86' lang='lat' dir='ltr'><strong>ejus</strong></span> <span class='ocrx_word' id='word_1_696' title='bbox 2553 4693 2768 4755; x_wconf 89' lang='lat' dir='ltr'><strong>Filium,</strong></span> <span class='ocrx_word' id='word_1_697' title='bbox 2819 4691 3108 4746; x_wconf 90' lang='lat' dir='ltr'><strong>Dominum</strong></span> <span class='ocrx_word' id='word_1_698' title='bbox 3150 4698 3407 4745; x_wconf 86' lang='lat' dir='ltr'><strong>nostrum</strong></span> <span class='ocrx_word' id='word_1_699' title='bbox 3454 4687 3626 4745; x_wconf 78' lang='lat' dir='ltr'><strong>Jesuut,</strong></span> <span class='ocrx_word' id='word_1_700' title='bbox 3662 4682 3701 4731; x_wconf 64' lang='lat' dir='ltr'><strong>dt</strong></span> 
     </span>
    </p>
   </div>
   <div class='ocr_carea' id='block_1_104' title="bbox 2178 4783 3701 4864">
    <p class='ocr_par' dir='ltr' id='par_1_104' title="bbox 2178 4783 3701 4864">
     <span class='ocr_line' id='line_1_104' title="bbox 2178 4783 3701 4864; baseline -0.007 -23"><span class='ocrx_word' id='word_1_701' title='bbox 2178 4788 2343 4845; x_wconf 82' lang='lat' dir='ltr'><strong>Maria</strong></span> <span class='ocrx_word' id='word_1_702' title='bbox 2394 4786 2625 4864; x_wconf 87' lang='lat' dir='ltr'><strong>virgine,</strong></span> <span class='ocrx_word' id='word_1_703' title='bbox 2659 4784 2852 4855; x_wconf 89' lang='lat' dir='ltr'><strong>angelo</strong></span> <span class='ocrx_word' id='word_1_704' title='bbox 2894 4783 3276 4859; x_wconf 82' lang='lat' dir='ltr'><strong>annuntiante,</strong></span> <span class='ocrx_word' id='word_1_705' title='bbox 3338 4791 3543 4843; x_wconf 85' lang='lat' dir='ltr'><strong>natum,</strong></span> <span class='ocrx_word' id='word_1_706' title='bbox 3586 4785 3701 4841; x_wconf 56' lang='lat' dir='ltr'><strong>etp”</strong></span> 
     </span>
    </p>
   </div>
   <div class='ocr_carea' id='block_1_105' title="bbox 2181 4870 3701 4942">
    <p class='ocr_par' dir='ltr' id='par_1_105' title="bbox 2181 4870 3701 4942">
     <span class='ocr_line' id='line_1_105' title="bbox 2181 4870 3701 4942; baseline -0.008 -10"><span class='ocrx_word' id='word_1_707' title='bbox 2181 4881 2344 4935; x_wconf 84' lang='lat' dir='ltr'><strong>totius</strong></span> <span class='ocrx_word' id='word_1_708' title='bbox 2371 4878 2561 4932; x_wconf 85' lang='lat' dir='ltr'><strong>mundi</strong></span> <span class='ocrx_word' id='word_1_709' title='bbox 2605 4875 2781 4931; x_wconf 87' lang='lat' dir='ltr'><strong>salute</strong></span> <span class='ocrx_word' id='word_1_710' title='bbox 2830 4875 2883 4929; x_wconf 88' lang='lat' dir='ltr'><strong>in</strong></span> <span class='ocrx_word' id='word_1_711' title='bbox 2940 4873 3121 4928; x_wconf 89' lang='lat' dir='ltr'><strong>crucis</strong></span> <span class='ocrx_word' id='word_1_712' title='bbox 3164 4871 3415 4942; x_wconf 90' lang='lat' dir='ltr'><strong>patibulo</strong></span> <span class='ocrx_word' id='word_1_713' title='bbox 3458 4870 3701 4941; x_wconf 55' lang='lat' dir='ltr'><strong>passmttci</strong></span> 
     </span>
    </p>
   </div>
   <div class='ocr_carea' id='block_1_106' title="bbox 2106 4958 3702 5042">
    <p class='ocr_par' dir='ltr' id='par_1_106' title="bbox 2106 4958 3702 5042">
     <span class='ocr_line' id='line_1_106' title="bbox 2106 4958 3702 5042; baseline -0.012 -14"><span class='ocrx_word' id='word_1_714' title='bbox 2106 4971 2152 5029; x_wconf 90' lang='lat' dir='ltr'><strong>D</strong></span> <span class='ocrx_word' id='word_1_715' title='bbox 2181 4973 2440 5042; x_wconf 86' lang='lat' dir='ltr'><strong>Spiritum</strong></span> <span class='ocrx_word' id='word_1_716' title='bbox 2474 4977 2746 5033; x_wconf 87' lang='lat' dir='ltr'><strong>sanctum,</strong></span> <span class='ocrx_word' id='word_1_717' title='bbox 2774 4967 2865 5037; x_wconf 89' lang='lat' dir='ltr'><strong>qui</strong></span> <span class='ocrx_word' id='word_1_718' title='bbox 2894 4982 2989 5038; x_wconf 89' lang='lat' dir='ltr'><strong>per</strong></span> <span class='ocrx_word' id='word_1_719' title='bbox 3012 4966 3308 5037; x_wconf 89' lang='lat' dir='ltr'><strong>prophetas</strong></span> <span class='ocrx_word' id='word_1_720' title='bbox 3329 4976 3389 5020; x_wconf 87' lang='lat' dir='ltr'><strong>et</strong></span> <span class='ocrx_word' id='word_1_721' title='bbox 3436 4958 3702 5032; x_wconf 71' lang='lat' dir='ltr'><strong>apostode</strong></span> 
     </span>
    </p>
   </div>
   <div class='ocr_carea' id='block_1_107' title="bbox 2182 5051 3699 5135">
    <p class='ocr_par' dir='ltr' id='par_1_107' title="bbox 2182 5051 3699 5135">
     <span class='ocr_line' id='line_1_107' title="bbox 2182 5051 3699 5135; baseline -0.013 -17"><span class='ocrx_word' id='word_1_722' title='bbox 2182 5061 2545 5131; x_wconf 89' lang='lat' dir='ltr'><strong>evangelistas</strong></span> <span class='ocrx_word' id='word_1_723' title='bbox 2576 5059 2790 5135; x_wconf 85' lang='lat' dir='ltr'><strong>locutus</strong></span> <span class='ocrx_word' id='word_1_724' title='bbox 2816 5067 2920 5125; x_wconf 88' lang='lat' dir='ltr'><strong>est,</strong></span> <span class='ocrx_word' id='word_1_725' title='bbox 2965 5073 3128 5111; x_wconf 89' lang='lat' dir='ltr'><strong>unam</strong></span> <span class='ocrx_word' id='word_1_726' title='bbox 3161 5056 3427 5111; x_wconf 87' lang='lat' dir='ltr'><strong>deitatem</strong></span> <span class='ocrx_word' id='word_1_727' title='bbox 3460 5051 3699 5125; x_wconf 71' lang='lat' dir='ltr'><strong>perfectam.</strong></span> 
     </span>
    </p>
   </div>
   <div class='ocr_carea' id='block_1_108' title="bbox 2185 5144 3702 5227">
    <p class='ocr_par' dir='ltr' id='par_1_108' title="bbox 2185 5144 3702 5227">
     <span class='ocr_line' id='line_1_108' title="bbox 2185 5144 3702 5227; baseline -0.011 -18"><span class='ocrx_word' id='word_1_728' title='bbox 2185 5149 2637 5215; x_wconf 84' lang='lat' dir='ltr'><strong>indissolubilent,</strong></span> <span class='ocrx_word' id='word_1_729' title='bbox 2695 5147 3187 5227; x_wconf 86' lang='lat' dir='ltr'><strong>incontaminatam</strong></span> <span class='ocrx_word' id='word_1_730' title='bbox 3220 5161 3347 5202; x_wconf 85' lang='lat' dir='ltr'><strong>esse</strong></span> <span class='ocrx_word' id='word_1_731' title='bbox 3394 5144 3603 5199; x_wconf 81' lang='lat' dir='ltr'><strong>ﬁrmiter</strong></span> <span class='ocrx_word' id='word_1_732' title='bbox 3628 5152 3702 5192; x_wconf 76' lang='lat' dir='ltr'><strong>cre-</strong></span> 
     </span>
    </p>
   </div>
   <div class='ocr_carea' id='block_1_109' title="bbox 2184 5228 3703 5317">
    <p class='ocr_par' dir='ltr' id='par_1_109' title="bbox 2184 5228 3703 5317">
     <span class='ocr_line' id='line_1_109' title="bbox 2184 5228 3703 5317; baseline -0.009 -15"><span class='ocrx_word' id='word_1_733' title='bbox 2184 5245 2304 5317; x_wconf 85' lang='lat' dir='ltr'><strong>das,</strong></span> <span class='ocrx_word' id='word_1_734' title='bbox 2331 5253 2387 5299; x_wconf 92' lang='lat' dir='ltr'><strong>et</strong></span> <span class='ocrx_word' id='word_1_735' title='bbox 2409 5244 2526 5299; x_wconf 91' lang='lat' dir='ltr'><strong>sine</strong></span> <span class='ocrx_word' id='word_1_736' title='bbox 2554 5242 2700 5296; x_wconf 91' lang='lat' dir='ltr'><strong>omni</strong></span> <span class='ocrx_word' id='word_1_737' title='bbox 2730 5240 3084 5317; x_wconf 80' lang='lat' dir='ltr'><strong>ambiguitate</strong></span> <span class='ocrx_word' id='word_1_738' title='bbox 3135 5248 3343 5293; x_wconf 87' lang='lat' dir='ltr'><strong>teneas.</strong></span> <span class='ocrx_word' id='word_1_739' title='bbox 3390 5236 3513 5291; x_wconf 63' lang='lat' dir='ltr'><strong>Hec</strong></span> <span class='ocrx_word' id='word_1_740' title='bbox 3535 5242 3602 5289; x_wconf 79' lang='lat' dir='ltr'><strong>est</strong></span> <span class='ocrx_word' id='word_1_741' title='bbox 3624 5228 3703 5281; x_wconf 67' lang='grc' dir='ltr'><strong>Εὐα</strong></span> 
     </span>
    </p>
   </div>
   <div class='ocr_carea' id='block_1_110' title="bbox 2185 5313 3703 5410">
    <p class='ocr_par' dir='ltr' id='par_1_110' title="bbox 2185 5313 3703 5410">
     <span class='ocr_line' id='line_1_110' title="bbox 2185 5313 3703 5410; baseline -0.008 -19"><span class='ocrx_word' id='word_1_742' title='bbox 2185 5313 2475 5399; x_wconf 78' lang='lat' dir='ltr'><strong>catholica,</strong></span> <span class='ocrx_word' id='word_1_743' title='bbox 2506 5348 2668 5408; x_wconf 85' lang='lat' dir='ltr'><strong>quam</strong></span> <span class='ocrx_word' id='word_1_744' title='bbox 2702 5331 2869 5409; x_wconf 85' lang='lat' dir='ltr'><strong>(sicut</strong></span> <span class='ocrx_word' id='word_1_745' title='bbox 2904 5313 3045 5407; x_wconf 36' lang='lat' dir='ltr'><strong>&#39;[al.,</strong></span> <span class='ocrx_word' id='word_1_746' title='bbox 3095 5329 3200 5410; x_wconf 79' lang='lat' dir='ltr'><strong>sic]</strong></span> <span class='ocrx_word' id='word_1_747' title='bbox 3233 5320 3577 5384; x_wconf 76' lang='lat' dir='ltr'><strong>&#39;Athanasius</strong></span> <span class='ocrx_word' id='word_1_748' title='bbox 3606 5318 3703 5379; x_wconf 65' lang='lat' dir='ltr'><strong>dicit}</strong></span> 
     </span>
    </p>
   </div>
   <div class='ocr_carea' id='block_1_111' title="bbox 2186 5418 3703 5503">
    <p class='ocr_par' dir='ltr' id='par_1_111' title="bbox 2186 5418 3703 5503">
     <span class='ocr_line' id='line_1_111' title="bbox 2186 5418 3703 5503; baseline -0.013 -18"><span class='ocrx_word' id='word_1_749' title='bbox 2186 5428 2292 5485; x_wconf 87' lang='lat' dir='ltr'><strong>nisi</strong></span> <span class='ocrx_word' id='word_1_750' title='bbox 2325 5428 2448 5499; x_wconf 89' lang='lat' dir='ltr'><strong>quis</strong></span> <span class='ocrx_word' id='word_1_751' title='bbox 2470 5425 2700 5482; x_wconf 89' lang='lat' dir='ltr'><strong>ﬁdeliter</strong></span> <span class='ocrx_word' id='word_1_752' title='bbox 2729 5420 3067 5493; x_wconf 82' lang='lat' dir='ltr'><strong>ﬁriniterque</strong></span> <span class='ocrx_word' id='word_1_753' title='bbox 3098 5421 3418 5503; x_wconf 78' lang='lat' dir='ltr'><strong>crediderit,</strong></span> <span class='ocrx_word' id='word_1_754' title='bbox 3456 5418 3703 5475; x_wconf 69' lang='lat' dir='ltr'><strong>saltuscsst</strong></span> 
     </span>
    </p>
   </div>
   <div class='ocr_carea' id='block_1_112' title="bbox 2186 5506 3703 5595">
    <p class='ocr_par' dir='ltr' id='par_1_112' title="bbox 2186 5506 3703 5595">
     <span class='ocr_line' id='line_1_112' title="bbox 2186 5506 3703 5595; baseline -0.01 -20"><span class='ocrx_word' id='word_1_755' title='bbox 2186 5536 2293 5575; x_wconf 91' lang='lat' dir='ltr'><strong>non</strong></span> <span class='ocrx_word' id='word_1_756' title='bbox 2340 5518 2558 5589; x_wconf 89' lang='lat' dir='ltr'><strong>poterit.</strong></span> <span class='ocrx_word' id='word_1_757' title='bbox 2611 5517 2669 5573; x_wconf 83' lang='lat' dir='ltr'><strong>Si</strong></span> <span class='ocrx_word' id='word_1_758' title='bbox 2714 5512 3006 5595; x_wconf 85' lang='lat' dir='ltr'><strong>aliquando</strong></span> <span class='ocrx_word' id='word_1_759' title='bbox 3058 5514 3197 5570; x_wconf 84' lang='lat' dir='ltr'><strong>infra</strong></span> <span class='ocrx_word' id='word_1_760' title='bbox 3240 5524 3397 5569; x_wconf 87' lang='lat' dir='ltr'><strong>tuam</strong></span> <span class='ocrx_word' id='word_1_761' title='bbox 3436 5506 3703 5568; x_wconf 60' lang='lat' dir='ltr'><strong>inveniann!</strong></span> 
     </span>
    </p>
   </div>
   <div class='ocr_carea' id='block_1_113' title="bbox 2195 5650 3700 5726">
    <p class='ocr_par' dir='ltr' id='par_1_113' title="bbox 2195 5650 3700 5726">
     <span class='ocr_line' id='line_1_113' title="bbox 2195 5650 3700 5726; baseline -0.007 -15"><span class='ocrx_word' id='word_1_762' title='bbox 2195 5674 2315 5726; x_wconf 62' lang='lat' dir='ltr'><strong>quae</strong></span> <span class='ocrx_word' id='word_1_763' title='bbox 2373 5655 2737 5715; x_wconf 85' lang='lat' dir='ltr'><strong>verisimiliter</strong></span> <span class='ocrx_word' id='word_1_764' title='bbox 2796 5653 2933 5723; x_wconf 86' lang='lat' dir='ltr'><strong>regis</strong></span> <span class='ocrx_word' id='word_1_765' title='bbox 2983 5661 3084 5719; x_wconf 88' lang='lat' dir='ltr'><strong>cst,</strong></span> <span class='ocrx_word' id='word_1_766' title='bbox 3136 5653 3283 5722; x_wconf 86' lang='lat' dir='ltr'><strong>cujus</strong></span> <span class='ocrx_word' id='word_1_767' title='bbox 3343 5650 3509 5708; x_wconf 84' lang='lat' dir='ltr'><strong>verba</strong></span> <span class='ocrx_word' id='word_1_768' title='bbox 3534 5653 3700 5714; x_wconf 52' lang='grc' dir='ltr'><strong>φησιν</strong></span> 
     </span>
    </p>
   </div>
   <div class='ocr_carea' id='block_1_114' title="bbox 2196 5738 2299 5783">
    <p class='ocr_par' dir='ltr' id='par_1_114' title="bbox 2196 5738 2299 5783">
     <span class='ocr_line' id='line_1_114' title="bbox 2196 5738 2299 5783; baseline 0.01 -1"><span class='ocrx_word' id='word_1_769' title='bbox 2196 5738 2299 5783; x_wconf 85' lang='lat' dir='ltr'><strong>ltll&#39;.</strong></span> 
     </span>
    </p>
   </div>
  </div>
