3816 6322
522 263 549 317 ιι
561 253 662 315 Ξΰῡ

1578 261 1636 314 s.
1665 256 2006 314 STEPHANI
2038 253 2527 314 HUNGAROBUM
2560 253 2764 312 REGIS
3131 213 3143 220 ’
3585 268 3669 324 ,ω

517 371 764 442 gnitatis,
815 374 1093 450 acidivini
1143 373 1492 450 Sacramenti
1539 373 1942 443 dispensatores
1987 372 2106 444 [ul.,
2139 350 2186 407 Α
2283 371 2412 426 Cn.
2446 369 2512 424 V.
2545 368 2900 426 De'rerrenda'
2922 370 3113 427 virtute
3131 371 3669 440 patiemitr,ettribu¢.

515 463 892 536 dispositores]
919 473 976 519 et
1006 465 1243 520 datores.
1277 464 1404 519 Sine
1429 463 1576 519 enim
1631 464 1735 518 illis
1759 477 1869 519 non
1907 465 2109 519 consti-
2203 462 2431 530 judicia.
2464 460 2755 518 Patientia:
2809 471 2866 516 et
2914 459 3107 530 iudicii
3146 461 3437 517 observatio
3463 468 3598 533 quinta
3626 490 3670 526 ῖς.

517 567 744 612 tuantur
795 573 951 628 rcges
999 573 1098 612 nec
1148 557 1484 627 principatus
1522 556 1644 628 [al.,
1684 555 2106 628 principaliter}.

513 648 622 704 Per
648 650 860 704 illorum
898 650 1260 705 interventum
1286 649 1481 705 delicta
1512 650 1758 709 delentur
1803 650 2104 705 hominum.

515 741 575 796 Si
608 743 730 796 illos
753 742 994 811 perfecte
1017 758 1190 809 amas,
1239 753 1291 797 te
1339 743 1514 812 ipsum
1568 743 1686 797 sine
1729 741 1892 796 duhio
1922 757 2106 808 sanas,

514 842 782 901 tuumque
838 849 1064 903 regnum
1115 832 1416 889 honoriﬁce
1469 833 1762 902 gubernas.
1813 832 1869 886 In
1917 847 2111 887 manus

512 921 662 977 enim
691 921 902 976 illorum
933 923 1106 991 posita
1153 931 1237 979 est
1263 931 1507 992 potestas
1538 922 1736 992 ligandi
1771 938 1870 978 nos
1899 922 1952 977 in
1983 939 2110 993 ρεαδ

515 1012 680 1079 eatis,
709 1022 765 1068 et
817 1030 846 1066 a
904 1015 1143 1083 peccatis
1198 1014 1460 1070 solvendi.
1516 1013 1920 1081 Testamentum
1965 1016 2108 1072 enim

515 1101 640 1174 [al.,
675 1103 826 1176 vero]
874 1107 1262 1175 sempiternum
1305 1107 1493 1161 statuit
1537 1106 1643 1162 illis
1696 1107 1858 1172 Deus,
1909 1121 2110 1177 eosque

512 1195 822 1265 segregavit
847 1196 916 1250 ab
945 1196 1278 1263 hominibus,
1301 1206 1356 1252 et
1383 1198 1464 1252 sui
1499 1198 1737 1253 nominis
1786 1208 1949 1269 atque
1981 1214 2108 1253 san-

514 1282 728 1338 ctitatis
777 1282 906 1338 fecit
950 1285 1265 1355 participes,
1318 1295 1372 1340 et
1423 1286 1494 1346 ab
1547 1288 1858 1354 hominibus
1890 1287 2011 1360 [al.,
2042 1288 2110 1344 ab

513 1373 760 1428 humano
805 1375 917 1447 die]
968 1376 1253 1432 interdixit
1305 1377 1780 1447 reprehendendos
1834 1393 1979 1444 esse,
2011 1395 2111 1451 per

513 1464 686 1522 David
719 1464 968 1520 deiﬁcum
993 1481 1172 1535 regem
1200 1484 1212 1520 :
1255 1465 1436 1521 Nolite
1461 1477 1674 1537 tangere
1701 1468 1924 1530 christos
1966 1455 2108 1524 meo:

513 1551 693 1624 (Ρεαι.
723 1555 975 1624 etv,15),
1021 1565 1126 1610 etc.
1159 1555 1253 1624 Ille
1305 1568 1487 1610 autem
1545 1555 1669 1628 [al.,
1715 1556 1886 1630 enim]
1933 1558 2111 1628 tangit

2213 555 2349 626 galis
2391 570 2611 611 corona:
2663 563 2749 610 est
2803 555 3040 612 ornatio.
3077 555 3254 615 David
3301 570 3389 610 rex
3437 569 3560 628 atque
3603 580 3673 633 ιη)

2210 647 2375 718 pheta
2425 647 2562 702 dixit
2603 666 2618 700 :
2672 645 2834 711 Deus,
2857 646 3126 716 judicium
3177 657 3323 702 tuum
3368 649 3459 718 regi
3494 651 3674 713 detha.

2212 753 2360 801 cm,
2388 739 2467 806 2).
2506 739 2576 794 Et
2618 739 2760 794 idem
2800 738 2928 793 alibi
2962 753 2977 792 :
3019 737 3215 796 Honor
3241 741 3372 808 regis
3398 741 3598 809 judicia
3630 751 3674 802 di.

2212 829 2324 901 ligit
2355 829 2528 900 (Psat.
2556 845 2742 895 xcvttt,
2776 831 2848 902 4).
2873 832 2957 886 .De
2979 830 3248 901 patientia
3283 831 3466 888 Paulus
3501 841 3676 904 epistolas

2211 919 2452 990 loquitur
2478 937 2492 974 :
2521 917 2792 978 Patientes
2823 928 2984 974 estote
3017 921 3088 976 ad
3141 937 3319 976 omnes
3352 921 3400 988 (I
3422 922 3562 978 Ήιω.
3582 930 3675 996 ιι).

2213 1010 2281 1070 Et
2308 1011 2566 1066 Dominus
2587 1011 2642 1065 in
2673 1011 2966 1082 Evangelio
3001 1029 3014 1043 ν
3043 1011 3104 1066 In
3150 1013 3404 1082 patientia
3441 1025 3578 1069 vestra
3607 1035 3678 1084 pa-

2212 1103 2460 1159 sidehitis
2513 1102 2728 1158 animas
2776 1112 2988 1158 vestras
3027 1103 3187 1173 (Luc.
3233 1108 3359 1168 ut",
3409 1105 3499 1176 i9).
3526 1095 3587 1161 'Ad
3619 1111 3676 1168 Inc

2215 1194 2396 1259 tende,
2428 1192 2502 1248 ﬁli
2533 1194 2604 1248 mi
2636 1211 2650 1248 :
2684 1194 2730 1247 si
2767 1194 2851 1249 vis
2873 1196 3023 1266 regni
3074 1195 3286 1250 habere
3305 1195 3551 1262 honorem,
3584 1200 3678 1267 tilia

2206 1284 2474 1356 judicium
2522 1301 2538 1339 :
2589 1284 2634 1340 si
2683 1284 2924 1344 animam
2983 1295 3139 1346 tuam
3201 1283 3464 1354 possidere
3501 1287 3579 1352 vis,
3613 1300 3679 1347 crto

2211 1377 2444 1448 patiens.
2492 1375 2958 1447 Quotiescunque,
3003 1376 3078 1432 ﬁli
3125 1375 3462 1447 charissime,
3500 1379 3677 1438 velans:

2210 1467 2632 1543 dignaljudicari
2673 1469 2742 1524 ad
2788 1477 2848 1525 te
2887 1469 3126 1533 venerit,
3174 1469 3264 1523 vel
3309 1468 3484 1538 aliquis
3526 1472 3679 1540 capitali

2210 1560 2502 1618 sententiae
2523 1575 2673 1627 reus,
2720 1560 2836 1618 noli
2895 1561 3253 1632 impatienter
3289 1571 3499 1630 portare,
3530 1564 3588 1618 rei

513 1643 753 1709 christos
809 1645 924 1710 Dei,
973 1646 1065 1714 qui
1120 1655 1311 1700 contra
1350 1645 1592 1701 divinum
1643 1655 1804 1716 atque
1837 1662 2105 1703 canonum
2207 1655 2520 1725 ξυνεπιθηιο
2546 1653 2939 1709 ﬁrmareilIum
2969 1653 3210 1724 punire;
3260 1653 3398 1722 quod
3439 1654 3623 1710 instabit:
3649 1668 3678 1708 et

511 1732 826 1789 institutum
885 1737 1027 1791 sacri
1059 1736 1268 1807 ordinis
1298 1736 1445 1792 viros
1475 1736 1628 1791 falsis
1654 1737 1976 1793 criminibus
2003 1736 2109 1798 fat-2
2140 1725 2184 1786 Β
2211 1743 2406 1814 fragile
2428 1744 2592 1800 debet
2611 1759 2756 1810 esse,
2779 1744 2910 1814 quia
2934 1743 3099 1802 stulta
3141 1753 3272 1798 vota
3305 1741 3675 1813 frangendum;

511 1825 610 1884 dat
650 1835 814 1896 atque
845 1827 898 1882 in
955 1825 1230 1898 publicum
1259 1828 1550 1898 protrahit.
1585 1827 1739 1912 Quod
1783 1840 1835 1884 te
1861 1830 2107 1901 omnino,

510 1916 593 1972 ﬁli
647 1918 742 1985 mi,
793 1934 954 1988 agere
1001 1918 1286 1988 prohibeo,
1340 1919 1382 1973 si
1440 1920 1521 1974 \i-s
1576 1919 1772 1976 beatus
1803 1921 2010 1986 vivere,
2054 1928 2111 1983 et

511 2018 670 2062 tuum
695 2024 916 2079 regnum
949 2009 1260 2072 honestare.
1287 2009 1426 2078 Quia
1455 2009 1511 2064 in
1536 2010 1624 2064 his
1655 2011 1817 2066 rebus
1841 2011 2108 2081 imprimis

510 2097 801 2153 oﬁcnditur
832 2099 990 2153 Deus.
1026 2099 1090 2170 Si
1125 2101 1404 2156 accidente
1433 2116 1560 2156 casu
1601 2101 1753 2172 culpa
1811 2102 2107 2170 reprehen-

509 2188 664 2244 sione
691 2189 848 2259 digna
887 2205 1052 2260 super
1075 2189 1310 2263 aliquem
1358 2191 1576 2257 horum,
1610 2193 1678 2246 de
1704 2192 1901 2261 quibus
1926 2206 2107 2258 sermo

511 2287 618 2344 est,
649 2279 928 2348 ceciderit,
970 2281 1136 2350 tquod
1166 2279 1308 2334 absit
1340 2282 1378 2350 ι)
1403 2281 1619 2352 corripe
1645 2297 1768 2336 eum
1815 2291 1913 2347 ter,
1969 2297 2106 2350 qua-

512 2379 618 2429 ter,
644 2369 786 2422 inter
811 2376 862 2422 te
887 2378 941 2423 et
965 2370 1138 2440 ipsum
1166 2369 1365 2435 solum,
1389 2369 1545 2438 juxta
1576 2379 1905 2440 praeceptum
1927 2371 2105 2426 Evan-r

511 2457 642 2526 gelii
676 2456 892 2526 (Matth.
918 2473 1076 2522 xvnt,
1101 2459 1217 2532 15).,
1248 2459 1462 2514 Silone
1503 2470 1712 2526 secrete
1742 2460 1982 2514 renuerit
2007 2475 2104 2515 au-

510 2550 632 2604 dire
663 2550 890 2616 monita,
915 2550 1218 2606 adhibenda
1249 2551 1342 2606 tibi
1389 2563 1515 2606 sunt
1541 2551 1774 2622 publica,
1804 2552 2101 2625 secundum

512 2642 673 2696 haec:
705 2639 763 2701 Si
809 2649 858 2712 te
887 2657 992 2706 non
1021 2643 1283 2720 audierit,
1331 2644 1418 2699 dic
1459 2643 1717 2699 Ecclesiae
1766 2643 1957 2714 (lbid.,
1988 2645 2098 2715 i7).

508 2731 649 2794 Nam
673 2733 719 2785 si
747 2740 802 2785 tu
834 2732 978 2802 hunc
1019 2735 1265 2788 ordinem
1307 2735 1579 2810 servabis,
1616 2734 1908 2805 gloriosam
1953 2745 2098 2791 tuam

511 2824 728 2892 penitus
762 2825 1027 2901 eraltabis
1051 2843 1335 2903 coronam.

584 2914 716 2969 CAP.
749 2914 839 2984 Ν.
879 2914 958 2970 De
982 2917 1166 2970 merito
1192 2918 1390 2990 honore
1423 2919 1716 2989 principum
1739 2929 1786 2972 et
1816 2919 2092 2976 baratrum.

510 3005 760 3073 Quartus
783 3007 951 3068 decor
974 3009 1251 3080 regiminis
1277 3019 1362 3063 est
1402 3010 1652 3080 ﬁdelitas,
1686 3010 1962 3080 fortitudo,
1987 3011 2098 3082 agis

2208 1837 2300 1907 yet
2314 1845 2495 1907 perite
2526 1837 2706 1908 ipsum
2732 1833 3065 1906 diiudicare,
3106 1849 3182 1890 ne
3219 1845 3312 1889 tua
3351 1833 3519 1905 regalis
3533 1836 3678 1906 d‘gnits

2210 1929 2568 2000 usurpatione
2609 1926 2932 1984 inferiorum
2991 1926 3338 1997 negotiorum
3383 1925 3592 1990 fmierat,
3624 1929 3680 1988 rei

2209 2021 2391 2092 potius
2427 2021 2739 2092 huiusmodi
2768 2021 3045 2093 negotium
3067 2021 3138 2074 ad
3165 2019 3376 2090 iudices
3404 2019 3548 2084 mitte,
3563 2020 3679 2088 quibus

2208 2113 2314 2172 hoc
2340 2115 2692 2170 commissum
2717 2123 2821 2182 est,
2844 2115 2990 2186 quod
3037 2114 3142 2185 ipsi
3187 2112 3468 2170 secundum
3491 2128 3602 2166 sua
3621 2114 3676 2166 to:

2206 2206 2523 2261 discernunt
2546 2205 2740 2278 legem.
2769 2207 2926 2272 Time
2953 2221 3076 2262 esse
3099 2207 3298 2278 iudex,
3323 2207 3480 2276 gaude
3518 2219 3676 2259 ruam

2206 2313 2328 2362 esse
2353 2309 2408 2353 et
2433 2298 2734 2358 nominari.
2778 2297 2963 2369 Reges
2993 2282 3291 2368 patientes
3328 2305 3539 2367 regnant,
3573 2295 3676 2364 inpa-

2207 2391 2406 2446 tientes
2463 2403 2598 2445 vero
2649 2391 3020 2462 tyrannizant.
3070 2387 3308 2468 Quando
3353 2397 3508 2448 autem
3558 2385 3678 2461 digii

2205 2483 2352 2554 quod
2411 2492 2516 2538 tute
2566 2482 2826 2541 convenit
2873 2481 2938 2537 ad
2974 2480 3335 2551 iudicandam
3383 2477 3594 2550 dignitati,
3624 2476 3676 2530 ὼ

2205 2576 2438 2642 venerit,
2467 2590 2590 2630 cum
2625 2573 2886 2645 patientia
2933 2580 2990 2628 et
3035 2572 3432 2636 misericordia,
3468 2571 3556 2625 sive
3587 2569 3678 2622 min.

2205 2667 2405 2733 rantia,
2437 2669 2540 2722 hoc
2560 2666 2772 2738 judica,
2826 2674 2887 2736 ut
2914 2674 3005 2720 tua
3057 2679 3266 2720 corona
3317 2661 3554 2735 laudabilis
3580 2662 3676 2716 silet

2201 2761 2396 2817 decora
2426 2757 2554 2830 (105
2581 2760 2643 2832 ⁸).

2275 2915 2404 2975 Car.
2432 2915 2517 2981 Vl.
2570 2914 2649 2970 De
2697 2915 2997 2984 acceptione
3041 2924 3346 2978 exterarum
3382 2925 3429 2970 et
3462 2914 3672 2968 nutriunt

2203 3008 2489 3078 hospitum.
2531 3007 2591 3074 In
2634 3006 2944 3078 hospitibus
2987 3015 3045 3062 et
3091 3005 3405 3068 adventitiis
3447 3005 3553 3067 viris
3591 3012 3675 3056 tanta

512 3099 671 3167 Iitas,
694 3100 943 3166 comitas,
967 3099 1290 3176 conﬁdentia
1332 3101 1634 3172 principum
1659 3100 1779 3174 [al.,
1804 3102 2106 3173 principum
2133 3087 2179 3148 C
2211 3098 2354 3155 inest
2391 3097 2615 3165 utilitas,
2652 3105 2712 3152 ut
2772 3097 2934 3168 digne
2963 3105 3120 3164 sexto
3179 3097 3233 3151 in
3283 3095 3461 3166 regalis
3500 3094 3674 3187 dignitatis

520 3191 757 3268 abest,et
787 3208 910 3246 mox
955 3191 1265 3266 nobilium],
1309 3193 1595 3258 haronum,
1635 3189 1919 3258 cemitum,
1967 3192 2112 3248 mili-
2213 3188 2333 3244 Ioco
2362 3189 2534 3260 possit
2567 3188 2778 3243 haberi.
2811 3187 2965 3243 Unde
3006 3188 3281 3258 imprimis
3304 3187 3674 3256 Romaniromani

509 3287 653 3350 tum,
685 3282 970 3349 nobilium.
1021 3284 1266 3361 Illienim
1319 3293 1447 3357 sunt
1494 3287 1644 3358 regni
1684 3295 2110 3358 propugnatores

512 3371 639 3448 [al.,
665 3374 1177 3448 propugnaculum],
1225 3375 1542 3450 defensores
1599 3377 1972 3450 imbecillium,
2021 3393 2110 3433 ex-

507 3475 841 3534 pugnatores
883 3467 1349 3531 adversariorum,
1391 3477 1832 3539 angmentatores
1888 3485 2109 3524 monar—

511 3553 775 3608 chiarum.
813 3555 888 3609 Illi
914 3556 1034 3623 tibi,
1068 3557 1141 3610 ﬁli
1202 3557 1295 3622 mi,
1325 3558 1436 3627 sint
1479 3569 1662 3626 patres
1691 3568 1746 3616 et
1774 3556 1994 3613 fratres.
2029 3558 2106 3613 Ex

510 3645 600 3700 his
639 3661 768 3702 vero
790 3648 1062 3704 neminem
1087 3650 1138 3704 in
1171 3651 1486 3719 servitutem
1515 3651 1757 3730 redigas,
1786 3650 1865 3705 vel
1889 3666 2105 3730 servum

511 3739 792 3820 nomines;
823 3740 903 3800 illi
929 3742 1025 3816 tibi
1070 3742 1320 3816 militent,
1353 3758 1461 3804 non
1491 3729 1757 3815 serviant,
1775 3760 1962 3804 eorum
1989 3761 2106 3800 om-

511 3827 675 3882 nibus
696 3831 812 3884 sine
837 3830 918 3885 ira
942 3841 997 3886 et
1035 3833 1288 3908 superbia
1331 3842 1492 3909 atque
1515 3836 1712 3892 invidia
1740 3836 1982 3907 paciﬁce,
2006 3838 2106 3892 hu-

511 3917 742 3995 militcr,
772 3931 1054 3977 mansuete
1084 3923 1382 3989 dominare,
1412 3927 1672 3983 memoria
1706 3929 1944 3984 retinens
1965 3944 2105 3984 sem-

510 4021 632 4077 per,
661 4011 804 4088 quod
851 4027 1044 4077 omnes
1070 3999 1318 4092 homines
1367 4017 1525 4088 unius
1570 4027 1699 4073 sunt
1738 4019 2100 4075 (traditionis:

509 4108 568 4156 et
597 4101 746 4177 quod
780 4102 857 4173 nil
889 4103 1083 4166 elevat,
1112 4105 1217 4159 nisi
1243 4106 1522 4163 humilitas
1558 4125 1572 4174 ;
1625 4117 1680 4162 et
1732 4109 1865 4163 nihil
1896 4111 2100 4181 dejicit,

512 4192 616 4246 nisi
648 4195 899 4264 superbia
932 4206 987 4250 et
1016 4196 1241 4251 invidia.
1295 4199 1350 4252 Si
1380 4199 1490 4252 eris
1519 4201 1801 4270 pacificus,
1859 4212 1989 4256 tunc
2023 4201 2101 4256 di-

511 4284 654 4338 ceris
715 4301 810 4340 rex
841 4296 896 4341 et
926 4288 1068 4359 regis
1099 4289 1264 4356 ﬁlius,
1315 4300 1478 4360 atque
1506 4293 1781 4348 attraheris
1822 4308 1852 4347 a
1893 4294 2101 4348 cunctis

510 4374 798 4430 militibus.
834 4376 890 4451 Si
917 4378 1228 4444 iracundus,
1260 4381 1551 4450 superbus,
1602 4383 1842 4454 invidus,
1879 4367 2100 4452 impari-

509 4463 758 4531 licus,ac
782 4464 908 4542 [al.,
929 4482 993 4522 ac
1015 4467 1181 4539 abest]
1235 4485 1401 4540 super
1451 4459 1682 4526 comites
1727 4479 1781 4526 et
1830 4458 2101 4543 principes

510 4556 777 4611 cervicem
821 4559 1099 4625 erexeris,
1147 4560 1266 4615 sine
1303 4561 1464 4616 dubio
1511 4563 1770 4618 fortitudo
1822 4563 2051 4618 militum
2087 4605 2102 4631 ,

508 4647 783 4708 hebetudo
821 4651 1212 4723 eritregalinm
1262 4655 1606 4724 dignitatum,
1657 4664 1711 4710 et
1755 4656 1947 4712 alienis
1994 4665 2098 4712 tra-

508 4740 640 4794 dent
702 4755 927 4812 regnum
1011 4753 1181 4799 tuum.
1245 4744 1360 4801 Iloc
1425 4745 1666 4811 timens,
1735 4762 1858 4800 cum
1916 4748 2100 4817 regula

505 4830 768 4885 virtutum
801 4833 972 4914 dirige
1014 4835 1178 4889 vitam
1238 4839 1530 4900 comitum,
1582 4847 1638 4890 ιιι
1679 4847 1765 4914 tua
1816 4839 2102 4914 dilectione

506 4921 742 4994 angulati
778 4963 793 4990 ,
839 4913 1054 4995 semper
1126 4927 1292 4998 regali
1341 4929 1606 4999 dignitate
1664 4913 1975 4990 adhazreant
2017 4931 2098 4986 in-

503 5011 718 5081 oﬂ'ensi,
750 5026 805 5070 et
824 5008 891 5070 ἰιι
922 5025 1072 5072 tuum
1101 5033 1327 5088 regnum
1354 5034 1452 5088 per
1479 5018 1659 5094 omnia
1689 5019 1758 5072 sit
1788 5017 2094 5088 paciﬁcum.

506 5229 604 5286 sua
634 5215 888 5286 dogmata
909 5225 1176 5270 conentur
1200 5217 1534 5285 pertrahere,
1571 5216 1697 5272 licet
1736 5229 1803 5269 ex
1845 5214 2096 5286 omnibus

505 5284 673 5357 ipsius
694 5284 861 5355 gestis
894 5287 1109 5341 abunde
1137 5284 1348 5343 discere
1390 5288 1598 5357 possint
1641 5301 1701 5342 se
1731 5302 1762 5339 a
1792 5284 2092 5354 primorum

505 5353 884 5426 Ilurtgarorttttt
942 5357 1046 5410 ﬁde
1077 5357 1234 5426 longe
1285 5353 1595 5412 recessisse.
1628 5353 1897 5415 Caeterum
1948 5357 2093 5424 quod

502 5423 569 5478 de
591 5424 915 5496 etytnoIOgia
943 5423 1252 5496 Augusti—in
1286 5427 1392 5482 ﬁne
1421 5427 1640 5488 dicitur,
1699 5439 1845 5496 mere
1875 5423 2092 5496 accom-

502 5493 845 5566 modatitim—n
874 5505 957 5551 est
987 5514 999 5549 :
1030 5493 1156 5552 nam
1188 5498 1547 5566 imperatores
1589 5495 1718 5553 dicti
1749 5504 1876 5554 sunt
1904 5493 2088 5564 Augu-

502 5564 666 5637 sti_a_h
689 5563 1014 5637 imperatore
1063 5563 1326 5637 Augusto,
1353 5567 1517 5628 sicuti
1545 5565 1780 5623 Cresam
1830 5563 2089 5622 dicuntur

502 5649 530 5689 8
558 5631 700 5687 JuIio
721 5631 953 5689 Cit-sere.

576 5703 700 5770 (res
737 5707 774 5770 ')
814 5702 922 5758 lloc
962 5703 1077 5757 loco
1126 5705 1288 5759 editio
1337 5706 1588 5762 Satnhuci
1618 5707 1683 5761 ab
1715 5706 1819 5763 illis
1865 5706 2084 5763 verbis:

2213 3278 2896 3356 imperium,Romanique
2951 3295 3110 3352 reges
3161 3279 3429 3336 sublimati
3465 3277 3671 3338 ῐυθηιιιι,ει

2211 3371 2459 3442 gloriosi,
2491 3371 2595 3436 nisi
2647 3372 2792 3442 quod
2849 3372 3002 3427 multi
3044 3372 3262 3427 nobiles
3313 3380 3366 3425 et
3410 3368 3671 3438 sapiuttsrt

2209 3447 2440 3520 diversis
2470 3463 2597 3520 illuc
2617 3461 2958 3519 conﬂuebant
2979 3463 3271 3534 partibus?
3294 3461 3445 3520 Roma
3469 3472 3562 3512 tero
3573 3465 3671 3518 usth

2206 3557 2370 3612 hodie
2423 3564 2568 3612 esset
2612 3555 2830 3623 ancilla,
2888 3555 2994 3611 nisi
3044 3554 3323 3610 IEneades
3363 3553 3508 3622 ipstn
3539 3545 3670 3600 fuisse

2208 3647 2461 3703 liberam.
2508 3644 2663 3710 Sicut
2713 3645 2861 3700 enim
2896 3659 2964 3700 ex
3017 3644 3251 3702 diversis
3298 3643 3510 3714 partibus
3539 3635 3670 3706 prmiu-

2203 3737 2419 3801 ;eiarum
2467 3737 2696 3794 veniunt
2753 3737 3012 3808 hospites,
3067 3737 3142 3792 ita
3190 3737 3421 3791 diversas
3464 3732 3668 3800 Iinguasul

2206 3811 2647 3894 consuetudines,
2665 3828 2993 3898 diversaque
3015 3827 3340 3882 documenta
3363 3834 3411 3880 et
3427 3831 3667 3878 armaren-

2205 3923 2428 3989 ducunt,
2479 3937 2600 3994 quae
2644 3922 2824 3977 omnia
2856 3921 3058 3990 regiam
3103 3927 3306 3976 ornant
3334 3928 3385 3972 et
3430 3910 3666 3984 magniﬁcam

2205 4013 2406 4080 aulam,
2428 4022 2483 4068 et
2513 4011 2863 4082 pet-territant
2890 4024 3204 4075 exterorum
3244 4008 3570 4080 arrogantiam.
3587 3998 3660 4054 Sam

2205 4107 2365 4162 unius
2412 4106 2629 4175 lingnm,
2671 4103 2938 4172 uniusque
2986 4102 3157 4157 moris
3221 4101 3340 4174 [ut.,
3388 4091 3591 4163 mortalis]
3618 4103 3664 4142 rt-

2204 4213 2390 4268 gnum,
2421 4195 2693 4262 imbecille
2727 4202 2781 4248 et
2815 4192 3010 4262 fragile
3033 4203 3137 4250 est.
3194 4193 3462 4262 Propterea
3494 4186 3608 4255 iubeo
3623 4189 3664 4242 Ιεν

2202 4292 2276 4347 Iili
2304 4291 2396 4357 mi,
2431 4299 2489 4344 ut
2520 4289 2662 4343 bona
2710 4288 2985 4342 voluntate
3041 4289 3163 4354 illos
3218 4287 3430 4349 nutrias,
3455 4293 3498 4337 et
3529 4281 3663 4334 honeste

2206 4369 2412 4445 teneas,
2465 4389 2525 4434 ut
2574 4365 2751 4433 tecum
2790 4378 3048 4434 libentius
3113 4380 3325 4450 degant,
3374 4389 3506 4446 quam
3545 4367 3659 4424 alia?

2211 4468 2331 4540 [al.,
2357 4467 2507 4540 alibi]
2541 4468 2804 4523 habitent.
2838 4467 2896 4523 Si
2924 4469 3068 4522 enim
3109 4479 3164 4522 tu
3194 4470 3455 4523 destruere
3485 4459 3587 4530 qﬂod
3607 4469 3660 4522 τευ

2208 4553 2489 4625 ωάἰηρίινί,
2514 4573 2605 4613 aut
2635 4559 2901 4629 dissipare
2943 4559 3088 4629 quod
3134 4556 3434 4630 congregari
3468 4550 3659 4608 SIIIlIlICﬁS.

2206 4653 2327 4716 sine
2370 4649 2534 4706 dubio
2585 4633 2885 4719 maximum
2933 4648 3316 4703 detrimentum
3359 4656 3486 4698 tuum
3515 4638 3658 4708 patietur

2206 4725 2452 4812 regnum.
2481 4727 2636 4807 Quod
2667 4755 2736 4815 ne
2766 4739 2880 4804 ﬁat,
2909 4750 3060 4794 tuum
3093 4738 3330 4810 quotidie
3370 4749 3486 4805 auge
3505 4737 3657 4797 regum.

2204 4842 2264 4886 ut
2295 4842 2383 4886 tua
2412 4847 2612 4886 corona
2644 4833 2711 4884 ah
2744 4832 3001 4886 cronibus
3056 4841 3280 4902 augusta
3327 4827 3431 4900 [aI.,
3469 4824 3575 4875 abest
3603 4831 3656 4866 an-

2202 4923 2382 4998 gusta]
2424 4925 2689 4988 habeatur
2727 4922 2895 4996 (104).

2272 5019 2402 5084 CAP.
2445 5017 2549 5073 VII.
2575 5017 2649 5072 De
2671 5018 3036 5086 ntagnituditte
3082 5017 3305 5070 consilii.
3341 4999 3654 5068 Intribtmﬂib“

2200 5211 2346 5274 Time
2392 5227 2501 5266 esse
2541 5211 2730 5280 judex,
2760 5211 2910 5270 varia
2953 5212 3119 5279 habet
3150 5211 3352 5272 menda,
3394 5204 3457 5280 uti
3477 5195 3651 5280 studiosi!

2197 5262 2368 5338 icera-
2396 5262 2602 5353 sane"
2629 5262 2910 5336 arteria:
2952 5262 3052 5336 in;
3069 5262 3458 5353 inmensum
3502 5262 3647 5323 nom

2195 5352 2528 5417 noncensui.
2649 5359 2651 5362 ‘
2793 5359 2825 5361 "
2905 5361 2909 5364 ‘
2972 5358 3004 5407 ·,
3109 5352 3240 5378 ί·’

2205 5415 2225 5520 9.
2260 5421 2731 5520 939.2551L‘5
2761 5421 3051 5520 cetera
3070 5416 3577 5520 ..ξξθξιξιξυέξξεὲτξξῖέἃ
3601 5414 3645 5520 .3“.

2194 5475 2735 5584 υςὺθίιι’1ξξ’ὄιηέιιιθεὴ
2761 5475 3036 5584 dicuntur,
3070 5475 3234 5584 videri
3251 5475 3256 5476 γ

2192 5565 2383 5642 vium,_
2413 5563 2504 5617 Iib.
2557 5579 2597 5626 t,
2649 5552 3640 5642 tthierratunqttihus'al‘}jb“$__f'ﬂijf

2191 5616 2499 5710 R‘iﬁ'dlugr
2532 5616 2708 5710 S‘ll'plta
3007 5616 3219 5698 dictus,
3235 5616 3301 5686 rut.
3339 5630 3516 5710 Iiotnam
3534 5616 3626 5670 tnui“

2193 5705 2375 5760 tudine
2401 5701 2578 5774 populi
2602 5701 2874 5774 impleret.
