3816 6322
13 282 76 339 to
1443 280 1684 340 LEGES.

3048 280 3186 337 1250

13 396 143 453 (lar.
168 398 291 453 XXI.
345 398 419 452 De
447 399 551 465 Itis,
578 415 664 468 qui
694 399 911 455 alterius
959 400 1148 454 milites
1177 406 1271 455 aut
1297 400 1512 463 seruito-
1540 397 1589 452 Α
1615 399 1884 470 imprimis
1918 398 2136 454 decalva
2149 399 2190 453 ri
2222 406 2277 453 et
2334 380 2560 467 depilari
2593 383 2710 469 [al.,
2738 412 2835 468 pro
2863 400 3049 454 eodem
3077 403 3187 455 cri-

14 510 15 535 ξ
67 502 277 545 avocant.
332 490 591 549 Volumus
641 503 701 548 ιιι
751 494 1120 562 unusquisque
1172 491 1355 547 senior
1381 492 1500 562 (seu

14 582 193 651 minus)
217 597 363 636 suum
397 583 596 639 habent
636 584 862 639 militem
921 583 994 650 (id
1020 592 1103 638 est
1151 582 1500 653 servientem)

15 687 42 725 c
62 673 235 743 aliquis
257 675 389 729 alter
418 676 491 731 illi
537 678 765 731 suadeat
815 677 1099 745 antiquum
1127 677 1380 731 deserere
1413 691 1502 731 se—

14 778 160 830 orem,
194 774 244 818 et
296 766 361 819 ad
389 781 446 821 se
474 768 678 822 venire.
711 767 837 822 Inde
884 767 1029 821 cnim
1066 766 1295 837 litigium
1342 768 1506 822 habet

13 865 160 909 mum.

13 946 124 998 CAP.
159 944 308 999 XXII.
342 945 419 999 De
470 947 775 1016 recipiendis
801 948 1111 1017 hospitibus.
1147 947 1202 1003 Si
1234 950 1356 1018 quis
1383 948 1506 1002 IIOS-

20 1053 96 1089 em
146 1052 262 1091 cum
312 1037 691 1093 benevolentia
742 1040 960 1108 accipit,
1016 1048 1071 1093 et
1111 1040 1505 1093 nutrimentum

18 1130 30 1181 i
80 1132 298 1185 honeste
353 1131 634 1201 impendit,
682 1133 920 1201 quaudiu
965 1133 1261 1188 secundum
1312 1147 1509 1203 propo-

14 1239 87 1276 nn
154 1224 425 1288 nutritur,
482 1239 589 1279 non
648 1225 865 1279 deserat
927 1242 1085 1279 suum
1136 1225 1505 1291 nutritorem;

14 1331 99 1371 nec
155 1316 219 1371 ad
265 1316 497 1387 aliquem
547 1317 713 1372 alium
769 1335 922 1374 suam
968 1319 1178 1375 delerat
1228 1320 1511 1389 hospitali-

14 1424 107 1463 2m.

14 1501 120 1555 lar.
161 1501 340 1556 XXIII.
380 1501 457 1558 De
482 1502 563 1556 his
592 1504 683 1573 qui
707 1502 1048 1575 ﬂagellantur
1067 1521 1164 1559 sua
1191 1514 1504 1575 qurerenles.

23 1596 183 1665 eujus
230 1595 383 1651 miles
411 1596 494 1651 vel
531 1612 722 1653 servus
781 1599 846 1653 ad
882 1598 1045 1654 alium
1079 1598 1304 1670 fugerit,
1349 1608 1404 1655 et
1441 1599 1508 1665 is,

13 1704 71 1741 us
106 1688 267 1743 miles
313 1688 397 1743 vel
428 1704 620 1744 servus
660 1688 787 1760 fuga
829 1700 912 1747 est
955 1692 1192 1761 elapsus,
1226 1707 1383 1746 suum
1412 1692 1516 1746 mi-

13 1779 49 1831 it
102 1778 336 1848 legatum
389 1780 456 1833 ad
503 1780 870 1836 reducendum
923 1796 1045 1837 eum
1095 1781 1217 1853 [al.,
1272 1780 1414 1854 eos],
1461 1789 1517 1836 et

14 1884 213 1938 egatus
261 1871 461 1926 ibidem
516 1887 546 1925 a
594 1887 917 1942 quocunque
971 1889 1262 1944 percussus
1302 1889 1365 1929 ac
1415 1872 1512 1928 lla-

14 1964 155 2018 tatus
199 1964 483 2027 exstiterit,
543 1966 883 2022 decrevimus
932 1975 1245 2022 nostrorum
1302 1967 1510 2036 prima-

13 2066 357 2120 iconventu,
411 2066 471 2111 ut
520 2056 610 2113 ille
660 2072 954 2129 percussor
996 2059 1184 2114 decem
1208 2059 1383 2114 solvat
1424 2060 1515 2130 ju-

22 2159 143 2199 COS.

14 2236 124 2290 Ite.
161 2235 345 2293 XXIV.
375 2237 453 2293 De
480 2239 649 2294 viduis
696 2250 742 2294 et
793 2240 1061 2310 orphanis.
1111 2239 1373 2296 Volumus
1398 2240 1518 2311 qui-

13 2344 68 2394 n,
123 2337 181 2384 ut
211 2328 384 2385 viduas
436 2340 494 2385 et
537 2332 772 2402 orpliani
818 2334 928 2388 sint
961 2341 1158 2391 nostra:
1202 2333 1323 2405 [al.,
1350 2332 1515 2406 nunc]

14 2420 60 2475 is
82 2421 398 2491 participes,
446 2422 537 2477 tali
570 2432 777 2491 tenore,
813 2423 874 2480 ut
919 2425 963 2480 si
1010 2441 1131 2496 quae
1186 2426 1348 2482 vidua
1394 2440 1516 2480 cum

13 2513 60 2567 is
91 2521 144 2567 et
170 2512 383 2569 ﬁliabus
437 2518 782 2582 remanserit,
826 2525 989 2588 atque
1040 2517 1253 2573 nutrire
1301 2532 1418 2583 eos,
1464 2525 1521 2573 et

21 2619 150 2659 nere
212 2618 336 2661 cum
383 2605 512 2674 illis,
557 2608 796 2677 quandiu
872 2609 1095 2675 vixerit,
1154 2608 1529 2679 promiserit;

14 2705 123 2751 )eat
150 2706 474 2767 potestatem
514 2714 543 2753 a
571 2700 726 2755 nobis
751 2701 855 2756 sibi
886 2716 1208 2756 concessam
1235 2702 1286 2756 id
1312 2700 1517 2757 facien-

35 2797 87 2843 et
117 2804 144 2842 a
191 2791 408 2846 nemine
460 2791 658 2846 iterum
714 2802 941 2862 cogatur
994 2794 1045 2848 in
1079 2792 1412 2865 coniugium.
1460 2794 1516 2848 Si

20 2896 91 2947 m,
121 2890 335 2937 mutato
362 2891 509 2948 voto,
547 2883 743 2938 iterum
785 2885 992 2940 nubere
1040 2885 1297 2950 voluerit,
1345 2894 1399 2939 et
1424 2900 1520 2939 or-

13 2988 134 3028 IIIOS
167 2973 449 3043 deserere,
498 2976 564 3031 de
611 2976 774 3032 rebus
802 2977 1171 3047 orphanorum
1219 2978 1355 3034 nihil
1404 2993 1522 3032 om-

20 3066 179 3121 osibi
224 3066 500 3133 vendieet,
530 3068 637 3123 nisi
685 3075 893 3123 tantum
939 3068 1042 3124 sibi
1072 3085 1310 3141 congrua
1355 3070 1522 3126 vesti-

13 3165 100 3209 nta
129 3154 394 3226 accipiat.
423 3155 480 3212 Si
506 3165 688 3212 autem
733 3157 893 3211 vidua
940 3158 1057 3213 sine
1101 3159 1252 3229 prole
1302 3173 1520 3214 reman-

14 3247 71 3312 it,
106 3256 166 3301 et
196 3262 258 3301 se
310 3246 588 3318 innuptam
616 3247 672 3303 in
726 3264 824 3305 sua
876 3249 1143 3305 viduitate
1188 3264 1518 3321 permanere

14 3339 269 3404 miserit,
294 3337 546 3395 volumus
573 3347 634 3395 ut
685 3349 1014 3411 potestatem
1048 3342 1248 3397 habeat
1276 3342 1519 3398 omnium

13 3445 195 3484 torum
256 3445 501 3497 suorum,
555 3441 613 3487 et
661 3433 923 3503 quidquid
975 3433 1100 3489 inde
1139 3432 1325 3489 facere
1369 3433 1520 3501 velit,

13 3524 106 3576 iat.
165 3521 239 3576 Et
288 3531 412 3592 post
473 3522 682 3578 obitum
726 3524 868 3595 ejus,
913 3524 1104 3579 eadem
1145 3523 1285 3579 bona
1318 3524 1385 3578 ad
1435 3527 1519 3583 sui

13 3622 148 3668 eant
172 3621 433 3682 parentes
459 3613 665 3678 mariti,
695 3614 739 3668 si
766 3623 1017 3684 parentes
1047 3614 1169 3687 [αι.,
1198 3614 1520 3688 praesentes]

14 3716 119 3760 let:
169 3706 258 3760 sin
298 3714 478 3760 autem
511 3723 640 3776 non,
672 3723 772 3763 rex
799 3708 869 3763 sit
891 3708 1085 3763 limes.

13 3797 119 3850 ιλιι).
158 3795 336 3851 XXV.
390 3797 467 3852 De
492 3808 645 3868 raptu
668 3798 989 3869 puellarum.
1037 3797 1093 3853 Si
1122 3799 1246 3870 quis
1292 3800 1522 3855 militum

13 3889 267 3943 iu.lici.ia
301 3886 559 3957 fmdatus,
582 3891 811 3961 puellam
862 3890 1120 3961 aliquam,
1149 3892 1269 3947 sine
1298 3878 1525 3948 culices?-

16 3996 65 4034 ie
92 3990 398 4051 parentum
426 3981 526 4037 sibi
554 3982 606 4036 in
638 3995 862 4036 uxorem
891 3981 1153 4051 rapuerit,
1182 3981 1524 4038 decernimus

19 4072 156 4125 llam
219 4074 539 4141 parentibus
588 4072 764 4137 reddi,
821 4072 1035 4127 etiamsi
1087 4071 1157 4127 ab
1198 4071 1290 4128 illo
1343 4072 1523 4144 aliqua

22 4161 137 4218 sibi
181 4163 335 4217 illata
360 4164 452 4228 sit,
501 4172 557 4219 et
581 4174 767 4234 raptor
795 4163 983 4220 decem
1040 4163 1217 4220 solvat
1260 4164 1525 4234 juvencos

62 4264 283 4323 raptu,
346 4255 471 4309 licet
522 4266 709 4325 postea
768 4255 1152 4331 reconcilietur
1206 4256 1525 4327 parentibus

16 4346 131 4401 llm.
168 4346 234 4402 Si
264 4362 393 4403 vero
413 4362 619 4418 pauper
646 4348 788 4419 quis,
821 4357 911 4402 aut
939 4347 1178 4419 vulgaris
1201 4350 1305 4404 hoc
1334 4365 1524 4421 aggre-

1603 495 1752 549 mine
1776 490 2088 563 decoriari].
2117 490 2173 547 Si
2200 506 2331 549 vero
2355 494 2597 549 secundo
2626 506 2746 546 cum
2793 493 2979 547 eadem
3016 493 3188 549 forni-

1604 592 1759 640 catus
1797 582 1981 649 l‘uerit,
2014 582 2210 637 iterum
2262 583 2575 639 decalvetur
2618 582 2736 655 [al.,
2770 583 3097 657 decorietur]
3137 594 3192 640 et

1606 675 1891 745 depiletur.
1932 673 1989 729 Si
2021 683 2202 729 autem
2260 676 2445 742 tertio,
2506 676 2578 731 sit
2606 691 2795 731 servus
2843 677 3044 747 pariter
3068 693 3194 732 cum

1606 766 1823 832 ancilla,
1858 776 1950 820 aut
1977 767 2209 821 redimat
2233 781 2308 820 se.
2345 766 2402 821 Si
2432 776 2608 821 autem
2647 768 2840 821 ancilla
2887 770 3196 838 conceperit

1605 862 1675 916 de
1698 876 1784 926 eo,
1809 870 1864 915 et
1902 876 2097 931 parere
2121 876 2226 914 non
2256 862 2475 929 poterit,
2510 862 2602 916 sed
2626 861 2679 915 in
2724 871 2878 931 partu
2913 864 3195 928 morietur,

1609 963 1905 1023 componat
1940 955 2185 1007 eamdem
2216 968 2338 1007 eum
2367 954 2469 1008 alia
2498 953 2715 1007 ancilla.
2757 953 2958 1010 Sen'us
2986 971 3199 1025 quoque

1611 1048 1857 1117 alicujus,
1893 1047 1938 1101 si
1979 1063 2100 1103 cum
2134 1047 2324 1102 ancilla
2378 1046 2597 1102 alterius
2646 1047 2961 1113 fornicatur,
3022 1049 3200 1103 decal-

1612 1150 1769 1195 vetur
1814 1138 1937 1211 [al.,
1971 1137 2304 1221 decorietur]
2344 1147 2400 1193 et
2460 1139 2767 1208 depiletur:
2828 1151 2880 1194 et
2926 1141 2979 1193 si'
3008 1141 3200 1195 ancilla

1612 1232 1679 1285 de
1728 1246 1796 1286 eo
1847 1230 2181 1299 conceperit,
2233 1238 2290 1285 et
2345 1231 2398 1284 iu
2460 1241 2620 1302 partu
2674 1232 2975 1297 moriatur,
3016 1247 3204 1286 servus

1611 1326 1983 1389 venundetur,
2047 1339 2112 1378 ac
2176 1324 2400 1379 dimidia
2452 1340 2582 1394 pars
2636 1324 2795 1395 pretii
2858 1325 3057 1379 seniori
3104 1342 3204 1379 an-

1614 1417 1754 1473 cilla:
1785 1416 1983 1471 detur:
2021 1414 2189 1470 altera
2229 1429 2359 1484 pars
2412 1430 2543 1471 vero
2574 1416 2774 1471 seniori
2806 1417 2949 1471 servi
2992 1430 3207 1485 semper

1612 1518 1910 1565 remaneat.

1686 1599 1815 1655 CAP.
1847 1598 2061 1655 XXVII.
2093 1599 2171 1653 De
2198 1599 2282 1652 Itis
2323 1599 2411 1669 qui
2438 1608 2615 1668 petunt
2654 1600 2852 1654 alienas
2906 1599 3125 1653 ancillas
3154 1599 3211 1652 in

1617 1710 1830 1748 uxores.
1892 1690 1964 1748 Ut
2004 1707 2164 1747 nemo
2196 1707 2411 1757 eorum,
2457 1692 2548 1762 qui
2605 1692 2776 1747 libero
2823 1695 3040 1747 nomine
3085 1707 3211 1745 cen-

1620 1794 1828 1849 sentur,
1890 1784 2073 1839 facere
2100 1784 2351 1853 cuiquam
2404 1783 2655 1853 injuriam
2695 1786 2912 1850 amicat,
2947 1794 3210 1839 terrorem

1619 1885 1674 1930 et
1717 1876 2024 1931 cautionem
2061 1875 2441 1943 imposuimus.
2469 1876 2602 1943 Quia
2630 1876 2683 1931 in
2724 1877 2823 1931 hoc
2869 1876 3034 1945 regali
3076 1890 3211 1930 con-

1620 1967 1748 2022 cilio
1804 1968 2084 2023 decretum
2136 1976 2253 2028 est,
2315 1974 2374 2020 ut
2432 1967 2475 2019 si
2523 1967 2645 2036 quis
2698 1966 2834 2021 liber
2882 1967 3213 2021 connubium

1620 2057 1831 2113 ancillae
1879 2056 2125 2121 alterius,
2166 2058 2375 2112 sciente
2434 2058 2653 2113 domino
2707 2059 2938 2124 ancillze,
2966 2056 3213 2128 elegerit,

1617 2148 1830 2219 perdita
1869 2162 1983 2201 sua:
2008 2146 2283 2201 libertatis
2307 2146 2596 2214 industria,
2636 2157 2928 2221 perpetuus
2952 2147 3216 2202 ciliciatur

1616 2255 1826 2298 SOIWUS.

1691 2334 1821 2390 CAP.
1850 2333 2089 2390 XXVIII.
2127 2333 2233 2399 Qui
2258 2339 2410 2386 extra
2461 2348 2678 2403 regnum
2709 2349 2743 2386 a
2784 2333 2894 2387 suis
2934 2333 3217 2404 aufug'unt

1618 2427 1894 2482 uxoribus.
1924 2425 2185 2495 Utgenus
2225 2425 2509 2494 utriusque
2561 2439 2742 2488 sexus,
2800 2434 2950 2479 certa
2994 2424 3131 2493 lege,
3162 2434 3219 2478 et

1621 2519 1829 2588 absque
1853 2514 2066 2586 injuriis
2092 2524 2312 2571 maneat
2340 2524 2395 2570 ct
2430 2514 2631 2582 vigeat,
2680 2514 2734 2568 in
2787 2515 2890 2570 hoc
2919 2515 3087 2585 regali
3116 2513 3216 2570 de-

1621 2620 1777 2668 creto
1827 2619 2090 2666 statutum
2116 2617 2220 2672 est,
2246 2616 2307 2663 ut
2332 2608 2377 2664 si
2403 2607 2524 2678 quis
2550 2609 2905 2679 protervitate
2937 2608 3213 2677 praeditus,

1621 2712 1850 2773 propter
1899 2700 2361 2756 abominationem
2410 2699 2598 2754 uxoris
2647 2700 2879 2769 patriam
2926 2699 3215 2768 ell‘ugerit.

1623 2808 1763 2850 uxor
1788 2801 2007 2858 cuncta,
2037 2806 2159 2861 quae
2210 2792 2263 2845 in
2298 2797 2571 2862 potestate
2624 2790 2806 2844 mariti
2855 2791 3215 2854 habebantur,

1621 2886 1920 2956 possideat,
1949 2885 2075 2939 dum
2111 2883 2241 2938 velit
2288 2898 2607 2955 exspectare
2632 2885 2844 2949 virum;
2877 2893 2932 2937 et
2984 2884 3106 2955 [al.,
3133 2884 3216 2957 ut]

1626 2990 1793 3032 nemo
1814 2976 1869 3031 in
1895 2975 2043 3030 aliud
2058 2974 2371 3047 coniugium
2400 2992 2518 3033 eam
2546 2962 2742 3048 cogere
2770 2984 3079 3047 prmsumat.
3112 2976 3221 3031 Sed

1627 3067 1755 3141 [αι.
1788 3066 1868 3139 et]
1899 3067 1943 3122 si
1968 3074 2164 3138 sponte
2196 3068 2407 3125 nubere
2432 3069 2585 3135 velit,
2626 3068 2788 3123 liceat
2832 3053 3221 3138 sibi,sumptis

1628 3160 1887 3228 congruis
1936 3159 2283 3215 vestimentis
2312 3203 2326 3225 ,
2377 3170 2432 3216 et
2484 3161 2726 3217 dimissis
2781 3160 2993 3215 caeteris
3037 3160 3215 3226 bonis,

1627 3252 1694 3305 ad
1723 3251 2054 3307 connubium
2113 3253 2215 3309 ire.
2271 3253 2339 3308 Et
2371 3252 2415 3308 si
2463 3252 2569 3319 vir,
2602 3253 2704 3308 hoc
2733 3251 2939 3316 audito,
2974 3251 3219 3315 redierit,

1629 3353 1698 3392 ne
1728 3338 1894 3394 liceat
1940 3340 2044 3398 sibi
2084 3341 2254 3396 aliam
2295 3342 2516 3414 ducere,
2550 3350 2772 3412 propter
2822 3357 2974 3395 suam
3006 3341 3219 3409 culpam

1631 3427 1753 3501 [al.,
1786 3438 1986 3499 praeter
2014 3430 2217 3504 suam],
2239 3426 2355 3488 nisi
2380 3447 2503 3488 cum
2526 3431 2744 3487 licentia
2777 3432 3015 3503 episcopi
3046 3431 3218 3503 (“5).

1699 3517 1831 3575 CAP.
1871 3518 2061 3575 XXIX.
2087 3520 2165 3575 De
2190 3520 2334 3591 furto
2358 3521 2639 3577 mulierum
2668 3524 3056 3577 maritatarum.
3083 3523 3220 3579 Cum

1630 3611 1795 3685 igitur
1824 3612 2036 3668 cunctis
2067 3613 2427 3678 horrendum,
2472 3621 2528 3668 et
2557 3614 2810 3669 omnibus
2857 3612 3220 3667 abominabile

1630 3706 1725 3770 sit,
1762 3703 1974 3760 virilem
2005 3718 2193 3761 sexum
2217 3713 2495 3775 repertum
2522 3703 2719 3760 fecisse
2748 3703 2975 3769 furtum,
3013 3712 3069 3759 et
3106 3719 3223 3758 ma-

1629 3796 1712 3867 gis
1738 3796 2019 3869 magisque
2047 3810 2238 3853 sexum
2267 3795 2563 3853 femineum
2592 3814 2605 3850 :
2648 3797 2943 3852 secundum
2985 3796 3219 3868 regalem

1630 3897 1878 3943 senatum
1914 3888 2195 3945 decretum
2238 3897 2343 3957 est,
2369 3898 2430 3943 ut
2451 3891 2493 3943 si
2525 3888 2705 3958 aliqua
2749 3888 2942 3942 mulier
2967 3889 3220 3944 maritata

1630 3978 1833 4033 furtum
1872 3978 2230 4046 cenuniserit,
2280 3997 2310 4036 a
2350 3981 2549 4037 marito
2579 3981 2917 4037 redimatur:
2969 3991 3021 4035 et
3053 3981 3096 4036 si
3131 3997 3221 4035 se-

1629 4073 1810 4127 cundo
1835 4072 1887 4126 in
1936 4074 2186 4130 eamdem
2222 4072 2437 4145 culpam
2464 4073 2737 4137 inciderit,
2768 4074 3020 4139 similiter
3082 4074 3221 4127 retii-

1630 4173 1849 4219 matur:
1890 4166 1934 4220 si
1968 4182 2098 4223 vero
2137 4167 2323 4233 tertio,
2350 4166 2713 4237 venundetur.

1700 4258 1829 4315 Car.
1860 4260 2031 4316 XXX.
2084 4259 2162 4314 De
2211 4260 2467 4314 incendiis
2496 4258 2848 4313 mansionum.
2901 4257 2956 4312 Si
2985 4258 3107 4328 quis
3128 4272 3225 4327 per

1631 4350 1950 4405 inimicitias
1981 4349 2208 4405 alterius
2239 4350 2466 4405 aedilicia
2501 4348 2825 4403 cremaverit
2865 4348 3004 4418 igne,
3037 4348 3222 4401 tlech-

13 4452 99 4493 tur
116 4454 319 4508 agere,
347 4451 703 4510 componatur
726 4449 938 4510 raptum
960 4438 1283 4511 [Legendum
1311 4444 1520 4510 opinor,
1552 4472 1604 4533 ο
1632 4441 1829 4507 vimus,
1856 4448 1917 4494 ut
1945 4438 2173 4515 cedilloia
2209 4440 2480 4505 restituat,
2511 4446 2568 4492 et
2595 4436 2851 4507 quicquid
2877 4438 3227 4506 supellectilis

14 4538 223 4598 ιροιιιιι
256 4528 497 4601 raptum]
527 4530 765 4598 quinque
812 4527 1001 4582 bobus.

22 4635 118 4672 AP.
152 4617 359 4673 XXVI.
386 4619 463 4673 De
503 4620 681 4674 liberis
724 4618 1108 4688 fornicantibus
1156 4635 1276 4671 cum
1322 4619 1531 4676 ancillis

14 4714 140 4765 rius
168 4712 405 4766 domini.
466 4711 537 4768 Ut
573 4711 731 4767 liberi
762 4726 916 4766 suam
963 4710 1273 4765 custodiant
1310 4709 1518 4765 liberta-

41 4803 590 4871 incontaminatam,
618 4804 870 4859 volumus
922 4800 1028 4857 illis
1072 4815 1278 4873 ponere
1321 4803 1532 4858 cautio-

13 4915 48 4960 ι,
110 4909 196 4949 ne
231 4910 360 4949 cum
423 4894 614 4951 alienis
664 4894 1001 4950 fornicentur
1033 4894 1264 4950 ancillis.
1326 4895 1381 4950 Si
1411 4896 1535 4966 quis

14 5002 102 5043 ξω
139 4988 255 5055 im;
274 4986 496 5042 rovidus
552 4986 696 5041 hanc
745 4986 1057 5041 cautionem
1103 4986 1531 5056 transgrediens,

13 5082 315 5136 uicaretur
354 5080 477 5153 [al.,
526 5079 849 5153 fornicatur]
880 5097 1002 5137 cum
1061 5081 1256 5138 ancilla
1286 5080 1532 5145 alterius,

18 5183 42 5228 t
74 5189 149 5228 se
220 5187 522 5239 reumqesse
557 5172 823 5239 criminis,
851 5182 906 5227 et
935 5188 1031 5244 pro
1076 5172 1265 5227 eodem
1308 5171 1535 5228 crimine

14 5310 144 5378 W5)
186 5306 430 5378 Ilaec‘lex
455 5317 614 5363 caute
636 5305 976 5378 intelligenda
1002 5307 1169 5359 estde
1191 5303 1538 5378 matrimonio

13 5375 247 5443 tilium,
288 5376 445 5450 cujus
472 5377 764 5450 vinculum
790 5375 919 5430 solvi
955 5384 1154 5450 potest,
1178 5375 1220 5450 si
1250 5389 1393 5450 uxor
1410 5388 1539 5450 conf

14 5464 200 5512 .atur,
234 5460 293 5503 et
327 5444 409 5504 vir
438 5448 557 5503 ideo
578 5446 818 5501 discedat
846 5444 1141 5501 secundum
1173 5444 1488 5514 Apostolum
1520 5444 1537 5498 l

18 5564 30 5576 .
99 5536 221 5581 vn.
280 5522 412 5576 15.:
476 5534 579 5573 non
624 5532 756 5589 vero
787 5518 851 5569 de
903 5517 1247 5570 matrimonio
1272 5515 1540 5589 Cliristiaf

14 5609 121 5648 um
155 5591 351 5647 valide
398 5586 677 5645 contracto
704 5596 756 5639 ct
808 5596 1204 5651 consummato,
1232 5585 1373 5655 quod
1405 5584 1537 5638 solvi

22 5663 280 5732 nequit,
314 5672 371 5715 ut
398 5670 521 5715 ante
547 5657 789 5732 conjugis
811 5667 1039 5732 mortem
1088 5660 1151 5710 ad
1183 5656 1326 5732 aliud
1353 5656 1541 5708 matri-

13 5727 197 5789 niuin
237 5732 418 5787 valide
464 5730 810 5800 procedatur.
869 5727 989 5782 Ila‘e
1038 5729 1226 5797 paucis
1254 5727 1541 5781 observata

1634 4548 1816 4587 arsum
1859 4532 2039 4597 fuerit,
2088 4532 2381 4600 persolvat,
2412 4541 2467 4587 et
2515 4534 2737 4605 insuper
2774 4532 3009 4586 sedecim
3035 4532 3226 4601 juven-

1632 4623 1734 4689 cis,
1764 4621 1854 4691 qui
1883 4620 2064 4675 valent
2094 4623 2374 4693 sexaginta
2399 4622 2622 4679 solidos.

1704 4716 1836 4771 CAP.
1888 4713 2081 4769 XXXI.
2122 4713 2200 4768 De
2258 4716 2526 4786 strigibus.
2588 4715 2645 4770 Si
2700 4729 2803 4786 qua
2850 4713 3015 4785 striga
3076 4712 3224 4784 (Ill)

1637 4807 1853 4864 inventa
1879 4808 2062 4874 fuerit,
2100 4813 2401 4862 secundum
2434 4806 2747 4877 judicialem
2774 4806 2945 4878 legem
2999 4807 3225 4860 ducatur

1640 4903 1765 4977 [al.,
1793 4902 2018 4976 ducant]
2052 4905 2118 4958 ad
2155 4901 2469 4969 ecclesiam,
2508 4909 2563 4956 et
2604 4901 3015 4956 commendetur
3043 4914 3225 4953 sarcr-

1638 4993 1750 5051 doti
1776 4991 2237 5062 adjejunandum,
2282 4990 2553 5061 iidemque
2598 4991 2911 5047 discendum
2946 5007 2960 5043 :
2990 4998 3110 5060 post
3150 4986 3228 5057 jeo

1635 5086 1846 5156 juuium
1876 5101 2006 5141 vero
2030 5085 2247 5140 domum
2280 5087 2487 5140 redeat.
2521 5082 2579 5138 Si
2633 5082 2927 5139 secundum
2960 5080 3011 5134 in
3039 5080 3227 5134 eodem

1642 5177 1874 5234 crimine
1920 5176 2253 5243 invenietur,
2300 5173 2462 5229 simili
2505 5172 2711 5243 jejunio
2745 5170 3060 5241 subjaceat:
3108 5176 3229 5239 post

1644 5310 1886 5377 oportuit
1911 5327 1923 5361 :
1954 5317 2008 5361 at
2031 5306 2183 5377 plura
2201 5306 2268 5361 de
2290 5305 2439 5359 hisce
2464 5303 2671 5358 dabunt
2702 5300 2939 5377 theologi
2981 5308 3035 5377 et
3068 5314 3231 5377 cano—

1645 5370 1822 5434 nistaz.
1878 5370 2245 5443 Fieri'etiam‘
2286 5384 2463 5445 potest
2519 5384 2581 5429 ut
2628 5374 2821 5428 menda
2876 5370 3124 5440 qutedam
3176 5370 3227 5423 iu

1644 5452 1807 5504 verba
1834 5450 1967 5519 legis
1990 5447 2330 5517 irrepserint.

1719 5542 1866 5612 (HI)
1897 5539 2223 5613 Voxstriga,
2252 5540 2388 5613 alias
2415 5540 2568 5605 strix,
2593 5539 2705 5613 Aluic
2751 5536 3001 5613 designat
3026 5532 3230 5613 νοτιρῇ-

1648 5603 1882 5666 οειιηειιίι
1933 5603 2253 5665 maleﬁcam.
2287 5610 2447 5664 Ilisce
2501 5603 2707 5679 majora
2752 5603 2945 5679 deinde
2972 5603 3229 5676 supplicia

1648 5691 1851 5738 statuta
1894 5691 2039 5745 sunt,
2068 5682 2142 5735 uti
2176 5690 2232 5737 et
2265 5695 2364 5751 pro
2389 5679 2509 5735 aliis
2532 5678 2867 5735 criminibus.
