3816 6322
719 240 853 299 1251

1788 247 1845 302 S.
1890 243 2230 303 STEPHANI
2265 254 2755 318 IIUNGARORUM
2793 264 2993 321 REGIS
3650 286 3701 341 lii

712 353 979 423 jejunium
1011 371 1142 415 vero
1195 350 1251 413 in
1313 354 1531 418 modum
1562 357 1741 421 crucis
1784 366 1836 421 in
1880 378 2097 439 pectore
2143 374 2198 426 et
2252 368 2303 423 in
2332 372 2378 428 A
2411 379 2498 426 tur
2526 373 2672 443 quis,
2697 376 2800 431 nisi
2844 378 3157 433 consiliatus
3198 390 3393 437 mortem
3430 387 3540 455 regis.
3570 402 3701 447 animi.

720 445 915 513 fronte,
952 459 1114 519 atque
1174 452 1316 508 inter
1349 456 1618 526 scapulas,
1675 458 1895 515 incensa
1938 461 2076 518 clavi
2129 462 2332 520 eccle—,
2405 467 2606 522 tionem
2634 470 2785 539 regni
2832 470 3041 535 fecerit,
3080 471 3161 526 vel
3210 472 3257 526 in
3287 474 3419 528 aliam
3456 475 3586 548 fugerit
3613 498 3705 549 μνη.

715 540 955 605 siastica,
982 541 1199 598 domum
1251 546 1459 603 redeat.
1511 548 1569 604 Si
1616 564 1747 606 vero
1799 553 1976 619 tertio,
2028 552 2303 623 iudicibus

717 630 977 688 tradatur.

782 718 912 775 CxP.
944 719 1160 777 XXXII.
1189 724 1269 780 De
1288 725 1536 796 male/isis
1568 738 1617 782 et
1643 731 1921 802 sortilegis.
1951 731 2022 789 Ut
2047 740 2298 788 creatura

714 809 809 863 Dei
837 812 905 865 ab
938 813 1180 868 omnium
1244 815 1859 889 lzesione.maligncrum
1909 832 2138 889 remota,
2188 832 2296 878 eta

710 919 741 956 η
784 902 855 959 llo
895 906 1281 964 detrimentum
1330 912 1411 966 sui
1435 928 1661 983 passura
1700 926 1936 982 maneat,
1971 917 2074 971 nisi
2104 933 2133 970 a
2163 917 2295 982 Deo,

709 1009 737 1047 a
767 1010 872 1062 quo
900 994 1020 1066 [al.,
1048 999 1267 1053 additur
1293 1000 1369 1074 et]
1426 1015 1805 1075 augmentatur
1834 1025 1848 1060 :
1884 1008 2179 1063 secundum
2210 1008 2298 1062 de.

707 1095 919 1142 cretum
955 1098 1174 1145 senatus
1218 1095 1508 1151 statuimus
1537 1097 1603 1149 ad
1632 1099 1809 1169 magni
1840 1100 2148 1153 cautionem
2180 1108 2294 1151 ter-

711 1181 870 1245 roris,
901 1182 1157 1238 veneﬁcis
1187 1193 1240 1239 et
1271 1176 1535 1243 maleﬁcis
1582 1187 1701 1259 [al.,
1746 1191 2022 1245 veneﬁciis
2050 1201 2102 1245 et
2130 1191 2294 1245 male-

707 1273 892 1346 ﬁciis],
948 1284 1006 1329 ιιι
1054 1277 1197 1332 nulla
1249 1294 1477 1348 persona
1514 1321 1529 1346 ,
1577 1282 1844 1337 maleﬁcio
1892 1292 1986 1339 aut
2032 1284 2293 1339 veneﬁcio

703 1380 1031 1436 quemquam
1060 1367 1337 1425 hominum
1379 1372 1693 1428 subvertere
1727 1390 1756 1428 a
1791 1383 1931 1429 statu
1956 1376 2176 1442 mentis,
2200 1384 2293 1429 aut

705 1458 1008 1514 interﬁcere
1029 1461 1245 1516 audeat.
1274 1462 1372 1517 Ast
1401 1465 1446 1517 si
1473 1466 1613 1534 quis,
1638 1466 1720 1520 vel
1750 1482 1891 1537 quae,
1918 1469 2147 1536 posthac
2178 1470 2291 1522 haec

700 1553 1135 1621 praesumpserit,
1194 1556 1441 1610 tradatur
1490 1556 1544 1611 in
1603 1573 1794 1613 manus
1834 1559 2099 1615 maleﬁcio
2155 1558 2287 1629 laesi,

701 1648 795 1692 aut
825 1640 875 1693 in
909 1656 1101 1696 manus
1129 1652 1413 1711 parentum
1429 1644 1567 1714 eius,
1599 1648 1894 1703 secundum
1923 1664 2110 1704 eorum
2132 1650 2286 1715 velle,

697 1728 765 1783 ad
797 1728 1173 1802 iudicandum.
1226 1734 1282 1789 Si
1311 1752 1442 1792 vero
1494 1739 1770 1810 sortilegio
1812 1749 2030 1797 utentes
2076 1742 2289 1798 inveni-
2320 1732 2365 1791 Β
2397 1743 2644 1797 bertatem
2669 1746 2858 1798 alienis
2888 1746 3069 1799 servis.
3117 1744 3177 1800 Si
3222 1745 3336 1815 quis
3378 1744 3530 1799 alienis
3550 1746 3723 1798 scrtile-

696 1831 887 1875 rentur
949 1822 1083 1895 [al.,
1140 1828 1281 1881 abest
1340 1828 1779 1903 invenirentur],
1844 1842 1903 1886 ut
1965 1832 2174 1889 faciunt
2230 1834 2286 1887 in

694 1911 906 1982 cinere,
930 1922 985 1971 et
1020 1916 1105 1972 bis
1130 1918 1419 1987 similibus,
1446 1922 1514 1976 ab
1545 1924 1814 1995 episcopis
1862 1924 2083 1997 ﬂagellis
2105 1943 2289 1984 emen-

694 2005 908 2059 dentur.

765 2093 892 2149 CAP.
926 2096 1166 2153 XXXIII.
1202 2100 1277 2155 De
1331 2102 1597 2159 inuasione
1647 2107 1945 2177 domorum,
1997 2112 2061 2166 de
2112 2124 2287 2184 pugna

692 2183 881 2242 ibidem
904 2199 1103 2244 secuta.
1137 2192 1392 2249 Volumus
1425 2204 1483 2249 ut
1520 2196 1670 2252 ﬁrma
1694 2216 1821 2270 pax,
1854 2212 1909 2257 et
1959 2183 2287 2263 ttnanimitas

588 2354 591 2359 Ι
692 2278 777 2333 εἰι·
796 2280 938 2336 inter
967 2282 1207 2352 majores
1234 2294 1290 2340 ct
1324 2287 1585 2357 minores,
1614 2294 1910 2349 secundum
1940 2298 2242 2368 apostolum
2267 2316 2283 2354 ε

691 2368 897 2427 Omnes
924 2375 1211 2431 unanimes
1259 2388 1432 2436 estote
1482 2381 1533 2451 (1
1568 2382 1710 2438 Petr.
1743 2402 1822 2450 in.
1852 2387 1929 2458 8),
1969 2405 2070 2446 nec
2118 2392 2282 2447 alium

690 2461 889 2533 aliquis
916 2465 1175 2522 invadere
1204 2470 1420 2526 audeat.
1445 2472 1578 2527 Nam
1604 2476 1649 2531 si
1694 2478 1817 2545 quis
1847 2482 2130 2549 comitum,
2161 2494 2283 2554 post

690 2550 1063 2609 ditﬁititionem
1092 2556 1252 2627 liuius
1276 2562 1581 2616 communis
1609 2566 1825 2621 concilii
1860 2579 1968 2623 tam
1989 2550 2281 2629 contumax

686 2636 990 2710 exstiterit,
1020 2656 1079 2701 ut
1107 2647 1270 2702 alium
1297 2650 1441 2705 domi
1466 2664 1671 2722 quaerat
1696 2657 1763 2712 ad
1790 2659 2115 2727 perdendum
2133 2679 2278 2732 eum,

691 2744 858 2805 atque
882 2753 1009 2793 suas
1038 2740 1303 2811 dissipare
1330 2759 1415 2799 res
1445 2760 1460 2810 ;
1496 2756 1552 2801 et
1579 2748 1623 2803 si
1652 2750 1902 2807 dominus
1925 2756 2068 2810 domi
2093 2768 2198 2823 est,
2226 2768 2281 2814 et

689 2827 733 2881 si
760 2842 941 2883 secum
970 2834 1313 2902 pugnaverit,
1351 2836 1432 2890 vel
1464 2837 1817 2907 interfecerit,
1843 2844 1953 2899 luat
1980 2850 2277 2905 secundum

695 2919 869 2990 Irgem
906 2924 972 2978 de
1015 2925 1395 2989 evaginatione
1424 2928 1587 2998 gladii
1618 2934 1941 2989 coniectam.
1992 2937 2047 2992 Si
2096 2950 2276 2996 autem

687 3011 828 3067 idem
853 3029 1038 3070 comes
1089 3016 1289 3070 ibidem
1336 3019 1673 3083 occubuerit,
1719 3024 1836 3079 sine
1888 3030 2276 3097 compositione

683 3103 879 3173 iaceat.
907 3107 963 3161 Si
997 3123 1128 3162 vero
1160 3110 1315 3165 miles
1355 3109 1477 3179 quis
1512 3113 1744 3181 curiam,
1802 3117 1887 3171 vel
1939 3121 2150 3186 turrim,
2189 3124 2274 3178 vel

687 3196 909 3249 domum
966 3196 1192 3253 alterius
1241 3199 1499 3257 invaserit
1530 3202 1741 3267 militis,
1797 3206 1982 3261 decem
2029 3210 2276 3279 iuvencis

681 3298 972 3355 componat
1005 3288 1357 3346 invasionem.
1389 3291 1448 3348 Si
1495 3306 1625 3347 vero
1670 3293 1761 3349 ille
1804 3307 1911 3350 nun
1944 3313 2275 3367 supervene—

685 3378 778 3443 rit,
806 3380 898 3434 sed
926 3395 1053 3435 suos
1081 3381 1282 3437 milites
1328 3383 1556 3450 miserit,
1605 3394 1819 3441 centum
1849 3386 2096 3455 iuvencis
2129 3406 2277 3446 com-

682 3458 845 3538 ponat
877 3468 1235 3527 invasionem.
1294 3472 1351 3529 Si
1400 3473 1640 3546 vulgaris
1678 3476 1897 3546 quidem
1926 3477 2152 3543 alterius
2190 3481 2273 3535 sui

682 3552 874 3615 Similis
923 3562 1329 3620 mansiunculas
1385 3565 1677 3633 invaserit,
1729 3568 1973 3640 quinque
2026 3569 2274 3640 iuvencis

683 3650 855 3705 solvat
884 3653 1242 3710 invasionem.

753 3742 884 3798 CAP.
910 3742 1149 3800 XXXIV.
1197 3745 1277 3801 De
1313 3746 1665 3816 aediﬁcatione
1705 3758 1753 3804 et
1796 3750 1919 3805 dote
1962 3752 2194 3808 ecclesia:
2239 3771 2273 3808 a

681 3831 819 3887 villis
850 3836 1169 3903 compositio.
1218 3837 1414 3892 Decem
1458 3838 1598 3894 villa:
1646 3840 1934 3897 ecclesiam
1982 3842 2273 3909 aediﬁcent,

682 3939 846 3993 quam
872 3924 1083 3982 duabus
1100 3927 1475 3984 mansionibus
1499 3930 1670 4003 (115),
1700 3932 2033 4005 totidemque
2066 3936 2277 3990 manci-

679 4017 787 4089 piis
816 4016 1022 4085 dotent,
1053 4033 1195 4090 equo
1220 4028 1275 4074 et
1304 4019 1573 4089 iumento,
1599 4036 1692 4077 sex
1742 4023 1938 4091 bobus,
1975 4034 2030 4080 et
2058 4026 2273 4085 duabus

678 4109 888 4176 Vaccis,
910 4110 1133 4182 triginta
1155 4120 1390 4182 quatuor
1413 4112 1638 4169 minutis
1678 4113 1892 4177 bestiis.
1933 4115 2273 4176 Vestimenta

678 4216 810 4257 vero
857 4211 914 4257 et
960 4204 1264 4276 corporalia
1314 4214 1369 4261 et
1423 4204 1765 4277 coopertoria
1816 4222 1915 4264 rex
1966 4210 2270 4280 provideat,

679 4295 1055 4369 presbyterum
1084 4304 1140 4352 et
1168 4295 1338 4353 libros
1361 4298 1626 4370 episcopi.

2400 557 2565 612 ciam.
2596 558 2748 613 Tunc
2776 573 2903 614 vero
2932 559 3073 615 bona
3104 561 3243 617 illius
3266 563 3313 616 in
3332 566 3489 634 regiam
3508 570 3706 637 veniatis»

2401 654 2623 712 statem,
2656 648 2772 718 ipse
2794 664 2923 704 vero
2945 649 3220 719 subiaceat
3237 656 3483 719 sententis),
3506 655 3708 717 nam

2402 737 2544 793 tibus
2566 741 2991 795 rcmauentibus.

2470 831 2597 885 CAP.
2629 831 2869 885 XXXVI.
2907 834 2980 886 De
3026 850 3168 889 servo
3216 835 3446 903 interfecto
3466 837 3511 889 ab
3530 840 3626 893 attat
3646 860 3711 895 in.

2402 922 2461 977 Si
2504 923 2735 993 alicujus
2767 938 2963 979 servus
3016 941 3229 980 servum
3266 927 3453 982 alterius
3483 933 3618 995 occidit.
3642 950 3714 985 saw

2398 1013 2685 1068 homicida:
2728 1014 3080 1070 medietatem
3134 1016 3271 1071 servi
3312 1029 3534 1085 componat

2399 1103 2637 1167 terfecti,
2687 1106 2730 1159 si
2793 1115 3018 1175 potest:
3071 1107 3154 1161 sin
3208 1115 3370 1160 autem
3406 1124 3716 1178 nominatae:

2396 1195 2807 1264 quadragesima
2832 1197 2881 1265 (1
2897 1195 3003 1266 t6),
3049 1196 3374 1251 venundctur
3398 1212 3551 1261 servus,
3568 1204 3713 1267 apt-ain

2394 1285 2682 1341 dividatur.

2464 1376 2598 1431 CAP.
2653 1376 2919 1433 XXXVII.
2976 1379 3051 1435 De
3101 1381 3427 1451 redemptione
3468 1382 3637 1435 humidis
3659 1402 3719 1436 ter.

2396 1464 2626 1520 Servum
2651 1467 2807 1522 liberi
2839 1469 3193 1538 homicidam,
3218 1485 3275 1525 se
3308 1470 3474 1525 seniori
3496 1472 3717 1541 placuerich

2395 1568 2609 1612 centum
2644 1570 2697 1613 et
2724 1559 2909 1614 decem
2934 1560 3184 1629 iuvencis
3213 1561 3437 1625 redimat,
3454 1572 3522 1615 aut
3539 1562 3640 1615 tradat
3667 1566 3719 1615 IlI.

2465 1651 2593 1706 CAP.
2619 1651 2910 1707 XXXVIII.
2941 1653 3015 1708 De
3050 1655 3275 1709 vindicta
3304 1654 3527 1708 nitentium
3544 1656 3683 1723 statim

2396 1842 2560 1888 tatem
2585 1835 2873 1905 acquirere
2894 1835 3189 1909 niteretur,
3222 1846 3347 1905 quot
3369 1837 3484 1890 servi
3506 1838 3721 1893 cremant:

2387 1928 2657 1997 mancipia
2694 1927 2889 1982 solvat.
2918 1928 3023 1989 LEX
3051 1929 3251 1997 quibus
3305 1927 3411 1981 dua:
3430 1936 3563 1997 partes
3577 1928 3723 1994 nam

2389 2017 2589 2071 seniori
2646 2031 2928 2071 servorum
2961 2016 3143 2071 detur.
3193 2016 3304 2072 Rex
3350 2025 3499 2071 autem
3527 2029 3723 2079 cunam

2394 2106 2608 2162 tertiam
2648 2106 2851 2161 tribuat
2872 2106 3083 2161 comiti.

2457 2199 2586 2254 CAP.
2628 2197 2872 2253 XXXIX.
2914 2198 2987 2253 De
3045 2199 3191 2262 furto
3221 2200 3353 2254 servi
3380 2196 3508 2252 semei
3536 2196 3721 2249 concuti

2388 2289 2513 2359 quis
2572 2304 2856 2344 servorum
2902 2289 3070 2345 semel
3121 2289 3325 2344 furtum
3374 2286 3725 2346 comminatae;

2386 2383 2611 2451 furtum,
2647 2392 2703 2437 et
2734 2382 2964 2436 redimat
2994 2396 3192 2436 nasum
3246 2380 3461 2450 quinque
3480 2374 3729 2448 inventis,”

2386 2484 2525 2530 test:
2557 2475 2604 2528 si
2644 2484 2824 2528 autem
2849 2488 2981 2537 non,
3007 2472 3358 2527 abscindatur
3376 2470 3515 2541 (118).

2451 2565 2582 2620 CAP.
2618 2564 2729 2619 XL.
2777 2563 2852 2618 De
2902 2580 3054 2634 paena
3096 2562 3356 2632 furtumﬁ
3399 2572 3440 2614 et
3471 2560 3498 2613 5
3539 2555 3728 2612 smmi

2383 2656 2440 2711 Si
2466 2656 2666 2711 furtum
2711 2656 2982 2711 abscissus
3023 2670 3160 2709 naso
3210 2653 3525 2715 commiserit,
3562 2648 3731 2702 redimita-

2383 2764 2469 2805 res
2493 2750 2732 2819 quinque
2772 2747 3041 2818 iuvencis,
3067 2747 3111 2801 si
3156 2755 3354 2816 potest,
3382 2746 3421 2799 si
3472 2752 3597 2797 autem
3615 2753 3679 2790 non.
3701 2746 3732 2780 :‘w
3758 2738 3759 2801 l

2380 2842 2718 2897 scindantur.
2775 2839 2834 2895 Si
2887 2840 3048 2895 tertio
3094 2824 3425 2895 commiserit
3470 2837 3733 2889 furtunae:

2379 2936 2509 2989 vita.

2448 3025 2577 3081 CAP.
2606 3024 2741 3078 XLI.
2777 3023 2849 3079 De
2873 3025 3015 3093 furto
3038 3023 3350 3087 liberorum,
3381 3029 3473 3076 etc.
3495 3017 3539 3071 Si
3568 3014 3639 3083 quis
3654 3012 3733 3060 iter»
3758 3082 3759 3085 η

2388 3132 2509 3170 rum
2561 3115 2763 3170 furtum
2824 3114 3206 3181 commiserit,
3258 3114 3357 3167 hac
3403 3109 3640 3165 decrevimus
3666 3102 3731 3163 Et“

2380 3223 2704 3279 componere
2754 3206 2876 3279 [al.,
2931 3205 3302 3278 comparere],
3328 3217 3383 3260 ut
3404 3200 3538 3258 semel
3573 3198 3733 3250 retule-

2379 3301 2422 3356 si
2449 3309 2625 3370 potest
2650 3316 2664 3353 :
2695 3300 2777 3353 sin
2808 3308 2994 3353 autem
3042 3314 3176 3363 non,
3226 3294 3538 3350 venundetur.
3568 3288 3603 3341 Si
3623 3288 3735 3377 iidt‘

2380 3390 2651 3444 nundatus
2684 3387 2884 3442 l‘urtum
2912 3386 3278 3451 commiserit,
3310 3386 3493 3456 legibus
3510 3382 3735 3435 servorun?

2372 3482 2570 3552 iaceat.
2616 3482 2673 3537 Si
2708 3481 2966 3545 secundo,
3013 3481 3183 3535 simili
3238 3481 3338 3550 legi
3380 3468 3735 3548 subiaceat,5itﬁt

2380 3575 2556 3639 tertio,
2584 3572 2865 3643 diSpendio
2893 3573 3016 3626 vita:
3038 3572 3382 3641 dijudicetur.

2449 3666 2584 3721 CAP.
2645 3664 2825 3729 XLII,
2868 3663 3095 3718 Comites
3129 3703 3146 3729 ,
3194 3663 3334 3734 quod
3378 3660 3493 3730 regis
3534 3662 3607 3715 est,

2377 3775 2480 3814 non
2527 3757 2777 3812 detineat.
2821 3755 2879 3811 Si
2939 3757 3064 3825 quis
3112 3756 3376 3811 comitum
3425 3757 3584 3822 partem
3606 3740 3681 3805 νεεδ
3702 3738 3735 3783 δι’

2376 3845 2752 3910 fraudaverit,
2812 3844 3007 3900 reddat
3066 3842 3346 3911 fraudem,
3402 3850 3453 3895 et
3487 3834 3738 3904 duplo.”

2376 3945 2471 3993 nat
2506 3936 2676 4009 (119).

2448 4026 2576 4083 CAP.
2612 4024 2790 4081 XLIII.
2823 4026 2902 4081 De
2944 4035 3331 4096 contemptu...
3352 4012 3739 4103 λιειὶἱιέὶάί

2377 4118 2437 4176 Si
2465 4121 2589 4190 quis
2618 4119 2849 4173 militum
2872 4090 3205 4189 iudicium'a
3254 4090 3367 4171 suo-
3388 4111 3551 4169 comite
3581 4090 3740 4161 uniti"

2376 4218 2557 4265 catum
2614 4222 2920 4277 spernens,
2967 4207 3037 4262 ad
3090 4220 3275 4276 regem
3320 4192 3741 4292 ³ΡΡ²¹¹³Ῡ⁸¹ξίβὛῗ

2376 4300 2625 4358 comitem
2647 4314 2801 4355 suum
2830 4298 3059 4354 reddere
3108 4296 3388 4366 iniustum,
3416 4292 3479 4348 sit
3510 4280 3738 4343 dehin

750 4388 883 4444 CAP.
914 4386 1136 4446 XXXV.
1186 4387 1267 4443 De
1310 4390 1687 4447 donationibus
1729 4407 1931 4464 regum,
1965 4403 2016 4450 et
2043 4397 2271 4466 propria:
2298 4427 2350 4489 Β
2376 4406 2682 4489 pensamur
2701 4391 2820 4489 auri
2842 4404 2950 4489 suo
2975 4389 3183 4489 con-liti.

683 4479 761 4534 rri
786 4482 1135 4551 possessione.
1186 4480 1576 4537 Consensimus
1620 4484 1785 4555 igitur
1827 4486 2074 4555 petitioni
2109 4488 2270 4542 totius

680 4581 941 4637 senatus,
988 4578 1049 4625 ut
1086 4571 1463 4644 unusquisque
1512 4572 1824 4630 dominetur
1869 4579 2215 4648 propriorum
2245 4620 2262 4643 ,

2442 4482 2571 4539 CAP.
2608 4482 2791 4537 XLIV.
2832 4480 2912 4535 De
2965 4480 3286 4535 restituenda
3315 4493 3368 4532 re
3408 4470 3618 4530 militibus,

2371 4575 2494 4647 quis
2520 4575 2806 4639 comitum,
2860 4574 3083 4627 inventa
3131 4571 3316 4641 aliqua
3366 4556 3740 4647 occasione,th

676 4662 930 4719 similiter
951 4671 1009 4719 et
1035 4662 1300 4720 donorum
1331 4664 1495 4745 regis,
1518 4666 1645 4720 dum
1672 4666 1807 4721 vivit
1833 4686 1845 4721 :
1869 4644 2095 4741 excepto
2124 4671 2269 4742 quod
2363 4644 2513 4736 iuste
2536 4666 2691 4722 militi
2720 4664 3026 4733 abstulerit,
3050 4662 3257 4731 reddat,
3291 4669 3345 4717 et
3368 4660 3556 4729 insuper
3574 4663 3618 4703 ex
3646 4644 3739 4705 itii"

678 4756 747 4810 ad
776 4755 1146 4826 episcopatum
1167 4756 1405 4827 pertinet
1432 4766 1488 4811 et
1526 4757 1868 4824 comitatum.
1902 4776 1968 4815 ac
1994 4772 2117 4832 post
2150 4762 2267 4831 eius

674 4847 846 4901 vitam
880 4844 973 4901 ﬁlii
1004 4846 1167 4903 simili
1200 4847 1440 4903 dominio
1469 4849 1788 4915 succedant,
1812 4864 1911 4907 nec
1939 4867 2039 4922 pro
2067 4853 2266 4909 nullius

675 4955 843 4996 causa
876 4947 1064 4996 reatus
1113 4928 1498 4997 detrimentum
1538 4942 1802 5000 bonorum
1840 4960 2061 5001 suorum
2089 4949 2264 5017 patia-

749 5199 896 5268 (115)
941 5197 1044 5253 Pro
1101 5198 1459 5253 mansionibus
1520 5197 1660 5267 apud
1712 5196 2003 5253 Peterﬁum
2057 5198 2261 5269 legitur

671 5274 891 5331 mansis,
924 5278 979 5324 et
1014 5270 1157 5340 apud
1193 5269 1521 5323 Sambucum
1562 5270 1821 5325 mendose
1866 5269 2078 5324 mensis.
2112 5270 2264 5325 Desi-

673 5353 907 5410 gnantnr
930 5340 1067 5411 villa:
1097 5355 1190 5395 seu
1220 5341 1421 5411 praedia
1443 5341 1670 5411 rustica.

745 5412 890 5480 (116)
932 5410 1049 5466 Non
1082 5408 1395 5480 satis’patct
1424 5409 1552 5481 quid
1574 5408 1743 5465 velint
1794 5410 1879 5464 illa
1922 5410 2084 5465 verba
2108 5427 2262 5481 pera-

671 5491 757 5533 cta
805 5498 909 5534 una
955 5481 1381 5550 quadragesima.
1432 5481 1693 5550 Suspicor
1750 5490 1929 5536 tamen
1986 5482 2259 5550 designari

671 5565 888 5621 pmnam
918 5550 1058 5621 servi
1092 5566 1190 5621 per
1216 5550 1595 5621 quadraginta
1643 5551 1759 5603 dies
1812 5552 2255 5613 continuandam,

671 5566 888 5619 poenam
918 5566 1190 5672 semper
1236 5566 1595 5621 quadraginta
1643 5566 1759 5603 otes
1812 5566 2255 5613 continuandam,

668 5624 783 5675 sive
807 5619 1065 5692 ieiunium
1114 5620 1271 5687 tterit,
1305 5634 1399 5675 seu
1441 5620 1585 5675 aliud
1624 5621 1942 5692 Slipplit‘Itlnl
1970 5639 2065 5692 pro
2114 5623 2261 5675 arbi-

668 5694 772 5748 trio
805 5688 1032 5746 demitti.

2373 4763 2706 4818 tantumdem
2731 4758 2927 4814 solvat.

2439 4858 2567 4915 CAP.
2597 4854 2761 4910 XLV.
2791 4853 3119 4907 Promissum
3160 4849 3297 4905 cadit
3335 4847 3387 4899 in
3413 4841 3606 4897 debitus
3637 4824 3741 4917 δίη-7⁵³

2367 4959 2550 5019 autem
2605 4948 2862 5011 militum,
2924 4960 3080 5000 suum
3131 4950 3473 5013 spontaneum
3496 4932 3636 4986 donum
3666 4916 3741 4963 ἀπ’

2442 5192 2590 5266 (“7)
2629 5191 2747 5266 N9“
2781 5186 3000 5266 additur
3024 5178 3466 5266 pmqai:.0pinor,
3488 5165 3586 5241 quia
3606 5144 3733 5214 ilhil‘i

2367 5256 2586 5353 Ροέῗῖἓέ
2616 5259 2897 5353 ΗΕῈΡῙῨῩ
2931 5272 3033 5353 Βῖῗ
3064 5256 3571 5353 ἓῗὲίῗίῗιζηηηιηιρι
3600 5296 3735 5353 tam

2439 5316 2588 5402 (IIS)
2620 5316 2884 5402 Graviora
2934 5316 3043 5402 pro
3066 5324 3212 5402 hirto
3254 5316 3736 5402 ξᾳτγοιίυῼξιάηυᾞξξι

2369 5381 2857 5475 δηὸῇἔῖίιᾟξίήάθ
2880 5381 3069 5475 διξὶιυξι
3096 5389 3449 5475 8·.η1ιει‹1ἱδιδυε
3478 5381 3551 5435 lib.
3570 5388 3612 5435 ll,
3635 5381 3695 5425 Oi"

2368 5466 2820 5543 ctiséqttentibus,
2849 5478 2902 5522 et
2938 5466 3072 5543 locis
3097 5466 3236 5518 aliis.

2442 5502 2820 5543 ﬁtqucluluur,
2849 5502 2902 5522 cs
2938 5502 3072 5545 lvu'lo
3097 5502 3236 5518 α-ιισ.
3522 5517 3533 5528 .
3595 5514 3658 5562 δι’

2438 5541 2901 5629 (lI9)..Lex.liaec,
2935 5552 3090 5617 cuius
3120 5541 3425 5629 sane1
3449 5521 3687 5629 ἶςλξτῧκν
3702 5572 3733 5607 ᾖ.
3758 5580 3759 5629 ι

2367 5597 2649 5688 ρι’δῄςίίιίίἰί
2683 5597 3150 5688 criminepassim
3178 5599 3441 5688 inﬂigitur,
3478 5602 3559 5645 non
3577 5597 3619 5636 Cl

2365 5671 2580 5763 ponitur
2610 5686 2663 5738 in
2693 5680 2845 5735 titulo
2867 5671 3245 5745 adh-uirginem
3266 5671 3407 5723 dato.
