3916 6316
106 310 221 374 1955

1466 299 1934 361 PBIV'ILEGIUM.

3168 303 3315 361 1254

102 432 185 487 sibi
208 428 253 482 vi
282 423 526 485 ablatum,
556 416 783 473 mendax
816 417 1109 485 exstiterit,
1130 426 1185 475 et
1220 418 1324 473 hoc
1348 425 1552 482 careat,
1583 424 1639 472 et
1664 422 1714 480 Α
1743 416 2139 486 conspiraverit
2169 458 2183 485 ,
2236 426 2331 475 aut
2382 422 2696 492 conspirare
2745 419 2949 491 aliquid
3001 419 3315 484 tentaverit,

102 526 291 589 insuper
320 510 642 569 tantumdem
674 510 845 564 solvat
874 510 1047 581 (120).

160 607 270 661 CAP.
293 600 466 658 XLVI.
504 598 682 653 Dahis
703 600 794 669 qui
832 599 1094 653 hominem
1121 598 1299 668 gladio
1329 597 1635 653 occiderint.

105 701 150 754 Si
176 696 281 767 quis
296 688 560 749 hominem
590 688 765 761 gladio
809 688 1095 755 occiderit,
1144 688 1335 743 eodem
1364 687 1640 760 juguletttt'

104 789 252 859 gladio
273 782 431 855 (121).

96 914 101 917 ι
162 877 273 932 Car.
300 869 497 926 XLVII.
542 873 619 922 De
662 867 1018 923 debilitatione
1060 868 1412 922 membrorum
1460 866 1639 937 gladio

104 969 241 1038 facta.
314 961 368 1015 Si
434 958 556 1028 quis
614 966 795 1011 autem
876 957 1055 1027 gladio
1119 958 1409 1027 evaginato
1473 957 1640 1011 alium

64 1096 65 1099 η
104 1053 362 1127 quemlibet
397 1047 776 1111 debilitaverit,
816 1046 901 1101 vel
940 1046 993 1100 in
1046 1047 1224 1111 oculo,
1249 1046 1334 1102 vel
1385 1046 1439 1100 in
1481 1047 1641 1117 pede,

104 1148 175 1202 vel
225 1146 273 1198 in
318 1155 494 1205 manu,
524 1138 806 1193 consimile
854 1138 936 1192 sui
970 1138 1216 1208 corporis
1265 1138 1521 1192 damnum
1552 1151 1644 1206 pa-

108 1241 264 1293 tiatur.

162 1332 275 1386 CAP.
308 1325 533 1382 XLVIII.
562 1325 641 1380 De
682 1343 742 1382 eo
786 1328 876 1397 qui
919 1327 1097 1397 gladio
1121 1344 1399 1398 percussus
1457 1329 1645 1383 uulnus

107 1417 293 1488 accepit.
324 1416 377 1471 Si
407 1416 528 1486 quis
573 1430 706 1471 vero
747 1416 925 1487 gladio
951 1416 1253 1470 vulneravit
1299 1417 1553 1488 aliquem,
1592 1428 1648 1475 et

106 1512 385 1567 vulneratus
434 1508 500 1563 de
546 1508 734 1563 eodem
783 1508 1006 1563 vulnere
1046 1524 1214 1564 sanus
1247 1518 1301 1565 et
1357 1510 1648 1567 incolumis

108 1601 328 1665 evaserit,
358 1597 636 1653 homicidii
684 1599 1136 1669 compositionem
1180 1600 1421 1657 vulneris
1470 1601 1652 1658 illator

107 1701 379 1763 componat.

1736 523 1831 565 seu
1859 510 2085 565 tentanti
2111 511 2347 567 scienter
2393 514 2759 580 consenserit,
2804 512 3316 577 anathematizetur,

1738 610 1795 655 et
1859 601 2100 656 omnium
2152 602 2391 659 ﬁdelium
2460 606 2845 661 communione
2896 606 3160 676 privetur.
3222 603 3319 659 Vel

1739 692 1784 747 si
1813 691 1937 762 quis
1959 693 2269 764 hujusmodi
2316 695 2549 766 aliquem
2594 697 2826 763 noverit,
2871 706 2924 752 et
2965 698 3197 767 probare
3222 710 3322 751 va-

1741 786 1858 843 lens
1912 804 2019 843 non
2072 788 2413 855 iudicaverit,
2463 791 2733 861 praedictae
2781 790 3061 861 subiaceat
3094 791 3323 846 damna-

1744 880 1873 936 tioni
1902 881 2073 953 (tat).

1812 971 1942 1027 Car.
1973 971 2080 1026 LII.
2107 971 2184 1025 De
2205 971 2571 1026 decimatione.
2603 972 2659 1027 Si
2695 974 2780 1028 cui
2814 956 2983 1028 Dens.
3009 977 3195 1030 decem
3224 975 3321 1028 de-

1745 1058 1885 1114 derit
1916 1060 1969 1113 in
1997 1074 2162 1125 anno,
2188 1059 2454 1114 decimam
2487 1059 2597 1113 Deo
2621 1059 2731 1113 det.
2755 1061 2820 1113 Et
2846 1061 2890 1114 si
2911 1062 3031 1130 quis
3058 1062 3324 1116 decimam

1744 1164 1900 1204 suam
1932 1151 2236 1216 abscondit,
2263 1165 2457 1204 novem
2489 1150 2682 1205 solvat.
2714 1152 2780 1205 Et
2826 1153 2870 1205 si
2920 1152 3042 1221 quis
3090 1153 3326 1207 decima-

1746 1242 1951 1297 tionem
1974 1242 2230 1313 episeopo
2271 1251 2580 1311 separatam
2613 1241 2823 1296 furatus
2851 1242 3036 1306 fuerit,
3068 1244 3327 1313 dijudice-

1749 1340 1838 1389 tur
1860 1340 1919 1388 ut
1945 1332 2055 1400 fur,
2086 1348 2151 1387 ac
2200 1333 2505 1404 huiusmodi
2544 1334 2867 1402 compositio
2906 1343 3015 1387 tota
3063 1336 3331 1402 pertineat

1747 1422 1815 1481 ad
1838 1424 2171 1493 episcopum.

1820 1514 1951 1571 Car.
1978 1515 2111 1571 LIII.
2150 1514 2228 1570 De
2252 1513 2724 1569 calumniatoribus
2752 1514 2914 1569 aula'.
2960 1514 3015 1570 Si
3058 1518 3180 1587 quis
3213 1530 3334 1569 ver-

1750 1615 1907 1661 sutus
1951 1607 2115 1662 alicui
2178 1606 2485 1671 comitum,
2537 1604 2625 1660 vel
2672 1605 2827 1659 alteri
2892 1621 3136 1677 persona:
3190 1604 3332 1661 ﬁdeli

1752 1696 1969 1753 dixerit.
2024 1698 2219 1753 Audivi
2264 1712 2447 1767 regem
2482 1697 2547 1751 ad
2577 1698 2937 1769 perditionem
2974 1699 3048 1753 tui
3080 1698 3250 1768 loqui,
3279 1706 3337 1754 et

165 1785 278 1840 Car.
309 1782 491 1838 XLIX.
550 1782 627 1837 De
665 1782 832 1854 gladii
856 1785 1217 1855 evaginatione
1261 1786 1373 1840 sine
1418 1786 1646 1843 vulnere.
1675 1792 1726 1855 Β
1752 1788 1841 1845 hic
1870 1790 2121 1845 inventus
2138 1788 2321 1857 fuerit,
2347 1798 2554 1859 pereat.

109 1877 156 1931 Si
188 1877 296 1946 quis
317 1874 495 1930 furore
526 1876 763 1945 repletus
786 1877 1157 1947 evaginaverit
1180 1877 1439 1947 gladium,
1470 1887 1525 1933 et
1572 1887 1653 1935 ta-

109 1983 211 2023 men
254 1983 353 2022 non
399 1967 621 2033 laeserit,
669 1983 770 2038 pro
821 1969 933 2024 sola
990 1970 1369 2039 evaginatione
1417 1970 1654 2027 medium

112 2062 355 2119 homicidii
382 2063 745 2132 compositum
780 2062 953 2117 solvat
975 2063 1167 2134 (122)-

166 2152 278 2208 CAP.
306 2152 367 2206 L.
398 2151 476 2205 De
528 2154 825 2207 testimonio
856 2136 1176 2208 servorum.
1203 2156 1366 2210 curia:
1405 2156 1656 2227 prceposi-

109 2260 277 2302 torum.
307 2244 510 2315 Siquis
565 2260 846 2302 servorum
893 2246 1059 2300 curiae
1110 2246 1274 2317 regali
1306 2248 1389 2303 vel
1440 2248 1656 2304 comitis

103 2339 387 2411 prmiicitur,
431 2336 554 2407 ejus
580 2337 947 2394 testimonium
995 2338 1132 2392 inter
1170 2338 1398 2394 comites
1425 2339 1657 2411 recipia-

112 2440 203 2493 tur,
224 2430 263 2485 si
289 2444 473 2485 servus
500 2430 796 2495 seniorem,
824 2428 908 2483 vel
938 2428 1181 2485 serviens
1201 2444 1357 2485 suum
1385 2432 1644 2489 comitem

107 2521 402 2577 interfecerit
429 2522 606 2593 (125).

163 2612 276 2667 CAP.
300 2612 378 2679 LI.
412 2612 487 2668 De
507 2614 897 2685 conspiratione
917 2624 1100 2674 contra
1128 2632 1299 2686 regem
1321 2624 1370 2671 et
1396 2617 1652 2689 reginam.

104 2706 152 2761 Si
176 2706 287 2776 quis
326 2708 379 2761 in
409 2719 596 2779 regem
628 2715 723 2762 aut
764 2724 996 2779 regnum
1045 2710 1464 2780 conspiraverit,
1510 2710 1657 2766 refu-

104 2796 225 2866 gium
252 2796 446 2851 nullum
501 2798 706 2853 habeat
750 2797 820 2852 ad
863 2798 1170 2867 ecclesiam.
1224 2798 1282 2854 Si
1318 2800 1441 2870 quis
1465 2811 1655 2857 contra

105 2886 227 2952 regis
249 2886 477 2943 salutem
511 2896 610 2943 aut
628 2887 945 2958 dignitatem
973 2888 1219 2961 quolibet
1264 2891 1425 2947 modo
1448 2890 1654 2963 aliquid

159 3016 291 3091 (120)
318 3017 549 3091 Titulus
580 3017 657 3091 ad
679 3019 978 3091 marginem
1030 3020 1238 3090 positus
1264 3035 1370 3076 non
1394 3021 1529 3077 satis
1555 3037 1652 3078 ex-

97 3085 241 3172 plicat
262 3085 424 3172 ﬁnem
456 3088 620 3172 huius
646 3085 953 3172 legisiquin
977 3085 1155 3161 potius
1182 3100 1264 3146 est
1291 3107 1452 3162 ptena
1502 3108 1653 3150 men-

102 3166 316 3211 tientium
340 3167 431 3213 aut
460 3166 935 3214 calumniantium.

158 3227 289 3299 (121)
317 3228 395 3282 Ad
432 3229 668 3304 haueet
696 3240 985 3304 sequentes
1023 3228 1194 3304 leges
1217 3232 1454 3304 refertur
1485 3243 1651 3304 caput

96 3292 386 3367 33,ex'quo
434 3292 820 3380 intelligimus,
876 3302 1041 3356 hasce
1074 3292 1454 3360 uerisimiliter
1496 3292 1651 3375 prius

96 3380 197 3421 esse
222 3378 563 3423 compositas.

155 3437 289 3515 (122)
322 3437 965 3515 _In__editione_Sambuci
1018 3459 1178 3515 poena
1230 3443 1310 3499 sic
1370 3442 1649 3499 habetur:

97 3504 414 3625 illomicidii
441 3510 809 3580 compositum
840 3504 1035 3581 solvat;
1072 3533 1091 3566 ι
1126 3515 1327 3571 omissa
1369 3527 1503 3569 voce
1544 3529 1653 3570 me-

129 3592 239 3625 tum.

154 3646 390 3727 (123323”
414 3649 548 3727 haec
561 3650 737 3727 editor
761 3669 774 3706 :
800 3671 819 3704 ‹
847 3652 1000 3727 Quod
1026 3652 1652 3727 oﬂicialesndominorum

94 3723 139 3767 et
160 3717 399 3772 nobilium
432 3720 485 3773 in
514 3719 746 3776 ferendo
792 3717 1104 3780 testimonio
1145 3724 1424 3780 nobilibus
1474 3726 1647 3796 aequi-

1824 1879 1955 1935 CAP.
1994 1879 2126 1935 LIV.
2153 1879 2231 1934 De
2252 1880 2354 1945 Itis,
2397 1882 2487 1949 qui
2524 1881 2798 1934 mendacia
2842 1881 2977 1934 inter
3025 1881 3156 1935 duos
3191 1892 3334 1936 au'a:

1754 1969 2046 2039 familiares
2100 1979 2366 2026 astiuunt.
2431 1969 2487 2024 Si
2541 1969 2663 2039 quis
2718 1970 2863 2024 inter
2925 1973 3060 2025 duos
3105 1972 3335 2025 comites

1753 2058 2036 2114 mendacia
2064 2058 2370 2129 protulerit,
2399 2065 2687 2128 tacereque
2715 2074 2809 2113 eos
2834 2060 3158 2128 deprecatus
3206 2057 3332 2113 fue-

1754 2150 1853 2216 rit,
1883 2160 1948 2206 ut
1994 2150 2189 2205 astutia
2231 2149 2429 2205 diaboli
2482 2152 2550 2204 ab
2597 2150 2828 2205 invicem
2884 2166 2978 2206 eos
3032 2160 3334 2221 separaret,

1755 2243 1931 2299 solvat
2004 2243 2139 2297 duas
2211 2241 2638 2312 compositiones
2705 2243 2916 2298 fallacis
2986 2243 3182 2313 lingua:
3236 2256 3338 2313 pro

1754 2342 1909 2389 reatu
1938 2331 2233 2388 mendacii.
2263 2330 2321 2386 Si
2345 2330 2435 2385 uni
2463 2330 2566 2385 soli
2600 2330 2847 2388 adulatus
2879 2332 3059 2398 fuerit,
3086 2333 3339 2403 privetur

1754 2424 1977 2498 ﬁngua;

1826 2518 1958 2573 Car.
1987 2515 2099 2571 LV.
2141 2513 2219 2569 De
2267 2514 2411 2583 furto
2448 2512 2896 2580 Uduornicorum,
2930 2516 2982 2571 id
3028 2525 3135 2582 cst,
3182 2517 3342 2575 liber-

1756 2616 2014 2673 tinorum.
2053 2616 2257 2686 Siquis
2299 2615 2538 2683 illorum,
2585 2617 2673 2672 cui
2727 2614 2888 2686 vulgo
2919 2610 3194 2667 Uduornic
3244 2625 3343 2665 vo-

1753 2714 1971 2772 cantur,
2001 2704 2205 2761 furtum
2256 2706 2612 2771 commiserit,
2650 2706 2771 2777 lege
2820 2704 3117 2758 liberorum
3143 2698 3346 2770 dijudi-

1754 2804 1931 2853 cetur.
1988 2795 2382 2853 Testimonium
2432 2805 2610 2851 autem
2662 2796 2780 2865 ejus
2831 2794 2976 2851 inter
3028 2794 3175 2865 ipsos
3224 2806 3343 2848 non

1756 2887 2053 2959 recipiatur
2096 2886 2218 2961 [al.,
2247 2885 2534 2959 recipiant]
2568 2886 2745 2958 (125).

1753 3031 2034 3096 parentur,
2062 3023 2190 3079 hinc
2210 3025 2483 3096 manavit.
2508 3043 2526 3074 ι

1826 3094 1975 3165 (121)
2017 3095 2072 3149 ln
2102 3094 2257 3149 titulo
2284 3096 2350 3149 ad
2390 3096 2689 3166 marginem
2717 3109 2815 3165 pro
2858 3101 2907 3147 et
2938 3092 3165 3166 reginam
3194 3089 3346 3162 lege—

1678 3168 1724 3232 C
1757 3174 1907 3220 retur
1929 3165 2129 3219 rectius
2158 3174 2204 3236 et
2248 3164 2531 3236 regnum,'
2552 3166 2629 3219 uti
2659 3164 2810 3236 patet
2857 3178 2925 3218 ex
2971 3164 3083 3233 ipsa
3120 3164 3255 3231 lege.
3288 3170 3345 3217 et

1760 3236 2031 3291 consentit
2058 3235 2222 3289 editio
2241 3233 2520 3288 Saiubuci.

1836 3305 1991 3373 (125)
2021 3305 2134 3358 Vox
2166 3303 2458 3375 Uduornic
2504 3306 2642 3375 apud
2701 3302 3030 3375 Sambucum
3068 3300 3347 3375 scribitur

1760 3373 2105 3444 waomyck.
2160 3374 2262 3429 Pro
2315 3373 2765 3445 interpretatione
2795 3373 2858 3445 ad
2908 3373 3207 3442 marginem
3242 3388 3342 3445 no-

1761 3456 1927 3509 tatur,
1957 3442 2228 3515 libertinus
2260 3442 2795 3515 ξιοιυὶιὶίμναξιιίαιὲεζ
2811 3443 2969 3497 Hisce
2998 3445 3217 3515 tandem
3242 3442 3341 3493 ad-

1760 3516 1948 3570 ditur:
1991 3514 2221 3585 Expiicit
2253 3511 2730 3585 Decretumsancti
2758 3511 3009 3585 Stephani
3038 3511 3189 3585 regis,
3214 3525 3346 3579 pro-

1760 3586 2053 3656 mulgatum
2078 3581 2513 3656 'Strigonii‘(al.,
2542 3583 2744 3655 Ticina!)
2782 3581 2923 3637 anno
2950 3581 3104 3637 1055.
3143 3581 3341 3656 Verum

1757 3653 1826 3710 de
1872 3650 2019 3709 anno
2066 3650 2518 3726 prom’ulgatiOnis
2566 3670 2674 3710 non
2726 3650 2882 3710 certo
2936 3663 3185 3708 constare
3230 3650 3345 3720 jam

1757 3735 1885 3781 ante
1915 3725 2118 3779 monui.

1048 3989 1583 4107 SANCTI
1672 3988 2378 4109 STEPHANI

1298 4150 2043 4287 /PRIVILEGIUM

812 4357 1365 4416 PROTOABBATIE
1396 4361 1459 4417 S.
1488 4362 1777 4419 MARTINI
1815 4365 2191 4422 PANNONUE
2231 4366 2647 4423 CONCESSUM

1465 4498 1677 4575 (Anno
1724 4500 2007 4603 1001.)/

958 4617 1115 4689 (Acta
1148 4629 1447 4675 sanctorum
1471 4617 1724 4674 Bolland.
1755 4619 2060 4691 Septembr.
2099 4630 2137 4676 t.
2167 4620 2209 4691 I,
2239 4633 2296 4689 ι).
2318 4622 2469 4696 491.)

1515 4758 1853 4781 Ἄ

145 4862 199 4919 In
250 4864 473 4918 nomine
507 4859 719 4918 Domini
780 4860 875 4916 Dei
914 4850 1136 4915 summi.
1169 4858 1510 4930 Srsruanus,
1562 4880 1654 4921 su-
1687 4866 1735 4927 D
1763 4865 1963 4921 domini
1996 4869 2270 4926 Anastasii
2302 4869 2513 4927 abbatis
2536 4868 2600 4926 de
2631 4869 2754 4945 [al.,
2797 4873 2865 4928 de
2913 4875 3194 4948 omittitur]
3229 4892 3346 4931 ιηοο

86 4971 232 5025 perna
266 4956 392 5029 [nl..
421 4955 633 5030 divina]
670 4954 991 5025 providente
1015 4953 1331 5023 clementia,
1366 4955 1656 5026 Hungaro-

86 5063 191 5102 rum
215 5065 328 5104 rex.
670 5092 673 5099 μ

145 5140 425 5196 Credimus
453 5149 513 5193 et
566 5152 695 5192 vere
734 5138 960 5202 scimus,
992 5137 1037 5192 si
1092 5136 1224 5192 locis
1277 5137 1461 5194 divino
1488 5137 1656 5194 cultui

84 5234 416 5304 mancipatis,
445 5244 748 5306 potestates
793 5247 955 5306 atque
985 5236 1222 5291 honores
1266 5235 1658 5307 adaugmenta-

83 5327 328 5394 verimus,
359 5327 414 5382 id
441 5342 550 5381 non
580 5330 752 5384 solum
775 5328 934 5384 laude
970 5327 1205 5383 humana
1232 5326 1655 5397 praedicandum,

82 5428 263 5473 verum
311 5418 509 5474 divina
556 5419 809 5476 mercede
859 5417 1337 5474 remunerandum.
1395 5416 1659 5484 Quocirca

81 5510 313 5565 omnium
342 5519 554 5567 sancte
601 5511 858 5567 Ecclesiae
885 5511 976 5565 Dei
1007 5509 1267 5575 fidelium,
1320 5518 1658 5564 nostrorum.

82 5615 211 5667 que,
249 5600 609 5670 prtesentium
650 5616 715 5657 ac
764 5600 1073 5655 futurorum
1132 5598 1304 5654 solers
1358 5598 1660 5669 comperiat

84 5692 303 5749 intentio
325 5694 475 5766 quod
524 5710 619 5754 nos
668 5695 993 5761 interventu,
1025 5691 1251 5751 consilio
1281 5698 1335 5748 et
1382 5703 1651 5748 consensu

1764 4961 2003 5013 uasterio
2024 4960 2081 5014 S.
2112 4961 2348 5027 Martini,
2374 4963 2427 5017 in
2461 4971 2644 5018 monte
2666 4978 2829 5034 supra
2852 4964 3184 5019 Pannoniam
3215 4967 3341 5032 sito,

1763 5059 1794 5100 a
1824 5048 2066 5114 genitore
2113 5059 2300 5104 nostro
2337 5051 2594 5120 incmpto,
2626 5056 2765 5121 quod
2795 5068 2891 5105 nos
2946 5068 3043 5123 per
3082 5054 3173 5109 Dei
3210 5057 3341 5109 sub-

1764 5136 1983 5203 sidium,
2019 5138 2089 5194 ob
2108 5139 2303 5194 animae
2329 5149 2530 5196 nostra:
2561 5142 2882 5208 remedium,
2911 5158 3010 5212 pro
3046 5144 3343 5199 stabilitate

1766 5230 1914 5300 regni
1944 5230 2120 5285 nostri
2157 5232 2226 5285 ad
2248 5231 2408 5286 fidem
2460 5233 2834 5301 perduximus,
2861 5234 3021 5287 talem
3068 5235 3342 5289 concessi-

1764 5337 1886 5376 mus
1934 5322 2241 5377 libertatem
2304 5322 2517 5392 qualem
2581 5324 2784 5378 detinet
2842 5325 3235 5379 monasterium
3277 5322 3338 5379 S.

1764 5411 2039 5469 Benedicti
2068 5414 2122 5468 in
2146 5422 2329 5470 monte
2353 5413 2600 5481 Cassino,
2631 5415 2755 5486 quia
2806 5426 3028 5487 propter
3063 5416 3339 5472 orationes

1764 5510 1980 5558 sanctas
2032 5501 2264 5557 fratrum
2309 5501 2551 5572 ejusdem
2603 5504 2964 5570 monasterii,
3014 5503 3341 5559 conciliante

1764 5593 1984 5651 domino
2004 5596 2295 5650 Anastasio
2317 5596 2634 5665 praescripto
2686 5597 2882 5652 abbate
2922 5604 2978 5651 et
3017 5595 3218 5666 iugiter
3243 5595 3342 5649 ad-

1758 5688 2002 5761 juvante,
2058 5687 2346 5746 coniortati
2396 5698 2450 5745 et
2502 5688 2729 5745 laureati
2779 5705 2965 5745 sumus
3008 5705 3022 5755 ;
3067 5686 3338 5758 singulare
