3816 6322
33 316 192 372 ιξῖἸ

1187 290 1596 379 nMCILAus
1632 325 1777 384 nux
1814 321 2138 380 BOHEMM-Z

3202 325 3335 382 I238

44 461 3316 508 _______._____.___.——______________________________.

1455 604 1623 650 ANNO
1671 604 1921 648 λιιι-νηί

371 773 1202 932 ANDRE/E
1317 775 2359 936 HUNGARUE
2445 781 3009 940 REGIS

665 1057 1720 1152 CONSTITUTIONES
1788 1062 2725 1156 ECCLESIASTIC/E

1250 1256 1462 1319 (—msst,
1494 1251 1697 1308 Concil.
1732 1251 1869 1318 XIX,
1904 1254 2006 1309 col.
2039 1253 2190 1326 65L.)

110 1577 163 1634 ἶ.
204 1580 276 1638 Ut
299 1581 623 1654 'quieunque
650 1579 928 1655 Ungarus,
970 1597 1063 1638 seu
1095 1579 1414 1652 peregrinus
1447 1581 1499 1636 in
1529 1579 1642 1637 Un-
1674 1565 1718 1620 Α
1821 1585 1885 1640 ν.
1929 1587 1985 1640 Si
2016 1587 2138 1658 quis
2171 1587 2300 1655 Deo,
2331 1589 2647 1668 sanctisque
2693 1591 2831 1662 ejus,
2865 1603 2918 1649 ct
2959 1595 3333 1652 sacerdotibus

28 1670 204 1738 garia
250 1672 494 1742 deposito
535 1672 794 1747 Scythico
837 1673 1022 1746 gentili
1059 1682 1114 1728 et
1143 1671 1362 1728 ethuico
1397 1673 1533 1740 ritu,
1575 1675 1642 1728 ad

27 1778 241 1820 veram
268 1765 392 1823 lesu
426 1767 630 1824 Christi
677 1768 836 1824 ﬁdem
875 1768 1019 1823 illico
1055 1781 1164 1822 non
1201 1766 1427 1831 rediret,
1461 1781 1524 1820 ac
1555 1779 1645 1820 sa-

29 1873 208 1913 cram
259 1865 428 1932 legem
472 1877 501 1916 a
555 1863 680 1917 divo
745 1876 871 1932 rege
915 1861 1197 1931 Stephano
1235 1858 1485 1913 traditam
1535 1873 1642 1913 non

29 1950 350 2018 reciperet,
417 1952 600 2023 capite
667 1961 722 2007 et
769 1952 928 2008 bonis
981 1950 1319 2005 multaretur.
1364 1947 1646 2014 Civitates,

29 2039 286 2107 οριιίιιει.
335 2041 506 2110 villae,
552 2043 757 2114 templa
805 2044 1063 2102 denrolita
1111 2042 1402 2113 dirutaque
1455 2041 1644 2097 reﬂec-

29 2139 270 2186 rentur.

1753 1677 2123 1742 malediceret,
2155 1689 2246 1732 aut
2269 1679 2328 1734 in
2360 1696 2454 1737 eos
2482 1682 2606 1736 mali
2634 1683 2779 1754 quid'
2801 1692 3062 1754 patraret,
3097 1685 3190 1744 Dei
3221 1689 3334 1760 pri-

1752 1785 1919 1836 mum,
1955 1779 2065 1824 tum
2091 1772 2378 1828 vindictam
2411 1788 2560 1828 suam
2589 1775 2935 1830 incursurum
2958 1792 3016 1832 se
3043 1779 3223 1834 sciret.

1826 1859 1907 1914 Vl.
1947 1861 2268 1933 Quicunque
2305 1863 2476 1920 sacris
2504 1865 2806 1932 addictum,
2837 1876 2931 1922 aut
2963 1867 3127 1922 etiam
3156 1869 3336 1940 profa-

1749 1968 1879 2007 num
1905 1955 2183 2010 hominem
2209 1956 2526 2022 occidisset,
2550 1968 2837 2028 peccatum
2868 1975 3018 2015 more
3048 1963 3211 2016 veteri
3241 1979 3336 2017 cx-

1746 2045 1951 2115 piaret;
1977 2062 2166 2104 omnes
2191 2048 2406 2104 demum
2432 2065 2462 2104 a
2489 2045 2746 2117 caedibus,
2772 2051 3096 2119 latrcciniis,
3130 2071 3193 2110 ac
3228 2071 3333 2112 etr-

1753 2141 1886 2193 teris
1911 2139 2152 2208 injuriis,
2188 2151 2244 2197 et
2267 2142 2319 2196 vi
2348 2143 2707 2199 abstinerent.

127 2223 195 2276 ll.
223 2223 532 2294 Pontiﬁces,
553 2236 608 2283 et
630 2227 854 2298 collegia
878 2229 1218 2284 sacerdotum
1235 2224 1472 2296 pristino
1496 2236 1648 2280 more

30 2313 502 2385 observarentur,
538 2327 591 2373 et
625 2318 730 2375 illis
758 2328 1030 2390 parerent.

126 2405 216 2460 Ill.
259 2407 414 2464 Ritus
440 2424 631 2466 omnes
659 2409 958 2468 Christiani
988 2419 1395 2467 revocarentur.

127 2498 218 2552 IV.
258 2501 521 2560 Profanas
557 2513 613 2560 et
636 2503 943 2576 .Scythieas
989 2506 1347 2562 cmremonias
1378 2501 1646 2571 falsosque

30 2587 190 2645 deos
219 2591 575 2660 abrogarent,
604 2603 658 2649 et
684 2594 977 2650 simulacra
1008 2596 1416 2652 demolirentur.

1828 2229 1936 2285 Vll.
1977 2229 2079 2298 Qui
2112 2246 2243 2288 vero
2273 2233 2716 2289 constitutionem
2755 2234 2896 2290 hanc
2941 2245 3334 2300 contemneret,

1755 2329 1809 2378 et
1850 2322 1898 2376 ei
1945 2322 2127 2378 animo
2156 2323 2538 2392 reluctaretur,
2572 2325 2767 2396 capitis
2797 2334 2853 2380 e-t
2880 2325 3120 2380 omnium
3154 2341 3335 2380 rerum

1757 2427 1878 2468 reus
1903 2423 2072 2480 esset,
2107 2413 2296 2472 edixit.

583 2727 866 2746 ῃ

1479 2867 1648 2915 ANNO
1694 2866 1953 2914 IXXXIX

1408 3022 1964 3180 DUCIS
2077 2984 2999 3177 BOHEMI/E

1505 3315 1945 3428 LEGES

628 3535 749 3598 Pro
780 3551 1033 3599 morum
1103 3534 1563 3600 reformatione
1598 3537 1677 3599 ad
1713 3539 2040 3599 tumulum
2071 3541 2136 3600 S.
2171 3540 2500 3602 Adalberti
2530 3540 2670 3602 iam
2699 3538 2779 3612 (ί)

414 3015 1298 3176 BRACILAI

1317 3701 1538 3771 (Massr,
1578 3697 1781 3754 Concil.
1813 3698 1953 3768 XIX,
1982 3701 2135 3774 589.)

1473 3838 1854 3855 ﬁ“

123 4017 152 4056 ιι
189 4001 504 4069 Extendite,
535 4001 755 4068 fratres,
787 4001 948 4056 simul
984 4008 1194 4062 vestras
1219 3999 1286 4056 ad
1320 4001 1484 4057 Deum
1517 4001 1652 4057 dcx-
1685 3984 1728 4044 Β
1755 4001 1897 4057 hanc
1924 4010 2126 4056 terram
2150 4001 2356 4070 redeat,
2383 4019 2451 4062 ne
2473 4007 2726 4083 contagio
2748 4009 2906 4068 unius
2927 4008 3151 4068 oviculac
3176 4019 3344 4068 totum

37 4108 208 4162 ιιι-δε,
240 4103 298 4150 et
341 4095 409 4150 ad
458 4109 608 4150 meos
661 4093 925 4152 attendite
978 4108 1285 4161 sermones,
1341 4109 1480 4164 quos
1529 4095 1652 4150 volo
1758 4103 1940 4166 serpat
1978 4109 2077 4165 per
2111 4095 2273 4152 ovile.
2297 4115 2318 4150 ι
2361 4095 2598 4158 Severus
2633 4102 2920 4174 episcopus
2956 4102 3130 4160 dixit:
3167 4123 3187 4157 ι
3213 4103 3345 4171 Qui-

39 4196 111 4243 ut.
155 4194 359 4242 vestrae
397 4184 522 4242 ﬁdei
553 4194 902 4242 sacramento
931 4184 1298 4250 conﬁrmetis,
1334 4184 1438 4241 hoc
1471 4199 1653 4241 meum
1758 4199 1974 4259 cunque
2019 4188 2181 4244 aliter
2227 4190 2440 4257 fecerit,
2490 4194 2778 4250 anathema
2841 4193 2931 4250 sit.
2979 4193 3181 4250 Eadem
3219 4210 3344 4252 sen-

40 4277 369 4335 maximum
400 4285 454 4331 et
498 4277 733 4347 primum
764 4275 836 4332 sit
862 4275 1166 4342 decretum,
1193 4283 1254 4330 ut
1296 4285 1480 4332 vestra
1523 4291 1655 4333 con-
1757 4281 1927 4337 tentia
1975 4281 2084 4338 sint
2122 4281 2422 4355 plectentia:
2458 4283 2718 4356 virgines,
2766 4294 2822 4340 et
2869 4284 3066 4352 vidua),
3095 4293 3150 4340 et
3197 4285 3345 4341 adul-

34 4368 254 4434 nubia,
285 4379 405 4436 quae
428 4366 692 4422 hactenus
725 4365 995 4421 habuistis
1035 4375 1095 4420 ut
1123 4365 1430 4437 lupanaria,
1459 4365 1655 4422 amodo
1760 4381 1910 4440 terea,
1950 4387 2074 4442 quae
2103 4383 2298 4427 nomen
2337 4373 2539 4428 bonum
2570 4374 2840 4440 amisisse,
2877 4389 2942 4430 ac
2971 4389 3067 4444 per
3103 4385 3347 4430 scortum

29 4463 220 4531 juxta
257 4472 526 4514 canonum
550 4459 690 4514 scita
719 4458 830 4513 sint
858 4457 1118 4530 legitima,
1149 4460 1261 4515 sint
1289 4460 1517 4529 privata,
1549 4460 1659 4515 sint
1759 4464 2079 4535 concepisse
2127 4473 2444 4521 noscuntur.
2479 4485 2497 4519 ι
2533 4458 2688 4523 Tunc
2728 4469 2838 4523 dux
2881 4467 3214 4539 subjungens
3242 4469 3344 4522 ait:

39 4548 407 4615 insolubilia,
461 4558 520 4604 ut
571 4565 677 4606 una
726 4549 812 4604 vir
860 4549 1121 4621 conjuge,
1155 4550 1355 4621 conjux
1393 4566 1502 4607 uno
1541 4553 1658 4606 viro
1763 4575 1781 4608 ι
1817 4556 1873 4613 Si
1898 4571 2030 4611 vero
2061 4556 2256 4612 mulier
2281 4557 2701 4628 proclamaverit
2727 4559 2842 4631 pari
2871 4560 2988 4615 vice
3018 4574 3124 4614 non
3151 4563 3345 4620 amari.

34 4643 310 4699 contenti
363 4642 566 4696 vivant.
617 4640 673 4697 Si
718 4651 900 4697 autem
952 4640 1150 4712 conjux
1200 4643 1401 4711 virum,
1438 4651 1532 4698 aut
1578 4643 1658 4698 vir
1759 4646 1853 4702 sed
1885 4646 2242 4702 inclementer
2275 4665 2302 4702 a
2336 4647 2454 4702 viro
2481 4648 2671 4719 aﬂligi,
2711 4651 2870 4706 detur
2897 4649 3040 4706 inter
3079 4663 3176 4707 eos
3204 4650 3351 4718 judi-

36 4736 354 4806 conjugetu
385 4735 677 4806 spreverit,
708 4742 762 4789 et
792 4735 909 4789 rixa
951 4735 1094 4791 inter
1123 4750 1216 4790 eos
1254 4751 1426 4806 usque
1453 4737 1521 4791 ad
1544 4737 1658 4792 dis-
1760 4739 1903 4794 cium
1940 4738 2135 4804 Dei,~et
2163 4740 2253 4808 qui
2281 4740 2532 4796 inventus
2556 4740 2718 4796 fuerit
2749 4755 2893 4808 reus,
2925 4755 3114 4812 poenas
3148 4741 3344 4798 solvat.

36 4829 265 4884 sidium
295 4825 627 4893 eﬂ'erbuerit,
670 4827 762 4898 qui
801 4841 866 4882 ex
902 4827 987 4883 his
1027 4827 1079 4882 in
1123 4829 1362 4898 priorem
1408 4829 1653 4900 copulam
1763 4831 2027 4887 Similiter
2065 4831 2129 4887 de
2169 4831 2255 4887 his
2292 4833 2384 4902 qui
2434 4832 2742 4888 homicidiis
2781 4831 3133 4901 infamantur,
3169 4835 3349 4889 archi-

37 4922 248 4979 redire
296 4921 575 4995 noluerit,
607 4921 731 4977 nolo
776 4930 856 4987 ut,
910 4921 1209 4976 secundum
1254 4930 1451 4977 nostra:
1501 4933 1657 4978 terrae
1761 4923 2242 4995 presbytercomiti
2279 4923 2423 4980 illius
2451 4923 2686 4978 civitatis
2715 4923 2932 4978 nomina
2962 4940 3148 4980 eorum
3181 4926 3349 4981 ascri-

41 5017 256 5078 ritum,
291 5015 342 5068 in
372 5014 767 5070 servitudinem
804 5013 1099 5085 redigatur,
1134 5015 1227 5069 sed
1255 5029 1355 5084 per
1383 5015 1543 5086 hujus
1569 5016 1663 5070 (ιε-
1760 5015 1874 5074 hat.
1901 5023 1957 5070 et
1983 5029 2168 5073 cernes
2201 5029 2297 5069 eos
2334 5014 2643 5080 conveniat,
2677 5024 2732 5070 et
2763 5014 2808 5069 si
2849 5023 2977 5069 sunt
3015 5014 3266 5079 rebelles,
3293 5016 3345 5069 in

35 5107 203 5165 creti
230 5107 512 5176 angariam
539 5109 817 5179 redigatur
845 5107 898 5161 in
925 5106 1246 5176 Ungariam,
1270 5108 1664 5179 qualiscunque
1760 5119 2036 5161 carcerem
2073 5105 2306 5176 redigat,
2357 5105 2532 5161 donec
2576 5114 2674 5160 aut
2708 5104 3084 5175 penitentiam
3129 5105 3346 5172 dignam

36 5199 129 5254 sit
158 5210 419 5268 persona,
455 5212 554 5252 nec
599 5197 759 5252 liceat
801 5205 857 5250 ut
887 5197 1064 5266 pretio
1089 5210 1148 5252 se
1177 5197 1432 5263 redimat,
1475 5208 1568 5252 aut
1606 5199 1658 5254 in
1761 5205 1953 5267 agant,
1984 5199 2088 5261 {aut
2124 5197 2168 5251 si
2221 5203 2452 5269 negant,
2501 5197 2670 5268 ignito
2717 5196 2884 5264 ferro,
2924 5197 3039 5252 sive
3098 5194 3346 5266 adjurata

131 5390 214 5462 (Ι)
267 5388 538 5462 Bracilio,
602 5390 875 5449 Bohemire
935 5390 1086 5457 dux,
1152 5401 1416 5462 occupata
1482 5397 1649 5452 armis

39 5460 306 5522 GneSna,
360 5460 684 5516 Polonurum
738 5463 1040 5532 metropoli,
1093 5463 1226 5516 nihil
1275 5460 1462 5518 habuit
1504 5469 1648 5520 anti-

41 5533 228 5605 quius
274 5546 436 5605 quam
464 5540 546 5605 ut
596 5531 1013 5605 pretiosumlex
1042 5548 1103 5605 ea
1138 5533 1394 5605 spolium,
1438 5535 1646 5605 lipsana

43 5602 278 5658 scilicet
309 5602 367 5656 S.
396 5602 674 5657 Adalberti
707 5603 982 5671 martyris,
1012 5602 1260 5658 referret.
1294 5603 1400 5659 Sed
1432 5602 1646 5663 sacrum

45 5671 337 5728 tumulum
387 5686 635 5727 reserare
689 5681 956 5727 tentantes
1003 5672 1249 5740 Bohemi,
1302 5675 1480 5732 subito
1534 5688 1649 5733 stu-

44 5757 198 5814 pore
250 5742 568 5814 obriguere:
619 5743 761 5812 quod
813 5742 1118 5815 intelligens
1147 5744 1412 5814 Severus,
1462 5749 1648 5821 Praga‘.

407 5854 676 5915 PATBOL.
725 5853 852 5916 CLI

1759 5393 2070 5465 episcopus,
2115 5406 2212 5461 per
2257 5392 2492 5465 quietem
2531 5392 2707 5465 noctis
2752 5407 2782 5446 a
2835 5390 2892 5445 S.
2923 5389 3222 5465 Adalberto
3251 5389 3348 5465 ad-

1758 5459 2018 5527 monitus,
2055 5459 2212 5544 mane
2240 5459 2519 5544 sequentis
2562 5463 2667 5544 dici
2711 5461 3103 5544 procoucione
3141 5459 3347 5544 princh

1754 5550 1879 5602 pem
1924 5543 1981 5588 et
2025 5533 2278 5602 populum
2320 5529 2632 5598 admonuit,
2683 5529 3199 5602 siquidemgvellent
3242 5531 3345 5586 sibi

1757 5599 1956 5684 habere
2005 5599 2194 5684 civem
2226 5603 2608 5684 Adalbcrtum,
2645 5599 2856 5658 morum
2901 5599 3346 5684 reformationem

1755 5677 2106 5751 sponderent.
2153 5674 2335 5751 Quare
2386 5673 2617 5730 Bracilio
2659 5688 2758 5730 suo
2783 5682 2857 5751 _et
2902 5671 3082 5744 populi
3126 5671 3347 5751 nomine

1758 5742 1871 5802 iure
1929 5748 2146 5802 decreta
2195 5745 2336 5814 tulit,
2397 5754 2450 5801 et
2500 5761 2599 5816 pro
2647 5742 2914 5801 concione
2956 5742 3343 5814 promulgavit.

2789 5857 2868 5920 1ιο
