3816 6322
42 363 145 417 ΞΗΙ

863 344 1666 427 axcthnnrmusanA
1707 343 2002 399 ARClllEP
2058 338 2335 396 MEDlOL.
2384 326 2389 327 ί

3133 336 3268 391 1262

32 480 171 552 elegi
204 479 412 535 fecimus
432 474 900 532 commonitorium
931 489 959 527 a
993 479 1166 526 vestra
1197 467 1351 523 nobis
1371 464 1577 536 magni-
1604 468 1652 526 Α
1684 462 1735 515 ἱιι
1784 461 2055 531 parm-hiis
2114 458 2310 529 nostris
2368 454 2571 525 alasque
2633 458 2813 505 nostra
2865 450 3269 507 examinatione

29 573 215 627 icentia
239 570 510 626 traditum.
540 567 747 635 Quibus
767 564 999 629 auditis,
1030 577 1219 618 omnes
1246 559 1580 615 unanimiter

30 681 110 721 iro
133 675 297 720 vestra
328 662 505 718 indole
520 659 885 739 omnipotenti
910 658 1019 712 Deo
1037 655 1351 726 dignissime
1380 651 1580 724 gratias

36 765 230 828 gerunt
251 756 369 825 quia
393 753 591 824 populo
617 766 715 807 suo
748 760 855 805 tam
884 748 1186 820 piissimum
1215 754 1433 813 tamque
1458 757 1582 797 san-

32 849 299 903 tissimum
328 844 630 916 principem
664 841 952 912 dedit‘,qui
990 847 1181 896 cuncta
1208 834 1583 894 ordinabiliter

30 940 289 1009 lisponere
316 937 484 1007 cupit.

74 1031 203 1085 Car.
241 1029 279 1084 l.
328 1029 392 1083 Et
432 1027 689 1099 quoniam
741 1025 993 1097 religiosa
1046 1020 1352 1080 sollicitudo
1400 1027 1581 1075 vestra

38 1121 233 1175 rimum
267 1118 332 1174 de
358 1116 788 1173 conversatione.
811 1117 1212 1187 episcoporum,
1235 1112 1581 1184 presbytero-

30 1229 122 1266 um
151 1221 204 1268 et
231 1220 547 1268 cancrorum
584 1210 905 1264 clericorum
942 1222 1185 1279 quaerere
1227 1204 1456 1268 studuit,
1484 1218 1586 1258 nos

38 1320 237 1375 noque,
264 1318 370 1373 quo
406 1300 731 1373 regulariter
756 1300 948 1354 melius
972 1298 1087 1354 ﬁeri
1116 1296 1309 1367 potuit,
1337 1293 1584 1349 eumdem

34 1393 244 1448 rdinem
289 1406 585 1448 servamus.
633 1391 954 1461 Episcopum
993 1387 1210 1458 quidem
1255 1386 1329 1440 ita
1364 1396 1584 1439 conver«

29 1488 114 1542 ari
140 1486 335 1542 debere
373 1486 786 1556 pronuntiamus
815 1493 874 1538 ut
904 1481 1019 1551 ejus
1048 1482 1155 1535 vita
1188 1488 1338 1534 recte
1373 1475 1587 1533 vivendi

29 1579 71 1632 it
106 1593 313 1633 norma.
348 1577 704 1649 Presbyteros
741 1590 870 1632 vero
914 1584 970 1629 et
1012 1572 1242 1629 clericos
1284 1571 1357 1626 ita
1401 1569 1587 1624 vivere

30 1677 216 1737 portet
254 1675 311 1721 ιιι
356 1666 584 1723 subditae
613 1666 754 1737 plebi
777 1664 1022 1735 exemplo
1047 1678 1158 1718 sum
1184 1659 1585 1717 conversationi

38 1759 303 1814 roﬁciant.
365 1759 430 1814 Et
478 1759 697 1830 quidam
748 1759 1186 1829 coepiscoporum
1234 1764 1543 1811 nostrorum
1573 1795 1589 1819 ,

29 1852 100 1920 jui
153 1851 305 1906 bona:
351 1850 779 1905 conversationis
825 1849 927 1904 sibi
978 1847 1179 1904 conscii
1227 1847 1371 1913 Sunt,
1417 1846 1594 1917 palam

30 1944 167 1999 uteri
199 1944 541 2010 recusabant,
591 1959 658 1999 ne
696 1944 778 1999 sui
811 1943 1050 2013 ipsorum
1087 1940 1396 1995 laudatores
1437 1939 1594 1995 vide-

30 2047 219 2091 entur.
262 2035 362 2103 Qui
393 2050 521 2091 vero
556 2034 936 2106 negligentiam
979 2048 1132 2089 suam
1179 2039 1595 2102 recognoscunt,

29 2145 164 2186 nore
200 2129 421 2185 humani
453 2128 648 2198 ingenii
673 2142 731 2183 se
774 2128 919 2199 ipsos
962 2141 1225 2185 accusare
1249 2125 1596 2181 verebantur.

42 2233 174 2276 uxta
225 2222 696 2277 commonitionem
755 2230 933 2276 tamen
995 2229 1230 2273 vestram
1292 2218 1603 2289 diligentius

30 2322 446 2379 perscrutantes,
473 2313 735 2384 quosdam
782 2312 971 2382 quales
1009 2310 1353 2376 desideratis,
1392 2309 1605 2381 quales-

29 2420 119 2473 [ue
151 2404 329 2474 populi
360 2403 453 2458 Dei
481 2411 725 2474 pastores
750 2411 803 2457 et
829 2410 1071 2457 rectores
1100 2414 1219 2455 esse
1249 2401 1424 2469 decet,
1456 2400 1605 2455 inve-

30 2498 217 2553 iimus.
251 2498 618 2565 Quorumdam
646 2510 775 2550 vero
813 2494 1195 2566 negligentiam
1226 2492 1308 2548 vel
1344 2507 1469 2563 erga
1501 2492 1610 2547 cle-

30 2589 253 2644 ﬁcorum
280 2604 500 2644 suorum
532 2588 832 2644 custodiam
867 2586 953 2642 vel
984 2600 1111 2657 erga
1138 2585 1374 2657 plebium
1405 2584 1609 2640 sollici-

32 2681 255 2735 udinem
280 2680 615 2751 reperimus;
652 2680 848 2749 quibus
894 2685 953 2733 ut
986 2675 1375 2748 aliquantulum
1422 2690 1613 2730 emen-

29 2770 181 2825 landi
215 2771 449 2841 spatium
483 2769 755 2833 tribuatis,
803 2769 1077 2824 humiliter
1106 2767 1359 2839 petimus.
1405 2765 1505 2834 Qui
1563 2766 1608 2822 si

30 2862 127 2918 :ito
154 2863 353 2918 delicta
379 2879 483 2917 non
507 2862 863 2930 correxerint,
882 2861 1138 2917 severiori
1172 2859 1455 2916 sentcntite
1482 2859 1609 2914 sub-

32 2952 295 3008 accbunt.

78 3046 216 3101 Car.
248 3046 310 3101 ll.
340 3046 607 3102 Craterum
634 3045 677 3102 si
712 3045 939 3116 quilibet
971 3045 1239 3101 laicorum
1268 3044 1349 3099 vel
1387 3043 1613 3100 clerico-

30 3154 132 3191 rum
166 3146 359 3192 contra
386 3137 698 3209 episcOpum
724 3137 807 3192 vel
844 3136 1072 3207 alicujus
1116 3135 1323 3191 ordinis
1351 3134 1607 3190 clericum

29 3229 217 3299 diquid
251 3231 521 3299 queritur,
558 3228 805 3284 noverint
831 3244 929 3283 nos
971 3238 1188 3300 paratos
1227 3236 1282 3282 et
1310 3226 1602 3296 legitimam

30 3319 264 3376 praebere
310 3319 661 3383 audientiam,
705 3326 761 3373 et
800 3318 845 3373 si
895 3318 1022 3390 quid
1058 3330 1340 3387 perperam
1372 3316 1607 3387 gessisse

29 3410 231 3465 irobati
262 3411 483 3476 fuerint,
517 3411 693 3467 debita
724 3410 1194 3466 animadversione
1231 3408 1433 3478 puniri.

74 3500 214 3556 Car.
250 3501 336 3556 Ill.
368 3502 623 3558 Dectrina
655 3518 784 3558 vero
814 3512 869 3558 et
895 3502 1208 3573 praedicatio
1245 3501 1297 3556 in
1330 3500 1602 3572 populum,

29 3592 217 3647 iartim
249 3594 627 3665 episcoporum
656 3604 710 3649 et
739 3592 1069 3664 reliquorum
1095 3592 1457 3656 sacerdotum,
1482 3607 1609 3661 par-

29 3689 102 3741 im
136 3701 273 3741 vero
320 3685 498 3757 populi
531 3686 880 3758 negligentia,
927 3699 1033 3739 non
1061 3683 1201 3739 sicut
1235 3683 1605 3738 necessarium

30 3787 85 3834 st
120 3786 475 3849 procuratur.
507 3777 575 3832 Et
610 3778 955 3833 sacerdotum
997 3776 1213 3847 quidem
1252 3774 1457 3831 incuria
1489 3774 1608 3829 nul-

33 3880 236 3925 atenus
264 3878 349 3925 est
379 3871 706 3926 excusanda.
735 3868 964 3937 Qutdam
995 3883 1121 3925 vero
1144 3868 1263 3923 laici
1294 3877 1349 3923 et
1374 3867 1607 3923 maxime

30 3969 269 4017 cientes
297 3978 363 4018 ac
392 3963 619 4031 nobiles,
649 3976 785 4033 quos
834 3961 1126 4017 studiosius
1157 3962 1223 4016 ad
1267 3961 1609 4031 praedicatio-

33 4074 134 4113 em
183 4056 379 4112 venire
427 4058 733 4127 oportebat,
770 4054 924 4124 juxta
968 4056 1155 4110 domos
1187 4069 1315 4109 suas
1360 4053 1610 4109 basilicas

31 4150 250 4215 abent;
294 4148 349 4203 in
388 4148 585 4219 quibus
626 4147 865 4202 divinum
908 4146 1188 4202 audientes
1234 4143 1489 4212 ofﬁcium,
1538 4145 1605 4198 ad

32 4240 255 4309 iajores
282 4239 539 4296 ecclesias
585 4240 758 4293 rarius
781 4243 965 4294 venire
988 4247 1386 4294 consueverunt
1413 4236 1515 4306 (l).
1547 4236 1609 4289 [Ct

31 4348 138 4386 um
191 4331 297 4386 soli
347 4330 524 4387 amicti
571 4341 627 4386 et
681 4345 944 4401 pauperes
991 4330 1246 4395 veniunt,
1286 4328 1414 4398 quid
1462 4328 1607 4381 aliud

31 4438 179 4477 nam
224 4431 288 4476 ut
326 4422 468 4478 mala
518 4422 789 4493 patienter
841 4420 1019 4475 ferant
1063 4418 1167 4475 illis
1208 4417 1607 4489 prtedicandum

1682 564 1876 611 missas
1919 555 2199 611 celebrare
2251 552 2472 607 faciunt.
2528 548 2681 615 Quod
2733 562 2798 601 ne
2851 545 3076 600 ulterius
3135 548 3271 608 fiat,

1680 647 2007 703 onmimodis
2054 655 2140 701 est
2188 644 2559 699 inhibendum.
2615 640 2797 707 Quare
2847 638 2898 692 in
2956 639 3271 693 Ordinandis

1684 739 1917 811 plebium
1943 736 2243 793 rationibus
2274 735 2470 788 civium
2514 718 2754 787 instituta
2803 728 3157 802 [presbyteris
3183 743 3273 783 ca-

1686 848 1884 888 nonum
1946 830 2097 902 inst.]
2147 838 2461 892 serventur,
2529 834 2584 881 et
2642 824 2910 895 pestiferae
2962 823 3274 878 ambitionis

1682 927 1877 981 vitium
1906 923 2169 979 radicitus
2210 920 2559 990 exstirpelnr,
2607 929 2662 973 et
2712 933 2885 988 neque
2914 917 2982 971 ob
3009 932 3271 987 quorum-

1688 1019 1809 1077 dam
1850 1017 2338 1091 propinquitatem,
2379 1028 2551 1083 neque
2592 1027 2688 1083 pro
2727 1010 2950 1079 alicujus
2992 1009 3274 1064 familiari-

1692 1114 1819 1169 tatis
1875 1112 2087 1183 gratia,
2140 1124 2350 1179 neque,
2395 1107 2541 1177 quod
2601 1110 2834 1160 maxime
2875 1104 3273 1163 detestandum,

1690 1216 1907 1279 propter
1944 1203 2295 1273 pecuniarum
2330 1197 2721 1268 acceptionem,
2756 1195 3005 1265 indignus
3052 1194 3280 1264 quilibet

1689 1299 1985 1355 ordinetur.
2019 1295 2085 1350 Et
2109 1295 2339 1364 primum
2372 1291 2588 1362 quidem
2619 1288 2787 1358 ipsius
2831 1289 2932 1342 loci
2976 1288 3276 1358 presbyteri

1692 1391 1774 1444 vel
1827 1389 2007 1444 cretcri
2058 1385 2239 1440 clerici
2299 1384 2549 1439 idoneum
2596 1380 2695 1436 sibi
2746 1388 3016 1434 rectorem
3060 1377 3285 1449 eligant.

1695 1472 1896 1539 Deinde
1925 1480 2105 1554 populi
2142 1478 2233 1549 qui
2266 1478 2333 1532 ad
2362 1475 2606 1532 eamdem
2637 1473 2844 1544 plebem
2872 1471 3062 1541 aspicit
3089 1485 3283 1540 sequn-

1698 1583 1785 1629 tur
1816 1587 2087 1629 asscnsus.
2118 1569 2177 1625 Si
2216 1575 2394 1622 autem
2441 1566 2495 1621 in
2539 1565 2653 1635 ipsa
2702 1562 2856 1634 plebe
2892 1561 3015 1615 talis
3057 1558 3284 1614 inveriri

1697 1684 1803 1724 non
1847 1665 2083 1738 potuerit
2120 1662 2210 1733 qui
2251 1660 2382 1715 illud
2434 1673 2568 1728 opus
2618 1663 2989 1725 competenter
3026 1667 3283 1723 peragere

1697 1760 1887 1831 possit,
1914 1766 2041 1812 tunc
2061 1754 2346 1825 episcopus
2368 1750 2435 1806 de
2457 1750 2589 1817 suis,
2618 1762 2776 1823 quem
2807 1747 3054 1801 idonemn
3076 1746 3284 1813 judica-

1703 1852 1863 1917 veril,
1893 1849 2025 1904 inibi
2056 1845 2368 1919 constituat.
2914 1894 2922 1903 ,

1776 1944 1905 1997 ΕΜ).
1951 1939 2015 1994 γ.
2057 1938 2200 1993 Sane
2244 1932 2567 1991 removenda
2618 1931 2972 2001 quormndam
3026 1927 3285 1983 laicorum

1704 2034 2030 2108 procacitas,
2085 2030 2173 2100 qui
2218 2033 2317 2083 hoc
2348 2026 2463 2081 solo
2495 2025 2714 2080 obtentu
2752 2023 2891 2091 quod
2927 2022 2991 2075 ad
3015 2021 3290 2075 electionis

1706 2124 2040 2184 consortium
2075 2121 2452 2183 admittuntur,
2505 2113 2994 2186 archipresbyteris
3037 2113 3149 2168 suis
3196 2113 3290 2165 do-

1709 2219 1903 2276 minari
1933 2223 2288 2288 praasumunt,
2331 2222 2380 2267 et
2426 2226 2563 2282 quos
2607 2219 2861 2278 tanquam
2905 2214 3086 2277 patres
3124 2198 3286 2259 vcnci

1707 2311 1816 2365 rari
1846 2310 2163 2370 debuerant,
2190 2305 2335 2359 velut
2360 2302 2603 2358 subditos
2631 2304 3000 2356 contemnunt.
3032 2297 3093 2351 lli
3129 2296 3291 2367 igitur

1709 2402 1850 2457 intra
1879 2398 2075 2471 proprii
2121 2396 2260 2466 juris
2314 2394 2575 2449 terminos
2620 2399 2744 2447 sum
2788 2375 3083 2458 redigendi.
3129 2388 3193 2442 Et
3246 2389 3288 2440 si

1708 2490 2197 2551 extraordinariam
2222 2487 2643 2543 dominationem
2677 2484 2729 2538 in
2745 2482 3004 2538 Ecclesiis
3033 2496 3291 2536 CXOI'CCI'C

1709 2581 2199 2656 prmsumpserint,
2258 2579 2404 2651 regia
2462 2585 2588 2632 sunt
2644 2574 2926 2645 disciplina
2983 2573 3293 2629 coercendi.

1711 2676 1812 2746 ipsi
1857 2690 1983 2729 vero
2022 2672 2112 2743 qui
2164 2671 2230 2726 ad
2273 2667 2651 2743 gubernandas
2696 2666 2877 2736 plebes
2899 2664 3135 2735 legitime
3173 2677 3293 2733 pro-

1713 2768 1851 2824 vecti
1878 2775 2022 2831 sunt,
2053 2764 2361 2820 nullatenus
2400 2778 2429 2816 a
2483 2761 2592 2817 suis
2639 2759 2905 2830 episcopis
2942 2757 3291 2827 repellantur,

1712 2859 1816 2915 nisi
1848 2866 1941 2912 aut
1985 2857 2037 2912 in
2079 2853 2305 2923 alicujus
2335 2853 2578 2908 criminis
2626 2860 2832 2906 reatum
2868 2848 3151 2904 inciderint
3202 2855 3297 2898 aut

1710 2949 1925 3007 easdem
1952 2947 2138 3018 plebes
2164 2945 2305 3000 male
2326 2942 2695 2998 tractaverint.

1784 3041 1910 3097 CAP.
1948 3039 2032 3093 Vl.
2065 3037 2320 3094 Tollenda
2346 3044 2428 3091 est
2457 3034 2600 3089 cnim
2634 3047 2797 3103 prava
2828 3031 3045 3085 omnino
3070 3044 3296 3083 consue-

1720 3132 1847 3189 tudo
1873 3144 1993 3201 qua:
2023 3129 2074 3184 in
2106 3126 2426 3199 quibusdam
2462 3123 2596 3178 locis
2627 3121 2758 3177 oriri
2791 3120 2972 3189 cmpit,
3006 3119 3129 3189 quia
3166 3134 3296 3173 non-

1713 3222 1842 3278 nulli
1872 3216 2325 3291 archipresbyteri
2353 3214 2436 3269 vel
2461 3212 2686 3267 aliorum
2716 3208 2990 3264 titulorum
3022 3208 3292 3266 custodes.

1708 3314 1892 3386 fruges
1928 3312 2011 3368 vel
2042 3311 2176 3366 alios
2207 3308 2557 3365 ecclesiarum
2590 3304 2794 3360 reditus
2823 3302 2889 3356 ad
2922 3302 3173 3372 proprias
3200 3300 3295 3353 do-

1707 3422 1825 3463 mos
1863 3404 2156 3461 abducunt.
2196 3400 2427 3469 Quidam
2480 3412 2607 3453 vero
2652 3396 2881 3451 aliorum
2924 3392 3296 3463 possessiones

1708 3499 2052 3563 conducunt,
2090 3504 2149 3550 ιιι
2208 3494 2261 3548 in
2304 3492 2383 3548 eis
2426 3505 2546 3561 qum
2593 3488 2659 3542 ab
2700 3485 2945 3542 ecclesiis
2988 3484 3098 3540 suis
3156 3482 3294 3537 male

1710 3594 2095 3649 subtraxerunt
2142 3586 2457 3643 recondant.
2508 3579 2761 3637 Nonnulli
2815 3586 2991 3633 autem
3032 3566 3291 3631 l'aicorum

1710 3684 1763 3739 in
1806 3692 2013 3737 tantum
2044 3693 2231 3736 eorum
2274 3675 2528 3746 nequitiac
2572 3687 2630 3729 se
2662 3670 2952 3741 complices
2981 3666 3205 3733 faciunt,
3240 3676 3297 3720 ut

1709 3787 1827 3843 qum
1865 3768 2168 3839 huiusmodi
2212 3777 2643 3835 transgressores
2670 3760 2737 3815 ab
2758 3758 2985 3815 ecclesia
3014 3756 3299 3827 subripnc-
3354 3790 3359 3795 -

1712 3872 1857 3929 runt,
1886 3862 1985 3933 ipsi
2033 3861 2085 3914 in
2130 3857 2243 3914 suis
2291 3856 2541 3912 domibus
2573 3852 2926 3909 abscondant.
2970 3844 3127 3904 Tales
3166 3863 3298 3920 ergo

1709 3953 1943 4026 primum
1983 3966 2015 4006 a
2059 3948 2171 4004 suis
2212 3945 2479 4017 episcopis
2526 3941 2906 4012 corripiantur.
2950 3938 3105 4007 Quod
3151 3938 3195 3994 si
3239 3955 3299 3993 se

1708 4045 1870 4101 citius
1901 4040 2174 4111 corrigere
2205 4032 2496 4097 noluerint,
2544 4042 2801 4102 tanquam
2837 4029 2929 4100 qui
2968 4027 3299 4085 ecclesiasti-

1710 4151 1803 4192 cas
1841 4148 1928 4190 res
1954 4130 2218 4200 sacrilega
2265 4126 2571 4183 temeritate
2618 4128 3012 4185 tractaverunt,
3052 4118 3296 4189 synodali

1709 4225 1975 4283 sententia
2000 4222 2286 4279 feriantur.
2343 4216 2535 4272 Laicos
2566 4229 2697 4270 vero
2725 4212 2815 4282 qui
2855 4220 2977 4278 post
3023 4211 3163 4265 hanc
3205 4209 3298 4263 de—

1710 4316 2104 4375 nuntiationem
2122 4312 2298 4368 socios
2321 4322 2380 4363 se
2406 4305 2564 4375 hujus
2584 4301 2926 4375 expilationis
2950 4300 3296 4371 praebuerint,

1713 4420 1965 4478 tanquam
1998 4405 2121 4460 furti
2155 4417 2307 4465 reos,
2344 4398 2628 4469 judiciaria
2656 4392 2954 4451 eoarctabit
2983 4391 3298 4447 auctoritas.

29 4512 123 4572 st?
149 4500 211 4571 Si
246 4526 431 4571 autem
480 4482 696 4580 divites,
731 4514 818 4584 qui
868 4482 1485 4584 pauperibus-injuriam
1532 4507 1609 4561 fa-
1643 4520 1687 4575 ι)
1783 4499 1911 4554 Car.
1947 4495 2055 4550 V'll.
2086 4494 2160 4548 De
2191 4489 2582 4546 restauratione
2610 4485 2959 4543 ecclesiarum
2994 4482 3121 4537 illud
3156 4484 3302 4551 capi-

29 4621 138 4660 ere
194 4605 347 4661 soliti
405 4614 549 4671 sunt,
595 4606 781 4660 venire
826 4620 931 4660 non
985 4602 1285 4666 renuerint,
1330 4599 1608 4655 admoneri

37 4700 209 4767 tique
239 4706 467 4767 possent
502 4706 560 4751 ut
589 4695 949 4767 eleemosynis
978 4701 1200 4764 peccata
1244 4705 1340 4747 sua
1376 4688 1609 4745 redime-

29 4797 135 4844 ent
165 4798 226 4843 et
262 4803 294 4842 a
324 4787 468 4843 ﬂuxu
516 4803 694 4843 rerum
728 4785 1099 4857 temporalium
1149 4799 1209 4840 se
1247 4782 1609 4839 abstinerent.

29 4880 369 4936 .dmonendi
393 4889 519 4935 sunt
546 4879 708 4950 igitur
736 4886 980 4948 potentes
1005 4884 1061 4930 ut
1087 4875 1154 4931 ad
1182 4873 1414 4945 majores
1444 4872 1613 4929 eccle-

30 4975 143 5037 ias,
184 4972 290 5027 :uhi
319 4971 754 5041 praedicationem
787 4969 973 5023 audire
1006 4967 1234 5038 possint,
1265 4964 1611 5029 conveniant,

32 5077 55 5119 t
89 5072 370 5135 quantum
411 5063 551 5117 dono
587 5058 971 5131 omnipotentis
1009 5058 1102 5112 Dei
1134 5055 1335 5111 divitiis
1364 5064 1419 5109 et
1446 5054 1609 5109 hono-

29 5158 170 5209 ibus
204 5164 438 5209 caeteros
462 5151 811 5216 antecedunt,
839 5158 989 5204 tanto
1025 5149 1090 5202 ad
1128 5145 1450 5202 audiendum
1482 5159 1616 5216 prae.

30 5259 176 5316 cpta
214 5248 519 5303 conditoris
548 5247 629 5303 sui
661 5245 895 5301 alacrius
924 5242 1193 5298 festinent.

79 5342 225 5395 Car.
254 5340 345 5395 IV.
380 5340 606 5408 Quidam
633 5348 811 5394 autem
839 5338 1065 5392 comites
1102 5342 1156 5388 et
1189 5331 1331 5386 vassi
1362 5327 1616 5385 dominici

36 5436 378 5506 reshyteros
417 5442 471 5488 et
511 5433 736 5488 clericos
783 5439 996 5486 nostros
1036 5435 1278 5485 creteros,
1325 5422 1467 5491 quod
1517 5434 1617 5474 nec

29 5527 297 5597 piscopis
348 5526 526 5581 facere
567 5524 710 5589 licet,
749 5523 954 5590 absque
998 5527 1183 5573 nostra
1228 5512 1439 5570 licentia
1478 5513 1615 5568 reci-

36 5623 196 5673 ἷιιιιι.
237 5618 463 5687 Insuper
488 5616 652 5671 etiam
695 5615 1000 5682 ubicunque
1042 5609 1342 5669 ordinatos,
1370 5614 1423 5659 et
1448 5619 1612 5674 quos-

33 5726 141 5765 am
178 5710 253 5764 de
280 5710 479 5778 quibus
508 5708 729 5763 dubium
778 5711 859 5759 est
908 5710 1085 5756 utrum
1121 5697 1420 5755 consecrati
1463 5703 1610 5759 sunt,

1712 4590 1882 4646 tulum
1910 4585 2108 4643 sullicit
2132 4584 2275 4654 quod
2306 4581 2518 4652 genitor
2548 4586 2728 4634 vester
2772 4577 2822 4630 i'I
2869 4574 3164 4646 capitulare
3202 4588 3303 4625 suo

1713 4679 2013 4738 constituit.
2068 4676 2173 4732 Sed
2206 4684 2266 4731 ut
2311 4681 2575 4738 servetur.
2609 4677 2786 4724 vestra
2815 4667 3017 4739 indiget
3058 4663 3303 4719 admoni-

1717 4776 1882 4832 tione.

1784 4867 1912 4923 CAP.
1944 4864 2074 4920 Vill.
2112 4861 2383 4920 Similiter
2434 4866 2491 4912 et
2539 4857 2607 4912 de
2658 4853 3026 4919 xenodochiis,
3068 4853 3209 4908 sicut
3241 4851 3296 4906 in

1717 4961 1906 5017 eodem
1933 4954 2211 5026 capitulari
2240 4950 2569 5013 continetur,
2600 4946 3003 5003 observandum
3028 4953 3133 5000 est.
3222 4976 3225 4979 ν

1791 5050 1919 5106 CAP.
1944 5047 2035 5103 IX.
2067 5045 2142 5101 De
2170 5041 2513 5100 monasteriis
2542 5048 2721 5095 autem
2752 5037 2991 5092 virorum
3018 5051 3117 5095 seu
3147 5034 3302 5089 [emis

1720 5154 1954 5203 narum,
2007 5151 2126 5206 qua:
2172 5132 2467 5189 secundum
2515 5129 2755 5198 regulam
2805 5126 2978 5182 sancti
3028 5124 3302 5181 Benedicti

1720 5231 1803 5285 vel
1832 5229 2125 5285 seCundum
2150 5224 2463 5280 canonicam
2486 5220 2864 5277 auctoritatem
2891 5216 3150 5287 disposita
3182 5228 3305 5268 esse

1722 5323 1938 5384 debent,
1967 5316 2094 5387 quia
2122 5313 2419 5383 inspiratio
2448 5308 2831 5381 omnipotentis
2870 5306 2981 5366 Dei,
3012 5316 3074 5360 ut
3119 5304 3299 5360 credi—

1722 5424 1862 5475 mus,
1898 5423 1993 5462 cor
2025 5406 2191 5461 vestri
2238 5401 2619 5458 moderaminis
2660 5398 2926 5463 incitavit,
2961 5396 3060 5466 ipsi
3101 5395 3301 5466 gratias

1721 5498 2027 5555 referimus.
2057 5495 2191 5550 Nam
2215 5494 2355 5563 quod
2370 5493 2492 5561 .jam
2525 5491 2760 5546 maxima
2786 5503 2849 5543 ex
2877 5496 3028 5558 parte
3056 5486 3300 5551 ordinem

1719 5609 1875 5650 suum
1916 5590 2215 5654 amiserint,
2250 5587 2500 5644 omnibus
2535 5595 2617 5642 est
2661 5582 3028 5639 manifestum.
3070 5581 3200 5648 Qua:
3244 5589 3302 5633 nt

1719 5687 1785 5741 ad
1815 5685 2101 5754 pristinum
2141 5690 2339 5738 statum
2374 5679 2719 5745 reducantur,
2752 5676 2804 5732 in
2835 5675 3032 5732 domini
3063 5688 3126 5728 ac
3153 5672 3301 5741 geni-

78 5842 170 5914 (ι)
201 5842 341 5897 Vide
366 5851 515 5897 notas
541 5841 604 5896 ad
627 5839 890 5904 Salvium,
917 5852 1033 5907 pag.
1063 5835 1163 5890 illi
1188 5844 1425 5888 extrema
1452 5826 1745 5897 (I‘utrolog.
1778 5833 1814 5877 ι.
1844 5822 1992 5891 l.lll).
