3816 6322
1830 263 1901 349 ΑΙ)

564 363 586 417 1
598 360 700 417 9.65

1822 310 2107 417 .‘it'rm.

2257 351 2429 408 δίΕΟ.
2458 349 2527 405 IX
3550 362 3617 417 liii

564 480 699 534 "ms
751 478 915 535 vestri
971 492 1035 533 ac
1092 482 1264 531 vestra
1315 471 1532 543 gmw-‘05:,
1591 414 1970 519 di5I’05ll‘0ne
2021 485 2144 524 οοη-
2174 475 2226 532 Α
2320 468 2446 521 CAP.
2480 465 2617 522 XIV.
2652 467 2923 534 Quosdam
2977 468 3245 523 ministros
3282 470 3475 526 comitum
3508 491 3622 549 propter

565 571 727 625 sistit.
1055 622 1062 628 .

635 663 763 718 Car.
795 662 863 717 Χ.
895 662 968 717 Ea
1018 661 1231 731 quidem
1284 658 1603 714 monasteria
1641 653 1775 725 quin
1820 637 1992 712 adhuc
2042 667 2149 715 σιει-

564 767 676 813 tum
723 772 879 811 suum
925 755 1180 820 retinent,
1205 766 1643 824 unumquemque
1684 737 2060 817 episcoporum
2095 751 2146 806 in

562 844 716 900 cuius
775 844 1031 916 parochia
1075 844 1364 899 constituta
1423 850 1545 896 sunt
1598 836 1881 911 providere
1936 848 2150 910 oportet

562 947 742 991 utrum
775 936 1018 990 ordinem
1069 950 1225 990 suum
1273 940 1511 989 teneant.
1547 932 1697 1001 Quod
1734 929 1779 987 si
1812 928 1970 986 aliter
2000 932 2147 987 inve-

558 1030 722 1093 nerit,
757 1043 861 1083 una
887 1043 1007 1083 cum
1034 1034 1244 1082 rectore
1268 1025 1581 1079 monasterii
1612 1025 1883 1095 corrigere
1907 1024 2144 1080 debebit.

558 1120 712 1189 Quod
750 1120 792 1176 si
828 1119 1056 1175 rectoris
1092 1118 1405 1173 monasterii
1444 1116 1816 1187 principaliter
1844 1117 1997 1187 culpa
2030 1116 2148 1172 fue-

558 1212 649 1277 rit,
672 1221 726 1267 et
757 1226 817 1267 se
859 1223 1093 1280 suosque
1134 1208 1378 1264 subditos
1420 1208 1486 1262 ad
1530 1207 1764 1278 episcopi
1793 1204 1871 1263 sui
1904 1208 2147 1264 admoni-

557 1305 761 1360 tionem
817 1303 1093 1374 corrigere
1157 1301 1617 1366 dissimulaverit,
1674 1300 1929 1373 synodica
1984 1300 2145 1355 debet

557 1395 883 1451 auctoritate
914 1393 1153 1465 percelli.

628 1487 754 1541 Car.
777 1486 871 1541 XI.
899 1486 1128 1553 Quidam
1151 1496 1331 1540 autem
1356 1486 1666 1557 episcopi‘et
1693 1496 1933 1542 rectores
1958 1503 2145 1544 mona-

556 1580 847 1636 steriorum
902 1594 988 1634 res
1044 1578 1398 1634 ecclesiarum
1454 1595 1675 1634 suarum
1734 1579 2041 1636 snbtractas
2091 1588 2147 1636 et

557 1650 681 1724 aliis
716 1668 960 1739 personis
989 1668 1210 1738 largitas
1235 1683 1353 1724 esse
1379 1679 1702 1739 queruntur,
1733 1678 1786 1723 et
1813 1670 1935 1725 ideo
1965 1670 2144 1726 eccle-

556 1760 808 1815 siasticas
837 1760 1098 1815 utilitates
1137 1776 1474 1831 nequaquam
1516 1777 1574 1816 se
1622 1762 1845 1832 implere
1876 1778 2031 1834 posse
2056 1762 2143 1817 di-

2250 558 2554 628 I‘requentia
2584 558 2776 629 placita
2803 560 3174 630 pauperiorem
3208 562 3417 632 pepulum
3446 567 3547 623 nimis
3562 574 3624 627 sli-

2250 666 2377 722 gt‘re
2409 651 2793 720 comperimus.
2826 650 2980 708 Unde
3018 652 3329 720 maiestatem
3361 665 3523 715 vestram
3546 664 3625 718 οὶεε.

2248 757 2464 797 eramus
2494 750 2554 795 ut
2585 741 2881 812 capitulare
2911 744 2993 798 avi
3029 743 3191 799 vestri
3222 744 3280 800 de
3303 744 3386 800 hac
3413 763 3455 801 rc
3480 750 3629 809 elisam

2249 834 2597 906 praecipiatis.
3036 899 3043 906 ἡ

2280 930 2283 933 ‘
2318 925 2444 981 CAP.
2478 925 2597 981 XV.
2631 926 2705 982 De
2739 926 3029 982 comitibus
3066 942 3212 993 vero,
3248 928 3304 983 de
3339 943 3505 998 quorum
3529 934 3588 986 tit:
3610 948 3634 990 et

2247 1014 2458 1070 actibus
2488 1030 2518 1068 a
2556 1015 2712 1069 nobis
2764 1031 3009 1086 qumrere
3054 1016 3217 1071 voluit
3268 1018 3501 1073 sublimitas
3530 1035 3633 1083 testu.

2247 1105 2508 1173 quosdam
2541 1103 2676 1159 tales
2707 1119 2828 1159 esse
2859 1106 3062 1161 scimus
3099 1107 3275 1176 quales
3314 1107 3389 1161 Dei
3423 1110 3637 1168 ministrae

2247 1206 2443 1251 vestrae
2490 1197 2800 1266 reipublicae
2840 1200 3149 1270 provisores
3194 1216 3303 1255 esse
3342 1204 3475 1256 decet.
3504 1204 3636 1260 licuit-ii

2246 1299 2451 1357 autem,
2474 1300 2533 1345 ut
2563 1306 2621 1346 se
2649 1307 2884 1362 suosque
2907 1292 3186 1348 ministros
3207 1293 3451 1364 corrigam,
3471 1306 3579 1351 vestra
3596 1304 3640 1352 2d-

2246 1384 2548 1440 ntonition'e
2597 1385 2863 1456 indigent.
2894 1384 3103 1453 Quibus
3152 1395 3315 1440 tamen
3342 1394 3391 1440 ut
3413 1387 3639 1458 al'qumtiisa

2243 1477 2570 1533 emcndamli
2618 1480 2853 1548 spatium
2911 1480 3184 1547 tribuatis,
3223 1481 3512 1551 expucimus.
3545 1482 3641 1549 Quis:

2246 1585 2305 1624 se
2338 1569 2497 1626 citius
2523 1572 2795 1642 corrigere
2825 1572 3121 1639 noluerint,
3168 1573 3301 1643 regia
3338 1583 3441 1627 sunt
3464 1584 3643 1629 auccrtte

2250 1663 2601 1732 reprimendi.

2319 1753 2447 1809 Car.
2478 1755 2617 1810 XVI.
2650 1756 2951 1813 Statuimus
2995 1754 3267 1813 etiamne
3310 1759 3510 1827 episcopi,
3537 1760 3644 1827 qvam

553 1858 723 1906 cunt:
759 1866 877 1920 qua:
901 1859 959 1903 ttt
986 1851 1364 1914 restituantur,
1393 1862 1626 1908 vestram
1653 1853 1852 1923 regiam
1883 1853 2138 1922 majesta-
2169 1842 2212 1901 B
2244 1862 2340 1919 pro
2394 1846 2773 1905 conﬁrmando
2819 1850 3080 1921 populum
3133 1852 3393 1923 parochias
3426 1852 3643 1908 citcumeunt.

468 1976 471 1977 ν
556 1953 664 1999 tem
690 1936 1059 2014 implorainus.
1093 1943 1227 2012 Quia
1261 1945 1304 1999 si
1348 1946 1399 2000 hi
1435 1937 1524 2017 qui
1575 1952 1794 2016 eas'pro
1831 1948 2135 2003 animarum

554 2051 775 2091 suarum
822 2035 1064 2091 remedio
1117 2037 1361 2092 ecclesiis
1411 2038 1796 2101 contulerunt,
1856 2040 2134 2110 praemium

551 2138 855 2194 merentur,
879 2128 997 2184 sine
1025 2128 1187 2184 dubio
1216 2130 1559 2186 damnatione
1589 2132 1733 2205 digni
1765 2143 1889 2189 sunt
1927 2135 2016 2205 qui
2046 2150 2137 2189 eas

554 2221 883 2277 subtrahere
906 2221 1221 2277 moliuntur.

624 2310 754 2367 Car.
790 2311 899 2367 XII.
949 2313 1005 2367 In
1045 2313 1218 2368 sacris
1265 2308 1561 2370 canenibus
1608 2316 1885 2387 praefixum
1944 2328 2026 2373 est
2081 2327 2138 2374 ut

552 2400 775 2458 decima:
810 2402 965 2473 juxta
1001 2404 1237 2474 episcopi
1276 2405 1681 2476 dispositionem
1723 2408 2132 2464 distribuantur.

548 2492 783 2561 Quidam
809 2503 987 2549 autem
1026 2495 1171 2560 laici,
1199 2497 1288 2566 qui
1323 2497 1407 2552 vel
1439 2499 1489 2553 in
1517 2500 1749 2570 propriis
1774 2501 1856 2554 vel
1892 2501 1943 2555 in
1972 2502 2137 2557 henc-

552 2584 692 2640 ﬁciis
718 2600 849 2641 suas
876 2585 1076 2641 habent
1106 2587 1382 2651 basilicas,
1414 2598 1721 2661 contempta
1762 2591 1999 2662 episcopi
2055 2592 2135 2646 di-

551 2678 867 2749 spositione,
900 2694 1004 2734 non
1036 2680 1103 2735 ad
1126 2680 1383 2738 ecclesias
1414 2682 1504 2737 ubi
1543 2684 1870 2754 baptismum
1911 2693 1965 2739 et
1993 2700 2134 2755 pta:-

549 2768 901 2837 dicationem,
932 2786 1124 2827 manus
1151 2773 1571 2843 impositionem,
1599 2784 1654 2831 et
1682 2775 1786 2829 alia
1815 2776 2014 2831 Christi
2047 2792 2134 2832 sa-

550 2872 832 2918 cramenta
879 2865 1203 2935 percipiunt,
1248 2868 1487 2924 decimas
1535 2883 1662 2924 suas
1708 2871 1859 2940 dant,
1909 2872 2003 2930 sed
2050 2876 2136 2935 vel

547 2954 787 3025 propriis
822 2954 1059 3011 basilicis
1087 2958 1167 3012 vel
1204 2959 1318 3015 suis
1349 2960 1561 3018 clericis
1599 2978 1697 3033 pro
1723 2980 1821 3020 suo
1855 2965 2007 3022 libitu
2040 2969 2134 3023 tri-

546 3046 742 3101 buunt.
767 3047 919 3115 Quod
940 3049 1266 3107 omnimodis
1288 3052 1482 3108 divinae
1508 3054 1609 3126 legi
1636 3064 1691 3111 et
1715 3058 1888 3114 sacris
1912 3061 2132 3116 canoni-

546 3137 651 3194 bus
678 3149 891 3195 constat
919 3156 1039 3196 esse
1069 3145 1424 3200 contrarium.
1456 3146 1607 3203 Unde
1634 3158 1872 3204 vestram
1897 3161 2134 3222 potesta«

544 3238 659 3286 tem
688 3240 746 3286 ut
768 3246 862 3288 eos
888 3234 1175 3305 corrigatis
1203 3239 1528 3308 expetimus.

619 3328 751 3382 Car.
778 3327 914 3383 XIII.
949 3327 1113 3385 Sacra
1145 3332 1303 3387 docet
1346 3337 1643 3392 auctoritas
1673 3346 1732 3392 ut
1766 3338 1977 3407 publice
2009 3355 2129 3411 pec-

544 3428 738 3473 cantes
767 3420 992 3490 publicae
1019 3424 1350 3493 poenitentia:
1372 3427 1746 3497 subjiciuntur.
1781 3431 2131 3492 Inveniuntur

546 3516 728 3563 autem
758 3510 974 3579 quidam
999 3512 1088 3581 qui
1119 3512 1323 3570 incesta
1373 3519 1712 3575 matrimonia
1742 3531 2130 3581 contraxerunt

544 3605 601 3649 et
625 3596 709 3652 vel
740 3599 1001 3668 proximis
1030 3602 1143 3657 suis
1173 3604 1254 3659 vel
1284 3605 1391 3661 Ileo
1428 3608 1596 3663 sacris
1627 3610 1942 3669 mulieribus
1965 3630 2130 3685 copu-

545 3684 639 3739 lati
670 3696 817 3741 sunt.
847 3687 1073 3755 Quidam
1097 3693 1258 3748 etiam
1284 3696 1511 3765 publica:
1541 3710 1768 3770 possunt
1796 3684 2132 3771 paenitentiae

545 3778 841 3848 subjugari.
888 3782 1125 3840 Petimus
1164 3796 1222 3841 ut
1268 3792 1525 3847 comitum
1570 3804 1874 3851 vestrorum
1928 3798 2130 3856 auxilio

546 3869 857 3927 fulciantur.

2229 1944 2745 2017 .archipresbyteros
2772 1963 2901 2003 suos
2920 1946 3645 2021 gravent,ethujusmodidispw

2240 2038 2478 2093 contenti
2503 2038 2634 2105 sint,
2659 2055 2825 2111 panes
2853 2051 3100 2106 centum,
3129 2039 3646 2112 friskingasquatuor,v;a
3726 2038 3743 2112 |‘

2240 2129 2475 2184 sextaria
2508 2129 2918 2202 quinquaginta,
2965 2132 3149 2202 pullos
3183 2142 3391 2201 septem,
3416 2131 3648 2198 ovaquinqtz-

2239 2220 2407 2291 ginta,
2447 2237 2644 2293 agnum
2680 2238 2873 2289 unum,
2915 2223 3214 2293 porcellum
3245 2237 3408 2284 unum,
3436 2218 3647 2273 annonae

2240 2310 2481 2367 caballos
2522 2312 2729 2368 modios
2779 2327 2894 2379 sex,
2934 2315 3119 2370 fenum
3168 2329 3303 2369 corr.
3342 2323 3434 2368 tres
3469 2309 3648 2382 [furialia

2240 2403 2428 2458 corbes
2456 2402 2619 2473 tres];
2664 2404 2791 2469 mel,
2821 2406 3026 2470 oleum,
3056 2421 3214 2472 cera,
3236 2405 3362 2475 quod
3390 2401 3543 2458 suﬂicit.

2313 2493 2439 2548 CAP.
2472 2493 2635 2549 XVII.
2668 2495 2910 2550 Petimus
2936 2496 3108 2550 etiam
3146 2504 3207 2549 ut
3233 2494 3502 2550 emunitates
3518 2488 3651 2559 preces

2241 2594 2417 2640 torum
2450 2597 2751 2641 vestrorum
2792 2589 2861 2641 ita
2890 2589 3209 2643 conservari
3252 2582 3649 2657 pra‘cipiatis,simlt

2238 2680 2472 2753 glorioso
2496 2682 2742 2753 genitore
2778 2692 2958 2737 vestro
3001 2682 3056 2737 in
3102 2698 3202 2738 suo
3248 2678 3492 2750 capitularc
3510 2676 3650 2731 crastin-

2241 2781 2352 2827 tum
2384 2786 2487 2828 CSI.

2309 2861 2435 2917 Car.
2471 2861 2653 2918 XVIII.
2685 2864 2788 2918 Per
2808 2864 3052 2935 singulas
3078 2863 3353 2937 parochias
3381 2876 3455 2915 eas
3474 2855 3652 2911 festiuum

2236 2954 2463 3025 pOpulus
2505 2958 2796 3012 observare
2834 2958 3055 3013 studeat
3098 2972 3236 3029 quas
3263 2954 3471 3026 proprius
3496 2948 3652 3020 cpistam

2234 3048 2481 3103 venerari
2513 3049 2911 3119 prmdicaverit,
2949 3050 3024 3104 ita
3078 3061 3139 3105 ut
3189 3063 3353 3119 neque
3388 3044 3480 3099 illas
3506 3040 3653 3109 ηθὲὶίέπῖ

2236 3152 2371 3205 quas
2432 3138 2742 3194 sacerdotes
2794 3142 3111 3195 monuerint
3140 3184 3155 3206 ,
3210 3155 3370 3209 neque
3416 3133 3523 3191 inani
3560 3142 3654 3197 silli"

2238 3230 2457 3285 stitione
2478 3246 2569 3285 eas
2598 3230 2894 3286 celebrare
2940 3241 3277 3302 przesumant
3321 3244 3422 3300 qum
3459 3233 3655 3293 nequam

2242 3332 2368 3376 sunt
2394 3322 2616 3377 observa
2628 3323 2765 3377 udas.

2310 3413 2438 3468 CAP.
2468 3413 2607 3467 XIX.
2641 3414 2695 3469 Si
2721 3430 2849 3470 vero
2875 3414 3043 3484 aliqui
3071 3415 3274 3469 inventi
3306 3410 3471 3466 fuerint
3489 3404 3549 3476 qui
3563 3414 3655 3495 Sitti“

2238 3507 2449 3562 dotibus
2484 3507 2858 3579 obtemperare
2911 3510 3213 3571 noluerint,
3250 3524 3340 3578 per
3380 3501 3579 3557 ministros

2238 3602 2464 3670 publica:
2501 3602 2918 3672 distringantur,
2949 3611 3001 3657 et
3038 3601 3445 3657 satisfactionem
3463 3590 3657 3662 pauitant:

2235 3707 2337 3760 qua
2354 3707 2403 3746 ut
2431 3693 2731 3762 presbyteri
2764 3693 3129 3763 imposuerint
3164 3693 3336 3749 subire
3363 3691 3569 3757 cogantur.

548 4008 3657 4059 .._.__________________________________________.
3741 3914 3743 4041 i

1376 4128 2127 4273 ANGILBERTI:
2211 4188 3022 4281 PRIVILEGIUM

1702 4352 1817 4415 Pro
1880 4354 2304 4420 Ambrosiana
2349 4359 2608 4422 basilica

1560 4493 1845 4564 (UGHELIJ,
1878 4497 2041 4555 Italia
2072 4517 2246 4567 sacra,
2276 4513 2405 4559 tom.
2440 4503 2527 4569 IY,
2548 4519 2670 4574 pag.
2694 4503 2807 4574 79.)

610 4812 671 4867 In
698 4810 914 4866 nomine
940 4810 1188 4877 Domini,
1222 4811 1646 4878 Amenanus,
1675 4813 1845 4869 beatae
1870 4814 2124 4873 Mediolas
2157 4796 2201 4852 Ῑ)
2226 4816 2491 4884 cogitare,
2541 4832 2664 4872 cum
2712 4819 2847 4874 meis
2886 4821 3266 4878 sacerdotibus
3304 4821 3505 4877 divinam
3535 4813 3664 4867 dm?

536 4902 723 4960 nensis
751 4901 1008 4958 Ecclesiae
1034 4903 1253 4960 humilis
1273 4905 1733 4975 archiepiscopus.

607 4993 873 5063 Cumque,
903 4991 1131 5049 Domino
1149 4995 1371 5065 juvante
1390 5037 1405 5062 ,
1428 5011 1675 5068 gererem
1710 4996 2119 5072 sollicitudinem

536 5086 603 5142 de
626 5099 759 5141 mea:
808 5086 1080 5157 parochizc
1126 5089 1502 5155 monasteriis,
1542 5098 1597 5145 ct
1624 5104 1688 5145 ea
1731 5089 1797 5145 ad
1848 5089 2120 5145 tramitem

532 5190 736 5235 saneta:
754 5181 1186 5237 conversationis
1206 5183 1530 5255 corrigendo
1548 5191 1719 5253 atque
1733 5181 2118 5250 construendo,

533 5279 697 5337 prout
724 5269 888 5338 valui,
918 5271 1318 5342 perduxissem,
1350 5273 1484 5329 verti
1520 5289 1606 5329 me
1632 5274 1698 5328 ad
1731 5273 2119 5329 monasterium

533 5361 831 5418 beatissimi
866 5361 1171 5430 Ambrosii,
1201 5362 1290 5418 ubi
1323 5365 1438 5435 ejus
1464 5380 1662 5436 corpus
1687 5365 1950 5435 quiescit,
1987 5379 2120 5436 qua-

536 5457 714 5517 tenus,
743 5452 1065 5511 necessitate
1093 5465 1341 5526 cogente,
1372 5457 1568 5513 ibidem
1597 5458 1846 5513 abbatem
1866 5458 2120 5515 ordinare

535 5539 865 5599 debuissem.
895 5544 1138 5616 Cumque
1171 5562 1269 5617 pro
1293 5548 1394 5603 hoe
1421 5546 1651 5615 diutius,
1677 5565 1835 5619 quem
1867 5550 2116 5606 abbatem

533 5631 681 5687 illius
709 5637 1034 5693 constituere
1064 5639 1367 5696 debuissem
1397 5642 1543 5709 (quia
1576 5642 1648 5695 ibi
1682 5658 1787 5699 non
1811 5644 2117 5713 reperieba-

533 5733 625 5780 tur
652 5725 803 5793 talis,
840 5742 904 5784 eo
946 5732 1088 5799 quod
1132 5732 1202 5787 ob
1241 5733 1625 5803 negligentiam
1675 5736 1809 5790 ordo
1853 5735 2117 5805 regularis

533 5818 691 5876 valde
730 5820 910 5887 inerat
946 5826 1282 5895 corruptus),
1322 5840 1419 5894 pro
1453 5825 1552 5880 hoc
1600 5827 1801 5884 diutius
1830 5830 2114 5899 coepissem

2231 4905 2360 4961 tiam
2390 4908 2708 4977 postulando
2736 4930 2750 4966 ;
2782 4920 2909 4966 tunc
2947 4912 3181 4969 Domino
3213 4913 3438 4975 Iavmte,
3468 4896 3665 4963 consuluir

2230 4997 2330 5063 bus
2360 4999 2522 5055 etiam
2568 5002 2942 5058 sacerdotibus
2973 5006 3211 5072 nostris,
3238 5004 3418 5060 abstuli
3438 4994 3663 5056 Gaudentium

2230 5088 2478 5145 abbatem
2517 5094 2832 5149 monasterii
2876 5093 3063 5151 Sancti
3104 5096 3371 5153 Vincenti:
3415 5094 3552 5163 (quem
3576 5084 3663 5137 aliis

2229 5196 2329 5253 ego
2357 5183 2430 5238 ibi
2456 5182 2704 5239 abbatem
2722 5183 2836 5253 jam
2869 5185 3071 5245 dudum
3096 5183 3479 5253 ordinaveram)
3496 5188 3534 5234 cl
3552 5177 3666 5271 illi???

2230 5276 2341 5331 fato
2368 5277 2699 5334 monasterio
2726 5277 2912 5335 Sancti
2946 5279 3223 5359 Ambrosii
3252 5279 3476 5337 abbatem

2228 5366 2380 5422 Nunc
2402 5376 2607 5435 autem,
2636 5377 2696 5421 ut
2720 5369 2818 5437 ipsi
2849 5354 3101 5427 monachi
3125 5371 3341 5427 valeant
3366 5370 3459 5423 Deo
3479 5354 3663 5447 destitit?

2222 5469 2278 5516 et
2306 5461 2355 5515 ei
2379 5459 2580 5532 jugiter
2607 5460 2823 5517 laudum
2854 5465 3057 5533 gratias
3082 5464 3318 5530 referre,
3343 5457 3510 5519 exclusi
3530 5453 3575 5507 ab
3594 5447 3665 5537 ini?

2223 5551 2426 5622 gentia,
2459 5560 2567 5605 tam
2594 5552 2664 5607 ob
2690 5552 3036 5608 stabilitatem
3064 5570 3253 5627 regum
3294 5559 3574 5610 nostrorum.
3592 5538 3665 5631 iter

2222 5644 2591 5698 ctissimorum
2632 5644 3050 5715 imperatorum,
3113 5647 3364 5702 Ludovici
3409 5651 3455 5699 et
3492 5632 3663 5692 [ροιιυτνι

2223 5750 2384 5804 quam
2413 5734 2483 5791 ob
2525 5749 2714 5806 pacem
2756 5735 3118 5792 immaculata:
3158 5738 3349 5794 matris
3387 5725 3662 5825 Eccleslm’i

2227 5826 2328 5882 hoc
2354 5836 2678 5897 praeceptum
2723 5827 2983 5882 conﬁrmo
3028 5830 3307 5886 ecdesiam
3347 5839 3393 5885 et
3434 5824 3560 5878 altar!
3589 5820 3662 5876 i5“

3741 5898 3743 6033 Ν
