3816 6322
26 341 48 394 1
65 341 170 398 265

1068 337 1394 402 ANDREAS
1432 345 1848 411 PRESBYTER
1884 359 2184 418 BEllGOll.

3157 365 3296 422 {266

25 454 160 511 inibi
191 454 666 550 novitcrmiriﬁce
701 458 960 550 aediﬁcavi
999 458 1068 515 ob
1101 457 1326 515 nimium
1369 476 1610 519 amorem
1643 473 1688 530 Α
1717 475 1869 540 meu',
1903 485 1961 530 ut
2003 474 2372 546 cujuscunque
2395 475 2602 532 ordinis
2627 474 2820 542 homo,
2855 485 3032 535 tactus
3060 493 3303 550 superno.

25 549 356 604 confessoris
389 548 587 605 Christi
613 549 914 616 Ambrosii,
951 552 1005 606 in
1055 552 1221 608 tutela
1259 562 1314 609 et
1337 555 1484 610 omni
1518 572 1615 611 cu-

25 639 204 694 S'odia
246 639 582 710 suprataxati
608 639 897 698 Gaudentii
926 643 1160 712 abbatis,
1200 646 1339 702 etin
1370 645 1486 718 ejus
1527 646 1610 702 di-

26 730 176 786 tione
213 730 527 802 perenniter
573 731 793 803 suisque
841 736 1244 792 successoribus
1295 747 1613 809 permaneat

25 822 144 876 sine
185 820 319 886 line,
355 829 410 876 et
451 821 632 892 itaque
671 838 864 879 omnes
906 824 1279 895 possessiones
1319 834 1483 898 atque
1525 844 1612 885 res

25 911 195 982 ipsius
223 913 566 980 monasterii,
593 915 819 970 diversis
849 915 901 970 in
928 914 1062 974 locis
1094 918 1449 987 constitutas,
1481 936 1614 990 qua-

25 1021 149 1060 rum
182 1006 440 1062 vocabula
469 1005 584 1063 haec
627 1018 784 1075 sunt,
825 1008 1175 1078 Oleoductus,
1203 1021 1205 1023 ‘
1229 1013 1574 1086 Catnpelione
1595 1057 1610 1082 ,

25 1095 312 1154 Ceresiolae
340 1097 579 1167 Gratem,
629 1099 834 1158 Lucum
857 1142 874 1170 ,
925 1103 1196 1160 Sinterani
1215 1146 1230 1172 ,
1259 1105 1610 1174 Casteniade,

25 1197 74 1241 2t
103 1186 457 1255 Catenadam,
499 1206 594 1246 seu
635 1207 826 1250 omnes
867 1208 958 1250 res
985 1209 1120 1264 quas
1166 1211 1309 1251 nunc
1335 1197 1612 1267 possidere

25 1277 299 1343 ridentur,
323 1279 410 1335 vel
436 1281 654 1348 abhinc,
686 1282 910 1339 Domino
933 1283 1214 1357 largiente,
1245 1287 1420 1342 eidem
1448 1302 1611 1343 vene-

26 1369 182 1423 ‘abili
199 1369 448 1426 Ecclesia:
462 1370 628 1426 Deum
654 1373 958 1430 timentium
982 1375 1303 1432 liberalitate
1329 1391 1612 1447 quoquove

26 1459 186 1515 nodo
215 1459 417 1515 fuerint
453 1462 671 1528 additae,
706 1473 933 1535 excepta
963 1473 1116 1521 curte
1158 1465 1414 1534 Dubbini,
1447 1484 1610 1539 quam

26 1565 120 1606 ros
137 1549 291 1621 juxta
321 1554 798 1614 commutationem
829 1566 1167 1613 commutare
1192 1557 1459 1616 volumus.
1486 1560 1611 1616 Pla-

25 1641 135 1696 :t:it
177 1643 330 1700 nobis
375 1645 444 1700 ob
487 1645 581 1702 Dei
627 1656 682 1702 et
714 1647 858 1704 beati
905 1649 1176 1705 Ambrosii
1221 1666 1461 1707 amorem
1513 1669 1612 1724 per

25 1748 348 1791 :onsensum
397 1739 1091 1798 sacerdotum‘nostrorum
1144 1745 1473 1800 constituere
1511 1759 1611 1816 per

1715 582 1919 634 amore,
1947 568 2078 623 inibi
2119 569 2232 624 suis
2268 583 2388 624 cum
2419 569 2581 623 rebus
2618 566 2850 624 voluerit
2880 583 3050 626 sacra:
3090 585 3295 627 norma:

1713 677 1810 718 sua
1838 662 2154 717 submittere
2181 661 2341 728 colla,
2374 677 2439 716 ex
2468 669 2650 716 nostra
2681 661 3008 732 amplissima
3047 663 3295 735 largitate

1715 754 1831 810 sine
1863 754 1971 810 ullo
1997 755 2277 809 obstaculo
2312 753 2508 808 habeat
2537 753 2870 810 facultatem.
2904 755 3103 811 Verum
3131 756 3293 811 etiam

1713 849 1891 904 ethoc
1919 848 2268 904 concedimus
2297 856 2354 900 ut
2383 861 2705 916 quocunque
2736 856 2976 918 tempore
3017 848 3184 903 abbas
3213 848 3294 919 ip—

1715 939 1829 996 sius
1864 939 2177 995 monasterii
2209 939 2276 994 de
2306 939 2408 994 hoc
2442 939 2637 994 saeculo
2679 940 3026 1010 migraverit,
3059 940 3127 997 de
3164 941 3293 1012 ipsis

1713 1034 1928 1089 sibimet
1965 1032 2166 1102 eligant
2204 1040 2474 1103 pastorem
2496 1073 2510 1098 ,
2545 1031 2589 1086 si
2633 1031 2755 1088 talis
2784 1032 2914 1089 inibi
2941 1047 3172 1104 persona
3204 1047 3292 1088 rer

1713 1135 1863 1196 perta
1887 1124 2067 1189 fuerit,
2096 1123 2356 1195 quijuxta
2381 1121 2619 1194 regulam
2651 1123 2889 1189 eosdem,
2912 1134 2969 1180 et
2991 1126 3102 1179 vita
3127 1123 3297 1180 fultus

1713 1214 2035 1287 regulariter
2053 1215 2288 1286 quiverit
2317 1227 2524 1285 regere,
2552 1229 2618 1270 ex
2638 1221 2822 1270 nostra
2849 1214 3292 1286 tranquillissima

1713 1307 2065 1363 concessione
2105 1307 2340 1362 habeant
2386 1306 2718 1362 facultatem.
2752 1306 2820 1362 Et
2844 1314 2903 1362 ut
2944 1307 3045 1362 hoc
3083 1320 3292 1378 praece-

1712 1408 1862 1471 ptum
1899 1415 2030 1454 mea:
2060 1399 2431 1455 concessionis
2467 1398 2841 1455 inconvulsum
2882 1407 2938 1454 et
2975 1397 3292 1454 inviolatum

1711 1500 1971 1561 perpetuo
1996 1498 2342 1560 permaneat,
2384 1490 2728 1545 Ambrosium
2775 1488 3046 1544 notarium
3094 1498 3304 1544 sanctae

1711 1590 1912 1636 nostra:
1943 1580 2358 1636 Mediolanensis
2383 1579 2638 1637 Ecclesiae
2665 1579 2903 1635 scribere
2925 1577 3211 1648 iussimus,
3239 1588 3297 1633 et

1711 1671 1926 1740 propria
1957 1685 2120 1725 manu
2147 1671 2334 1726 subter
2364 1668 2838 1734 confirmavimus,
2883 1683 3025 1723 anno
3062 1668 3290 1724 domno-

1713 1780 1830 1819 rum
1883 1773 2216 1835 nostrorum,
2257 1761 2702 1820 conﬁrmantium
2748 1762 2873 1827 hoc,
2922 1760 3180 1817 Ludovici
3239 1771 3294 1816 et

25 1831 169 1881 hanc
210 1837 451 1885 nostram
491 1832 917 1902 institutionem,
950 1844 1009 1890 ut
1053 1850 1228 1906 neque
1261 1851 1398 1904 nos,
1441 1851 1614 1907 neque

1726 1856 1944 1912 Hlotarii
1995 1857 2385 1928 imperatorum
2435 1856 2646 1912 decimo
2692 1862 2916 1920 octavo,
2978 1861 3032 1908 et
3083 1853 3304 1924 decimo.

26 1917 161 1972 ιιίοε
204 1934 579 1978 successorum
622 1935 931 1982 nostrorum
973 1927 1084 1998 jam
1125 1928 1384 1999 pratdicto
1425 1928 1607 1985 abbati

25 2008 351 2078 Saudentio,
389 2022 483 2068 aut
528 2017 935 2072 successoribus
978 2015 1116 2086 ejus,
1166 2018 1232 2074 de
1281 2019 1606 2090 supradictis

25 2104 191 2157 rebus
217 2103 380 2161 ullam
406 2115 592 2163 contra
622 2109 885 2165 rationem
923 2110 1134 2182 ingerat
1163 2110 1465 2167 molestiam
1484 2153 1498 2178 ,
1527 2113 1611 2168 vel

25 2195 81 2247 in
113 2194 274 2251 rebus
321 2197 754 2266 diminutionem,
801 2215 866 2256 eo
913 2200 1168 2258 videlicet
1212 2201 1372 2257 modo
1414 2211 1473 2258 ut
1511 2201 1610 2256 sub

26 2295 212 2340 nostra
254 2297 676 2361 nostrorumque
705 2291 1105 2347 succedentium
1137 2292 1497 2348 consistentes
1525 2307 1614 2348 or-

25 2378 341 2446 .linatione,
404 2391 568 2468 atque
624 2385 976 2462 dispositione
1025 2385 1282 2470 Patrurqg,
1347 2386 1612 2456 nobisque

26 2472 185 2525 uiam
216 2482 374 2542 prout
403 2475 562 2530 decet
590 2477 828 2546 parendo
867 2478 1026 2534 liceat
1054 2477 1256 2534 eisdem
1296 2476 1523 2548 perfrui,
1555 2486 1610 2532 et

25 2562 264 2630 quietam
305 2565 404 2620 sub
449 2575 639 2622 sancta
674 2567 928 2639 degentes
957 2567 1138 2640 regula
1179 2567 1380 2624 ducere
1421 2568 1608 2622 vitam.

25 2653 352 2752 Statuentes‘
367 2658 529 2715 etiam
558 2672 654 2730 per
687 2659 790 2715 hoc
818 2669 1018 2716 nostra:
1056 2660 1399 2717 auctoritatis
1436 2657 1610 2712 muni-

94 2788 174 2857 (2)
209 2789 304 2846 llic
335 2793 533 2848 misere
569 2809 600 2848 a
642 2795 1128 2850 transcribentibus
1154 2803 1396 2850 veterem
1434 2808 1608 2849 mem-

26 2875 256 2934 Jranarn
275 2864 524 2934 monachi
549 2863 719 2920 laxati
744 2874 872 2919 sunt
903 2867 1244 2921 characteres
1272 2874 1602 2934 temporum,

25 2933 316 3012 oraesertim
425 2949 652 3012 numero
678 2936 1023 3000 indictionis;
1067 2951 1186 3012 quae
1209 2936 1265 3012 _si
1294 2933 1432 2990 forte
1465 2933 1603 2988 scri-

26 3011 112 3068 ina
140 3003 471 3070 originaliter
494 3003 594 3059 fuit
621 3021 716 3061 vnr
747 3021 852 3060 non
881 3022 1008 3067 xui,
1040 3003 1100 3062 ut
1136 3007 1400 3061 habeatur
1429 3018 1603 3059 annus

1714 1958 1868 2003 sexto
1896 1946 2015 2001 Kal.
2047 1946 2246 2015 Martii,
2273 1947 2458 2016 indiet.
2489 1946 2698 2002 decima
2733 1945 2890 2000 tertia
2916 1943 3014 2016 (2).

1785 2039 2164 2110 Angelhertus,
2195 2038 2448 2111 indignus
2474 2037 2916 2108 archiepiscopus
2943 2035 2995 2088 in
3029 2035 3130 2089 hoc
3158 2048 3294 2104 prae-

1713 2141 1874 2204 cepto
1897 2132 2215 2202 subscripsi.

1785 2224 2059 2280 Adoaldus
2082 2223 2266 2280 Penio.

1786 2317 2094 2373 Deusdedit.

1783 2409 2089 2466 Ermaldus.

1781 2497 1850 2554 Et
1881 2501 1973 2555 alii
2001 2501 2356 2572 quamplures,
2381 2500 2675 2556 sacerdotes
2696 2540 2710 2566 ,
2742 2507 2787 2553 et
2809 2496 3050 2560 diaconi,
3081 2493 3292 2548 subdia-

1709 2593 1849 2658 coni,
1879 2592 2073 2648 notarii
2100 2592 2537 2662 subscripserunt.
3084 2581 3088 2585 “

1708 2790 1909 2848 Christi
1937 2789 2062 2854 829,
2085 2797 2325 2844 erratum
2351 2786 2735 2851 nihilominus,
2778 2783 2871 2841 sed
2900 2784 3070 2839 levius
3087 2822 3104 2847 ,
3132 2781 3296 2854 fuerit

1712 2862 1765 2916 in
1798 2860 1953 2915 antris
1982 2850 2370 2931 imperatorum
2390 2900 2404 2924 ,
2436 2857 2524 2928 qui
2554 2850 2778 2913 fuissent
2817 2871 2927 2910 xvn
2956 2863 3011 2909 et
3042 2869 3152 2908 xxv.
3189 2850 3290 2905 ΡΑ-

1711 2946 2055 2986 PEBROCHIUS.

25 3091 3270 3141 Ψ

1227 3197 1344 3241 ANN
1355 3197 1394 3241 Ο
1437 3195 1666 3240 DOMINI
1708 3193 1944 3238 DCCCLX
1955 3193 2085 3237 XVII

25 3365 904 3526 ANDREAS
1015 3362 2042 3617 BEREOEAS
2152 3360 3282 3518 PRESBYTER

909 3705 1520 3819 ANDRE/E
1607 3705 2437 3863 CHRONICON

592 3929 796 4000 (Edidit
825 3929 1030 3997 Psnrz,
1058 3928 1398 3985 Monumenta
1429 3926 1726 3984 Germania:
1755 3924 2026 3989 historica,
2065 3922 2262 3993 Script.
2295 3931 2330 3977 t.
2364 3921 2449 3988 lll,
2476 3938 2528 3992 ιι.
2568 3921 2717 3993 25-1.)

1500 4041 1872 4058 ...ῃ-

1391 4158 1982 4280 ΑυΜοΝιΤιυ

86 4320 358 4393 Liber__ex
399 4318 584 4375 codice
610 4317 790 4393 seculi
818 4333 874 4372 rx
919 4333 947 4371 a
975 4319 1091 4373 viro
1133 4321 1377 4393 quodam
1413 4318 1602 4393 docto.
1632 4318 1675 4376 C
1709 4320 1761 4393 in
1786 4318 2031 4393 Antiqu
2064 4326 2103 4370 t.
2134 4317 2198 4393 Ι,Δ
2218 4315 2476 4393 repetitus
2500 4354 2514 4380 ,
2559 4313 2670 4393 jam
2701 4325 2802 4393 ope
2833 4311 3032 4365 codicis
3059 4310 3283 4393 vallium

31 4392 109 4460 ιιιί
156 4406 216 4446 se
256 4386 1014 4460 llermanmtm_Pbilomuson
1066 4386 1250 4443 vocari
1296 4387 1490 4460 voluit,
1545 4388 1599 4460 in
1641 4394 1648 4402 '

1717 4391 1770 4444 in
1802 4381 2127 4442 bibliotheca
2152 4381 2386 4440 Civitatis
2409 4381 2776 4452 Sangallensis
2795 4421 2809 4447 ,
2834 4395 3059 4435 numero
3093 4381 3189 4435 AC
3214 4381 3287 4436 25

25 4452 287 4517 llenkenii
312 4459 413 4515 SS.
445 4468 485 4513 t.
513 4459 554 4527 Ι,
583 4457 651 4514 89
677 4473 798 4528 sqq.
832 4458 1028 4523 editus,
1060 4467 1222 4529 atque
1254 4473 1284 4513 a
1307 4452 1599 4513 Muratorio
1708 4458 1902 4530 signati
1953 4457 2030 4529 (1)
2078 4453 2475 4510 membranacei
2528 4453 2674 4508 ιιι-ιο
2721 4465 2846 4506 saec.
2887 4466 2942 4506 ix
2967 4492 2980 4513 ,
3024 4465 3185 4520 quem
3231 4452 3286 4506 in

383 4574 385 4576 ·
1521 4552 1755 4611 NOTAE.

85 4647 168 4720 (1)
207 4646 460 4720 codicem
487 4646 734 4720 eumdem
766 4659 914 4720 esse,
947 4659 1057 4720 quo
1098 4645 1439 4720 Philomusos
1467 4662 1599 4720 usus

25 4729 120 4782 :st,
148 4716 354 4773 nemini
385 4718 605 4774 dubium
626 4718 732 4772 erit
756 4717 1142 4787 qui'ingenium
1171 4716 1468 4787 superioris
1496 4719 1598 4773 aevi

25 4791 292 4845 editorum
329 4790 513 4853 novit;
553 4798 608 4843 et
655 4786 860 4842 lacuna:
905 4786 1160 4858 editionis
1195 4786 1397 4858 prioris
1429 4788 1600 4844 edito-

25 4875 133 4915 .‘em
170 4874 270 4924 ea,
309 4875 428 4929 quae
475 4858 691 4913 veritati
738 4857 1395 4929 a_dversa_ririderentur,
1444 4859 1600 4912 omit-

26 4931 181 4984 lentia
232 4919 510 4985 censuisse
532 4927 907 4998 comprobant.
939 4926 1126 4982 Codici
1164 4919 1247 4983 Cl.
1273 4919 1476 5000 {Greith
1509 4943 1596 4983 re-

25 5001 248 5063 ‘erente,
281 4999 392 5054 lucc
421 5000 603 5063 insunt
630 5016 643 5052 :

88 5088 112 5122 ι
161 5070 217 5125 1.
255 5068 647 5123 Admomtiunes
681 5067 742 5123 S.
791 5066 980 5121 Basilii
1025 5069 1181 5137 episc.
1223 5067 1288 5121 de
1325 5068 1601 5122 virtutibus

25 5143 213 5196 mima:
283 5139 670 5194 characteribus
721 5138 928 5205 scriptae
991 5139 1238 5192 carolinis
1292 5138 1600 5192 minusculis

33 5228 142 5266 mc.
167 5207 245 5273 X,
275 5210 460 5275 quibus
488 5210 556 5263 ad
579 5209 736 5277 ﬁnem
774 5207 1142 5277 adjunguntur
1182 5217 1374 5262 veteres
1403 5208 1602 5277 aliquot

25 5280 201 5351 περηηὶ
237 5279 292 5334 in
344 5275 714 5348 Epiphaniam,
757 5275 1202 5351 S.‘Laurentium
1247 5287 1403 5351 mart.
1445 5275 1504 5351 et:
1541 5275 1607 5340 S.

26 5347 235 5404 iulium
286 5347 634 5418 corri'essorem
678 5364 785 5401 una
825 5363 943 5401 cum
990 5349 1189 5400 neumis
1241 5347 1599 5401 musicalibus.

25 5422 289 5477 Sequitur.

85 5438 390 5543 (illyrium
418 5486 525 5543 Sci.
561 5486 794 5542 Findani
825 5486 1159 5555 confessoris,
1185 5487 1250 5540 ab
1290 5485 1361 5540 Il.
1389 5485 1603 5542 Canisio

26 5560 215 5612 urblici
241 5559 381 5628 juris
409 5559 572 5629 facta,
594 5559 649 5613 in
672 5575 774 5629 qua
795 5557 990 5629 lingua;
1014 5555 1169 5612 Irica:
1187 5557 1428 5629 antiqute
1453 5574 1603 5612 scru-

33 5625 284 5685 atoribus
315 5625 754 5692 commemorandi
782 5625 901 5682 sunt
925 5625 1136 5692 .aliquot
1179 5626 1281 5680 loci
1313 5625 1378 5682 ea:
1407 5627 1538 5682 libro
1566 5643 1603 5682 ιι

25 5697 94 5752 De
121 5699 398 5753 miraculis
426 5698 489 5754 S.
514 5697 737 5752 Fintani
757 5715 803 5753 e.
834 5714 912 5762 g.,
940 5714 986 5751 c.
1014 5697 1066 5751 l.

93 5788 111 5819 ‹
169 5767 448 5823 Findanus
495 5785 614 5823 cum
673 5766 869 5822 recludi
913 5766 1156 5821 voluisset
1197 5775 1244 5820 et
1290 5767 1604 5822 instantibus

26 5840 267 5895 'H'CCibu‘
293 5856 385 5912 pro
430 5840 524 5894 hoc
569 5838 774 5893 Domini
817 5836 1134 5894 voluntatem
1176 5838 1311 5892 scire
1348 5836 1604 5892 laboraret

2961 4638 3205 4691 licet'tt'bt'
3251 4657 3285 4692 a

1701 4697 1801 4736 uox
1845 4677 2202 4749 hujuscemodi
2248 4677 2316 4730 ad
2363 4694 2481 4732 eum
2526 4675 2739 4746 delapsa
2767 4682 2842 4728 est
2877 4711 2892 4726 .

1702 4785 1812 4841 Deo
1920 4795 1998 4838 tre
2142 4783 2197 4837 in
2222 4781 2496 4848 fabbatiam

1704 4857 1799 4911 Dia
1847 4855 2074 4909 anathes
2101 4862 2156 4908 et
2197 4852 2249 4907 in
2279 4853 2552 4915 dabdaue;

1781 4946 1798 4979 ι
1815 4925 1941 4981 Tale
1967 4923 2388 4992 oraculumaure
2413 4921 2635 4992 percepit
2659 4918 2871 4989 propria
2909 4917 3088 4988 lingua
3104 4916 3282 4986 prola-

1703 5005 1809 5051 tum
1840 5015 1860 5054 :
2673 5028 2682 5035 -

1704 5069 1914 5121 obsecra
1951 5081 2076 5133 mpm
2129 5071 2176 5117 et
2197 5062 2476 5133 patricium
2503 5075 2644 5114 nom.
2670 5058 2912 5133 civitatis.

1703 5137 1897 5191 Ataich
1948 5125 2081 5188 crist
2138 5125 2270 5187 oens
2327 5132 2500 5202 patric
2552 5128 2851 5202 artmache.
2933 5126 3123 5202 lj‘_ar_na_
3163 5125 3282 5202 feil-

1707 5206 1814 5260 tam
1852 5203 2059 5260 naklsel
2096 5194 2446 5256 teilcbrucltir
2477 5194 2578 5254 tart
2609 5200 2721 5253 duit
2748 5199 2906 5254 teilco
2948 5196 2985 5251 il
3023 5194 3276 5268 farkysel.

1704 5287 1752 5331 et
1783 5292 1846 5330 ea:
1873 5275 1963 5329 'toc
1989 5273 2262 5327 edacitatis
2284 5272 2464 5326 vilium
2493 5270 2705 5324 minime
2725 5269 2904 5323 sensit.
3086 5322 3100 5332 ,
3206 5292 3209 5294 -

1721 5394 1728 5398 .
1781 5366 1799 5399 ι
1844 5347 1897 5400 '5.
1942 5343 2316 5412 Fragmentum
2359 5357 2423 5394 ex
2475 5339 2688 5412 Actibus
2732 5337 3120 5408 apostolorum,
3171 5335 3269 5392 321

1709 5417 1836 5486 folia
1863 5406 2076 5486 integra
2087 5410 2582 5486 contingam-smul.
2605 5406 2677 5463 X.

1784 5507 1802 5537 ι
1848 5485 1904 5539 4.
1943 5477 2240 5537 Admonitio
2273 5480 2332 5536 S.
2376 5479 2535 5535 Pauli
2567 5479 2794 5550 qualiter
2834 5477 3279 5550 demonstraverat

1707 5560 1751 5613 ei
1774 5555 2030 5610 Dominus
2060 5553 2230 5606 videre
2260 5554 2449 5606 bonum
2488 5560 2532 5605 et
2562 5546 2781 5604 malum.
2818 5546 2949 5614 Qua?
2976 5548 3183 5602 nonnisi
3204 5557 3278 5600 est

1708 5628 1834 5683 visio
1873 5625 1936 5679 de
1971 5623 2181 5695 gaudiis
2215 5624 2568 5695 beatorumet
2610 5619 2874 5695 deprenis
2918 5616 3278 5695 infamius/ra:

1709 5685 2238 5818 racteribtftsrscripta
2283 5691 2532 5746 carolinis
2585 5685 2894 5760 majusculis
2940 5685 3060 5742 sa'c.
3097 5685 3166 5752 Χ,
3219 5685 3280 5738 15

1709 5778 1903 5818 catum.
1956 5783 2081 5818 ora.

1709 5778 1903 5822 comm.
1933 5778 2081 5822 talia.

1786 5778 1904 5892 Iug:
2133 5836 2305 5905 magni
2346 5834 2542 5890 Aurelii
2575 5830 2875 5887 Cassiodori
2913 5827 3166 5884 senatoris
3203 5825 3278 5878 De

2591 4833 2609 4865 ι
2642 4822 2690 4866 et
2719 4828 2835 4883 cap.
2873 4812 2928 4866 4.
