3816 6322
91 303 117 356 1
133 301 246 357 ‘26:)

1119 252 1448 356 ANDBEAS
1477 252 1896 354 PRESBYTER
1924 297 2221 354 BERGOM.

3221 292 3374 356 i270

77 416 395 473 mensibus.
423 415 654 470 Pcrtarit
684 415 804 486 iuga
844 415 1040 486 atipuit
1061 455 1076 481 ,
1110 397 1389 470 Grimoaid
1436 423 1666 483 regnum
1769 391 2078 482 Eorumque
2098 411 2256 466 factis
2281 410 2514 467 retinere
2538 425 2642 465 non
2655 421 2967 480 possumus;
2997 408 3090 468 sed
3106 423 3366 482 quantum

77 508 324 578 accepit.
356 506 514 560 Multa
543 506 759 577 quidem
788 504 903 574 ejus
938 504 1217 560 historioie
1242 499 1548 570 continent,
1579 504 1674 560 sed

77 616 265 671 pauca
314 599 366 653 in
421 599 521 653 hac
569 597 1029 654 adbreviationem
1073 584 1436 654 conscribam.
1489 595 1588 652 ilic
1620 597 1671 651 in

75 689 271 742 edicto
302 684 782 756 Langubardorum
814 698 1006 739 novem
1041 684 1063 716 ⁷
1091 683 1372 753 conposuit
1397 682 1668 751 capitula;

78 777 339 849 regnavit
361 791 532 832 annos
564 791 786 844 novem,
815 783 870 831 et
897 784 1141 830 mortuus
1169 783 1269 830 est.
1309 773 1558 842 Reiiqnid
1593 787 1676 828 re-

74 882 258 937 gnum
292 865 600 932 Garibaldi,
635 865 743 920 ﬁlio
770 881 886 921 suo.
915 865 1151 921 Pertarit
1178 879 1340 930 vero,
1380 863 1521 918 unde
1558 864 1672 934 jam

74 957 360 1020 diximus,
402 955 493 1025 qui
533 953 658 1028 fuga
702 956 887 1028 lapsus
933 965 1084 1023 erat,
1123 969 1376 1023 egressus
1413 953 1480 1010 de
1520 954 1673 1010 Gaiia

74 1065 289 1103 navem
330 1048 592 1112 ascendit,
623 1049 690 1103 ad
735 1047 1030 1104 Britaniam
1073 1047 1300 1102 insciam
1339 1048 1406 1101 ad
1448 1062 1674 1119 regnum

71 1139 368 1194 Saxonum
399 1148 763 1206 transmeare;
789 1149 843 1196 et
867 1140 993 1195 dum
1015 1139 1207 1212 pelago
1233 1137 1560 1210 navigasset,
1591 1139 1672 1193 di-

69 1231 250 1285 vinus
275 1231 502 1285 nuncius
543 1229 718 1285 eidem
763 1231 831 1284 ad
879 1230 1050 1303 ripam
1093 1230 1366 1298 clamans,
1407 1238 1462 1285 et
1490 1229 1670 1286 dixit:

69 1316 380 1385 Revertere,
417 1316 666 1385 Pertarit,
691 1320 757 1374 ‘in
799 1329 939 1375 terra
969 1330 1090 1386 tua,
1137 1323 1262 1394 quia
1293 1322 1446 1377 tertia
1491 1321 1576 1377 die
1591 1312 1674 1376 lett

67 1408 266 1474 hodie,
307 1410 449 1480 quod
494 1407 767 1464 Grimoald
822 1411 1103 1482 defunctus
1147 1421 1242 1468 est.
1299 1411 1437 1480 Quid
1488 1411 1674 1482 plura?

68 1496 362 1554 Reversus
387 1508 489 1566 est,
517 1509 572 1555 et
602 1510 874 1571 gratanter
898 1519 927 1557 a
955 1503 1326 1576 Langubardis
1368 1513 1670 1574 susceptus,

59 1586 140 1643 ’et
179 1591 249 1645 ad
295 1606 462 1661 regna
493 1591 853 1663 gubernacula
891 1609 1013 1649 eum
1054 1595 1452 1652 constituerunt
1489 1612 1673 1652 mense

71 1682 258 1735 tertio
305 1691 422 1752 post
475 1692 703 1738 mortem
751 1684 1072 1742 Grimoaldi.
1112 1686 1384 1760 Regnavit
1435 1687 1673 1743 Pertarit

1776 500 2112 566 audivimus,
2175 502 2409 557 audaces
2457 511 2687 572 uterque
2739 498 2990 568 fuerunt,
3042 511 3096 556 et
3145 495 3366 557 suorum

1777 602 2018 663 tempore
2042 592 2380 664 Langubardi
2408 609 2440 649 a
2475 594 2614 648 nulla
2645 609 2775 665 gens
2799 602 3131 670 terruerunt.
3149 592 3368 664 Regna-

1765 670 1851 737 'vit
1872 697 2044 738 annos
2065 691 2210 748 octo,
2241 691 2296 739 et
2323 679 2506 754 posuit'
2531 685 2582 740 in
2611 683 2789 742 edicto
2817 685 3051 756 capitula
3084 685 3364 753 tredecim,

1775 780 1828 827 et
1858 780 2101 828 mortuus
2127 779 2230 827 est.
2259 773 2521 828 Desiderii
2559 789 2786 840 regnum
2825 775 3077 845 reliquid.
3106 774 3207 842 Qui
3239 788 3368 830 cum

1774 869 2055 931 regnasset
2084 876 2255 918 annos
2287 871 2396 918 tres
2416 904 2431 930 ,
2459 879 2590 919 suus
2631 863 2802 931 ﬁlius,
2831 864 3082 920 Adelchis
3112 857 3366 943 nomine,

1766 947 1842 1010 ex
1868 956 2133 1010 consensu
2156 953 2633 1026 Langubardorum
2663 957 2762 1011 sub
2786 969 2844 1010 se
2866 971 3043 1028 regem
3064 953 3369 1021 constituit;

1776 1046 1876 1102 sub
1902 1060 2134 1116 quorum
2164 1054 2406 1117 tempore
2454 1046 2510 1102 in
2552 1046 2886 1116 aliquantum
2928 1062 3030 1116 pax
3073 1045 3192 1101 fuit.
3231 1045 3364 1114 Qui-

1771 1127 1898 1191 dam
1921 1146 1974 1191 et
1996 1137 2159 1192 etiam
2189 1136 2356 1191 ﬁliam
2383 1153 2536 1192 suam
2554 1178 2569 1204 ,
2596 1137 2851 1192 Berterad
2877 1137 3128 1203 nomine,
3156 1137 3369 1204 Karoii,

1774 1225 1949 1296 Pipini
1976 1225 2133 1290 ﬁlius,
2166 1227 2500 1283 Francorum
2545 1241 2662 1294 rex,
2689 1227 2937 1299 conjugio
2966 1228 3226 1293 sociavit;
3257 1226 3366 1282 alia

1775 1333 1904 1374 vero
1935 1317 2063 1386 ﬁlia,
2095 1319 2416 1393 Liupergam
2451 1321 2687 1387 nomine,
2720 1321 2947 1376 sociavit
2981 1320 3228 1376 Taxiioni
3259 1320 3364 1375 Ba-

1768 1404 2067 1476 joariorum
2099 1425 2224 1476 rex;
2256 1419 2309 1466 et
2345 1425 2448 1481 pax
2499 1411 2807 1467 ﬁrmissima
2832 1425 2896 1466 ex
2941 1419 3170 1481 utraque
3195 1409 3367 1481 partis

1773 1497 2159 1567 ﬁrmaverunt,
2227 1504 2320 1558 sed
2375 1504 2596 1558 minime
2651 1511 3132 1559 conservaverunt.
3187 1489 3368 1558 Causa

1775 1599 1954 1646 autem
1979 1593 2262 1649 discordia:
2291 1595 2389 1649 ista
2415 1594 2534 1649 fuit.
2570 1593 2812 1650 Habebat
2835 1593 3059 1651 Carolus
3087 1608 3218 1649 suus
3244 1609 3369 1664 ger-

1777 1695 1968 1737 manus
1998 1683 2170 1754 major
2217 1699 2274 1739 se
2321 1684 2712 1741 Karlemannus
2742 1685 2992 1752 nomine,
3039 1683 3368 1742 ierebundus

76 1788 269 1829 annos
303 1775 486 1830 decem
519 1785 572 1832 et
612 1785 836 1848 septem,
869 1788 924 1833 et
953 1787 1197 1836 mortuus
1236 1789 1339 1836 est.
1373 1781 1671 1854 Cuniperti,
1707 1777 1749 1833 Β
1776 1779 1831 1827 et
1875 1774 2174 1842 pessimus;
2221 1785 2410 1831 contra
2454 1775 2704 1831 Carolum
2728 1775 3040 1832 .iracundus
3087 1774 3364 1840 surrexit,

88 1880 261 1919 suum
293 1865 492 1933 ﬁlium,
524 1883 748 1938 regnum
797 1869 1045 1940 reliquid.
1091 1870 1254 1926 Multa
1299 1871 1514 1942 quidem
1559 1873 1676 1944 ejus

75 1955 338 2012 istoriole
372 1957 572 2027 scripta
609 1959 932 2016 invenimus.
959 1960 1174 2030 ,Contra
1205 1963 1427 2019 iialahis
1467 1964 1669 2020 tirran-

72 2063 222 2104 num
257 2049 568 2122 fatigatione
598 2058 902 2120 sustentus;
930 2055 1026 2109 sed
1054 2055 1311 2126 Cunipert
1341 2057 1672 2128 triumphum

72 2139 335 2196 victoria:
368 2158 490 2198 cum
533 2144 864 2200 exultatione
909 2145 1034 2212 Dei,
1073 2145 1229 2202 italia
1282 2149 1526 2218 regnavit
1555 2159 1675 2220 post

74 2241 317 2288 mortem
344 2235 515 2304 patris
541 2251 714 2291 annos
744 2237 1046 2294 duodecim.
1081 2237 1136 2293 in
1165 2254 1355 2309 campo
1380 2240 1672 2308 Coronate,

73 2321 182 2376 ubi
215 2321 408 2378 bellum
456 2336 647 2381 contra
698 2325 884 2382 Aiahis
933 2329 1116 2399 gessit,
1171 2329 1224 2384 in
1278 2329 1484 2385 honore
1527 2331 1673 2387 beati

75 2409 307 2484 Georgii
339 2416 591 2486 martyris
622 2417 1006 2472 monasterium
1053 2417 1378 2475 construxit.
1422 2419 1674 2491 Reliquid

81 2518 316 2571 regnum
345 2505 608 2577 Liutperti
631 2508 738 2564 ﬁlio
760 2525 878 2565 suo.
914 2509 1164 2566 Surrexit
1186 2521 1376 2567 contra
1399 2527 1521 2568 eum
1547 2513 1673 2569 Ari-

87 2603 239 2660 νει-ι,
281 2604 333 2648 et
375 2595 560 2650 vivum
604 2599 1042 2669 comprehendit,
1075 2609 1132 2656 et
1169 2616 1276 2656 non
1318 2610 1436 2672 post
1474 2602 1675 2660 multos

90 2683 214 2739 dies
244 2685 294 2739 in
323 2685 512 2742 balneo
545 2688 654 2742 vita
683 2691 936 2759 privavit.
971 2690 1235 2762 Regnavit
1255 2692 1473 2764 Aripert
1504 2709 1676 2750 annos

91 2771 186 2840 η,
217 2772 266 2828 in
295 2775 488 2831 timuen
520 2775 767 2833 Ticinum
809 2780 876 2834 ab
915 2782 1070 2850 aquis
1116 2791 1342 2853 negatus
1408 2791 1511 2838 est.
1559 2785 1675 2840 An-

92 2866 294 2933 sprand
322 2867 442 2939 ejus
486 2885 711 2941 regnum
747 2871 980 2942 aripuit;
1013 2874 1263 2944 regnavit
1296 2889 1512 2932 menses
1543 2885 1672 2932 tres.

95 2955 344 3027 Reliquid
391 2975 614 3032 regnum
647 2962 990 3034 Liulprandi,
1037 2965 1147 3021 tilio
1178 2981 1296 3022 suo.
1339 2965 1468 3024 Fuit
1492 2977 1672 3026 autem

91 3048 386 3120 Liutprand
410 3053 575 3108 muite
598 3055 880 3126 sapientie,
904 3057 1168 3127 clemens,
1192 3059 1441 3129 pudicus,
1465 3069 1670 3128 orator,

1775 1878 1898 1920 eum
1921 1864 2112 1936 jurare
2138 1867 2292 1936 fecit,
2329 1877 2388 1922 ut
2412 1868 2581 1939 ipsam
2616 1867 2875 1924 Berterad
2900 1867 3039 1942 ultra
3065 1881 3172 1922 non
3201 1866 3368 1922 habe—

1767 1948 1861 2010 'ret
1885 1957 2132 2030 conjuge.
2167 1959 2305 2026 Quid
2333 1959 2541 2014 multa?
2571 1959 2797 2015 Remisit
2832 1973 2954 2013 eam
2980 1955 3191 2023 Ticino,
3223 1956 3368 2013 unde

1775 2046 1977 2104 dudum
2007 2065 2126 2107 eam
2156 2052 2404 2108 duxerat.
2446 2050 2617 2125 Mater
2639 2064 2769 2106 vero
2789 2063 2976 2105 eorum
3007 2048 3122 2104 haec
3145 2062 3367 2118 separa-

1778 2137 1852 2192 tio
1881 2141 2124 2209 audiens,
2164 2142 2506 2199 Cariemanni
2544 2142 2639 2198 ﬁlii
2672 2142 2756 2211 sui
2785 2132 3173 2211 blaSphemiam
3226 2141 3367 2204 intu-

1777 2229 1866 2299 lit,
1890 2235 2169 2291 ocuiorum
2216 2235 2445 2292 cecitate
2486 2233 2767 2307 perculsus
2815 2241 2922 2303 est,
2957 2249 3079 2292 cum
3123 2233 3365 2304 periculo

1775 2327 1888 2384 vita
1918 2327 2116 2383 ﬁnivit.

1847 2421 1901 2476 4.
1934 2419 2030 2476 His
2077 2419 2408 2490 temporibus
2457 2419 2575 2492 (an.
2621 2419 2746 2491 7.53)
2803 2419 3046 2476 ecclesiae
3104 2418 3363 2476 Romana:

1776 2512 1885 2569 Leo
1917 2511 1994 2583 (8)
2018 2526 2151 2582 papa
2182 2511 2422 2583 regebat,
2447 2520 2500 2567 et
2528 2510 2905 2581 oppressiones
2935 2525 2965 2564 a
2993 2508 3368 2584 Langubardis

1771 2593 1967 2679 multa
2001 2601 2270 2674 patiebat;
2321 2617 2388 2658 ex
2425 2601 2555 2658 sede
2599 2602 2816 2673 prepria
2864 2601 3052 2658 exiens
3095 2599 3360 2664 Francia,

1776 2693 2051 2765 repedavit
2076 2706 2197 2748 eum
2227 2686 2410 2747 multis
2437 2691 2853 2762 sapientissimis
2891 2707 2982 2748 ars
3021 2690 3374 2770 litterarum,

1778 2788 2018 2844 maxime
2044 2794 2316 2843 cantores.
2365 2786 2698 2844 Francorum
2749 2802 2880 2858 gens
2928 2786 3043 2844 hazc
3102 2786 3370 2854 audiens,

1778 2893 1974 2950 magno
1999 2878 2170 2950 gavisi
2200 2886 2325 2933 sunt
2355 2877 2571 2950 gaudio.
2609 2878 2837 2935 Karoius
2866 2878 2943 2952 (9)
2973 2893 3097 2934 cum
3126 2879 3238 2934 suis
3265 2877 3366 2933 ob-

1776 2971 1920 3028 viam
1963 2970 2080 3042 ejus
2111 2969 2396 3024 adventum
2430 2968 2654 3040 pedibus
2684 2977 2978 3038 venerunt,
3010 2968 3060 3024 ei
3097 2968 3360 3027 obtimum

1777 3059 2072 3117 consedere
2127 3058 2301 3113 locum
2355 3057 2603 3114 fecerunt
2655 3059 2928 3118 civitatem
2989 3073 3109 3127 qua:
3165 3056 3364 3132 dicitur

90 3138 333 3211 pervigil,
368 3141 675 3200 eiemosinis
719 3145 937 3217 largus:
992 3146 1162 3218 legem
1201 3150 1418 3220 quidem
1458 3149 1674 3223 Langu-
1703 3131 1746 3194 Ο
1779 3151 1935 3208 Metis
1958 3151 2020 3205 “.
2047 3149 2148 3218 Qui
2176 3148 2372 3204 ibidem
2403 3163 2500 3219 per
2526 3165 2698 3207 annos
2722 3158 2833 3207 tres
2855 3148 3184 3216 resedentes,
3211 3157 3363 3204 tanta

89 3228 381 3284 bardorum
409 3233 720 3301 ampliavit,
753 3245 806 3290 et
833 3237 854 3269 ⁸
887 3237 939 3292 in
977 3239 1138 3294 edicti
1173 3256 1400 3312 corpore
1423 3243 1669 3297 conscri-

90 3321 221 3376 bere
258 3320 434 3390 jussit.
478 3325 742 3396 Regnavit
770 3331 926 3386 annis
953 3332 1172 3404 triginta
1202 3345 1258 3390 et
1304 3349 1411 3390 uno
1437 3330 1671 3406 septeni-

89 3426 200 3481 quc
227 3415 522 3480 mensibus,
551 3426 605 3470 et
637 3427 883 3474 mortuus
913 3430 1020 3476 est.

157 3504 214 3558 2.
247 3504 367 3562 Hatc
405 3519 581 3562 autem
616 3512 978 3581 superscripta
1012 3514 1429 3571 summationem
1460 3515 1546 3571 cui
1579 3517 1664 3571 in-

89 3597 350 3652 credibile
389 3611 640 3669 apparet,
677 3603 882 3675 relegat
909 3604 930 3637 ⁹
965 3614 1074 3660 tota
1103 3607 1328 3662 historia
1358 3607 1672 3680 Langubar-

83 3687 278 3742 dorum
329 3691 434 3763 (7);
486 3696 666 3750 omnia
720 3697 836 3753 haec
889 3699 960 3753 ibi
1017 3701 1286 3756 veraciter
1328 3701 1564 3767 invenit,
1617 3705 1668 3758 in

83 3789 345 3847 quantum
377 3784 466 3839 hic
492 3787 690 3857 scripta
721 3797 873 3858 sunt;
898 3799 952 3845 et
993 3790 1173 3862 plures
1212 3792 1376 3846 multa
1419 3793 1544 3850 illuc
1590 3796 1672 3849 in-

84 3871 304 3926 venitur
328 3874 394 3928 de
433 3876 767 3932 nobilitatem
816 3895 1003 3934 eorum
1053 3880 1134 3937 vel
1183 3882 1461 3948 victoriae,
1506 3892 1560 3937 et
1605 3885 1670 3939 de

85 3960 228 4015 bella
275 3980 408 4033 quas
434 3977 742 4037 gesserunt.
789 3970 937 4026 lianc
981 3979 1160 4026 autem
1207 3971 1668 4029 adbreviationem

84 4057 482 4128 superscripta,
515 4059 566 4114 in
592 4071 867 4134 quantum
883 4064 1060 4134 potui,
1093 4065 1306 4137 exerpsi
1337 4065 1380 4097 ¹⁰
1403 4081 1517 4137 ego
1555 4066 1669 4121 An-

82 4143 268 4213 dreas,
305 4148 430 4205 licet
459 4151 732 4222 indignus,
764 4156 1047 4228 presbyter
1077 4157 1145 4213 de
1175 4159 1416 4214 historia:
1453 4157 1670 4230 Langu-

83 4235 407 4306 bardorum;
462 4253 518 4299 et
564 4260 793 4315 quorum
848 4247 935 4304 hic
973 4265 1132 4319 super
1163 4251 1442 4306 continent
1480 4266 1667 4308 eorum

83 4328 327 4385 historia:
371 4333 591 4391 minime
618 4336 686 4405 ad
718 4347 958 4393 nostram
990 4342 1236 4409 pervenit
1264 4342 1510 4397 notitiam
1531 4383 1546 4408 ,
1575 4344 1668 4398 sed

83 4418 140 4472 in
173 4429 430 4489 quantum
473 4439 572 4494 per
614 4427 810 4483 seriem
840 4428 1138 4485 litterarum
1162 4447 1254 4486 seu
1285 4449 1381 4503 per
1419 4433 1669 4503 antiquos

81 4510 332 4569 homines
358 4517 504 4586 potui
535 4521 800 4576 veraciter
821 4521 994 4590 scire,
1034 4522 1135 4592 hic_
1164 4525 1402 4580 scrivcre
1431 4528 1666 4584 delecta-

82 4614 175 4659 1118
208 4622 346 4662 sum.

161 4696 212 4752 5.
250 4701 509 4758 Defuncto
557 4705 735 4776 itaque
776 4707 1091 4777 Liulprand,
1137 4709 1359 4766 Ratchis
1402 4711 1606 4769 electus
1634 4702 1669 4767 a—

77 4788 459 4857 Langubardis
482 4809 575 4850 rex
605 4795 844 4851 elevatus
878 4806 993 4863 est;
1028 4799 1270 4866 regnavit
1309 4816 1481 4858 annos
1509 4803 1664 4872 quin-

76 4897 214 4952 que,
242 4889 296 4936 et
340 4884 515 4952 posuit
558 4884 609 4939 in
657 4886 836 4941 edicto
879 4888 1098 4958 capituli
1141 4889 1281 4945 o'cto.
1316 4887 1428 4946 Hoc
1453 4907 1667 4963 quoque

74 4971 370 5040 defuncto,
421 4973 659 5044 Aistolﬁ,
701 4990 958 5047 germano
988 4962 1119 5046 suo,
1155 4994 1381 5049 regnum
1415 4962 1661 5051 reiiquid.

1779 3243 1997 3314 quidem
2020 3240 2336 3313 dignitatem
2362 3250 2612 3297 cantores
2642 3240 2715 3296 ibi
2744 3241 3022 3307 fecerunt,
3050 3249 3109 3296 ut
3134 3255 3234 3312 per
3274 3249 3358 3295 to-

1783 3344 1888 3390 tam
1915 3333 2200 3389 Franciam
2237 3329 2559 3403 itaiiamque
2602 3347 2740 3402 pene
2786 3331 2969 3387 multze
2994 3331 3239 3386 civitates
3271 3345 3364 3385 or-

1776 3435 2087 3482 namentum
2137 3427 2380 3483 ecclesiae
2416 3440 2586 3496 usque
2642 3424 2801 3480 hodie
2842 3430 3162 3480 consonant.
3211 3422 3358 3492 Papa

1775 3531 1904 3572 vero
1931 3515 2154 3587 probata
2182 3532 2313 3588 gens
2342 3517 2672 3570 Francorum
2699 3513 2864 3569 astuti
2892 3521 2947 3568 et
2975 3511 3201 3577 nobiles,
3227 3528 3358 3568 con-

1774 3605 1952 3664 silium
1974 3622 2159 3662 eorum
2193 3607 2358 3673 dedit,
2389 3616 2450 3662 ut
2483 3620 2647 3677 super
2669 3603 3055 3675 Langubardos
3087 3603 3357 3667 venirent,

1774 3700 1979 3757 italiam
2007 3699 2378 3771 possiderent;
2408 3699 2523 3771 ipse
2545 3713 2672 3755 vero
2693 3699 2761 3754 ad
2781 3711 2934 3754 suam
2959 3696 3087 3753 sede
3115 3695 3359 3752 Romane

1773 3791 1998 3849 cceiesie
2024 3792 2304 3847 remeavit.

1844 3883 1894 3938 5.
1923 3881 2154 3939 Karulus
2179 3882 2447 3954 siquidem
2482 3897 2634 3949 vero,
2661 3880 3027 3937 adnitentibus
3054 3879 3190 3946 suis,
3216 3878 3356 3935 obli-

1774 3983 1858 4032 tus
1881 3984 1965 4031 est
1988 3983 2259 4033 tantorum
2284 3976 2656 4046 benignitatis,
2686 3977 2831 4046 quod
2857 3973 2904 4029 ei
2929 3971 3240 4031 Desidcrius
3259 3987 3357 4028 rex

1773 4067 1982 4124 tribuit.
2027 4067 2367 4140 Congregata
2416 4067 2710 4122 multorum
2756 4065 3089 4121 Francorum
3138 4062 3356 4118 exerci-

1774 4165 1918 4224 tum,
1965 4175 2030 4214 ex
2075 4157 2229 4228 jussu
2277 4157 2558 4228 apostolici
2608 4163 2949 4222 sacramenta
3007 4153 3158 4208 irrita
3215 4151 3356 4206 facta

1771 4258 1925 4317 sunt;
1960 4250 2112 4306 italia
2157 4258 2346 4307 contra
2373 4248 2761 4322 Langobardos
2787 4246 3028 4310 veniens,
3059 4244 3240 4298 divino
3259 4241 3353 4312 ju-

1771 4339 1913 4394 dicio
1957 4347 2131 4394 terror
2180 4339 2233 4393 in
2283 4336 2674 4410 Langubardus
2718 4335 2912 4401 inruit,
2943 4334 3148 4402 absque
3189 4347 3354 4403 grave

1773 4444 1948 4503 pugna
1999 4428 2208 4483 italiam
2261 4428 2480 4495 invasit,
2509 4441 2652 4483 anno
2694 4424 2956 4482 Desiderii
2986 4422 3082 4490 i8,
3109 4431 3164 4501 et
3191 4422 3354 4478 Adel-

1772 4519 1892 4576 chis
1943 4519 2027 4587 i5,
2078 4517 2370 4574 indictione
2401 4517 2490 4584 12,
2519 4532 2640 4573 cum
2684 4516 2796 4588 jam
2850 4514 2956 4569 205
3008 4512 3134 4568 anni
3173 4521 3356 4568 essent

1772 4611 1998 4677 evoluti,
2025 4619 2310 4683 postquam
2340 4609 2681 4682 Langubardi
2718 4607 2885 4664 italia:
2930 4605 3160 4678 ingressi
3206 4613 3350 4660 sunt.

1771 4705 2047 4762 Desiderio
2067 4717 2193 4760 vero
2215 4703 2402 4759 eodem
2428 4712 2666 4772 tempore
2694 4708 2938 4756 mortuus
2959 4707 3060 4754 est.
3076 4695 3350 4756 Adelchis.

1767 4798 1886 4869 ejus
1915 4797 2076 4862 ﬁlius,
2121 4797 2341 4851 navium
2376 4809 2706 4866 praeparans,
2735 4791 2876 4848 ultra
2923 4805 3073 4846 mare
3103 4803 3352 4861 egressus

1772 4897 1855 4943 est
1877 4887 1988 4957 (an.
2018 4884 2165 4957 774).
2207 4887 2487 4956 Tantaque
2515 4882 2790 4940 tribulatio
2819 4881 2919 4938 fuit
2964 4882 3018 4958 in
3047 4879 3226 4946 italia;
3259 4877 3351 4932 alii

1772 4979 1949 5050 gladio
2003 4979 2343 5051 interempti,
2373 4977 2462 5033 alii
2515 4975 2657 5033 fame
2702 4973 2934 5046 perculsi
3000 4971 3120 5028 aliis
3163 4969 3354 5026 bestiis

1373 5135 1607 5192 VARIAS
1647 5135 2048 5194 LECTIONES.

153 5269 174 5300 ⁷
205 5269 315 5342 alia
341 5280 387 5324 et
411 5270 594 5342 aliqua
621 5269 776 5342 Pauli
797 5272 1019 5326 codices.

71 5342 148 5397 de
179 5340 348 5395 deleta
389 5340 513 5395 εει.⁷
560 5340 600 5372 ¹¹
647 5341 837 5397 meties
873 5358 920 5396 c.

1118 5273 1140 5304 ⁸
1178 5280 1232 5327 et
1257 5272 1292 5327 i.
1322 5287 1372 5327 e.
1398 5287 1446 5327 c.
1472 5287 1522 5327 c.
1551 5267 1588 5326 i.
1616 5287 1719 5327 non
1743 5271 1987 5343 leguntur
2034 5276 2173 5345 apud
2201 5274 2452 5330 Paulum.
2529 5276 2547 5305 ’
2579 5271 2753 5342 relega
2778 5285 2824 5325 ε.
2904 5268 2945 5298 ¹⁰
2977 5276 3098 5323 ante
3123 5280 3222 5339 ego
3253 5283 3351 5324 v0.1:

1618 5411 1846 5507 Noras.

152 5561 233 5633 (7)
258 5560 410 5633 Pauli
447 5562 698 5627 Diaconi,
734 5564 875 5618 umie
919 5563 1180 5618 verbatim
1214 5573 1464 5633 excerpta
1512 5573 1654 5620 sunt.

156 5632 232 5700 (8)
261 5631 566 5704 Stephanus
606 5633 690 5688 lli.
729 5633 803 5704 De
844 5633 1196 5704 sequentibus
1243 5634 1314 5704 ci'.
1347 5631 1494 5689 Pauli
1531 5637 1656 5690 hist.

79 5704 459 5774 episcoporum
508 5703 848 5758 Mettensium
883 5702 1023 5759 Men.
1062 5702 1247 5759 Germ.
1280 5703 1340 5766 il,
1372 5707 1502 5772 268;
1550 5717 1657 5761 tum

1767 5565 2096 5620 monachum
2121 5543 2578 5628 Engolismensem
2600 5559 2640 5628 i,
2662 5557 2782 5625 170,
2799 5559 2917 5626 171,
2944 5568 2997 5614 et
3025 5559 3346 5619 monachum

1771 5636 2182 5712 Sangallensem
2209 5631 2271 5712 Il_,
2295 5631 2418 5686 755.

1843 5708 1914 5776 (θ’)
1946 5706 2220 5776 i’ippinus.
