3916 6316
525 224 657 279 1271

1793 217 2081 274 ΛΡΙἘΜ).
2111 213 2200 268 AD
2226 213 2401 270 διες.
2444 212 2507 266 IX

3626 218 3739 277 liii

523 337 716 399 occisi,
745 344 801 388 ut
830 335 916 388 vix
948 334 1105 404 pauci
1139 326 1479 388 remanerent
1512 334 1562 386 in
1595 333 1743 387 vicos
1771 331 1857 391 vel,
1886 330 1937 385 in
1972 328 2101 384 civi-
2130 333 2175 388 Α
2206 325 2595 397 Ermengarda,
2625 334 2677 380 et
2701 324 2926 381 Carolus
2960 326 3026 381 de
3071 324 3273 381 Juditta
3303 341 3421 397 qua:
3441 338 3555 399 post
3596 346 3742 392 morio

525 436 683 483 lates.

593 520 647 575 6.
673 517 1140 589 Forojttlianorum
1186 517 1292 573 dux
1344 528 1470 591 tunc
1518 518 1776 587 temporis
1828 517 1942 588 (an.
1981 515 2104 587 774)

526 612 829 667 Rotcansus
854 619 1082 679 prmerat
1102 648 1119 678 ,
1148 619 1203 665 et
1231 610 1284 664 in
1318 608 1595 664 Vineentia
1634 608 1869 674 Caidus;
1896 608 1984 678 qui
2013 625 2107 661 an-

524 704 636 756 ditu
666 698 996 754 Francorum
1024 701 1394 759 devastalione
1427 709 1480 755 et
1500 700 1615 771 ejus
1644 700 1932 755 adventum
1966 701 2106 771 quod

526 794 575 847 in
613 790 848 861 Forojuli
875 800 1249 864 properarent.
1277 793 1727 865 congregatisque
1756 802 1813 847 ut
1834 800 2105 863 poterant,

522 881 737 936 obviam
760 897 946 936 eorum
988 884 1054 937 ad
1100 892 1262 952 ponte
1301 882 1392 954 qui
1424 882 1620 939 dicitur
1647 881 1927 953 Liquentia
1961 883 2107 939 exie-

524 982 665 1035 rant,
700 981 753 1026 et
786 970 983 1027 ibidem
1014 988 1205 1041 magna
1233 982 1442 1045 strages
1469 973 1536 1027 de
1576 971 1801 1028 Francis
1836 971 2102 1029 fecerunt.

524 1059 752 1116 lini-olus
784 1078 911 1117 vero
939 1063 1054 1119 tunc
1085 1064 1331 1127 audiens,
1364 1072 1626 1119 mandans
1650 1079 1836 1120 eorum
1872 1063 2102 1119 ﬁdelita-

523 1150 594 1205 tis
625 1149 783 1206 ﬁdem
824 1164 1172 1223 suscepturus
1202 1162 1257 1209 ct
1300 1154 1687 1221 bonoraturos,
1713 1155 2015 1213 Rotcausus
2051 1165 2106 1212 et

523 1242 727 1299 Cnidus
758 1244 983 1299 ducibus
1012 1259 1135 1300 cum
1158 1245 1351 1300 nobilis
1381 1244 1843 1314 Foroiulianorum
1882 1246 2107 1303 consilio

523 1334 681 1402 inito,
722 1344 779 1389 ut
812 1336 1041 1392 viriliter
1077 1351 1135 1391 se
1169 1339 1596 1393 contendissent.
1626 1338 1757 1394 Erat
1782 1338 1999 1410 quidem
2037 1355 2106 1394 ex

524 1423 677 1491 ipsis,
705 1424 792 1479 cui
819 1425 931 1495 jam
978 1441 1201 1481 munera
1246 1426 1423 1487 Caroli
1464 1438 1819 1485 exceeaverat
1850 1445 1962 1495 cor,
1999 1428 2107 1487 tale

525 1514 673 1571 dedit
707 1515 933 1572 oonsilio
967 1536 981 1572 :
1012 1517 1151 1585 Quid
1177 1519 1472 1589 faciemus?
1503 1519 1775 1585 Quomodo
1814 1537 1993 1579 eorum
2028 1537 2107 1576 re-

524 1608 705 1663 sistere
731 1611 1047 1678 possumus?
1077 1608 1262 1681 Capud
1293 1628 1398 1667 non
1437 1612 1706 1667 habemus.
1748 1611 1938 1683 Regem
1985 1630 2106 1673 con-

526 1698 823 1765 fortationis
868 1710 1061 1759 nostra:
1106 1700 1223 1770 jam
1263 1701 1491 1756 deuictus
1534 1711 1629 1757 est.
1678 1701 1877 1757 Eamus
1927 1719 2106 1757 eorum
2139 1676 2183 1735 Β

525 1788 807 1855 fidelitate;
844 1790 968 1844 bene
997 1790 1144 1848 nobis
1174 1793 1292 1846 erit.
1326 1791 1462 1859 Quid
1488 1792 1703 1848 dicam?
1752 1790 1820 1849 Ut
1855 1792 2104 1860 obtabal,

526 1881 789 1936 fecerunt.
822 1881 889 1936 Et
929 1890 1109 1939 tamen
1145 1898 1331 1942 eorum
1378 1882 1605 1939 Carolus
1656 1885 1896 1941 servavit
1940 1886 2111 1942 hono—

524 1986 659 2024 I'i'lll.

599 2062 649 2118 7.
680 2062 846 2136 Igitur
873 2065 1152 2138 subjugata
1185 2076 1243 2123 et
1275 2067 1523 2125 ordinata
1556 2066 1739 2135 ltalia,
1783 2067 1850 2125 ad
1879 2064 2109 2127 Romam

524 2157 762 2225 perrexit
822 2159 932 2229 (an.
981 2159 1142 2229 781);
1203 2159 1400 2215 ibidem
1450 2159 1707 2229 palatium
1770 2162 2101 2228 construxit;

521 2246 717 2303 deinde
739 2258 885 2305 terra
932 2251 1213 2320 pacilicata
1241 2259 1296 2306 et
1326 2258 1668 2307 sacramenta
1692 2250 1814 2307 data
1833 2292 1847 2315 ,
1881 2249 2107 2321 Pipinus

522 2352 654 2393 suus
683 2339 824 2394 lilius
847 2344 1138 2411 regendum
1162 2341 1312 2396 ltalia
1337 2342 1633 2404 concessit;
1658 2342 1770 2413 ipse
1790 2357 1919 2399 vero
1940 2334 2109 2402 Karo-

522 2428 607 2484 lus
634 2440 756 2500 post
799 2430 1133 2500 aliquantum
1184 2440 1396 2502 tempus
1428 2432 1659 2489 Francia
1694 2450 1943 2492 reversus
1991 2445 2102 2503 est,

522 2519 741 2575 obsides
783 2535 997 2593 quoque
1027 2522 1286 2579 ducentes
1313 2539 1496 2581 secum
1522 2525 1779 2597 quicquid
1807 2526 1954 2582 ltalia
1995 2543 2109 2581 ma-

516 2610 666 2680 jores
715 2614 831 2668 nati
873 2621 928 2669 et
972 2613 1273 2673 nobiliores
1315 2624 1497 2675 erant.
1532 2617 1661 2673 Post
1718 2634 1821 2673 non
1882 2619 2107 2674 multant

526 2713 737 2773 tempus
765 2701 829 2759 ab
879 2704 1068 2759 eodem
1110 2703 1335 2761 Carolus
1374 2717 1707 2769 meruerunt.
1761 2718 1814 2763 et
1856 2708 2107 2765 honorati

523 2800 650 2849 sunt
685 2794 750 2849 ab
774 2795 918 2864 ipso,
949 2794 1016 2851 ad
1045 2810 1197 2851 suam
1243 2797 1447 2853 reversi
1476 2807 1600 2853 sunt
1642 2799 1836 2867 patria.
1887 2798 2109 2869 I’ipinus

524 2898 655 2939 vero
693 2884 910 2941 vivente
934 2896 1088 2957 patre
1121 2887 1406 2944 defunctus
1430 2897 1512 2945 est
1544 2891 1653 2961 (an.
1685 2890 1841 2961 8l0).
1862 2891 2106 2962 Reliquid

2209 418 2565 491 Ermengardi
2614 418 2666 472 in
2697 417 2947 490 coniugio
2974 419 3232 490 suscepit.
3262 419 3486 487 Quidam
3520 428 3742 493 przedicto

2209 509 2503 579 imperator
2531 508 2874 569 lllndowicus
2904 525 3059 565 suum
3108 510 3274 565 ﬁlium
3311 511 3560 569 Lotltario
3591 520 3679 573 sub
3698 536 3743 575 se

2209 602 2391 655 sedem
2414 600 2711 672 impcrialis
2739 602 3040 668 constituit,
3069 602 3285 659 vivente
3315 613 3484 674 patre.

2278 689 2365 745 10.
2397 690 2593 746 Ilabuit
2630 689 2913 748 Lotharius
2962 691 3124 756 ﬁlius,
3170 691 3513 748 Illudowicus
3538 698 3745 766 nomine,

2178 828 2182 835 .
2207 781 2293 835 cui
2322 781 2475 836 avius
2502 797 2632 837 suus
2660 780 3006 845 llludowieus
3030 782 3234 838 Italiam
3267 784 3552 849 concessit,
3584 784 3747 843 Hiaio-

2208 872 2328 928 vvici
2375 871 2470 928 ﬁlii
2513 874 2593 928 sui
2621 873 2891 944 Bajoaria,
2923 873 3102 930 Caroli
3146 874 3457 945 Aquitania.
3488 875 3652 931 Ilnnor
3671 899 3725 933 an

2209 970 2317 1018 tem
2363 960 2561 1032 major,
2619 965 2669 1019 id
2712 974 2794 1020 est
2851 963 3180 1036 imperialis,
3236 965 3514 1020 crescebat
3567 970 3743 1026 cottidie

2206 1053 2485 1120 Lotbarii;
2517 1054 2603 1109 cui
2655 1054 2859 1111 inimici
2910 1054 3156 1110 homines
3192 1056 3477 1111 consilium
3505 1056 3749 1125 dederunt,

2205 1153 2471 1219 quatenus
2508 1142 2804 1213 Judiltam,
2843 1160 3135 1203 nuvercam
3183 1161 3368 1211 suam,
3416 1147 3629 1217 genitori
3672 1166 3759 1205 suo.

2207 1232 2461 1290 tollerent
2487 1244 2540 1290 et
2571 1233 2628 1291 In
2659 1234 2809 1291 Italia
2839 1236 3210 1302 abducerent;
3241 1236 3403 1291 sicuti
3444 1237 3680 1293 fecerunt.
3706 1242 3748 1297 In

2207 1328 2427 1383 civitate
2459 1328 2809 1384 Dartonensis
2844 1330 2897 1385 in
2936 1329 3181 1385 custodia
3217 1330 3499 1384 miserunt.
3526 1330 3642 1399 Quis
3674 1351 3755 1404 [ιο-ν

2209 1427 2313 1474 test
2343 1418 2523 1475 dicere
2552 1416 2751 1488 furore,
2776 1436 2939 1491 quam
2966 1429 3121 1492 pater
3148 1421 3268 1492 ejus
3298 1422 3634 1485 vehementer
3664 1426 3746 1480 ira-

2209 1521 2291 1568 tus
2315 1511 2551 1570 fuisset?
2580 1514 2673 1570 sed
2704 1522 2872 1570 totam
2901 1515 3063 1571 fortia
3091 1513 3393 1571 Lotharius
3411 1516 3477 1571 ad
3514 1533 3566 1572 se
3604 1529 3749 1573 reten-t

2211 1613 2319 1667 tam
2352 1605 2603 1662 habebat.

2285 1698 2370 1753 ll.
2402 1699 2572 1770 Igitur
2600 1714 2708 1759 non
2740 1709 2858 1771 post
2887 1700 3088 1756 multos
3117 1700 3232 1757 dies
3259 1700 3389 1755 dum
3426 1716 3486 1756 se
3531 1716 3745 1770 recogno-

2209 1806 2369 1847 scens
2393 1791 2704 1860 Lotharius,
2732 1791 2874 1864 quod
2906 1791 3105 1847 malum
3136 1794 3345 1861 egisset
3363 1792 3653 1857 consilium,
3674 1813 3739 1849 nu-

2208 1886 2428 1943 beream
2454 1903 2608 1942 suam
2657 1889 2938 1943 remittens
2968 1886 3201 1958 genitori
3238 1902 3361 1951 suo,
3397 1897 3451 1943 et
3480 1887 3555 1941 ira
3582 1888 3743 1942 inl‘am-

2206 1988 2390 2034 matus
2440 1990 2627 2034 contra
2666 1978 2793 2033 illos,
2828 1979 2920 2047 qui
2969 1979 3016 2033 ei
3070 1987 3179 2033 tam
3231 1994 3455 2048 pravum
3506 1980 3745 2035 consilium

2210 2070 2497 2133 dederunt,
2528 2069 2663 2125 alios
2709 2070 2925 2134 occidit,
2956 2069 3091 2125 alios
3141 2070 3194 2124 in
3235 2070 3401 2125 exilio
3448 2070 3606 2126 misit.
3629 2071 3746 2127 Tute

2211 2160 2470 2230 temporis
2498 2160 2743 2217 ecclesia:
2770 2159 3185 2217 Mediolanensis
3218 2160 3573 2230 Angelbertus
3604 2163 3747 2215 archi-

2210 2253 2494 2325 episcopus
2537 2253 2776 2324 regehat.
2811 2250 3034 2308 Volebat
3069 2255 3366 2324 imperator
3410 2254 3606 2315 dicere.
3634 2255 3751 2323 quod

2209 2343 2300 2397 ille
2342 2344 2395 2399 in
2435 2343 2549 2415 ipso
2579 2343 2863 2397 consilium
2910 2342 3135 2408 luisset,
3168 2353 3224 2397 et
3273 2345 3549 2401 venientes
3582 2342 3749 2400 nobiles

2210 2448 2332 2489 eum
2374 2434 2426 2488 in
2472 2434 2642 2505 gratia
2687 2433 2980 2497 miserunt;
3022 2435 3115 2488 sed
3144 2435 3271 2489 dum
3298 2445 3427 2488 ante
3466 2434 3748 2503 imperatore

2210 2527 2488 2594 ducerent,
2523 2525 2611 2581 ille
2635 2542 2763 2583 vero
2796 2535 3002 2580 tantum
3032 2535 3194 2596 caput
3236 2525 3514 2580 inclinavit
3542 2536 3590 2580 et
3615 2526 3747 2581 verba

2209 2617 2525 2673 salutatoria
2549 2618 2714 2684 dixit;
2743 2618 2807 2672 ad
2833 2616 2996 2687 pedes
3022 2631 3149 2671 vero
3174 2615 3344 2671 noluit
3367 2616 3545 2670 venire
3569 2624 3751 2687 propter

2216 2706 2534 2763 reverentia:
2584 2706 2845 2767 honorem
2883 2705 3260 2761 ecclesiarum.
3302 2705 3456 2760 Tune
3502 2707 3751 2775 imperator

2208 2800 2346 2857 dixit
2380 2818 2393 2853 :
2426 2797 2513 2855 Sic
2540 2800 2770 2854 centenis
2799 2809 2876 2865 te,
2908 2799 3058 2868 quasi
3101 2809 3313 2852 sanctus
3356 2797 3643 2855 Ambrosius
3669 2798 3752 2851 sis!

2208 2894 2664 2963 Archiepiscopus
2700 2893 2977 2963 respondit
3011 2910 3023 2944 :
3055 2889 3165 2946 Nec
3200 2909 3293 2961 ego
3333 2903 3543 2944 sanctus
3573 2889 3750 2942 Ambio-

523 2976 713 3043 ﬁlium,
741 2976 1078 3037 Bernardum
1126 2980 1368 3044 nomine,
1395 2982 1478 3036 cui
1528 2981 1757 3037 Karolus
1788 2983 1934 3037 ltalia
1974 3000 2107 3038 con-
2135 3024 2175 3079 Ο
2209 2988 2340 3051 sius,
2399 3003 2491 3040 nec
2543 2996 2599 3039 tu
2651 2985 2895 3039 dominus
2929 2984 3087 3038 Deus.
3139 2982 3441 3054 Imperator
3486 2998 3604 3036 vero
3648 2981 3749 3035 sab-

524 3068 723 3133 cessit;
752 3068 843 3138 qui
873 3084 995 3124 cum
1032 3079 1178 3128 esset
1200 3072 1440 3140 penuriae
1466 3071 1624 3133 laniis
1645 3071 1796 3128 ltalia
1826 3090 2106 3144 prmuccu-z

526 3172 651 3229 pata
674 3201 689 3227 ,
731 3160 911 3217 subito
938 3171 996 3217 ut
1037 3161 1314 3219 Bcrnardo
1344 3180 1568 3236 regnum
1612 3167 1850 3237 accepit,
1874 3167 2106 3239 dignita-

528 3262 636 3307 tem
667 3249 1075 3326 ubertatemque
1105 3256 1338 3323 advenit,
1387 3267 1443 3313 et
1482 3258 1561 3314 sic
1590 3258 1689 3313 fuit
1722 3261 1846 3315 dum
1879 3259 1989 3329 ipse
2020 3274 2107 3316 rc-

525 3344 729 3415 gnavit.
755 3344 983 3402 Karolus
1009 3356 1188 3404 autem
1215 3349 1311 3419 qui
1328 3365 1448 3404 eum
1468 3366 1561 3408 sex
1587 3366 1764 3414 annos.
1784 3351 1835 3405 in
1853 3349 2106 3419 Francia,

526 3446 582 3492 et
609 3444 894 3507 postquam
925 3438 977 3494 in
1005 3439 1155 3495 ltalia
1182 3441 1457 3513 ingressus
1491 3453 1575 3499 est
1596 3443 1657 3499 41
1686 3460 1858 3502 annos
1888 3462 2107 3518 regnas-

526 3537 630 3593 set,
655 3526 938 3583 defunctus
963 3538 1046 3584 est
1082 3530 1133 3584 in
1162 3546 1293 3600 pace
1332 3547 1599 3602 senesque
1629 3534 1803 3589 artatis
1835 3543 1885 3587 ct
1917 3534 2107 3604 plenus

527 3618 731 3672 dierum
762 3618 1045 3689 (611.8”),
1087 3620 1177 3692 qui
1223 3637 1319 3691 per
1354 3636 1475 3677 eum
1531 3639 1725 3685 nomen
1774 3623 2108 3685 Francorum

526 3715 683 3781 longe
708 3708 921 3780 lateque
952 3714 1284 3781 percrebuit,
1332 3714 1471 3769 sicut
1514 3726 1598 3770 est
1646 3732 1791 3770 nunc.
1827 3732 1996 3786 usque
2040 3718 2108 3773 ad

525 3801 843 3856 hodiernum
868 3803 1031 3857 diem.
1079 3803 1325 3872 Reliquid
1375 3809 1557 3861 sedem
1607 3823 1756 3862 suam
1794 3808 1846 3862 in
1878 3806 2105 3869 Francia

526 3890 844 3958 Illudovvici,
879 3892 987 3948 ﬁlio
1009 3910 1124 3950 suo.
1151 3894 1253 3950 Iste
1274 3896 1458 3967 incipit
1486 3912 1685 3955 vocare
1715 3898 2005 3969 imperator
2037 3916 2104 3957 ex

522 3982 855 4038 Francorum
885 4000 1077 4056 genus.

591 4075 645 4128 8.
671 4073 876 4146 Conjux
917 4092 1044 4131 vero
1079 4076 1319 4143 ejusdem
1350 4076 1670 4147 Hludowici,
1704 4078 2104 4151 IIermengarda

522 4167 757 4233 nomine,
784 4168 1063 4223 inimicitia
1090 4180 1275 4224 contra
1302 4170 1600 4236 Bernardo,
1622 4172 2103 4243 Langubardorum

522 4278 727 4334 regem,
768 4274 887 4318 orta
917 4273 1021 4332 est,
1070 4268 1331 4321 mandans
1370 4267 1440 4334 ei,
1469 4269 1621 4337 quasi
1660 4270 1810 4341 pacis
1838 4270 2008 4340 gratia
2036 4271 2101 4326 ad

2205 3074 2383 3145 junxit
2408 3075 2457 3129 ei
2487 3092 2500 3127 :
2536 3073 2617 3127 Ite
2645 3074 2715 3127 ad
2748 3073 3034 3145 genitorem
3070 3089 3265 3137 meum,
3294 3072 3449 3141 cujus
3495 3070 3657 3125 odium
3688 3086 3750 3120 me

2211 3165 2406 3235 fecistis
2451 3163 2674 3230 habere;
2714 3163 2942 3217 reducite
2978 3180 3058 3217 me
3104 3164 3172 3215 ad
3218 3162 3493 3232 pristinam
3532 3159 3751 3231 gratiam!

2210 3258 2301 3314 llle
2348 3268 2528 3313 autem
2580 3257 2695 3312 lucc
2749 3257 3001 3321 audiens,
3051 3255 3291 3326 perrexit
3360 3254 3413 3308 in
3482 3252 3749 3306 Franciam.

2210 3348 2561 3409 llludovvieus
2588 3347 2883 3417 imperator
2905 3345 3200 3401 honoriﬁce
3226 3360 3350 3401 eum
3374 3343 3617 3414 suscepit.
3642 3341 3745 3394 Dum

2209 3444 2274 3499 ad
2305 3458 2545 3499 mensam
2583 3452 2809 3510 uterque
2841 3440 3159 3501 reticet-ent,
3188 3452 3350 3492 causa
3392 3451 3645 3505 exurgens
3673 3434 3753 3486 in».

2209 3543 2428 3605 perator
2452 3541 2505 3587 et
2533 3532 2667 3585 dixit
2698 3550 2709 3584 :
2738 3529 2884 3584 Bone
2926 3530 3333 3597 archiepiscope,
3372 3528 3497 3597 quid
3538 3526 3665 3579 debet
3687 3523 3747 3590 fa.

2209 3644 2323 3681 cere
2352 3626 2504 3679 homo
2532 3624 2594 3677 dc
2619 3623 2887 3676 inimicum
2918 3620 3110 3674 suum?
3138 3618 3227 3673 Ille
3259 3617 3538 3687 respondit
3568 3633 3580 3668 :
3610 3613 3748 3667 Domi-

2210 3732 2307 3769 nus
2347 3714 2479 3768 dixit
2516 3714 2568 3767 in
2596 3710 2856 3781 evangelio
2889 3723 2910 3763 :
2948 3709 3159 3779 Diligite
3204 3708 3446 3761 inimicos
3482 3716 3679 3766 vestros,
3711 3712 3746 3755 et

2210 3806 2494 3877 benefacite
2525 3805 2603 3858 his
2626 3804 2714 3874 qui
2745 3819 2838 3858 vos.
2862 3804 3082 3856 oderunt
3116 3800 3339 3870 (Matth.
3382 3817 3437 3863 v,
3479 3798 3583 3865 Η).
3614 3797 3751 3864 Ιηινυε

2209 3908 2356 3952 rator
2380 3896 2514 3952 dixit
2550 3914 2560 3947 :
2602 3893 2667 3946 Et
2700 3896 2745 3947 si
2792 3893 2901 3947 lucc
2951 3909 3052 3944 nou
3093 3891 3305 3959 fecero?
3344 3888 3749 3956 Arcbicpiscopas

2210 3988 2484 4061 respondit
2517 4006 2530 4041 .
2573 3985 2633 4043 Si
2675 4003 2787 4061 non.
2823 3985 3040 4055 feceris,
3074 4000 3174 4035 non
3210 3982 3423 4037 habebis
3461 3982 3605 4035 vitam
3633 3990 3749 4033 a‘tcr-

2210 4098 2351 4147 uam,
2375 4081 2420 4135 si
2462 4082 2515 4134 in
2542 4080 2653 4149 ipso
2678 4079 2799 4132 odio
2836 4089 3071 4131 nim-Inus
3109 4074 3295 4144 fueris.
3333 4073 3623 4142 Imperator
3648 4083 3749 4123 vero

2209 4180 2380 4233 iratus
2408 4176 2543 4232 dixit
2571 4194 2584 4231 :
2617 4174 2676 4232 Si
2702 4193 2781 4230 me
2812 4173 3080 4228 vindicabo
3102 4173 3164 4227 de
3193 4174 3498 4226 adversario
3523 4190 3644 4235 meo,
3669 4187 3748 4222 non

2208 4266 2402 4325 habebo
2442 4269 2597 4323 vitam
2643 4266 2939 4322 a’ternam?
2968 4274 3023 4319 et
3060 4264 3244 4318 statim
3292 4263 3607 4331 subiunxit:
3648 4259 3748 4313 I’ide

522 4367 581 4407 se
610 4354 809 4408 venire.
842 4352 931 4409 Ille
970 4353 1038 4407 ab
1065 4354 1193 4423 ipsis
1240 4355 1445 4412 nobiles
1479 4357 1722 4427 Iegatarii
1767 4369 2102 4419 sacramenta
2140 4363 2184 4421 D
2210 4361 2573 4433 Angelbcrtus,
2596 4358 2853 4428 quomodo
2883 4357 2994 4410 Ita'c
3030 4355 3180 4410 verba
3217 4354 3509 4424 defendas!
3557 4353 3615 4407 Et
3643 4368 3751 4406 coa-~

522 4445 680 4498 tidem
712 4445 968 4514 suscepit,
1006 4444 1238 4500 Francia
1284 4448 1459 4502 iturus
1488 4457 1589 4503 est.
1624 4449 1723 4516 Qui
1768 4465 1890 4504 mox
1928 4460 1985 4505 ut
2015 4450 2102 4505 illa

522 4537 719 4606 potuit,
751 4538 891 4592 sicut
912 4537 1242 4602 audivimus,
1276 4539 1548 4596 nesciente
1579 4541 1933 4610 imperatore,
1964 4541 2103 4597 oculi

521 4628 782 4684 Ilei'uardi
828 4628 1053 4696 evulsit;
1115 4631 1183 4687 ab
1237 4631 1353 4701 ipso
1422 4630 1607 4687 dolore
1676 4632 1964 4689 defunctus
2019 4643 2101 4687 est

523 4720 635 4788 (an.
662 4718 810 4792 8l8),
845 4730 1127 4791 postquam
1159 4723 1396 4793 quinque
1427 4726 1747 4794 regnaverat
1777 4740 1971 4791 annos,
1999 4725 2104 4782 duo

522 4816 624 4871 sub
654 4815 867 4879 Carolo,
898 4826 1007 4871 tres
1034 4816 1132 4871 sub
1172 4816 1533 4872 lllndowicus.

592 4907 645 4960 9.
678 4904 811 4959 Erat
848 4906 891 4938 "
933 4904 1149 4975 quidem
1191 4905 1537 4961 Illudowicus
1583 4906 1878 4977 imperator
1922 4907 2103 4964 multa:

523 4994 822 5063 sapientiae,
872 4988 1112 5050 "consilio
1165 4997 1423 5066 prudens,
1484 4994 1792 5051 misericors
1846 5005 1896 5052 et
1951 4998 2102 5066 pacis

525 5096 766 5151 amator;
805 5088 1038 5143 habebat
1076 5087 1438 5157 tranquillitas
1486 5103 1680 5158 magna
1727 5104 1789 5143 ex
1828 5089 2101 5143 omniurn-

523 5193 629 5247 que
660 5190 813 5248 parte
849 5179 1000 5248 pacis
1023 5179 1222 5248 gratia;
1255 5178 1510 5248 diligebat
1542 5178 1801 5241 lectores,
1833 5188 2101 5244 cantores,

523 5271 805 5325 etcunctis
832 5269 1195 5325 servientibus
1230 5268 1340 5324 Deo
1375 5269 1807 5326 ministrantibus
1836 5271 2097 5327 ecclesiae.

525 5360 721 5416 Ilahuit
752 5362 889 5418 ﬁlios
923 5373 1051 5426 tres,
1095 5359 1145 5416 id
1175 5370 1259 5417 est
1290 5360 1543 5419 Lethario
1570 5372 1622 5418 et
1664 5362 2007 5421 Illudowicus
2037 5367 2102 5422 de

2208 4452 2397 4507 Stituto
2418 4450 2593 4521 posito
2620 4463 2787 4517 usque
2813 4445 2866 4500 in
2892 4461 3067 4500 mane.
3101 4444 3258 4501 Mane
3278 4453 3462 4499 autem
3489 4442 3749 4506 laeto,celi-

2208 4543 2285 4613 git
2328 4543 2620 4612 imperator
2663 4539 2973 4610 sapientes,
3005 4546 3165 4607 prout.
3210 4538 3254 4592 si
3301 4536 3483 4593 subito
3522 4542 3747 4605 Poterant.

2206 4633 2514 4689 conﬂictum
2546 4631 2812 4686 habentes
2841 4630 2907 4684 de
2953 4630 3056 4684 hac
3095 4628 3257 4684 verba
3308 4637 3496 4685 contra
3522 4624 3748 4693 archiepi4

2205 4743 2422 4800 scapus.
2453 4725 2906 4794 A‘rchiepiscopus
2931 4738 3117 4778 eorum
3147 4721 3438 4791 praesentia
3469 4720 3633 4776 dixit:
3660 4716 3748 4772 Sci-

2205 4822 2271 4875 tis
2291 4863 2304 4887 ,
2332 4820 2454 4891 quia
2484 4834 2662 4872 sumus
2692 4832 2867 4870 omnes
2908 4815 3096 4884 fratres
3142 4814 3195 4867 in
3225 4813 3478 4866 Christo?
3506 4811 3576 4865 Illi
3602 4820 3745 4863 autem

2207 4910 2594 4982 respondentes
2626 4908 2878 4961 dixerunt
2914 4924 2928 4960 :
2970 4903 3178 4961 Scimus
3209 4905 3335 4975 quia
3385 4920 3543 4957 unum
3585 4913 3745 4971 patrem

2208 5019 2448 5059 vocamus
2499 5003 2554 5055 in
2603 5001 2762 5054 cadis.
2792 4999 2885 5054 Ille
2926 5008 3104 5053 autem
3144 4998 3276 5053 dixit
3317 5014 3332 5049 :
3364 4995 3506 5065 Ergo
3534 4995 3574 5048 si
3598 4994 3744 5051 scitis,

2206 5093 2345 5163 quod
2373 5091 2564 5161 fratres
2589 5106 2803 5155 sumus,
2834 5088 2939 5141 sive
2970 5087 3100 5141 liber
3127 5095 3173 5140 et
3208 5101 3409 5147 servus,
3440 5083 3542 5136 sive
3567 5087 3743 5151 pateret

2208 5184 2370 5253 filius.
2419 5180 2691 5249 Apostolus
2737 5180 3006 5234 Johannes
3054 5178 3228 5230 dixit:
3263 5175 3367 5239 Qui
3418 5174 3527 5228 odit
3564 5174 3740 5239 fratres:

2209 5289 2385 5336 suum,
2418 5271 2643 5325 omit-ida
2673 5280 2770 5336 est,
2791 5280 2837 5323 et
2864 5269 3030 5323 ontnis
3054 5267 3278 5320 omicida
3306 5282 3409 5318 non
3449 5264 3590 5317 habet
3619 5265 3740 5316 ritum

2210 5374 2441 5418 eternam
2490 5361 2542 5414 in
2582 5377 2635 5414 se
2670 5371 2960 5413 mouentem
3004 5356 3053 5428 (1
3090 5354 3251 5410 Joan.
3291 5370 3371 5421 Ill,
3412 5354 3515 5413 I5).
3558 5350 3610 5407 Si
3646 5366 3737 5418 ergo

1827 5499 2060 5557 VARIAS
2098 5496 2500 5556 LECTIONES.

599 5613 638 5641 ’¹
675 5610 811 5664 Hinc
843 5610 950 5663 alia
986 5628 1186 5676 annuis,
1214 5613 1512 5667 rlmractere
1542 5614 1795 5669 crassiore
1819 5616 2021 5673 quidem
2056 5613 2351 5676 maioreoue
2382 5609 2784 5666 vrtccedeutibus
2816 5609 2903 5662 sed
2939 5601 3354 5675 Langobardico.
3384 5601 3603 5656 Camn.
