3816 6322
47 314 170 367 [2'73

1046 281 1370 365 asquAS
1399 297 1814 359 raesuvreu
1845 303 2147 362 ueucou.

3155 295 3287 356 1274

47 430 244 481 )xliosus
273 428 495 480 omirida
528 427 871 495 reputabitur,
891 425 1139 495 quomodo
1185 421 1348 474 ritum
1377 427 1610 472 etertmm
1644 421 1687 475 A
1717 417 2008 488 imperator
2062 415 2532 484 Foro]ulianorum
2603 407 2916 475 Ebhcrardo
2985 410 3281 480 principem

48 533 366 570 rossessurus
399 517 536 570 erit?
571 515 647 570 llli
677 525 855 570 autem
881 515 1151 580 convicti,
1181 512 1247 566 ad
1291 506 1407 566 haec
1451 511 1609 565 verba

47 617 442 663 :onsenseruut.
471 607 767 677 Imperator
791 621 920 660 vero
967 620 1182 659 manum
1227 604 1281 658 iu
1327 610 1470 658 terra
1516 616 1610 672 po-

49 715 200 764 iens,
236 699 448 753 veniam
493 699 699 770 petivit,
726 707 781 753 et
828 697 1058 768 gratiam
1096 695 1189 750 lilii
1244 693 1324 749 sui
1358 692 1606 748 reddidit.

58 788 326 858 mperavit
357 787 469 858 ipse
500 798 607 842 tam
647 787 792 841 solus
825 801 985 856 quam
1016 784 1175 839 simul
1209 799 1330 838 cum
1362 781 1472 836 lilio
1514 797 1611 836 an-

48 897 139 937 lOS
159 881 251 944 27,
281 889 336 936 et
366 882 481 952 ipso
513 879 774 935 Lothario
801 880 899 934 sub
928 877 1115 934 eodem
1150 885 1301 948 patre
1329 891 1498 931 annos
1518 874 1606 929 2|.

57 974 329 1029 n:‘ictione
373 975 531 1030 tertia
574 974 684 1045 (an.
729 972 854 1040 810)
877 973 961 1027 'sie
1009 970 1114 1026 fuit
1169 971 1247 1026 sul
1289 970 1610 1024 obscur.:tus

51 1083 90 1120 η
121 1067 222 1120 hoc
260 1066 486 1131 mundo,
524 1073 578 1120 et
605 1063 788 1120 stellas
816 1065 867 1117 in
894 1063 1008 1118 celo
1055 1062 1403 1132 apparebant,
1435 1062 1469 1116 5
1501 1059 1609 1114 No-

49 1173 133 1212 ias
156 1156 385 1228 Magias,
415 1172 508 1210 ora
536 1170 696 1219 nona,
730 1156 781 1209 in
810 1154 1055 1209 ltetattitts
1083 1154 1124 1186 ¹³
1154 1153 1394 1218 Domini,
1424 1152 1608 1222 quas’a

47 1247 211 1300 mdia
241 1262 359 1302 ora.
392 1246 558 1301 Facta
589 1255 670 1300 est
695 1245 969 1301 tribulatio
997 1260 1209 1315 magna.
1241 1244 1482 1313 Cumque
1505 1243 1608 1298 hoc

48 1338 261 1408 mpnlus
306 1338 670 1399 intenderent,
708 1337 855 1391 multi
909 1338 1274 1403 extimabant,
1315 1335 1456 1404 quod
1497 1331 1608 1403 jam

47 1431 267 1501 implius
318 1431 419 1485 hoc
470 1429 708 1486 scculnm
757 1445 860 1484 non
911 1437 1116 1494 staret;
1170 1429 1264 1484 sed
1313 1428 1438 1481 dum
1496 1426 1610 1481 ha'c

47 1521 281 1593 mgnstia
311 1522 770 1594 contemplarent,
801 1521 1012 1576 rcfuisit
1042 1519 1126 1576 sol
1152 1531 1208 1574 et
1234 1519 1390 1590 quasi
1429 1519 1611 1572 tremi-

47 1614 132 1668 lus
187 1612 238 1666 iu
283 1622 440 1667 antea
470 1611 837 1666 umbraculam
891 1611 1062 1682 fugire
1116 1611 1278 1681 cepit.
1324 1609 1441 1680 lpsa
1484 1625 1610 1666 vero

47 1714 192 1758 ioctc
219 1703 461 1772 sequenti
490 1719 653 1774 prope
681 1703 942 1759 matutino
972 1703 1113 1759 facta
1139 1713 1220 1758 est
1253 1702 1520 1772 lnxquasi
1555 1702 1607 1756 in

47 1795 142 1849 lie.
182 1794 301 1849 llaec
326 1795 475 1867 signa
505 1795 556 1848 in
580 1794 697 1849 cclo
723 1803 1000 1865 conperta,
1025 1795 1273 1850 doctores
1305 1794 1359 1847 iu
1390 1809 1608 1849 suorum

48 1888 362 1942 nouitiones
413 1887 664 1942 dixerunt
695 1907 707 1942 :
745 1887 950 1953 Estote,
983 1887 1203 1958 fratres,
1243 1891 1451 1959 parati;
1487 1891 1611 1959 quia

47 1976 372 2044 rdimpletum
423 1987 497 2031 est
551 1977 709 2047 quod.
730 1979 782 2030 iu
834 1978 1095 2048 cvangelio
1137 1977 1387 2033 Dominus
1435 1969 1613 2033 dixit?

47 2087 52 2118 l
93 2067 225 2122 Cum
248 2069 360 2122 Ita'r
385 2069 534 2138 signa
563 2070 814 2135 videritis,
845 2070 1044 2136 scitote,
1071 2073 1193 2140 quia
1222 2088 1378 2141 prope
1399 2083 1473 2128 est
1503 2073 1610 2126 dies

47 2159 250 2213 Domini
299 2177 518 2230 magnus
561 2170 608 2214 et
662 2160 1000 2226 manifestus!
1053 2160 1204 2229 (Luc.
1267 2179 1391 2225 xxt,
1436 2161 1547 2232 51.)
1586 2181 1606 2214 ι

47 2251 296 2320 Sequenti
335 2260 514 2306 autem
547 2266 731 2304 mense
759 2249 919 2304 .ltmio
949 2250 1292 2306 illudowicus
1319 2252 1614 2322 imperator

48 2342 322 2395 lt-i'unctns
345 2349 446 2405 est,
472 2355 704 2410 suosque
728 2341 841 2395 dies
865 2340 1040 2396 finivit
1061 2341 1113 2395 in
1141 2358 1292 2411 pace.

104 2429 195 2484 12.
237 2430 362 2484 Post
390 2430 544 2501 cujus
590 2438 817 2486 mortem
857 2429 1123 2485 discordia
1163 2431 1305 2485 inter
1333 2429 1461 2501 ipsis
1505 2439 1612 2486 tres

47 2521 311 2594 germanis
343 2522 600 2588 surrexit,
655 2521 1002 2577 lllnduwicus
1038 2530 1091 2578 et
1132 2521 1359 2577 Carolus
1395 2538 1460 2578 ex
1506 2539 1611 2595 una

48 2623 219 2680 parte,
264 2613 554 2668 Lotharius
600 2627 667 2666 ex
713 2613 903 2668 altera.
954 2613 1194 2684 Cumque
1249 2613 1393 2667 nulla
1460 2624 1612 2684 parte

48 2689 216 2756 .octim
254 2704 467 2765 dantes,
491 2702 778 2772 jungentes
821 2717 879 2758 se
919 2703 1008 2758 ubi
1043 2714 1387 2772 nuncupatur
1416 2702 1614 2758 Funta-

47 2807 230 2859 aeuse,
261 2794 406 2848 acies
434 2793 560 2848 hinc
585 2803 639 2847 et
670 2795 790 2848 inde
811 2809 877 2849 ex
905 2803 1134 2864 utraque
1163 2797 1333 2864 partis
1363 2805 1613 2850 constru-

47 2893 148 2947 :tc,
176 2882 314 2938 facta
345 2889 429 2937 est
453 2890 661 2952 strages
693 2899 904 2955 magna,
938 2885 1174 2939 maxime
1209 2883 1416 2939 nobiles
1446 2883 1614 2953 Aqui-

47 2989 292 3030 tanorum
327 2973 439 3044 (an.
465 2973 610 3044 841).
641 2973 909 3044 Tantique
933 2974 1041 3045 (10)
1076 2975 1147 3029 ibi
1175 2975 1294 3028 'viri
1331 2973 1495 3028 fortes
1519 2990 1614 3045 per

47 3065 415 3122 contentiones
446 3063 615 3119 malas
653 3074 703 3118 et
740 3065 1156 3136 improvidentia
1186 3065 1435 3121 debellati
1461 3074 1608 3133 sunt,

47 3156 228 3230 quanti
274 3156 578 3230 potuissent
621 3171 719 3230 per
770 3157 964 3215 bonam
1000 3155 1344 3216 concordiam
1388 3168 1442 3216 et
1472 3157 1616 3216 salu-

47 3261 140 3305 bre
175 3248 454 3304 consilium
488 3248 655 3304 multa
703 3249 849 3305 milia
882 3261 1127 3308 sternere
1156 3253 1614 3307 contradictorqu

47 3355 406 3412 paganorum;
438 3342 578 3398 unde
599 3341 677 3397 sic
706 3341 968 3412 discipata
991 3353 1074 3398 est
1114 3343 1363 3398 nobilitas
1389 3343 1618 3414 Aquita-

48 3449 269 3498 norum,
321 3447 440 3502 qua
495 3433 658 3495 etiam
683 3433 1036 3490 Nortemauni
1091 3449 1276 3489 eorum
1329 3436 1619 3506 posscdaut

47 3535 225 3590 terrae,
263 3539 364 3580 nec
391 3532 473 3579 est
499 3523 591 3594 qui
628 3540 812 3583 eorum
852 3525 1016 3584 fortia
1047 3525 1289 3582 resistat.
1331 3526 1619 3598 Imperavit

47 3619 330 3683 Lotharius
373 3627 492 3688 post
539 3628 764 3676 mortem
806 3619 975 3689 patris
1017 3619 1097 3674 sui
1129 3628 1238 3675 tam
1274 3619 1421 3674 solus
1456 3635 1616 3690 quam

47 3707 203 3761 simul
233 3723 354 3763 cum
392 3709 736 3763 llludowicus
768 3709 874 3764 tilio
916 3724 1014 3764 suo
1051 3724 1224 3765 annos
1255 3709 1340 3774 15.
1376 3719 1429 3764 et
1475 3725 1620 3764 mor-

47 3807 168 3852 tuus
198 3806 281 3852 est
311 3798 420 3868 (an.
455 3798 602 3869 855).
653 3799 896 3870 ileiiquid
930 3808 1038 3854 tres
1081 3798 1239 3864 filios,
1279 3800 1332 3856 id
1379 3809 1463 3856 est
1504 3800 1617 3870 jam

48 3890 186 3943 .ticto
245 3887 579 3954 Hludowico,
617 3890 707 3959 qui
757 3890 858 3945 sub
911 3906 976 3945 co
1021 3890 1310 3959 imperavit
1364 3893 1416 3947 iu
1467 3891 1617 3948 Italia

48 3993 215 4032 anulos
254 3994 369 4044 sex,
402 3979 658 4035 Lothario
683 3981 735 4035 in
767 3981 1018 4049 Francia,
1048 3981 1276 4044 Karolus
1307 3983 1360 4038 in
1390 3984 1618 4040 Provin—

47 4072 143 4128 lia.
188 4070 294 4127 Sed
343 4073 568 4128 Carolus
607 4089 715 4129 non
770 4083 891 4144 post
935 4075 1132 4132 multos
1181 4077 1294 4132 dies
1333 4077 1618 4136 defunctus

47 4172 142 4218 est.
172 4165 286 4228 (an.
332 4164 458 4221 863)
487 4166 778 4222 Lotharius
807 4183 872 4223 cx
913 4171 1040 4224 sede
1081 4172 1296 4241 propria
1323 4173 1531 4239 exiens,
1562 4173 1616 4229 in

47 4255 193 4314 italia
246 4257 468 4314 veniens
519 4260 668 4329 pacis
727 4260 912 4331 gratia:
965 4262 1253 4317 videndum
1301 4279 1617 4334 germanum

47 4361 225 4412 suum,
255 4348 345 4402 ubi
373 4363 492 4402 cum
523 4349 640 4419 ipso
667 4349 877 4406 locutus
904 4359 988 4406 est
1013 4351 1210 4409 finibus
1240 4353 1617 4412 Beneventaua

1714 509 2016 562 constituit.
2050 508 2128 561 Eo
2153 507 2425 567 defuncto,
2463 501 2714 560 Uultroch
2747 500 2854 556 lilio
2890 516 2986 557 suo
3016 503 3284 572 principa-

1715 608 1824 652 tum
1855 600 2110 668 suscepit.
2145 601 2217 654 De
2263 597 2571 667 Burgundia
2611 611 2738 650 vero
2789 595 3027 649 surrexit
3064 594 3280 664 quidam

1712 691 1889 744 dictus
1919 689 2117 759 llnpert
2145 690 2379 756 nomine,
2404 688 2493 758 qui
2522 687 2799 755 aliquanto
2822 694 3060 755 tempore
3083 673 3302 739 domno.

1715 782 2027 851 imperatori
2081 781 2377 836 llludowiei
2421 795 2478 834 sc
2519 778 2831 832 fidelissimo
2870 792 2991 831 esse
3034 777 3276 841 dicebat;

1711 873 2050 944 postmodum
2080 888 2202 926 cum
2229 869 2696 942 Burgundionibus
2723 869 3026 939 adjunctus,
3061 882 3280 922 suorum

1713 966 1848 1020 fines
1904 964 2164 1021 rebellare
2215 960 2569 1034 disponebat,
2631 959 2829 1016 oblitus
2876 969 2960 1015 est
3008 966 3279 1014 tantorum

1710 1056 2097 1113 beneficiorum
2145 1071 2265 1126 qua:
2307 1055 2356 1109 ei
2400 1055 2690 1122 imperator
2737 1051 2953 1116 tribuit,
2998 1059 3053 1105 et
3097 1040 3282 1105 sacra?

1710 1156 1894 1204 utenta
1926 1162 2058 1218 quas
2079 1146 2300 1202 dederat
2333 1145 2482 1200 irrita
2507 1144 2654 1200 fecit.
2681 1142 2918 1198 Donmus
2956 1131 3281 1198 Hludovicns

1711 1241 1827 1296 haec
1871 1240 2118 1307 audiens,
2157 1238 2396 1294 Cunrath
2443 1253 2566 1293 cum
2611 1234 2831 1304 reliquis
2885 1233 3128 1289 fidelibus
3169 1234 3282 1289 suis

1711 1330 1922 1397 dirixit,
1954 1341 2009 1388 et
2037 1331 2223 1387 eodem
2251 1329 2456 1401 llupert
2500 1329 2554 1385 in
2579 1340 2769 1395 campo
2791 1327 3197 1396 comprehendit
3228 1337 3284 1382 et

1710 1423 1940 1490 occidit;
1975 1431 2029 1480 et.
2081 1423 2234 1478 multi
2280 1422 2497 1493 quidem
2545 1421 2612 1477 da
2643 1420 2758 1492 ejus
2803 1437 2929 1494 pars
2972 1419 3282 1488 interempti

1713 1528 1833 1575 sunt
1892 1519 2002 1588 (an.
2060 1518 2208 1590 864).
2254 1517 2422 1588 igitur
2476 1525 2763 1586 antequam
2824 1516 2938 1571 huic
3004 1512 3282 1568 rebellatio

1714 1612 1852 1667 facta
1895 1610 2108 1674 fuisset,
2141 1619 2289 1664 tanta
2319 1609 2534 1678 quidem
2579 1607 2754 1662 nivem
2799 1606 2948 1661 Italia
2985 1604 3200 1666 cecidit,
3227 1613 3284 1657 ut

1713 1720 1810 1774 per
1838 1711 2053 1758 centum
2082 1702 2194 1757 dies
2218 1702 2270 1754 iu
2304 1699 2478 1772 planis
2503 1697 2639 1754 locis
2668 1706 2904 1762 teneret;
2931 1705 2986 1751 et
3012 1695 3108 1749 fuit
3136 1693 3285 1765 gelus

1715 1801 2088 1874 gravissimus,
2134 1798 2299 1852 multa
2330 1796 2536 1852 semina
2577 1802 2789 1849 mortua
2823 1796 3060 1855 fuerunt,
3089 1791 3213 1844 vitae
3241 1787 3286 1820 η

1713 1907 1849 1962 pene
1879 1890 2132 1945 omnibus
2163 1888 2214 1942 in
2256 1887 2430 1958 planis
2457 1885 2594 1941 locis
2624 1885 2990 1949 siccavemnt,
3021 1891 3072 1936 et
3099 1881 3282 1934 vinum

1713 1983 1853 2039 intra
1910 1981 2129 2036 vascula
2187 1979 2470 2050 glaciavit,
2539 1986 2598 2032 nt
2656 1975 2832 2032 :etiam
2886 1989 2984 2046 per
3043 1972 3281 2027 foramen

1712 2071 1990 2142 Spinarum
2021 2069 2154 2124 nihil
2176 2069 2380 2133 exibat,
2408 2068 2579 2122 donec
2605 2074 2942 2134 rumperetur
2975 2062 3085 2130 ipsa
3113 2059 3281 2130 glacia

1713 2179 1834 2218 cum
1882 2160 2022 2216 fuste
2073 2159 2140 2215 ab
2189 2169 2315 2214 ante
2363 2158 2476 2228 ipsa
2533 2157 2706 2227 spina.
2774 2154 2885 2210 Hoc
2937 2153 3036 2207 fuit
3076 2163 3286 2221 tempus

1703 2253 1894 2314 domui
1943 2252 2240 2308 Hludowici
2288 2250 2628 2320 imperatoris
2662 2265 2802 2303 anno
2851 2247 2942 2313 l0,
2995 2244 3286 2300 indictione

1716 2354 1903 2400 octava
1937 2343 2048 2416 (an.
2075 2342 2222 2414 859).
2266 2342 2359 2397 llis
2395 2343 2574 2412 itaque
2614 2339 2712 2394 sub
2732 2339 2994 2394 brevitate
3035 2336 3111 2391 rei
3145 2335 3285 2390 veri-

1720 2441 1802 2489 tas
1836 2433 2182 2499 transcurris,
2214 2434 2500 2487 adventum
2535 2430 2690 2501 primi
2718 2429 2945 2497 ordinis,
2974 2429 3113 2482 sicut
3142 2427 3288 2502 cepi:

1714 2538 1854 2587 mus,
1905 2519 2287 2592 exsequamur.
2342 2521 2413 2576 At
2463 2536 2591 2575 vero
2649 2520 2876 2574 domnus
2941 2518 3285 2572 llludowicus

1713 2627 1972 2688 augustus
2015 2618 2181 2672 multa
2216 2618 2431 2689 quidem
2465 2614 2867 2686 Oppressioncm
2905 2627 2935 2668 a
2967 2610 3286 2667 Sarracino-

1715 2723 1833 2762 rum
1894 2723 2026 2780 gens
2076 2709 2130 2762 iu
2190 2706 2388 2780 finibus
2446 2704 2839 2761 Beneventanis
2887 2703 3182 2768 sustinuit,
3232 2709 3290 2757 et

1713 2813 1902 2853 eorum
1945 2812 2160 2868 semper
2204 2797 2409 2852 resistit
2447 2796 2557 2866 (an.
2589 2795 2751 2864 860);
2802 2791 3169 2847 Amelmasser
3196 2805 3288 2844 eo-

1715 2906 1832 2945 rum
1858 2890 2109 2961 princeps
2134 2905 2253 2945 cum
2276 2889 2429 2944 multi
2460 2887 2734 2943 Sarraciui
2769 2886 2842 2941 ibi
2864 2884 3288 2941 consistentibus

1716 2983 1914 3037 occidit
1945 2982 2053 3053 (an.
2084 2980 2242 3051 867);
2280 2980 2470 3051 reliqui
2506 2981 2558 3034 in
2597 2990 2776 3036 castro
2798 2981 2890 3052 qui
2939 2980 3134 3036 dicitur
3165 2980 3288 3034 Bari

1717 3086 1777 3127 se
1824 3069 2038 3126 fortiter
2079 3072 2410 3134 munierunt,
2454 3070 2543 3124 ubi
2594 3069 2823 3124 donmus
2864 3071 3156 3141 imperator
3194 3085 3290 3141 per

1718 3166 1954 3241 quinque
1993 3181 2163 3225 annos
2211 3180 2305 3225 eos
2351 3180 2474 3224 cum
2510 3163 2709 3225 Franci
2746 3173 2802 3225 et
2853 3163 3190 3241 Langobardi
3236 3177 3292 3223 et

1716 3263 1911 3316 ceteris
1953 3263 2238 3315 uaciouum
2278 3276 2495 3315 suorum
2532 3259 2766 3314 fidelium
2808 3259 3171 3329 possidens“,
3216 3259 3291 3314 si-

1718 3352 1830 3408 mul
1865 3353 2032 3408 etiam
2069 3369 2190 3408 cum
2239 3368 2334 3406 sua
2360 3350 2548 3422 juge"
2593 3352 2928 3422 Augelberga
2979 3352 3197 3405 nomine
3237 3359 3292 3404 et

1718 3442 1874 3497 multi
1906 3458 2096 3498 eorum
2127 3442 2394 3497 similiter.
2435 3441 2593 3496 Circa
2638 3441 2754 3496 haec
2797 3452 3035 3512 tempora
3081 3441 3136 3496 in
3166 3440 3292 3496 Vul-

1718 3545 1970 3603 garorum
1999 3546 2128 3605 gens
2159 3531 2338 3586 divina
2383 3531 2650 3601 aspiracio
2697 3545 2924 3586 accensa
2957 3538 3059 3595 est,
3101 3537 3290 3600 quate-

1719 3641 1823 3680 nus
1857 3624 2139 3680 christiani
2192 3624 2384 3679 iiercnt
2421 3633 2476 3678 et
2523 3623 2798 3678 Christum
2839 3621 3114 3676 domimnu
3147 3621 3287 3678 coles

1720 3723 1872 3780 rent,
1931 3715 2183 3784 quoniam
2242 3723 2424 3768 tantus
2472 3727 2626 3768 amor
2678 3711 2922 3767 caritatis
2981 3711 3034 3766 in
3101 3727 3290 3767 eorum

1721 3805 1903 3875 regem
1932 3803 2197 3874 pervenit,
2242 3811 2302 3856 ut
2330 3818 2424 3873 per
2455 3817 2514 3857 se
2558 3802 2672 3872 ipse.
2715 3802 2781 3856 ad
2812 3800 3113 3858 :ecclesiam
3149 3801 3292 3863 beati

1725 3895 1877 3951 Petri
1926 3894 2098 3950 Bonna
2153 3893 2412 3958 venisset,
2469 3902 2522 3948 et
2571 3893 2643 3947 ibi
2699 3893 2836 3946 dona
2889 3891 3105 3958 obtulit,
3155 3902 3208 3945 et
3255 3908 3289 3944 a

1721 3986 1920 4042 domno
1982 3999 2118 4056 papa
2178 3981 2472 4038 Nicholaus
2531 3981 2802 4037 catholica
2861 3981 2966 4037 fide
3020 3980 3294 4046 munitus,

1719 4076 2021 4133 divinitatis
2068 4075 2309 4132 scientiae
2355 4076 2674 4140 instructus,
2727 4073 3032 4142 baptizatus
3081 4080 3135 4127 et
3182 4071 3287 4126 [ide

1722 4179 1912 4227 sancta
1972 4169 2358 4234 confirmatus,
2422 4166 2626 4238 recepit
2687 4165 2937 4221 doctores
2990 4163 3060 4218 ab
3104 4163 3299 4228 eodem,

1720 4263 1917 4318 domno
1965 4260 2278 4334 apostolico,
2313 4276 2466 4315 suam
2504 4273 2750 4314 reversus
2783 4265 2868 4310 est
2898 4255 3147 4325 patriatu.
3204 4323 3206 4326 ι

1791 4353 1880 4408 14.
1920 4351 2087 4423 Igitur
2107 4353 2234 4407 dum
2266 4351 2495 4406 domnus
2523 4347 2869 4402 llludowicus
2890 4361 3009 4399 cum
3039 4345 3151 4399 suis
3173 4343 3301 4409 Bari.

47 4453 180 4508 pago
204 4438 546 4507 Venosiaua;
583 4442 676 4497 sed
717 4442 840 4496 dum
874 4443 976 4497 irct
1003 4453 1056 4497 et
1086 4453 1407 4512 reverteret,
1447 4448 1614 4502 multa
1644 4456 1694 4516 ι)
1721 4442 2076 4506 custodirent,
2140 4439 2324 4494 nuncii
2376 4447 2641 4493 venerunt
2682 4437 2749 4493 de
2788 4435 2986 4491 ﬁnibus
3032 4434 3305 4490 Calabriae

48 4531 386 4586 levastantes
414 4547 771 4603 pauperorum
798 4534 1067 4600 domibus,
1088 4534 1421 4606 blasphemia
1447 4539 1613 4594 multa

48 4622 291 4681 .ncurrit.
332 4622 639 4682 Revertenti
681 4635 882 4691 autem,
917 4627 966 4680 in
1017 4627 1210 4683 itinere
1242 4628 1330 4684 via
1369 4637 1615 4700 egrotare

47 4713 206 4782 :epit,
256 4713 434 4777 subito
472 4716 524 4770 in
572 4717 793 4771 civitate
843 4717 1152 4772 Placentina
1201 4719 1484 4774 defunctus
1533 4730 1616 4776 est

48 4805 153 4859 ἀπ.
205 4803 360 4875 869),
399 4816 455 4861 et
503 4805 576 4864 ibi
629 4822 826 4876 corpus
868 4809 984 4878 ejus
1034 4810 1340 4878 conditum;
1387 4813 1610 4884 suisque

48 4893 354 4949 nominibus
383 4910 413 4950 a
442 4895 622 4951 multis
650 4897 813 4952 simili
845 4899 1001 4953 modo
1030 4899 1394 4971 contigerunt.

113 4988 204 5041 15.
246 4987 420 5044 Pauci
469 4989 682 5058 quidem
713 5005 846 5046 sane
880 4992 1004 5044 dum
1045 5005 1140 5062 per
1174 4993 1338 5064 gestis
1382 4994 1612 5050 ﬁliorum

47 5089 230 5149 mgnm
278 5091 473 5132 senem
516 5078 696 5147 apices
751 5094 1066 5147 conponam,
1105 5083 1316 5137 animus
1361 5099 1512 5138 meus
1548 5085 1615 5138 ad

47 5165 268 5232 'el-iqnis
299 5164 456 5219 factis
489 5167 776 5237 percurrit.
805 5168 965 5222 Multa
1000 5169 1243 5238 fatigatio
1281 5171 1622 5242 Langobardi

47 5268 84 5310 τι
114 5257 398 5325 oppressio
421 5274 449 5311 a
475 5258 789 5313 Sclavornm
822 5277 953 5330 gens
978 5262 1252 5328 sustinuit,
1283 5279 1454 5342 usque
1492 5268 1618 5320 dum

1720 4535 1961 4592 dicentes
1992 4551 2004 4586 :
2036 4531 2252 4586 Domine
2287 4531 2586 4601 imperator,
2616 4530 2772 4584 uestri
2798 4546 2907 4584 esse
2949 4527 3203 4589 volumus,
3250 4535 3302 4582 et.

1717 4633 1811 4696 per
1845 4634 2067 4678 vestram
2111 4620 2470 4692 defensionem
2485 4619 2616 4674 salvi
2643 4618 2754 4686 [ore
2798 4617 3128 4687 conﬁdimus.
3159 4613 3306 4676 Gens,

1722 4713 2127 4771 Sarracinorum
2180 4721 2447 4778 venerunt,
2491 4721 2628 4764 terra
2670 4723 2847 4763 nostra
2896 4709 3295 4778 dissipaverunt,

1720 4808 1950 4861 civitates
1986 4805 2365 4869 desolaveruiit,
2402 4805 2663 4860 a’cclesias
2694 4803 3063 4874 sit/fuderunt;
3094 4809 3297 4853 tantum

1721 4900 1792 4954 ad
1826 4916 1912 4954 vos
1939 4899 2181 4969 petimus,
2223 4907 2278 4952 ut
2322 4897 2409 4950 des
2441 4913 2532 4949 nos
2564 4906 2718 4964 caput
2756 4886 3181 4961 confortacionis,
3207 4887 3297 4974 qui

1724 4984 1816 5047 nos
1848 4992 2093 5063 adjuvant
2119 5002 2164 5045 et
2201 4989 2510 5059 confortent.
2550 4986 2890 5043 Sacramenta
2915 4984 3052 5039 vobis
3088 4982 3294 5046 damus,

1725 5086 1921 5139 tributa
1965 5083 2232 5138 solvimus.
2282 5081 2433 5136 Tunc
2481 5081 2710 5145 domnus
2749 5079 3045 5146 imperator
3093 5071 3298 5126 miseri-

1725 5175 1910 5232 cordia
1942 5185 2140 5238 motus,
2188 5190 2294 5234 non
2327 5171 2567 5245 gaudens
2603 5169 2913 5240 cupiditatis
2952 5181 3138 5222 eorum
3171 5161 3297 5233 pro-1

1727 5269 1913 5333 missa,
1943 5269 2036 5323 sed
2065 5267 2128 5322 de
2159 5265 2370 5320 illormn
2406 5263 2594 5319 dolens
2626 5261 2849 5328 malitia,
2881 5258 3042 5324 elegit
3066 5254 3299 5313 strenuis

1327 5396 1563 5453 nam:
1601 5399 2012 5469 LECTIONES.

111 5505 158 5537 ³³
186 5504 418 5560 latauias
447 5523 494 5559 c.
576 5508 615 5538 "‘
640 5508 675 5559 i.
715 5524 763 5560 e.
795 5508 947 5560 vites.
1031 5509 1072 5538 ¹⁵
1097 5507 1130 5558 i.
1174 5524 1216 5562 e.
1269 5508 1542 5563 obsidens.
1625 5509 1723 5563 "i.
1749 5528 1795 5566 ρ.
1826 5510 2051 5584 conjuge

734 5596 741 5606 “
1545 5599 1768 5655 NOTAE}.

105 5711 228 5781 (10)
263 5711 336 5765 Ex
364 5711 529 5766 Paulo
559 5712 686 5767 Diae
720 5709 804 5776 Vl,
836 5711 922 5764 ‘25-.
