3816 6322
576 353 710 408 12ῖῦ

1815 334 2102 404 sereno.
2140 346 2229 401 AD
2253 344 2424 400 sate.
2467 344 2532 425 ut
2771 300 2776 309 ’
3557 352 3623 403 ίιῖς

571 478 626 521 οι
651 467 996 522 nobilissimis
1019 469 1165 532 iiiis,
1196 467 1400 523 “omne
1430 466 1492 520 de
1519 463 1723 519 ﬁnibus
1752 446 2137 532 Bergomensis,
2172 466 2215 524 Α
2246 459 2503 512 soldanns
2525 500 2538 522 ,
2574 469 2627 512 et
2657 459 2843 528 reiiqui
2878 456 3163 512 Sarracini
3201 456 3267 509 ibi
3285 458 3625 519 (‘Ollsislcﬁliiﬁgg

569 558 763 614 Oschis
811 569 863 614 et
909 559 1201 613 Gariardus
1247 557 1529 629 episcoitis,
1569 565 1624 610 et
1679 551 2003 619 confortavit
2043 572 2136 610 eo;

546 649 799 703 -domnus
864 648 1157 717 imperator
1212 657 1266 702 et
1328 648 1509 701 dixit:
1547 646 1626 701 Ite
1685 646 1738 700 in
1789 662 1913 715 pace
1958 647 2135 714 ﬁdeles

567 738 779 804 Christi,
811 738 1023 809 angelus
1054 740 1262 793 Domini
1284 740 1444 794 bonus
1465 741 1741 793 comitetur
1769 738 2051 803 vobiscum,
2082 746 2136 793 ut

565 840 613 883 et
639 848 729 900 ego
758 832 956 884 videant
994 849 1078 885 eos
1115 841 1163 885 et
1194 832 1392 885 labores
1421 847 1578 901 quam
1610 830 1747 884 vobis
1777 832 1969 900 inpono
2022 847 2139 884 me-

568 921 717 974 rear!
748 920 899 975 Tunc
932 921 1092 976 simul
1132 936 1255 976 cum
1300 922 1432 992 ipsis
1476 921 1654 976 missis
1676 932 2055 991 perrexerunt,
2085 932 2139 978 et

567 1013 708 1066 unde
751 1021 976 1081 egerunt
1018 1012 1289 1068 ﬁrmitatis
1334 1022 1674 1068 sacramenta
1707 1022 2047 1083 receperunt,
2086 1025 2139 1070 et

568 1104 867 1159 adnnantes
913 1120 1095 1160 secum
1149 1105 1320 1174 magis
1349 1120 1413 1160 ac
1465 1106 1632 1179 magis
1676 1107 1858 1163 ﬁdeles
1889 1108 2136 1179 populus.

568 1191 807 1262 Cumque
865 1204 1128 1251 venerunt.
1181 1195 1235 1247 in
1297 1196 1568 1264 quendam
1630 1196 1807 1262 valle,
1863 1197 1953 1252 ubi
2010 1198 2141 1269 ipsis

570 1280 866 1349 Sarracini,
923 1283 1148 1338 ﬁdentes
1201 1283 1403 1353 absque
1456 1283 1563 1340 ullo
1603 1285 1818 1353 timore,
1870 1304 2138 1344 annonam

572 1382 861 1439 metentes,
912 1375 1071 1430 simul
1101 1392 1220 1431 cum
1252 1378 1449 1447 captivi
1486 1394 1621 1449 quas
1652 1362 1963 1448 habebant,
2014 1391 2141 1438 tunc

569 1464 852 1519 christiani
894 1465 1168 1522 inruentes
1196 1482 1357 1537 super
1386 1469 1527 1537 illos,
1558 1480 1611 1526 et
1641 1470 1912 1528 Sarracini
1950 1476 2138 1544 quanti

572 1554 644 1607 ibi
678 1555 998 1612 invenerunt
1041 1559 1373 1626 occiderunt,
1411 1568 1466 1615 et
1505 1563 1702 1631 captivi
1752 1562 2137 1620 liberaverunt.

574 1643 643 1701 Ut
690 1647 803 1701 lucc
834 1648 1035 1703 audivit
1082 1664 1269 1704 eorum
1319 1651 1579 1722 principe,
1619 1651 1861 1709 Cincimo
1902 1655 2139 1720 nomine,

570 1735 636 1790 de
667 1738 882 1794 civitate
923 1740 1178 1796 Amantea
1209 1742 1318 1811 (ll)
1368 1743 1580 1798 obviam
1611 1760 1796 1799 eorum
1824 1746 1973 1812 exiit,
2000 1762 2140 1817 prm-

576 1837 795 1897 paratus
819 1829 1065 1885 viriliter.
1090 1832 1159 1886 Et
1178 1833 1371 1889 exinde
1392 1832 1584 1890 Franci
1616 1837 1875 1906 comperti
1909 1847 2055 1902 sunt,
2089 1848 2144 1895 ct

566 1918 853 1989 iungentes
880 1937 937 1978 se
960 1923 1033 1977 ltii
1062 1937 1126 1978 ex
1156 1941 1258 1979 una
1288 1934 1444 1997 parte
1479 1936 1533 1981 et
1572 1927 1645 1983 illi
1677 1944 1741 1982 ex
1785 1928 1975 1993 altera,
2002 1928 2143 1985 facta

572 2019 655 2063 est
684 2019 888 2081 strages
924 2029 1114 2085 magna
1153 2013 1591 2083 Sarraeinorum,
1631 2019 1719 2087 qui
1747 2019 1868 2089 fuga
1899 2019 2139 2097 petieris;

571 2103 850 2159 christiani
903 2120 1030 2161 vero
1068 2116 1189 2176 post
1238 2124 1371 2173 eos,
1416 2110 1802 2167 interﬁcientes
1851 2128 2019 2182 usque
2074 2113 2143 2168 ad

572 2205 783 2263 portam
837 2196 1091 2252 civitatis.
1131 2198 1232 2253 Oto
1277 2213 1406 2255 vero
1450 2209 1506 2255 et
1549 2201 1787 2271 prtedicti
1818 2202 2053 2273 episcopi
2090 2210 2144 2257 et

573 2296 790 2338 suorum
843 2294 1118 2341 secutores
1165 2289 1584 2358 triumphatores
1646 2292 1849 2348 reversi
1904 2302 2031 2348 sunt
2069 2292 2143 2377 pd

574 2374 770 2432 domno
796 2377 1145 2449 imperatore.
1176 2380 1472 2450 Imperator
1502 2397 1630 2437 vero
1654 2399 1904 2454 magnum
1927 2374 2145 2456 gavisus

574 2480 656 2522 est
689 2471 963 2539 gaudium,
996 2471 1255 2547 honorem
1282 2474 1558 2542 dignitatis
1594 2490 1781 2529 eorum
1815 2477 2019 2531 tribuit.

652 2559 735 2614 15.
761 2559 1001 2616 Cincimo
1026 2578 1152 2618 vero
1193 2564 1258 2619 de
1297 2566 1409 2620 suis
1446 2574 1499 2619 et
1539 2567 1727 2635 patriae
1776 2583 1886 2622 sua:
1927 2568 2141 2639 adiuto-

576 2648 712 2703 rium
742 2652 1049 2723 colligentes
1077 2655 1356 2713 multitudo
1388 2655 1681 2721 Sarracini,
1714 2657 1815 2713 iter
1841 2667 2144 2729 pergentes,

578 2738 701 2795 Bari
748 2758 928 2800 secum
987 2755 1207 2813 euntes,
1275 2747 1441 2802 multa
1483 2748 1759 2817 dispendia
1821 2749 2145 2823 atlj:.toritttn

577 2834 809 2888 soldaui.‘
838 2836 965 2890 Erat
988 2851 1175 2891 eorum
1214 2838 1548 2904 nunciatum,
1582 2841 1722 2909 quod
1754 2839 2031 2894 christiani
2061 2856 2145 2894 ce.

578 2927 843 2981 lehrarent
877 2945 1121 2997 magnum
1156 2930 1294 2984 diem
1339 2930 1569 2997 festum,
1599 2933 1737 2988 sicut
1778 2944 1894 2988 erat
1935 2934 2033 2988 hoc
2068 2942 2149 2988 est

580 3018 835 3074 nativitas
861 3020 1067 3075 Domini
1094 3022 1261 3077 nostri
1283 3020 1407 3078 Jesu
1422 3023 1646 3093 Christi,
1676 3024 1954 3080 dicentes:
1984 3025 2147 3079 Deum

577 3127 728 3164 suum
761 3111 950 3167 colunt
999 3113 1083 3167 die
1130 3114 1256 3180 illa;
1289 3132 1448 3185 neque
1479 3118 1762 3187 pugnaturi
1795 3134 1955 3185 neque
2001 3135 2148 3172 arma

579 3204 796 3258 Ievaturi
844 3218 982 3261 sunt.
1022 3206 1220 3263 Eamus
1269 3226 1423 3279 super
1458 3210 1606 3271 illos.
1653 3211 2146 3281 comprehendamus

579 3310 666 3352 cos
693 3312 865 3355 omnes
899 3299 951 3353 in
985 3298 1309 3372 simplicitate
1335 3300 1462 3357 sua!
1494 3300 1604 3358 Hoc
1638 3302 1920 3361 consilium
1949 3302 2148 3360 domno

579 3388 893 3459 imperatori
933 3394 1243 3448 nunciatum
1279 3384 1380 3449 est.
1431 3394 1580 3450 Tunc
1634 3397 1845 3473 moniti,
1878 3408 1935 3451 ut
1983 3396 2138 3467 galio-

582 3481 752 3535 tinnio
785 3483 825 3514 ¹⁷
856 3485 1134 3539 matutinis
1170 3493 1224 3540 et
1259 3501 1467 3541 summo
1512 3486 1748 3541 diluculo
1789 3486 2054 3558 episcopis
2098 3498 2151 3542 et

579 3572 950 3628 sacerdotibus
1003 3575 1289 3629 missarum
1344 3576 1623 3631 sollemnia
1673 3576 2042 3640 celebrarent,
2097 3588 2152 3632 et

580 3665 805 3733 p0pulus
827 3668 1253 3724 communionem
1279 3668 1359 3724 vel
1381 3669 1802 3725 benedictionem
1825 3670 2149 3739 acciperent,

581 3754 739 3809 sicuti
792 3764 847 3810 et
894 3757 1153 3813 fecerunt.
1205 3758 1273 3813 Et
1321 3760 1573 3814 exierunt
1620 3769 1912 3830 querentes
1963 3758 2154 3815 Sarra-

583 3842 724 3909 cini,
750 3853 807 3899 et
855 3845 959 3902 illis
986 3857 1275 3916 querentes
1323 3848 1514 3904 Franci
1550 3849 1723 3918 iuncti
1772 3860 1896 3904 sunt
1943 3849 1996 3904 in
2037 3849 2154 3904 loco

976 3937 1172 3994 Factus
1220 3952 1301 3995 est
1359 3941 1568 3996 sonitus
1625 3956 1854 4011 magnus
1905 3941 2155 4012 clangore

584 4023 839 4087 hoccine,
893 4026 1060 4083 inuita
1092 4028 1136 4060 ¹⁸
1176 4044 1468 4099 equorum,
1518 4033 1723 4100 strepit:
1749 4049 1774 4087 s
1811 4033 2149 4102 populorum.

586 4114 828 4186 Cumque
858 4132 1021 4187 prope
1046 4134 1103 4174 se
1129 4118 1543 4189 coniungerent,
1579 4120 1764 4176 ﬁdeles
1793 4121 1995 4175 Chris:i
2033 4137 2155 4175 ora-

586 4216 780 4261 verunt
819 4205 1061 4263 dicentes
1092 4225 1105 4261 :
1148 4206 1365 4262 Domine
1400 4207 1524 4263 Iesu
1561 4206 1794 4274 Christe,
1842 4219 1897 4262 tu
1932 4210 2108 4264 dixisti
2137 4226 2154 4266 :

588 4296 693 4363 Qui
714 4298 994 4352 manduca!
1017 4315 1221 4352 carnem
1243 4316 1405 4354 meam
1431 4311 1476 4354 et
1501 4300 1623 4354 bibit
1640 4301 1943 4371 sanguinem
1961 4317 2154 4365 meum,

584 4388 750 4443 inme
779 4400 951 4444 manet
980 4399 1027 4445 et
1062 4407 1155 4460 ego
1185 4391 1238 4443 in
1278 4407 1392 4445 eum
1440 4390 1620 4463 (Joan.
1659 4408 1729 4457 vt,
1770 4391 1882 4463 i7);
1939 4408 2060 4461 ergo
2110 4393 2156 4447 si

2245 552 2482 617 tercmit,
2514 567 2655 605 anno
2702 551 2791 616 2!,
2848 550 3154 603 indictione
3196 550 3247 602 4.
3288 548 3495 604 Sameiai
3521 562 3629 611 una

2240 624 2460 696 Sttorum
2492 650 2635 696 terra
2682 642 2796 696 haec
2835 642 3094 705 audiens,
3126 639 3374 707 elegentes
3406 657 3448 696 se
3482 644 3631 699 [enisis

2238 735 2363 801 viri,
2396 734 2538 789 sicut
2570 734 2876 788 audivimus
2905 732 3109 803 viginti
3137 731 3291 786 millia
3313 732 3636 796 hominumntm.

2244 804 2368 880 tes:
2408 823 2637 878 Grandis
2682 823 3030 894 ignominiam
3083 823 3149 875 de
3198 823 3442 875 occisorum
3474 837 3637 877 lustrans

2240 928 2560 984 consonant;
2598 935 2779 973 eamus
2824 917 2997 971 illuc!
3034 914 3276 985 Cumque
3306 918 3475 985 navigio
3496 934 3642 987 prspe-

2243 1018 2391 1076 reut,
2424 1010 2786 1065 ascenderunt
2823 1018 2876 1063 ct
2909 1009 3332 1079 navigaverunt,
3367 1016 3411 1061 et
3440 1008 3595 1063 exierunt
3618 1014 3641 1063 ἐι
3712 1030 3713 1033 η

2241 1100 2438 1155 finibus
2488 1099 2885 1155 Beneventano.
2941 1099 3106 1155 Tunc
3148 1098 3380 1152 dixerunt
3426 1114 3496 1167 per
3528 1116 3643 1153 sane:

2241 1191 2479 1248 audacia:
2509 1192 2760 1247 elationis
2799 1210 2811 1245 :
2868 1190 3014 1257 Quid
3067 1189 3215 1243 nobis
3245 1189 3411 1257 ﬁducia
3436 1189 3559 1242 habere
3575 1192 3647 1243 eit-

2241 1302 2355 1339 ntus
2385 1286 2438 1339 in
2465 1286 2679 1339 navibus
2714 1283 2940 1337 nostris?
2984 1281 3307 1350 Dissipemus
3332 1298 3423 1344 eas,
3447 1282 3531 1348 quia
3550 1280 3647 1332 Frui

2242 1374 2513 1429 adversum
2542 1390 2633 1429 nos
2672 1373 2802 1427 nihil
2828 1381 3093 1442 possunt;
3128 1378 3176 1424 et
3209 1372 3281 1423 sic
3315 1370 3579 1436 prmium:
3606 1376 3648 1421 et-

2243 1479 2444 1518 rersum
2477 1480 2603 1527 nos,
2638 1464 2750 1518 sine
2782 1462 2888 1516 ullo
2917 1472 3065 1516 metu
3110 1462 3165 1516 in
3200 1477 3392 1530 regnum
3418 1476 3574 1515 nostra
3597 1481 3651 1527 ier-

2243 1573 2361 1627 gere
2390 1556 2640 1627 possunt!
2671 1556 2737 1610 Et
2772 1555 2930 1611 dictis
2974 1554 3177 1618 factis,
3202 1553 3381 1607 Franci
3404 1568 3653 1621 quercum.-

2243 1654 2389 1702 runt.
2407 1645 2732 1701 Nunciatum
2760 1645 2812 1702 id
2834 1646 3153 1716 estzdomno
3180 1643 3470 1713 imperatori,
3488 1644 3547 1711 qui
3561 1646 3647 1696 setis

2244 1737 2463 1792 mittens
2489 1736 2827 1809 principibus
2856 1735 2969 1791 suis
2996 1734 3259 1790 Hunroch
3279 1774 3294 1800 ,
3328 1733 3502 1804 Ageirid
3520 1733 3652 1789 uites.

2176 1815 2218 1874 Β
2246 1842 2367 1882 cum
2396 1828 2565 1884 electa
2590 1843 2751 1883 manu
2781 1827 3125 1882 Francorum
3155 1834 3207 1880 et
3238 1823 3596 1895 Langobardorum
3616 1840 3651 1875 te

2244 1928 2549 1975 cetezorum
2597 1920 2863 1975 nationes.
2917 1918 3226 1988 iungentes
3259 1931 3315 1970 se
3356 1915 3513 1969 inloco
3544 1915 3654 1967 ad

2246 2017 2389 2063 ctum
2418 2009 2737 2075 Martinum,
2772 2010 2839 2064 ad
2884 2008 3074 2063 strada
3108 2000 3311 2061 scilicet
3336 2019 3471 2075 prape
3494 2002 3601 2073 Caput
3623 2004 3652 2053 δέ

2248 2097 2537 2163 Vulturno,
2588 2100 2734 2154 acies
2781 2100 2907 2155 hinc
2950 2106 3004 2152 et
3037 2097 3198 2162 inde,
3242 2105 3443 2163 utraque
3467 2091 3655 2161 panisfoni

2249 2193 2579 2248 intentiones
2619 2202 2950 2263 pugnantes,
2985 2191 3084 2245 Dei
3136 2190 3403 2260 adiuvante
3436 2184 3652 2239 misericors":

2248 2285 2524 2342 Sarracini
2566 2286 2760 2342 devicti
2809 2296 2864 2341 et
2904 2284 3163 2339 debellati
3202 2292 3322 2338 sunt
3356 2278 3655 2335 ntullilutioints-

2248 2377 2561 2444 merabiles;
2585 2377 2711 2448 quia
2738 2378 2878 2447 quod
2903 2376 3122 2447 gladius
3146 2391 3249 2429 non
3272 2371 3508 2434 interemit,
3527 2368 3655 2424 inhi»

2249 2467 2514 2522 Vulturno
2542 2468 2720 2539 negati
2746 2477 2903 2531 sunt,
2938 2468 3136 2535 reiiqni
3176 2466 3293 2535 iuga
3322 2465 3392 2517 vis
3413 2465 3448 2493 η
3474 2461 3653 2515 evaderet

2249 2556 2342 2613 Sic
2372 2558 2465 2613 Dei
2503 2558 2708 2629 iudicio
2748 2558 3113 2629 complacuit;
3141 2557 3231 2627 qui
3285 2560 3494 2610 venerant
3520 2548 3651 2606 euitat

2249 2649 2378 2705 facti
2406 2658 2534 2704 sunt
2566 2649 2857 2705 humiliati.
3394 2635 3401 2643 ’

2325 2758 2410 2813 l6.
2449 2750 2531 2814 Ad
2577 2758 2694 2815 haec
2726 2759 2954 2815 victoria
2998 2769 3237 2831 patrata,
3265 2758 3461 2814 domnus
3497 2757 3652 2826 impetth

2253 2850 2305 2905 in
2329 2849 2617 2906 Beneventi
2648 2846 2850 2920 palatio
2875 2851 3129 2906 sedebat.
3156 2852 3304 2906 Tunc
3337 2848 3531 2903 Adclchis
3548 2846 3650 2913 me.

2248 2953 2432 3015 patum
2465 2942 2958 2998 Beneventanorum
2992 2944 3240 3013 regebat,
3262 2942 3346 2997 cui
3363 2943 3571 3011 imperator
3588 2950 3651 2989 sui

2249 3034 2428 3088 omnia
2481 3034 2755 3100 credebat,
2799 3045 2856 3090 et
2908 3035 3205 3092 dilectione
3284 3034 3486 3089 caritatis
3518 3032 3600 3084 inter
3628 3044 3653 3078 st

2176 3159 2217 3217 Ο
2252 3124 2475 3179 ditiebat
2498 3124 2563 3177 ²⁰.
2596 3124 2823 3180 Anticus
2872 3126 3073 3191 hostis,
3108 3126 3200 3196 qui
3230 3139 3423 3195 semper
3446 3118 3651 3217 rotundis~

2250 3215 2481 3270 ctionem
2524 3214 2860 3271 inimicitiam
2905 3217 3113 3286 querit,
3161 3223 3475 3286 evsnrgentes
3494 3206 3653 3281 permit

2250 3307 2515 3376 homines,
2551 3308 2693 3365 inter
2719 3324 2778 3365 se
2804 3308 3014 3366 occulto
3056 3309 3333 3366 dicentes:
3369 3306 3479 3372 Quid
3503 3300 3651 3372 addi

2250 3418 2429 3456 sumus
2459 3402 2552 3456 sub
2593 3412 2893 3469 potestatem
2920 3399 3297 3455 Francorum?
3321 3396 3484 3453 Taliter
3509 3392 3653 3446 licet"?

2255 3493 2365 3548 tani
2397 3510 2492 3563 per
2528 3492 2773 3549 fraudem
2798 3508 2904 3547 uno
2942 3492 3177 3547 consilio
3200 3491 3443 3561 ingerunt,
3466 3480 3651 3536 ntret’erai
3712 3524 3713 3551 ᾗ

2254 3582 2298 3614 ’³
2345 3583 2543 3637 malum
2577 3600 2674 3654 pro
2707 3584 2934 3643 bonum;
2962 3594 3238 3652 quatenus
3277 3579 3533 3641 ubicumque
3552 3569 3647 3620 ﬁt‘cs

2252 3673 2376 3728 simi
2399 3675 2752 3746 imperatores
2790 3674 3149 3738 invenissent,
3193 3672 3261 3726 ibi
3287 3668 3562 3726 custodirent,
3582 3656 3648 3710 ad

2257 3761 2631 3833 imperatorem
2677 3779 2782 3820 non
2814 3765 3152 3820 dimisissent
3201 3762 3430 3817 redirent.
3461 3756 3649 3809 Enetum

2218 3912 2231 3926 ,
2256 3853 2449 3912 Franci
2480 3855 2714 3924 separati
2755 3871 2851 3926 per
2893 3855 3152 3911 castellas
3185 3854 3263 3909 vel
3294 3853 3508 3908 civitatcS.
3537 3841 3650 3895 Βότω

2256 3946 2459 4016 absque
2483 3946 2588 4001 ullo
2612 3954 2841 4013 terrore,
2859 3949 3151 4002 credentes
3178 3946 3278 4001 ﬁde
3298 3942 3647 4032 Beneventanum.

2256 4039 2380 4093 Fuit
2405 4050 2584 4094 autem
2640 4040 2739 4095 iste
2802 4039 3114 4095 contrarius
3157 4032 3463 4093 discessionis
3504 4027 3575 4079 dies
3605 4027 3648 4071 3'9;

2255 4128 2379 4184 ldus
2423 4127 2651 4200 Augusti
2701 4130 2870 4200 (Aug.
2920 4130 3010 4201 t5)
3052 4144 3226 4200 usque
3270 4127 3328 4182 ad
3362 4114 3645 4197 Q'Jin‘°d°‘w

2258 4196 2535 4275 Kalendas
2573 4196 2835 4276 Octobres
2905 4196 3203 4276 indictione
3226 4219 3277 4274 5.
3334 4214 3424 4271 Sed
3474 4196 3648 4265 Detur
3712 4284 3713 4287 γ

2258 4309 2457 4365 domno
2485 4314 2809 4381 imperatore
2838 4312 2907 4366 ad
2951 4311 3102 4382 regni
3137 4302 3459 4380 gubernacula
3485 4287 3645 4381 imperitis

2258 4401 2625 4467 ordinaverat,
2655 4417 2776 4455 cum
2811 4401 2925 4470 ipso
2952 4410 3091 4467 erat,
3125 4401 3266 4457 sicut
3306 4384 3646 4462 legiturzCorrtsﬂ

585 4490 642 4535 tu
670 4481 958 4546 nobiscum,
1003 4483 1129 4554 quid
1176 4494 1358 4537 contra
1389 4485 1520 4538 nos?
1563 4484 1757 4540 Statim
1806 4484 2153 4541 commissum
2187 4501 2231 4554 ι)
2258 4492 2311 4545 in
2336 4509 2493 4545 mamt
2515 4491 2609 4544 Dei
2629 4502 2703 4546 est
2734 4489 2915 4560 (Prov.
2949 4508 3064 4552 xxi,
3097 4492 3172 4558 1),
3205 4490 3267 4545 Et
3294 4485 3443 4541 taliter
3460 4473 3644 4533 ﬁdelius“

586 4579 671 4627 est
710 4572 974 4642 praelium.
1006 4572 1246 4642 Cumque
1295 4573 1422 4628 forti
1476 4575 1778 4632 intencione
1826 4586 2151 4647 pugnantes,

586 4680 736 4720 arma
768 4665 982 4720 celestis
1021 4664 1349 4721 confortavit
1396 4668 1748 4733 christianos;
1781 4670 1974 4740 pagani
2024 4685 2152 4725 vero

588 4766 736 4827 terga
773 4763 1049 4811 vertentes
1086 4755 1258 4825 fugire
1307 4766 1582 4828 ceperunt.
1629 4757 1922 4817 Christiani
1975 4768 2152 4817 autem

589 4854 709 4918 post
739 4860 833 4901 eos
860 4846 1135 4911 cedentes,
1182 4862 1286 4901 non
1318 4849 1623 4915 cessabant,
1652 4846 1822 4903 donec
1868 4849 2155 4905 multitudo

588 4951 921 5007 paganorum
956 4934 1356 5002 interﬁcerent,
1387 4947 1439 4993 et
1469 4938 1732 5008 stipendia
1760 4940 2013 5010 quicquid
2050 4939 2158 4994 sol-

586 5026 711 5082 dani
755 5027 1010 5097 pergebat
1036 5026 1305 5085 'tullerint.
1334 5026 1598 5083 Soldanus
1624 5029 1739 5084 haec
1769 5029 2013 5095 audiens,
2048 5044 2157 5085 me-

588 5128 675 5173 tus
707 5135 935 5190 magnus
960 5119 1181 5174 tristare
1207 5104 1369 5189 cepit.
1404 5120 1662 5191 Sequenti
1701 5135 1884 5176 mense
1917 5120 2158 5175 Februa-

588 5214 667 5268 rio
697 5218 806 5283 (an.
835 5212 981 5282 871),
1014 5211 1202 5282 quinto
1239 5212 1452 5284 expleto
1496 5228 1639 5268 anno
1680 5213 1822 5282 quod
1866 5212 1987 5265 [tari
2036 5228 2159 5281 pos-

588 5319 761 5363 sessas
811 5307 1092 5380 habebat,f
1127 5307 1356 5363 domnus
1410 5307 1702 5378 imperator
1754 5305 2162 5376 comprehendit

2259 4578 2325 4633 ad
2364 4596 2487 4634 eum
2526 4581 2711 4635 venire
2752 4581 2898 4636 fecit.
2936 4580 3184 4635 Caelestis
3239 4578 3383 4632 timor
3418 4578 3544 4625 autem
3712 4576 3713 4579 ‘

2258 4660 2665 4726 Beneventanos
2698 4672 2893 4737 inruit;
2945 4672 3031 4725 vix
3090 4670 3293 4725 illorum
3336 4664 3432 4725 fuit,
3475 4665 3513 4708 υι
3531 4642 3643 4721 1³³⁸³⁵(Ἰὲ

2257 4761 2556 4831 potuissent
2581 4760 2699 4816 illos
2730 4760 3083 4816 dimitterent.
3115 4760 3215 4826 Qui
3250 4746 3476 4810 lctabundi
3503 4758 3521 4793 α
3712 4802 3713 4817 η

2258 4820 2585 4918 imperatore
2637 4847 2839 4903 reversi
2896 4856 3041 4903 sunt.
3116 4844 3311 4900 Eodem
3365 4820 3641 4925 annoel‘imfé'

2261 4911 2429 4995 multa
2450 4941 2601 5012 signa
2629 4948 2926 4996 monstrata
2948 4948 3094 4996 sunt.
3129 4940 3314 4996 Vinum
3332 4911 3641 5017 quomodo

2262 5030 2483 5085 miatum
2513 5041 2565 5087 et
2603 5031 2743 5086 intra
2797 5030 3014 5086 vascula
3038 5030 3083 5061 ³³
3114 5031 3292 5091 misso,
3316 5019 3461 5080 statim
3493 5001 3642 5099 NW

2262 5131 2368 5191 ωε,
2396 5125 2486 5193 qni
2531 5124 2727 5178 dicitur
2756 5124 2952 5189 versio,
2978 5122 3098 5177 fuit.
3130 5123 3185 5177 ln
3221 5122 3323 5191 ipsa
3348 5109 3499 5186 pascha
3533 5100 3639 5154 υσυαλ

2262 5229 2360 5285 per
2403 5216 2626 5271 arbores
2672 5215 2755 5271 vel
2781 5215 2909 5270 folia
2945 5225 3001 5269 et
3044 5214 3249 5283 reliqua
3277 5210 3376 5263 loca
3396 5195 3638 5295 Ρδῖἓψίιξῗίλ

2264 5280 2409 5363 ίετττι
2442 5308 2736 5377 pluvisset,
2767 5309 3013 5379 sequenti
3060 5280 3237 5362 autem
3262 5304 3359 5373 (an.
3389 5286 3519 5357 872)i
3550 5280 3637 5333 Nonii

1828 5433 2059 5489 VARle
2096 5433 2493 5492 LECTlONES.

695 5529 792 5601 ‘g’i.
820 5544 864 5581 ε.
891 5528 1179 5601 gallicinio.
1261 5529 1360 5582 "i’.
1388 5544 1433 5583 e.
1459 5528 1716 5583 hinnitus.
1808 5528 1847 5557 ¹⁹
1876 5527 1913 5579 i.
1947 5542 1992 5579 e.
2035 5526 2142 5579 vix.
2231 5528 2276 5557 ὀ
2304 5528 2340 5579 i.
2383 5546 2429 5581 e.
2466 5529 2739 5601 diligebat.
2781 5530 3064 5600 Antiquus.
3123 5530 3163 5559 ²¹
3212 5528 3245 5581 i.
3287 5539 3327 5578 ε.
3356 5507 3517 5587 gravati.

591 5597 966 5652 redderent.“
990 5600 1205 5654 uescnla
1238 5617 1285 5653 c.

3536 5500 3593 5545 τη,
3614 5508 3631 5540 (ν

2099 5695 2327 5755 ΝΟΤίΕ.

670 5794 711 5862 (1
735 5795 780 5863 Ι)
819 5793 873 5848 ltt
906 5791 1171 5847 Calabria.
