3916 6316
154 336 265 395 1277

1164 322 1488 379 ANDREAS
1524 319 1952 394 [PRESBYTER
2000 321 2301 379 BERGOM.

3230 320 3369 377 £278

151 445 265 516 Magi
294 437 467 510 pruina
497 433 709 498 cecidit,
750 433 916 489 multo
941 434 1078 489 vites
1101 433 1167 488 iu
1227 434 1401 503 planis
1431 433 1564 489 locis
1588 448 1680 488 seu
1711 436 1760 490 Α
1858 433 1944 487 18.
1972 433 2101 489 Post
2127 435 2286 503 cujus
2314 434 2520 490 obitmn
2569 448 2761 508 magna
2797 434 3074 491 tribulatio
3117 437 3168 491 in
3216 437 3367 492 Italia

149 543 193 594 in
223 532 427 589 vallibus
449 526 692 597 palmites
728 542 851 581 Clllll
897 542 999 581 uva
1040 527 1402 591 siccaveruut,
1432 525 1683 581 similiter

148 627 351 686 etsilves
387 621 430 653 ”’
469 620 817 674 tenerrimqu
853 635 977 675 cum
1035 636 1131 676 sua
1165 618 1290 675 folia
1338 620 1489 674 aride
1542 618 1682 675 facte

146 729 265 778 sunt.
294 711 534 784 Sequenti
566 721 743 766 autem
797 728 980 791 mense
1006 713 1249 781 Augusto
1280 713 1569 768 multarum
1601 712 1681 769 lo-

146 825 387 873 custarum
447 796 661 863 advenit
696 807 784 877 de.
816 807 1095 864 Vicentiua
1129 809 1376 880 partibus
1398 809 1452 864 in
1484 809 1684 866 ﬁnibus

144 906 370 964 Bresiaua
406 899 472 965 ",
513 897 790 954 deindein
846 898 1227 955 Cremonensis
1274 900 1499 967 ﬁnibus;
1558 900 1684 955 inde

143 1014 252 1058 vero
287 998 629 1067 perrexerunt
654 990 706 1045 in
740 990 1039 1047 Laudensis
1074 992 1337 1062 partibus,
1379 992 1493 1047 sive
1520 992 1682 1047 etiam

145 1083 619 1146 iullediolancusis.
658 1082 825 1137 Erant
872 1084 1020 1138 enim
1064 1092 1257 1139 unates
1312 1083 1682 1154 pergentibus,

141 1183 261 1237 sicut
303 1174 543 1231 Salomon
598 1173 771 1228 dixit:
808 1171 1061 1228 Locusta:
1107 1188 1273 1244 regem
1328 1190 1432 1229 non
1473 1174 1681 1240 habent,

140 1283 201 1330 set
222 1287 304 1339 per
322 1278 511 1322 turmas
552 1265 836 1321 ascendunt
868 1265 1049 1336 (Prov.
1108 1282 1237 1334 xxx,
1266 1266 1379 1337 27).
1423 1266 1685 1322 Devasta-

141 1370 307 1418 verunt
356 1358 494 1413 enim
546 1356 744 1410 multas
775 1370 976 1427 granas
1023 1356 1277 1424 minutas,
1311 1356 1364 1411 id
1414 1365 1499 1413 est
1537 1356 1686 1412 milio

140 1458 208 1513 vel
232 1454 428 1527 panico.
461 1451 722 1521 Completi
754 1466 895 1506 anno
921 1452 1220 1507 centesimo
1264 1467 1330 1506 ex
1354 1466 1418 1507 eo
1448 1451 1493 1485 ⁸⁸
1517 1438 1685 1506 Frau-

140 1564 299 1608 corum
321 1561 446 1619 gens
466 1544 616 1600 Italia
643 1544 868 1615 ingressi
889 1552 1017 1600 sunt
1042 1545 1156 1617 (an.
1184 1544 1335 1614 875),
1360 1558 1504 1599 anno
1529 1543 1683 1599 dom-

141 1637 458 1698 nillludovici
484 1635 828 1706 imperatoris
868 1635 962 1701 25,
993 1645 1048 1691 et
1075 1651 1248 1692 mens.
1284 1635 1342 1703 6,
1395 1635 1688 1692 indictione

139 1736 167 1788 6
205 1731 360 1786 ﬁnita.
394 1728 734 1797 lngrediente
785 1726 816 1780 7
864 1725 1181 1793 indictione,
1214 1728 1318 1783 hoc
1358 1737 1441 1783 est
1467 1727 1599 1782 anui
1640 1728 1685 1759 "

1785 527 2022 582 advenit.
2061 528 2384 600 Colligentes
2427 547 2486 587 se
2536 532 2771 603 majores
2802 531 2911 586 nati
2945 530 2997 584 in
3031 530 3247 584 civitate
3278 527 3368 582 Ti-

1786 620 1909 675 cino
1930 621 2091 675 simul
2121 637 2246 677 cum
2286 620 2625 695 Augelberga
2672 639 2893 680 suorum
2939 623 3124 693 regina
3181 634 3368 676 mense

1785 711 2092 789 Septembri
2120 711 2414 768 indictione
2445 730 2613 782 noua,
2646 723 2696 770 ct
2728 731 2953 785 pravum
2984 722 3209 785 agentes
3238 728 3369 767 con-

1785 806 1987 872 silium,
2016 790 2293 877 quatenus
2322 808 2388 863 ad
2429 813 2536 865 duo
2578 811 3169 880 mamlareutregnum,
3208 808 3259 862 id
3286 815 3370 862 est

1786 890 1975 951 Karoli
1999 897 2052 952 in
2082 897 2314 953 Francia
2350 906 2405 953 et
2434 899 2732 955 Hludovico
2789 901 2842 955 in
2891 899 3173 969 Bajoaria;
3228 899 3371 953 sicut

1785 998 1841 1044 et
1894 988 2161 1045 fecerunt.
2193 988 2346 1045 Tunc
2421 989 2650 1048 Karolus
2704 992 2946 1059 veniens,
3003 992 3252 1047 nesciens
3303 990 3371 1045 de

1788 1079 2103 1137 llludovico.
2184 1080 2511 1137 llludovicus
2579 1084 2857 1138 nesciebat
2924 1083 3067 1153 quod
3142 1080 3371 1137 Karolus

1748 1168 1753 1173 ’
1789 1173 2046 1239 venisset,
2089 1173 2237 1228 misit
2266 1173 2430 1228 ﬁlium
2452 1162 2606 1229 suum
2631 1172 2858 1228 Rat-olus
2883 1173 3119 1237 nomine,
3152 1182 3372 1244 propter

1750 1263 2105 1319 distantiam
2169 1265 2418 1321 homines
2475 1265 3015 1336 ceperuutKaroleto
3068 1266 3370 1319 nominare.

1788 1356 1990 1412 Karolo
2046 1373 2139 1412 rex
2187 1358 2407 1413 veniens
2456 1356 2700 1429 Papiam,
2766 1357 3009 1413 Karolito
3051 1358 3102 1411 in
3175 1357 3374 1411 ﬁnibus

1789 1451 2222 1508 Mediolanensis.
2255 1450 2461 1523 Cuique
2496 1467 2619 1508 cum
2666 1451 2733 1507 de
2761 1460 3015 1521 patruum
3043 1465 3199 1504 suum
3226 1463 3377 1503 com-

1787 1552 2001 1613 pertum
2031 1541 2224 1600 fuisset
2268 1545 2410 1614 quod
2432 1553 2578 1601 esset
2614 1545 2666 1599 in
2697 1543 2883 1613 Papia,
2909 1551 3169 1612 ceperunt
3198 1541 3375 1596 homi-

1794 1652 1893 1693 nes
1942 1637 2036 1708 qui
2094 1650 2155 1691 se
2209 1635 2417 1692 Carlito
2480 1637 2881 1707 coniunxerunt
2941 1635 3108 1690 multa
3168 1633 3373 1687 malitia

1791 1727 1973 1785 facere
1997 1745 2012 1795 ;
2061 1728 2162 1784 hoc
2191 1739 2275 1784 est
2306 1729 2659 1801 Bcringherio
2683 1744 2807 1784 cum
2836 1727 3043 1798 reliqua
3089 1726 3377 1781 multitudo

141 1820 496 1880 incarnationis
534 1820 736 1875 domini
768 1821 940 1876 nostri
986 1818 1116 1876 Jesu
1164 1819 1367 1877 Christi
1412 1822 1681 1894 oct0genti

1789 1819 2276 1887 statimyeneruut
2323 1821 2373 1875 iu
2422 1820 2619 1877 ﬁnibus
2643 1820 3047 1892 Bergomeusis,
3090 1818 3367 1875 residente

138 1911 439 1983 septuaginta
486 1918 599 1966 tres
630 1911 914 1975 transacti,
953 1912 1252 1982 imperator
1290 1927 1418 1968 vero
1463 1913 1685 1968 veniens

136 2008 192 2059 de
228 2002 407 2057 ﬁnibus
449 2000 832 2057 Beueveutana
875 2010 997 2072 post
1043 2002 1211 2058 multa
1242 2002 1467 2059 victoria
1525 2018 1687 2074 super

138 2092 378 2150 Sarracini
402 2090 573 2146 facta.

193 2182 269 2236 l7.
294 2179 453 2251 Igitur
496 2188 623 2251 post
669 2195 890 2247 annum,
931 2181 1034 2237 hoc
1064 2190 1148 2239 est
1174 2181 1465 2239 indictione
1507 2182 1540 2238 8
1571 2182 1683 2254 (au.

136 2270 439 2340 873),stclla
469 2272 703 2328 cometis
751 2273 803 2327 in
845 2274 980 2330 caelo
1023 2276 1350 2344 comparuit,
1391 2274 1688 2331 similitudo

136 2363 758 2435 radieutibuslongiuque
785 2369 957 2421 caude
995 2383 1092 2437 per
1137 2374 1309 2422 totum
1357 2382 1545 2423 mense
1586 2366 1687 2421 Ju-

136 2455 278 2519 uium,
331 2470 486 2511 mane
538 2465 595 2512 et
651 2472 892 2527 vespere.
940 2455 1146 2514 Deinde
1189 2458 1243 2513 in
1299 2473 1486 2515 mense
1545 2460 1687 2517 Julio
1736 2494 1737 2497 η

135 2544 380 2600 Sarraciui
407 2555 675 2603 venerunt
711 2548 863 2619 (Jun.
894 2549 1003 2620 15),
1041 2558 1096 2605 et
1115 2550 1339 2606 civitate
1370 2550 1687 2611 Cummaclo

134 2635 342 2705 (li-l5),
379 2636 498 2707 igne
545 2647 948 2694 cremaverunt.
991 2639 1247 2711 Sequenti
1290 2651 1470 2697 autem
1503 2659 1687 2699 mense
1726 2718 1731 2725 ι

132 2729 345 2796 Augusto
368 2726 718 2795 illudowicus
752 2729 1048 2800 imperator
1069 2731 1357 2787 defunctus
1378 2741 1482 2798 est,
1514 2733 1689 2803 pridie

132 2818 236 2872 ldus
260 2819 473 2889 Augusti
526 2820 683 2891 (Aug.
714 2820 825 2890 12),
872 2822 925 2877 in
956 2823 1155 2879 ﬁnibus
1199 2824 1478 2880 Bresiana.
1514 2827 1687 2881 Auto-

130 2911 235 2965 nius
262 2926 398 2976 vero,
430 2912 723 2968 Bresciane
757 2914 1063 2985 episcopus,
1092 2916 1214 2971 tulit
1244 2932 1439 2987 corpus
1460 2917 1599 2985 ejus,
1633 2928 1689 2974 et

132 3001 287 3068 posuit
311 3016 429 3056 eum
462 3004 523 3057 in
570 3004 857 3074 sepulchro
888 3005 939 3061 in
968 3007 1195 3062 ecclesia
1251 3017 1453 3063 sauctte
1483 3008 1685 3076 Μςιτίερ,

131 3092 207 3145 ubi
246 3109 433 3164 corpus
486 3097 669 3151 sancti
734 3097 1003 3154 Filastrici
1067 3100 1320 3170 quiescit.
1388 3102 1687 3172 Anspertus

1785 1912 1840 1968 in
1894 1912 2225 1968 monasterio
2273 1912 2410 1967 Fara
2454 1929 2553 1985 per
2592 1913 2906 1969 azbdomada
2956 1928 3082 1979 una,
3124 1912 3376 1967 domibus

1785 2004 2151 2072 devastantcs,
2199 2005 2464 2061 adulteria
2507 2005 2594 2061 vel
2624 2005 2877 2061 incendia
2901 2005 3185 2061 facientes.
3220 2004 3375 2058 Tunc

1784 2096 1939 2151 nmlti
1995 2096 2377 2170 Bergomeusis
2411 2098 2782 2169 relinquentes
2822 2097 3014 2153 domos
3060 2112 3185 2152 suas
3216 2098 3374 2166 plena

1785 2190 1911 2245 vino
1939 2201 1996 2245 et
2024 2206 2222 2257 anona,
2252 2200 2458 2247 tantum
2483 2207 2606 2247 cum
2637 2191 2900 2247 uxoribus
2920 2200 2973 2247 et
2996 2201 3375 2261 parameutum

1787 2282 2091 2340 incivitate
2145 2284 2230 2339 vel
2284 2285 2338 2340 in
2391 2285 2667 2341 montibus
2718 2294 3092 2355 perrexerunt.
3145 2282 3377 2338 Kal-olus

1787 2390 1881 2429 res
1926 2375 2039 2431 haec
2085 2377 2333 2445 audiens,
2392 2378 2574 2433 statim
2633 2392 2741 2449 prae
2806 2378 2938 2448 ipsis
2992 2376 3376 2432 malefactores

1788 2480 1910 2521 cum
1943 2465 2228 2522 multitudo
2277 2468 2592 2538 populorum
2638 2469 2878 2540 porrexit
2922 2468 2988 2524 de
3019 2465 3216 2524 liuiluis
3247 2469 3379 2522 Ber-

1789 2559 2060 2628 gomcnsis
2085 2558 2137 2612 iu
2163 2559 2441 2625 Bresiaua,
2475 2560 2598 2613 inde
2636 2561 2687 2613 in
2720 2561 2949 2626 Verona,
2994 2561 3118 2614 inde
3149 2575 3277 2613 vero
3322 2560 3376 2614 lu

1790 2648 2027 2705 Mantua.
2055 2650 2265 2706 Karlilo
2315 2652 2555 2721 perrexit
2601 2653 2652 2707 in
2687 2650 2954 2721 Bajoaria.
2991 2652 3141 2707 Tunc
3182 2652 3373 2706 Karluo

1770 2758 1936 2809 ‘man,
1979 2759 2274 2815 germanus
2332 2748 2469 2815 ejus,
2522 2744 2735 2799 obviam
2779 2745 2998 2800 veniens
3048 2744 3228 2799 Karoli
3283 2761 3381 2799 rex

1788 2835 2013 2892 barbaui
2039 2837 2083 2868 “
2112 2836 2222 2908 (l5)
2258 2837 2366 2902 sui,
2401 2837 2469 2892 ad
2516 2836 2737 2891 ﬂuvium
2778 2837 2870 2907 qui
2920 2837 3119 2892 dicitur
3148 2837 3377 2898 Brcuta,

1784 2934 1844 2983 et
1896 2926 2137 2997 pacificis
2171 2928 2353 2983 verbis
2396 2942 2455 2982 se
2494 2928 2559 2982 ad
2605 2927 2834 2982 invicem
2879 2927 3270 2989 salutaveruut,
3320 2934 3382 2980 et

1790 3024 2004 3085 pactum
2041 3029 2210 3084 usque
2238 3015 2289 3069 iu
2322 3030 2561 3071 mensem
2588 3015 2768 3070 Madio
2787 3016 3155 3071 ﬁrmaverunt.
3187 3015 3379 3070 Carlo-

1792 3122 2026 3163 mauuus
2078 3106 2177 3161 ivit
2222 3106 2275 3161 in
2311 3105 2581 3176 Bajoaria.
2640 3106 2873 3163 Karolus
2917 3122 3007 3163 rex
3035 3107 3274 3179 perrexit
3307 3107 3376 3160 ad

128 3182 532 3243 mediolanensis
561 3189 1003 3260 archiepiscopus
1032 3190 1297 3248 mandans
1321 3193 1370 3248 ei
1394 3210 1491 3264 per
1512 3196 1688 3251 archi—
1717 3178 1759 3234 (ἶ
1794 3199 2045 3265 Romam,
2072 3207 2128 3254 et
2156 3198 2221 3253 ad
2250 3198 2535 3254 ecclesiam
2563 3199 2705 3254 beati
2741 3198 2883 3253 Petri
2926 3199 3063 3254 doua
3093 3197 3286 3254 obtulit
3310 3197 3381 3251 ab

128 3273 386 3329 diaconum
416 3291 605 3342 suum,
634 3288 692 3333 ut
728 3280 917 3334 reddat
939 3296 1146 3351 corpus
1177 3281 1338 3348 illud;
1374 3283 1463 3337 ille
1506 3292 1688 3337 autem

128 3363 296 3418 uoluit.
324 3365 473 3422 Tunc
539 3369 802 3425 mandans
830 3369 1106 3425 Garibaldi
1151 3370 1529 3444 Bergomensis
1579 3374 1692 3443 epi-

88 3446 299 3523 'se0pus
358 3467 431 3515 eL
475 3456 761 3515 Benedicti
817 3459 1197 3518 Cremonensis
1240 3464 1525 3535 episcopus
1568 3480 1689 3521 cum

126 3561 322 3603 suormn
370 3548 692 3607 sacerdotes
721 3560 777 3607 et
824 3562 1023 3609 cuncto
1084 3553 1231 3610 clero
1284 3557 1493 3622 venire,
1553 3558 1693 3613 sicut

125 3639 223 3707 ipse
266 3641 715 3713 archiepiscopus
776 3643 1027 3700 faciebat.
1087 3646 1363 3718 Episc0pis
1428 3663 1560 3706 vero
1617 3651 1693 3705 ita

129 3730 351 3786 fecerunt
379 3743 435 3788 et
457 3733 592 3788 illuc
616 3746 1007 3803 perrexerunt;
1045 3737 1321 3794 trahentes
1344 3754 1467 3794 eum
1492 3756 1521 3794 a
1548 3749 1692 3797 terra

125 3831 173 3876 et
200 3823 418 3881 miriﬁce
469 3825 811 3891 condieutes,
869 3828 986 3883 dies
1020 3830 1211 3899 quinto
1241 3842 1365 3901 post
1409 3833 1692 3888 transitum

128 3915 173 3967 iu
199 3916 451 3983 pharetro
492 3928 819 3987 posuerunt,
867 3936 989 3975 cum
1040 3921 1187 3976 omni
1219 3924 1448 3989 honore,
1478 3924 1696 3998 hymnis

124 4001 222 4059 Deo
254 4007 635 4076 psallentibus,
672 4010 727 4064 in
772 4009 1133 4067 Mediolanum
1172 4015 1561 4084 perduxerunt.
1595 4019 1696 4076 Ve-

125 4096 320 4152 ritatem
349 4100 401 4154 iu
428 4102 650 4156 Christo
678 4103 907 4173 loquor:
941 4104 1013 4159 ibi
1050 4105 1123 4160 fui
1148 4116 1203 4162 et
1228 4117 1433 4178 partem
1459 4110 1693 4182 aliquam

120 4189 338 4255 portari,
376 4198 433 4245 et
460 4206 587 4246 cum
615 4196 956 4261 portantibus
987 4196 1261 4253 ambulavi
1288 4215 1318 4254 a
1348 4198 1570 4258 flumine
1601 4205 1694 4274 qui

120 4277 302 4333 dicitur
325 4280 459 4336 Oleo
490 4297 662 4353 usque
691 4284 759 4338 ad
794 4284 993 4341 ﬁuineu
1024 4286 1179 4342 Adua
1227 4289 1363 4360 (14).
1405 4291 1690 4349 Adductus

116 4367 269 4437 igitur
297 4371 349 4426 iu
376 4374 606 4431 civitate
650 4392 774 4432 cum
824 4394 1021 4450 magno
1059 4381 1266 4438 honore
1290 4392 1347 4438 et
1372 4383 1694 4443 lacrimabili

115 4457 251 4525 ﬁetu,
281 4463 334 4516 in
366 4465 604 4522 ecclesia
648 4469 792 4523 beati
840 4470 1109 4526 Ambrosii
1156 4473 1484 4529 confessoris
1538 4491 1693 4545 sepe-

114 4552 301 4611 lierunt
330 4560 420 4615 die
446 4561 751 4630 septimaue
781 4579 892 4619 suas
941 4564 1052 4635 (an.
1086 4566 1234 4638 875).
1275 4568 1375 4635 Qui
1407 4569 1693 4640 imperavit

112 4662 271 4704 annos
300 4652 393 4719 52,
446 4655 502 4708 id
530 4654 576 4687 "
596 4667 681 4713 est
725 4658 938 4713 vivente
978 4670 1131 4730 patre
1176 4677 1347 4718 annos
1377 4665 1441 4718 12
1468 4666 1533 4732 ³⁸,
1567 4678 1689 4737 post

112 4750 333 4797 mortem
355 4746 537 4813 patris
568 4746 612 4780 ”
641 4764 812 4805 annos
850 4750 941 4805 20.

1727 4524 1772 4582 1)

1792 3293 2090 3364 apostolico
2119 3291 2368 3348 .lohanne
2401 3301 2614 3352 unctus.
2649 3300 2705 3347 et
2749 3292 2960 3346 honore
2983 3290 3196 3361 imperii
3224 3304 3383 3345 coro-

1794 3396 1951 3440 natus
1985 3384 2134 3456 (Dec.
2181 3384 2298 3455 25),
2357 3384 2411 3438 in
2478 3384 2642 3454 Papia
2706 3392 2957 3438 reversus
3029 3391 3135 3443 est,
3194 3397 3382 3437 mense

1792 3476 2069 3543 Januario,
2102 3477 2467 3549 suprascripta
2506 3477 2800 3532 indictione
2833 3491 2973 3531 nona
3000 3477 3068 3530 ³⁸.

1870 3569 1952 3623 19.
2002 3568 2245 3638 Cumque
2300 3569 2440 3623 idem
2491 3567 2723 3623 Karolus
2765 3568 3153 3637 imperatorde
3208 3567 3380 3622 Rotua

1794 3672 2045 3712 reversus
2080 3658 2131 3712 iu
2186 3656 2351 3727 Papia
2398 3657 2611 3713 sederet
2652 3656 2764 3729 (an.
2793 3656 2944 3729 876),
2986 3655 3190 3710 audivit
3233 3658 3379 3725 quod

1798 3748 2219 3811 Karlomannus.
2248 3745 2543 3813 llludovici,
2564 3746 2726 3807 ﬁlius.
2749 3757 2941 3803 contra
2969 3761 3095 3801 eum
3133 3746 3378 3808 veniret;

1795 3824 2027 3909 cumque
2051 3839 2350 3895 exercitum
2397 3854 2555 3894 suum
2596 3838 2839 3893 adunare
2871 3836 3032 3892 vellet
3057 3846 3113 3892 et
3160 3853 3283 3891 cum
3315 3853 3384 3892 eo

1796 3931 1992 4006 bellum
2021 3945 2209 4003 gerere
2238 3931 2349 4003 (au.
2381 3932 2529 4003 877),
2559 3932 2780 4003 quidam
2808 3931 2875 3985 de
2903 3930 3038 3995 suis,
3068 3930 3119 3984 in
3146 3943 3380 4000 quorum

1799 4025 2107 4081 ﬁdelitatem
2170 4024 2407 4079 maxime
2455 4024 2779 4090 conﬁdebat,
2821 4024 2888 4078 ab
2936 4037 3001 4078 eo
3050 4020 3269 4085 defecti,
3315 4020 3382 4074 ad

1798 4115 2213 4171 Carlemaunum
2277 4130 2337 4171 se
2366 4114 2747 4187 coniungebat.
2808 4114 2963 4177 Quod
3020 4112 3109 4166 ille
3174 4113 3381 4177 videns,

1801 4208 1978 4279 fugam
2020 4208 2139 4262 iniit
2168 4215 2222 4261 et
2249 4207 2480 4263 Galliam
2518 4207 2815 4278 repedavit,
2861 4206 3150 4274 statimque
3176 4203 3228 4257 in
3269 4203 3383 4273 ipso

1800 4302 1992 4357 itinere
2046 4310 2290 4356 mortuus
2323 4310 2407 4357 est
2455 4300 2609 4372 (Oct.
2660 4298 2736 4369 6).
2788 4297 3188 4354 Carlomanuus
3252 4308 3382 4348 vero

1800 4406 2024 4462 regnum
2068 4391 2215 4445 ltalie
2242 4391 2555 4461 disponens,
2607 4400 2726 4459 post
2757 4403 2862 4444 non
2895 4385 3122 4441 nmltum
3168 4393 3383 4452 tempus

1799 4485 1865 4537 ad
1895 4492 2101 4553 patrem
2131 4482 2175 4513 ³³
2204 4482 2257 4536 in
2288 4481 2590 4550 Bajoariam
2617 4493 2868 4536 reversus
2888 4486 2971 4533 est
3006 4473 3201 4548 (Dea).
3234 4472 3382 4527 Inter

1802 4576 1917 4630 lucc
1959 4573 2287 4630 Hludovicus
2310 4589 2425 4629 res.
2496 4612 2510 4628 .
2585 4610 2603 4627 .
2675 4610 2691 4628 .

1405 4937 1635 4995 VARI/I1}
1678 4942 2080 5000 LECTIONES.

174 5029 217 5058 “
244 5032 358 5105 ne.
387 5036 562 5096 silvm.
673 5044 720 5075 "
750 5045 783 5097 ἱ.
808 5061 853 5099 e.
896 5047 1183 5104 Brixiauis.
1238 5051 1283 5081 "
1311 5052 1349 5104 ἑ.
1388 5068 1434 5105 e.

1488 5069 1614 5121 ‘llm-
1658 5059 1703 5088 "
1734 5060 1836 5115 ani?
1888 5040 1986 5113 hc.?
2029 5060 2075 5090 ’⁸
2108 5059 2158 5111 id
2192 5090 2255 5097 -ς
2287 5057 2402 5111 XX.
2453 5059 2503 5110 in
2530 5057 2779 5125 uturgiuei
2815 5054 2995 5107 additu
3031 5057 3169 5104 sunt.
3198 5046 3244 5125 ξ’
3281 5044 3380 5097 ’ίια

105 5104 358 5170 correxit;
386 5105 451 5162 Vl
487 5127 553 5164 2::
576 5124 665 5167 aut
701 5115 768 5169 Χι
789 5130 849 5171 zz:
879 5133 925 5172 ι.
959 5118 1003 5149 ³⁰
1032 5122 1221 5176 matris
1245 5138 1293 5176 ε.
1331 5123 1372 5154 ¹³
1396 5123 1469 5177 ita
1498 5104 2025 5192 correxit
2096 5104 2291 5181 "'hiuc
2320 5104 2505 5181 nutum
2531 5104 2703 5179 (eruit.
2741 5124 2787 5159 ³³
2815 5126 2880 5177 ad
2910 5135 3117 5193 patrem
3148 5118 3376 5171 utiuunc.

168 5325 386 5399 (12-13)
415 5334 767 5398 Contacchio.

170 5398 557 5495 :(fﬂnScilicct
605 5427 702 5479 per
746 5417 877 5471 lines
911 5417 1251 5488 episcopatus
1300 5419 1678 5491 Bergomcusis
1710 5464 1724 5489 ,
1793 5425 1934 5477 unde
1987 5423 2257 5479 Andream
2324 5423 2738 5495 Bergomeuscm
2792 5422 3164 5495 presbyterum
3215 5416 3381 5474 fuisse

98 5465 349 5524 cﬂiritur.

170 5539 281 5610 (l3)
319 5542 367 5596 Ι.
411 5560 460 5596 e.
505 5556 702 5613 patrui.
