3816 6322
33 333 180 389 1281

27 535 193 590 Italia
235 537 478 591 abduxit.

110 629 273 703 Anno
295 629 391 681 771
426 627 787 684 Carlmanuus
814 627 1048 685 decessit
1072 628 1107 682 2
1129 626 1264 683 Νοη.
1292 628 1623 693 Decembris,

31 718 199 787 cujus
238 735 374 774 uxor
410 727 464 774 et
492 720 586 775 lilii
611 720 821 774 italiam
848 720 1089 774 veniunt.

112 817 310 873 Carius
334 830 431 886 pro
457 816 771 873 defensione
801 817 974 873 sancti
1008 816 1154 870 Petri
1193 816 1259 870 ad
1291 813 1625 870 Hadrianum

31 909 354 979 pontificem
385 908 608 963 Romam
641 910 809 973 venit,
841 910 980 963 victo
1009 908 1305 964 Desiderio.

90 1000 276 1075 {Anno
309 1000 409 1054 778
433 999 621 1055 Carius
650 1000 704 1054 in
734 1000 989 1071 Hispania
1024 999 1388 1069 Pampilonem
1421 998 1627 1054 destru-

31 1092 143 1155 xiL
1238 1134 1241 1137 λ

109 1185 277 1239 Anno
302 1186 399 1241 781
431 1184 675 1255 Pipinus,
712 1184 852 1239 filius
880 1183 1047 1249 Carli,
1086 1183 1271 1239 Roma:
1319 1183 1623 1252 baptisalur

28 1276 109 1331 ab
132 1274 413 1331 Hadriano
436 1277 711 1346 pontilice.
743 1276 854 1329 lloc
902 1264 1043 1329 anno
1097 1274 1308 1345 signum
1341 1274 1519 1328 crucis
1571 1273 1624 1328 in

30 1370 382 1425 vestimentis
408 1371 684 1423 hominum
715 1369 891 1423 visum
941 1377 1048 1431 est,
1071 1376 1129 1422 et
1166 1366 1386 1438 sanguis
1413 1382 1444 1421 e
1488 1366 1626 1422 caelo

32 1462 94 1515 in
131 1471 333 1515 terram
361 1461 534 1515 fluxit.

112 1552 274 1607 Anno
299 1552 399 1608 786
429 1552 619 1607 Carius
649 1551 1012 1606 Beneventum
1039 1559 1307 1621 expugnat
1340 1551 1482 1604 victo
1503 1548 1624 1605 Gri-

31 1641 282 1704 mualdo,
339 1641 448 1696 filio
490 1642 701 1713 Aragisi
756 1641 1256 1696 Beneventanorum
1289 1640 1459 1695 ducis.
1491 1640 1627 1695 Her-

32 1734 327 1799 nodrudis,
361 1732 466 1787 lilia
500 1733 661 1804 regis,
694 1749 724 1787 ιι
766 1730 1122 1788 Constantino
1165 1733 1489 1802 imperatore
1527 1732 1623 1786 de-

30 1839 242 1895 sponsa
252 1834 355 1879 tur.
579 1874 583 1878 .

112 1917 273 1970 Anno
295 1915 397 1972 787
428 1914 741 1971 Grzecorum
772 1916 1047 1971 exercitus
1076 1931 1104 1971 a
1137 1914 1381 1983 Francis,
1417 1914 1627 1986 Longo-

29 2008 231 2064 bardis
253 2018 306 2064 et
334 2009 726 2064 Beneventanis
751 2018 1057 2078 superatur.

114 2101 275 2157 Anno
304 2102 406 2157 796
435 2103 667 2158 moritur
713 2102 1016 2168 Adrianus,
1068 2101 1154 2158 cui
1209 2102 1471 2158 successit
1519 2101 1628 2156 Leo

38 2191 309 2262 pontifex.
330 2224 339 2230 -

116 2282 274 2335 Anno
306 2280 407 2337 797
447 2280 1073 2352 Constantinopolitanus
1115 2281 1409 2352 imperator
1440 2294 1626 2336 excae-

36 2383 204 2427 ςτιιιις
233 2381 333 2428 est.
596 2428 601 2435 ,
878 2354 893 2370 .

118 2465 275 2518 Anno
299 2464 395 2520 801
432 2464 484 2519 in
509 2465 596 2521 die
624 2464 827 2521 natalis
848 2464 1058 2520 Domini
1090 2473 1215 2519 ante
1233 2464 1626 2525 confessionem

40 2558 191 2611 beati
226 2557 364 2611 Petri
394 2556 505 2612 Leo
529 2573 784 2614 coronam
807 2559 965 2615 Cario
988 2559 1274 2630 imposuit;
1308 2568 1434 2614 tunc
1460 2574 1629 2628 popu-

32 2648 136 2702 lus
163 2648 436 2704 Romanus
462 2648 713 2704 clamavit
740 2668 753 2704 :
786 2649 945 2705 Carlo
999 2651 1235 2720 Augusto
1268 2668 1299 2703 a
1338 2650 1441 2703 Deo
1477 2666 1626 2703 coro-

32 2749 177 2792 nato
198 2755 381 2809 magno
411 2748 459 2792 et
506 2740 738 2810 pacifera
788 2742 1087 2810 imperatori
1140 2740 1494 2795 Romanorum
1524 2743 1627 2796 rita

28 2841 98 2884 et
126 2830 376 2885 victoria!
409 2831 536 2886 inde
562 2847 713 2888 more
732 2833 1075 2903 antiquorum
1106 2832 1407 2903 principum
1435 2834 1628 2887 adora-

36 2929 161 2977 ωε.
193 2919 302 2977 Hoc
339 2938 480 2979 anno
507 2923 542 2977 2
575 2923 803 2980 Kalend.
836 2924 960 2981 Maii
1002 2933 1159 2980 terrae
1202 2932 1381 2980 motus
1408 2925 1509 2980 fuit
1532 2939 1628 2995 per

42 3025 220 3071 totam
246 3015 474 3083 Italiam,
504 3026 563 3072 ut
587 3018 745 3074 urbes
769 3030 1011 3084 ruerent,
1062 3026 1117 3073 et
1162 3026 1362 3073 tectum
1390 3017 1627 3073 basilica:

30 3106 224 3162 sancti
248 3106 396 3163 Pauli
425 3107 608 3162 Romae
630 3124 753 3164 cum
778 3109 1023 3165 trabibus
1054 3110 1348 3167 decideret.

120 3201 276 3256 Anno
305 3200 408 3255 806
436 3201 646 3256 Hereua
694 3200 1008 3270 imperatrix
1044 3201 1110 3256 de
1163 3200 1626 3271 ConstantinOpoli

48 3291 198 3346 misit
223 3290 457 3361 legatum
484 3292 702 3347 nomine
737 3291 974 3348 Leonem
1019 3292 1085 3347 de
1122 3306 1255 3361 pace
1292 3291 1625 3347 conﬁcienda

46 3383 193 3437 inter
221 3381 439 3438 Graecos
468 3392 523 3438 et
552 3382 810 3440 Francos.

122 3475 325 3529 Boemii
357 3474 534 3529 Sclavi
568 3475 674 3530 alio
704 3474 1204 3545 nomineappellati
1229 3484 1375 3531 sunt.

117 3567 308 3625 Car-lus
354 3567 564 3639 junior,
621 3567 764 3623 ﬁlius
820 3567 1196 3639 imperatoris,
1238 3582 1478 3623 sororem
1532 3566 1631 3622 ha-

44 3659 166 3714 buit
213 3657 565 3727 Henrodrud,
615 3673 735 3731 quae
784 3657 1017 3717 decessit
1063 3672 1209 3717 anno
1256 3656 1390 3727 811,
1434 3656 1468 3711 8
1507 3656 1629 3712 ldus

40 3750 213 3806 Junii.

118 3843 235 3899 Hoc
269 3852 509 3915 tempore
538 3843 807 3901 Niciforus
837 3846 1132 3916 imperator
1154 3842 1622 3910 Graecorumerat,

41 3934 136 4004 qui
164 3943 283 4004 post
330 3935 528 3990 multas
570 3937 823 3998 victorias
872 3947 926 3993 et
975 3952 1063 3993 res
1099 3952 1358 4008 prospere
1379 3947 1560 4008 gestas
1597 3952 1626 3992 a

44 4026 300 4098 Vulgaris
329 4029 539 4084 occisus
565 4044 708 4084 anno
730 4030 865 4096 8M;
901 4029 986 4084 cui
1022 4030 1211 4089 statim
1233 4028 1495 4084 successit
1532 4027 1629 4083 Mi-

41 4119 224 4185 chael,
255 4119 346 4189 qui
384 4120 590 4191 legatos
617 4121 761 4177 Carli
787 4122 856 4178 ad
890 4121 1192 4178 Nicil‘orum
1222 4121 1419 4177 missos
1468 4121 1625 4177 beni-

34 4228 149 4282 gne
175 4213 637 4284 Constantinopoli
662 4214 887 4283 audivit,
904 4229 966 4272 ac
982 4204 1107 4272 suos
1131 4214 1198 4271 ad
1218 4213 1435 4271 Carlum
1460 4204 1625 4268 misit.

36 4307 161 4360 Hoc
188 4298 332 4360 anno
360 4304 460 4360 fuit
480 4306 729 4377 eclypsis.
1443 4352 1451 4358 .

109 4398 277 4452 Anno
297 4397 400 4453 815
428 4398 615 4454 Carius
637 4398 671 4453 5
699 4398 923 4454 Kalend.
974 4399 1131 4455 Febr.
1182 4397 1437 4465 decessit,
1483 4410 1625 4454 anno

1126 328 1448 387 ANDREAS
1490 328 1900 387 PRESBYTER
1942 330 2229 388 BERGOM.

30 443 408 513 gobardorum
439 443 599 501 Cario
628 443 738 501 lilio
784 459 882 500 suo
928 444 1175 513 coniugio
1218 443 1531 498 sociantlum
1562 445 1627 498 de
1660 452 1700 506 Α

3182 322 3317 382 i282

1803 449 1957 499 Anno
1980 445 2083 500 839
2107 444 2337 514 eclypsis
2378 445 2631 498 maxima.

1804 537 1957 589 Anno
1981 536 2086 589 8:20
2133 535 2382 603 Pipinus,
2435 534 2748 590 lluluilovici
2804 532 2977 603 ﬁlius,
3034 535 3310 591 Vascones

1728 627 1876 680 vicit.

1739 754 1745 759 .
1798 719 1955 771 Anno
2006 716 2112 772 8‘25
2166 717 2459 786 imperator
2512 718 2874 775 lluluilovicus
2931 718 3306 789 pmnitentlam

1728 825 1949 864 suorum
1986 809 2306 865 delictorum
2342 808 2487 864 fecit.
2523 810 2870 865 liulotharius
2899 810 3105 865 Italiam
3128 811 3306 874 venit;

1728 900 1953 969 l’ipinus
1977 899 2093 970 ejus
2117 900 2284 955 frater
2305 916 2429 954 cum
2465 916 2631 956 uxore
2660 903 2713 956 in
2745 902 3089 972 Aquitaniam
3116 905 3311 958 missus

1726 1002 1828 1048 est.

1798 1083 1953 1138 Anno
1977 1082 2082 1139 824
2116 1082 2433 1139 Hlutharius
2468 1099 2495 1137 a
2539 1083 2799 1140 Paschale
2840 1096 3152 1152 coronatur,
3193 1097 3245 1143 et
3276 1104 3306 1141 a

1727 1176 1925 1244 pepulo
1958 1175 2205 1231 Romano
2246 1177 2523 1247 Augustus
2578 1178 2897 1248 appellatur.
2962 1180 3310 1236 Liudevithus

1726 1266 1851 1323 dolo
1878 1268 2226 1332 Alvidemilii,
2255 1269 2501 1324 avunculi
2528 1269 2718 1325 Bornae
2740 1270 2894 1327 ducis
2916 1272 3304 1337 Dalmatarum,

1729 1358 2078 1426 interficitur,
2104 1370 2158 1415 et
2182 1360 2347 1415 multa
2364 1361 2607 1432 prodigia
2636 1361 2874 1417 fuerunt.
2958 1404 2959 1407 η
3056 1394 3057 1397 η

1799 1452 1955 1507 Anno
1993 1452 2097 1507 8‘25
2130 1453 2359 1508 moritur
2387 1453 2660 1509 Paschalis
2686 1455 2952 1526 pontifex,
2975 1455 3062 1510 cui
3087 1471 3308 1511 succes-

1728 1543 1797 1598 sit
1819 1544 2110 1615 Eugenius.
2566 1545 2569 1547 ’

1797 1634 1954 1689 Λιιηο
1978 1634 2080 1690 827
2116 1635 2285 1691 abbas
2329 1636 2503 1691 sancti
2552 1636 2787 1709 Dionysii
2845 1638 3070 1693 Romam
3123 1640 3307 1705 mittit,

1729 1733 1783 1778 et
1807 1734 2079 1780 annuente
2112 1726 2352 1797 Eugenio
2377 1742 2501 1783 ossa
2523 1727 2828 1784 Sebastiani
2856 1730 3108 1801 martyris
3133 1738 3309 1785 trans-

1729 1823 2033 1886 portantur,
2072 1826 2128 1872 et
2150 1816 2488 1871 collocantur
2515 1819 2654 1887 apud
2677 1817 3007 1874 Snessonam
3033 1820 3306 1875 civitatem

1729 1908 1781 1962 in
1812 1908 2008 1979 templo
2036 1910 2211 1964 sancti
2241 1910 2501 1965 .‘llcdardi.

1742 2044 1745 2047 .
1797 1999 1953 2053 Anno
1981 1999 2085 2054 8%
2115 2014 2341 2069 corpora
2397 2008 2710 2056 sanctorum
2739 2010 3040 2073 martyrum
3081 2000 3309 2056 Marcel-

1729 2092 1821 2145 lini
1871 2101 1926 2147 et
1972 2091 2116 2147 Petri
2167 2092 2219 2146 in
2268 2092 2497 2148 Galliam
2554 2092 2978 2149 transferuntur.
3036 2093 3310 2165 Eugenius

1727 2184 1971 2254 pontifex
2005 2186 2265 2250 moritur;
2324 2186 2409 2240 eui
2459 2186 2724 2241 successit
2768 2187 3083 2242 Valentinus
3128 2184 3309 2241 diaco-

1728 2290 1850 2339 nus,
1888 2275 1975 2331 cui
2005 2275 2199 2331 deinde
2227 2276 2490 2332 successit
2514 2275 2808 2348 Gregorius
2835 2278 3116 2349 presbyter
3135 2278 3310 2333 sancti

1728 2367 1918 2421 Marci.

1800 2459 1956 2535 Anno
1987 2458 2092 2512 855
2137 2458 2433 2528 imperator
2473 2474 2597 2513 cum
2647 2460 2890 2514 exercitu
2937 2468 3126 2514 contra
3185 2458 3311 2514 illo-

1732 2551 1967 2606 tharium
2014 2550 2180 2605 lilittm
2225 2552 2403 2615 venit,
2436 2551 2685 2622 Pipinum
2732 2567 2898 2621 regno
2926 2553 3138 2622 privat;
3170 2553 3311 2623 ecly-

1730 2644 1840 2712 psis
1896 2643 2025 2699 solis
2075 2646 2110 2698 2
2149 2643 2287 2697 Non.
2338 2643 2497 2711 Maii,
2544 2644 2710 2699 Lunae
2765 2661 2896 2700 vero
2954 2646 3018 2699 15
3081 2645 3306 2699 Kalend.

1729 2732 1872 2788 Maii.
2248 2718 2249 2721 “

1801 2829 2063 2899 Sequenti
2087 2843 2230 2884 anno
2259 2830 2554 2899 imperator
2583 2844 2614 2884 a
2643 2830 2758 2886 suis
2802 2831 3072 2897 desertus,
3116 2848 3147 2886 a
3185 2831 3310 2887 ﬁliis

1729 2934 1940 2996 captus,
1972 2942 2093 2981 cum
2124 2926 2321 2997 quibus
2347 2935 2467 2981 erat
2488 2926 2785 2997 Gregorius
2811 2926 3073 2998 pontifex.

1801 3019 2059 3089 Sequenti
2084 3034 2226 3075 anno
2250 3019 2475 3076 consilio
2501 3022 2876 3091 episcoporum
2900 3020 3216 3090 pmnitentia
3240 3021 3309 3073 ab

1731 3113 2061 3182 imperatore
2087 3112 2341 3168 efficitur.

1801 3206 1959 3259 Anno
1988 3206 2092 3260 858
2121 3205 2370 3259 Ticinum
2403 3205 2454 3258 in
2486 3204 2634 3258 Italia
2668 3203 2839 3259 fertur
2860 3204 2894 3258 5
2921 3203 3038 3258 Kal.
3065 3203 3307 3259 Januarii

1732 3296 2045 3363 tremuisse;
2077 3306 2318 3352 cometes
2342 3296 2394 3350 in
2426 3296 2582 3367 signo
2609 3295 2783 3350 Libra:
2810 3296 2844 3349 5
2873 3295 2997 3350 ldus
3026 3297 3191 3365 April.
3212 3311 3309 3365 per

1730 3399 1840 3444 tres
1869 3399 2055 3444 noctes
2080 3388 2365 3457 apparuit:
2395 3388 2663 3457 primores
2689 3387 2740 3440 in
2773 3388 2813 3439 It
2833 3386 2919 3440 alia
2978 3387 3305 3447 moriuntur.

1729 3496 1950 3538 suorum
1973 3479 2230 3550 praecipui
2263 3478 2639 3533 Lanthherdus
2665 3488 2719 3532 et
2750 3477 2956 3548 Hugus.

1741 3601 1745 3604 ~
1800 3572 2059 3642 Sequenti
2089 3586 2232 3625 anno
2257 3569 2323 3625 15
2353 3571 2469 3624 Kal.
2498 3570 2753 3625 Februar.
2788 3578 3127 3624 terratmotus
3167 3571 3307 3639 apud

1730 3671 1973 3724 sanctum
2004 3659 2312 3714 Nazarium.
2346 3659 2565 3730 Pipinus
2594 3659 2751 3727 illius,
2770 3674 2865 3714 rex
2885 3658 3302 3728 Aquitanorum,

1726 3775 1914 3815 mense
1941 3751 2283 3816 Novembri!
2300 3751 2544 3804 moritur.

1799 3853 1955 3907 Anno
1984 3852 2087 3907 810
2114 3843 2408 3923 impera'pr
2436 3842 2730 3900 Πῐιιτῑηνῑοο
2778 3840 3063 3927 liiuilzario
3108 3843 3214 3905 hiio
3253 3856 3307 3902 et

1684 4008 1689 4011 τ
1729 3945 1887 4001 Cario
1923 3946 2147 4001 minimo
2172 3947 2282 4000 lilio
2328 3961 2549 4016 regnum
2575 3945 2908 4000 Francorum
2935 3944 3151 4008 dividit;
3181 3941 3306 3995 11111-

1730 4039 1909 4094 thario
1937 4055 2085 4095 suam
2114 4040 2429 4110 dignitatem
2480 4037 2716 4106 reliquit.
2770 4022 3019 4092 Cometes
3056 4034 3308 4105 apparuit

1729 4129 1782 4185 in
1810 4130 1963 4201 signo
1985 4129 2214 4195 Arietis;
2249 4128 2444 4185 caelum
2479 4140 2637 4183 noctu
2670 4130 2721 4180 in
2750 4128 3043 4181 serenitate
3068 4122 3303 4185 erubuit,

1729 4222 1946 4295 igniculi
1975 4223 2180 4277 similes
2204 4221 2372 4276 stellis
2404 4236 2499 4291 per
2522 4212 2716 4273 cmlum
2761 4214 3160 4273 discurrebant.

1799 4313 2096 4384 Imperator
2145 4313 2378 4367 moritur
2425 4310 2493 4363 12
2550 4309 2779 4363 Kalend.
2831 4306 2956 4361 Julii
2996 4308 3048 4359 in
3075 4304 3303 4374 quadam

1728 4404 1899 4461 insula
1927 4404 2099 4459 Rheni
2127 4403 2301 4469 ﬂuvii;
2333 4404 2384 4456 in
2416 4402 2616 4471 templo
2631 4399 2815 4455 Sancti
2838 4397 3118 4466 Arinulphi
3151 4409 3306 4464 sepe—

32 4505 159 4546 sua:
186 4490 364 4545 aetatis
393 4490 481 4556 71,
512 4490 660 4562 regni
686 4490 1021 4546 Francorum
1047 4491 1137 4557 47,
1184 4489 1420 4544 subactae
1459 4487 1625 4543 italiae

1755 4498 1878 4552 itur.
1911 4496 2323 4551 Hludatharium
2358 4494 2524 4548 lilium
2578 4493 2877 4561 suscipiunt
2919 4489 3142 4553 Franci;
3191 4488 3306 4555 ejus

33 4581 136 4647 44,
170 4595 237 4635 ex
276 4596 381 4651 quo
426 4581 700 4651 Augustus
735 4581 1035 4653 appellatur
1087 4581 1182 4649 M;
1236 4581 1322 4636 cui
1369 4579 1629 4636 successit

35 4670 415 4726 Huludovicus
439 4671 581 4726 filius
608 4670 870 4747 ejus,’qui
900 4670 1198 4742 legationes
1220 4670 1293 4725 ad
1326 4670 1625 4741 genitorem
1660 4694 1661 4697 η

30 4764 245 4818 missas
270 4771 323 4817 et
352 4763 475 4817 inde
504 4764 570 4817 ad
602 4778 660 4819 se
697 4763 931 4828 audivit;
971 4772 1026 4817 et
1074 4762 1260 4817 Roma:
1300 4761 1521 4832 quidam
1572 4761 1627 4815 in

32 4871 235 4912 necem
265 4855 461 4913 Leonis
486 4872 636 4927 papa:
657 4857 1030 4927 conspirantes
1057 4854 1627 4911 interficiunturanuo

27 4949 171 5007 816.

110 5043 274 5095 Anno
300 5039 423 5105 817,
448 5038 481 5093 8
504 5038 726 5093 Kalend.
758 5038 927 5104 Junii,
960 5038 1193 5093 moritur
1216 5036 1327 5092 Leo
1352 5034 1625 5106 pontifex,

30 5129 132 5187 cui
169 5128 434 5183 successit
460 5126 768 5196 Stephanus
795 5127 1077 5183 diaconus.

111 5219 273 5274 Auno
300 5216 429 5283 818,
468 5215 605 5272 Νοιι.
646 5216 805 5273 Febr.
852 5216 1086 5288 eclypsis
1113 5214 1282 5283 facta;
1320 5224 1477 5271 nocte
1500 5230 1627 5269 vero

31 5321 287 5369 cometes
340 5312 607 5383 apparuit.
663 5310 890 5365 Moritur
944 5310 1250 5381 Stephanus
1304 5308 1544 5379 pontifex
1590 5310 1623 5366 8

31 5405 167 5459 ldus
194 5401 378 5469 Febr.,
431 5401 515 5456 cui
571 5401 831 5459 successit
872 5400 1149 5455 Paschalis
1179 5400 1480 5470 presbyter.
1522 5400 1625 5454 lmc

30 5505 267 5569 perator
298 5508 426 5549 vero
456 5493 623 5548 filium
654 5508 809 5548 suum
856 5490 1195 5546 Hlotharium
1226 5491 1527 5556 coronavit,
1572 5500 1626 5546 et

32 5589 223 5644 locum
255 5586 308 5640 in
360 5587 586 5657 imperio
636 5586 739 5641 sibi
789 5583 1087 5640 constituit.
1130 5582 1497 5647 Bernhardus,
1530 5597 1626 5639 rex

34 5679 549 5750 Langobardorum,
581 5677 893 5749 imperatori
922 5691 980 5730 se
1011 5676 1248 5731 tradidit.
1285 5675 1415 5740 Leo,
1451 5676 1623 5744 impe-

34 5781 196 5826 rator
219 5767 587 5825 Romanorum
612 5768 663 5824 in
691 5765 920 5835 Graecia,
946 5766 1009 5821 ad
1053 5765 1443 5821 lluludovicum
1480 5766 1624 5823 misit

38 5866 111 5919 de
147 5874 297 5929 pace.

1729 4586 1949 4652 fratres,
1978 4585 2031 4640 id
2057 4592 2138 4639 est
2181 4583 2507 4638 llludavicus
2532 4591 2585 4638 et
2611 4582 2821 4643 Carlus,
2854 4589 3042 4634 contra
3070 4591 3192 4631 eum
3220 4591 3305 4630 ve-

1728 4679 1943 4735 nientes
1971 4676 2270 4747 confregit;
2306 4675 2430 4730 inde
2456 4675 2507 4729 in
2534 4673 2750 4729 Carlum
2776 4671 3070 4725 exercitum
3085 4667 3301 4722 direxit.

1730 4768 2056 4824 Hludavicus
2083 4781 2212 4822 vero
2236 4781 2403 4820 manu
2449 4764 2626 4818 valida
2661 4761 2918 4825 Francos,
2950 4758 3302 4816 Alamannos,

1732 4850 1997 4929 Saxones,
2031 4860 2359 4931 Thuringios
2383 4858 2487 4914 sibi
2520 4856 2807 4911 conﬁrmat
2832 4866 2985 4922 pace.

1797 4958 1955 5013 Anno
1982 4956 2087 5014 845
2113 4964 2268 5010 atrox
2294 4953 2493 5009 bellum
2517 4952 2658 5005 inter
2687 4949 3067 5018 imperatorem
3097 4952 3149 4999 et
3195 4941 3307 4996 fra-

1729 5059 1873 5117 tres;
1904 5048 2137 5121 eclypsis
2160 5047 2300 5101 luna:
2340 5045 2439 5099 fuit
2463 5045 2497 5099 5
2523 5042 2643 5097 Kal.
2672 5040 2845 5111 April.

1801 5140 2063 5212 Sequenti
2090 5151 2232 5193 anno
2275 5134 2591 5191 dividuntur
2618 5147 2781 5203 regna
2834 5130 2975 5184 inter
3022 5127 3218 5182 fratres
3251 5132 3307 5179 et

1729 5237 2139 5305 imperatorem;
2174 5231 2402 5287 moritur
2445 5225 2738 5295 Gregorius
2775 5219 3038 5293 pontifex,
3068 5220 3155 5273 cui
3185 5231 3308 5273 suc-

1727 5329 1891 5385 cessit
1919 5326 2160 5397 Sergius.
2194 5321 2365 5378 Mauri
2388 5320 2753 5375 Beneventum
2782 5320 3067 5381 occupant.

1799 5424 1955 5478 Anno
1984 5419 2088 5475 845
2128 5416 2410 5471 Hrabanus
2442 5411 2737 5466 monachus
2765 5405 2950 5459 laudes
2979 5402 3157 5457 crucis
3186 5415 3307 5454 car-

1730 5515 1873 5570 mine
1905 5508 2228 5580 composuit,
2254 5513 2308 5559 et
2336 5504 2523 5576 Sergio
2550 5498 2865 5557 transmisit.

1798 5605 1953 5659 Anno
1981 5601 2081 5657 847
2114 5598 2305 5664 Mauri,
2358 5610 2479 5651 cum
2528 5591 2716 5647 urbem
2766 5589 2950 5642 Roma:
2997 5598 3306 5655 expugnare

1729 5714 1833 5754 non
1871 5701 2109 5767 possent,
2145 5691 2402 5762 templum
2435 5686 2605 5743 sancti
2634 5683 2777 5738 Petri
2805 5690 3171 5735 vastaverunt.

1803 5765 1958 5841 Anno
1985 5785 2087 5841 856
2139 5782 2203 5837 16
2232 5780 2452 5837 Kalend.
2476 5774 2737 5833 Novemb.
2765 5771 2983 5844 igniculi
3012 5770 3182 5824 instar
3201 5765 3308 5835 spi-

1696 5998 1705 5999 κ
1731 5998 1802 6006 .-,-
1817 5998 1833 6005 ,η
