3816 6322
5 367 107 424 389

125 478 216 532 An
241 476 416 548 qualis
444 475 664 546 referam
696 475 924 531 Francis
955 476 1253 532 dominetur
1284 476 1340 532 in
1375 492 1512 530 arvis

5 568 69 618 οι)
116 565 308 633 Oddo,
349 566 448 621 mei
473 565 670 621 similes
696 566 898 620 dudum
919 568 1131 638 notique
1154 567 1362 622 sodales
1389 568 1413 620 ?

113 656 288 712 Solus
320 658 468 727 egon‘
493 658 648 711 donis
677 657 846 713 saeclis
871 658 1119 728 privabor
1137 659 1297 728 opimi

111 747 376 808 Et.taciti
405 759 596 804 metam
619 750 762 805 solus
791 751 1037 804 devolvor
1062 751 1130 804 ad
1162 750 1295 806 crvi?

107 837 173 891 Ν
178 857 270 904 .m,
297 839 462 894 donec
486 856 646 908 puras
674 842 882 895 animus
915 841 1217 910 depascitur
1238 857 1401 895 auras
1422 883 1434 905 ,

121 928 228 984 Vel
257 931 306 984 si
340 947 422 986 me
451 927 667 1002 rapidus
721 931 932 986 Mavors
980 933 1344 1002 perstrinxerit
1382 949 1577 998 armis,

5 1019 65 1074 l5
112 1018 448 1076 Provolvens
468 1022 723 1092 juvenum
758 1021 905 1091 fusos
937 1022 994 1076 in
1017 1022 1272 1092 sanguine
1293 1023 1508 1092 patres!

110 1108 348 1168 Talibus
373 1113 576 1168 irarum
600 1114 760 1168 dictis
790 1113 1048 1169 fundebat
1076 1113 1341 1181 habenas,

115 1203 309 1262 Mente
336 1219 578 1278 coquens
603 1207 799 1273 bilem;
849 1206 1003 1277 jacto
1046 1207 1158 1278 (21)
1193 1207 1341 1262 velut
1383 1208 1582 1276 aspera

1414 1297 1579 1370 [saxo

113 1386 386 1444 Cominus
421 1390 653 1460 erigitur
679 1401 924 1460 serpens,
957 1389 1044 1446 cui
1077 1389 1264 1445 subter
1294 1389 1486 1444 inanes

115 1477 312 1551 Longa
342 1481 463 1536 sitis
491 1482 752 1549 latebras,
783 1491 1030 1552 totosque
1057 1484 1257 1554 agitata
1289 1496 1385 1552 per
1405 1493 1575 1543 artus.

5 1569 70 1621 I'J
110 1569 399 1626 Convocat
429 1571 483 1626 in
533 1572 718 1629 fauces
745 1581 802 1628 et
830 1583 1086 1644 squamea
1115 1573 1250 1629 colla
1287 1588 1574 1628 venenum.-

117 1661 358 1733 Jamque
387 1664 516 1735 legit
549 1667 730 1722 socios
760 1676 916 1736 aptos
947 1666 1230 1722 furialibus
1265 1666 1430 1720 ausis.

204 1753 370 1816 Fama
398 1757 585 1812 volans
613 1759 755 1830 regis
781 1759 979 1815 nitidas
1003 1774 1125 1814 cum
1147 1759 1376 1829 perculit
1395 1773 1576 1823 aures,
1677 1795 1681 1798 -

1607 1845 1652 1905 Β
1686 1840 1786 1897 155
1824 1841 2034 1898 Damna
2074 1845 2238 1915 ferent
2274 1847 2298 1900 ?
2345 1847 2593 1905 lnlensus
2646 1849 2712 1903 ad
2761 1849 2876 1904 haec
2919 1849 2994 1904 ita
3049 1848 3283 1906 reddidit

118 1843 367 1901 Conatus
397 1847 604 1916 agitare
631 1849 763 1904 satis
792 1849 1062 1905 Widonen
1097 1850 1332 1919 iniquos,-

123 1935 365 1992 Fortuna
391 1949 643 1996 servante
668 1941 908 2006 modum,
931 1941 1106 2011 quatit
1127 1942 1215 1996 ille
1241 1942 1578 1997 tremendum

5 2022 73 2077 )3
125 2024 319 2097 Reguli
350 2028 416 2082 de
449 2043 602 2084 more
634 2039 814 2101 caput,
848 2032 1084 2102 ccelique
1117 2040 1298 2088 tuetur

123 2115 404 2187 Convexa,
431 2131 595 2192 atque
627 2124 799 2179 sacris
841 2125 914 2178 ita
947 2125 1148 2181 latibus
1177 2139 1272 2181 ora
1311 2127 1532 2182 resolvit
1565 2146 1578 2180 :

128 2210 212 2265 Tu
236 2213 353 2267 εωΙὶ
381 2225 635 2287 terraeque
655 2226 822 2281 sator,
847 2219 937 2287 qui
958 2218 1183 2288 fulmina
1215 2219 1325 2291 (Ξὲ)
1353 2229 1579 2286 torques,

129 2303 506 2378 Annorumque
538 2309 673 2362 vices
696 2310 1034 2380 dimensaque
1063 2321 1297 2380 tempora
1326 2313 1490 2366 noctis

133 2392 377 2458 Quatuor
429 2409 476 2452 et
536 2401 719 2454 mundi
760 2410 955 2470 partes,
1008 2411 1266 2471 quantum
1306 2411 1482 2456 arctus
1519 2403 1582 2456 ab

1375 2493 1583 2566 [austro

11 2575 81 2629 ll)
131 2571 204 2628 Et
238 2589 492 2646 quantum
521 2597 739 2636 occasus
767 2599 912 2637 roseo
946 2573 1199 2637 consistat
1239 2584 1302 2637 ab
1337 2596 1472 2645 ortu,

41 2720 47 2725 .
137 2665 363 2733 Hetiris,
387 2675 564 2725 subeat
603 2674 835 2743 geminos
864 2685 918 2727 ut
942 2675 1270 2745 phosphorus
1304 2688 1472 2743 ortus,

137 2755 452 2814 Prwcedens
480 2777 616 2815 nunc
647 2763 789 2818 Solis
817 2781 974 2834 equos
1005 2765 1300 2837 pallensque
1322 2769 1583 2831 tenebras,-

146 2845 332 2903 Noctis
360 2863 480 2922 agat
513 2869 624 2922 pra:
651 2870 706 2909 se
732 2855 928 2926 gelidos
953 2857 1240 2928 aliquando
1263 2859 1472 2930 jugales
1503 2875 1520 2911 :

140 2937 308 2995 Testis
331 2943 510 2997 adesto
533 2946 671 3014 pius,
701 2963 994 3018 noxamque
1016 2952 1218 3004 remitte
1252 2953 1476 3017 cruoris,

18 3032 90 3088 l5
135 3031 198 3088 Si
219 3050 406 3090 manus
432 3037 543 3091 lucc
565 3040 747 3094 mortis
775 3041 953 3094 tulerit
974 3042 1249 3113 dispendia
1283 3042 1477 3110 Gallis,

139 3123 328 3180 Debita
353 3126 474 3196 jure
501 3129 629 3182 mihi
652 3139 857 3198 raptum
887 3133 965 3186 ire
993 3133 1286 3189 volentibus
1311 3152 1441 3190 arva

139 3216 466 3287 Infandum!
503 3219 602 3274 Cui
642 3232 787 3276 tanta
814 3224 923 3277 viro
954 3241 1200 3280 concessa
1219 3238 1472 3296 potestas,

141 3306 197 3359 Μ
204 3323 232 3360 e
260 3310 428 3377 regnis
449 3311 652 3378 privare
672 3311 698 3364 7
726 3311 882 3367 Sedet
903 3315 967 3377 si,
995 3318 1236 3370 conditor
1270 3317 1432 3387 orbis,

143 3393 254 3449 Pro
277 3397 442 3466 culpis
463 3399 667 3455 abolere
699 3402 857 3468 viros,-
899 3404 974 3458 nil
1005 3417 1123 3462 vota
1153 3411 1439 3479 retardent,

14 3488 97 3546 20
143 3486 254 3544 Sed
274 3507 364 3558 per
391 3501 578 3546 cuncta
609 3504 767 3547 ruant
807 3495 982 3564 fastus
1019 3499 1344 3571 discrimina,
1372 3519 1582 3576 quando

142 3577 343 3634 Ferrea
361 3581 479 3650 jam
506 3585 696 3638 scindit
723 3587 993 3642 morituris
1021 3592 1245 3646 stamina
1269 3594 1476 3663 Clotho,

141 3673 223 3727 Ac
248 3675 447 3730 miseris
470 3678 575 3730 diri
604 3680 791 3748 capitis
818 3681 1146 3739 discriminat
1173 3680 1368 3760 angues

143 3763 347 3828 Alecto,
373 3765 579 3820 crudele
605 3769 751 3836 nefas
767 3769 788 3820 .'
809 3770 1096 3828 Acheronte
1120 3776 1214 3829 sub
1245 3778 1365 3833 imo.

215 3855 328 3910 Nox
357 3857 502 3912 subit
529 3858 736 3915 interea
766 3862 931 3918 variis
966 3864 1217 3922 distincta
1246 3849 1460 3941 ﬁguris,

19 3951 98 4005 25
138 3949 280 4005 Cum
307 3957 461 4020 pater
490 3952 741 4022 egregius
775 3962 914 4010 tecto
938 3970 1057 4011 sese
1080 3957 1259 4015 intulit
1282 3959 1390 4018 alto

139 4038 276 4093 Post
303 4039 518 4110 epulas,
561 4041 650 4096 ubi
690 4045 933 4099 membra
968 4055 1087 4101 toro
1125 4047 1327 4106 laxavit
1358 4051 1583 4110 honoro.

222 4129 408 4185 Annua
441 4133 529 4186 vix
559 4141 670 4189 toto
704 4135 996 4193 rutilarunt
1028 4139 1207 4196 sidera
1246 4147 1448 4200 mundo

144 4223 289 4278 Pace
313 4225 412 4278 sub
432 4225 552 4280 bac.
578 4225 658 4281 En
690 4227 899 4285 fraudis
924 4232 1035 4303 agit
1065 4237 1354 4292 tentatnina
1385 4241 1590 4310 praedo,

143 4313 268 4381 Qua
318 4316 490 4371 secuit
533 4319 807 4386 quondam
868 4322 1052 4378 aerias
1090 4339 1186 4380 rex
1216 4327 1416 4386 Poenus
1453 4331 1589 4403 (25)

1408 4421 1592 4496 [aceto

6 4502 100 4558 L30
143 4499 366 4569 Imperii
392 4502 620 4571 cupidus
643 4513 852 4561 cautes.
879 4500 981 4563 Ubi
1006 4511 1250 4566 constitit
1274 4503 1394 4569 oris
1483 4569 1486 4572 .

146 4591 338 4659 Italiae,
378 4595 636 4651 nuncille
668 4597 850 4664 minis,
877 4597 1166 4670 aliquando
1199 4613 1408 4674 rogatu,

146 4685 417 4741 Sollicitat
431 4687 689 4758 juvenum
716 4691 819 4747 hoc
838 4689 1009 4748 ﬂuxas
1031 4709 1282 4751 sermone
1300 4706 1546 4756 catervas
1573 4719 1586 4754 :

149 4773 402 4845 Quisquis
429 4786 544 4832 avet
580 4778 762 4833 solidis
807 4784 1115 4849 protendere
1145 4785 1364 4857 legimus
1401 4805 1587 4858 rerum,

153 4865 227 4919 Et
262 4865 429 4934 fasces
453 4878 658 4922 mutare
685 4871 856 4936 ducis,
883 4888 1002 4942 qure
1022 4876 1283 4931 tendimus
1311 4876 1447 4934 ultre
1550 4863 1574 4872 ’-

5 4959 104 5016 I55
147 4955 267 5012 Rite
285 4957 464 5027 fruens
485 4961 654 5027 donis,
682 4972 885 5016 nostros
913 4965 1202 5033 glomerare
1229 4971 1485 5041 maniplos

151 5047 241 5104 Ne
269 5059 538 5105 cunctetur
559 5069 737 5106 ovans.
772 5052 1031 5124 Cuiquam
1055 5059 1102 5110 si
1121 5058 1256 5128 forte
1286 5061 1484 5120 videtur

148 5137 204 5194 [θ’
210 5139 329 5194 utile
359 5142 496 5212 quod
520 5143 759 5211 ferimus,
784 5149 942 5199 robur
960 5147 1082 5216 quia
1105 5150 1251 5217 ponit
1285 5150 1339 5204 in
1360 5153 1522 5207 armis

152 5229 427 5302 Brengaru
443 5273 460 5299 ,
484 5234 705 5288 stimulis
733 5235 856 5288 olim
889 5237 1011 5308 quia
1033 5249 1203 5294 motus
1227 5242 1416 5312 irriguis

155 5319 378 5388 Finibus
407 5324 639 5380 absentes
676 5325 859 5382 Gallos
888 5329 1127 5399 qua'sivit
1160 5329 1397 5387 Etruscis
1425 5352 1445 5390 :
1479 5336 1591 5408 (24)

5 5414 113 5474 [.50
157 5413 462 5479 Quantusin
481 5433 630 5470 arma
656 5417 816 5484 feror,
843 5422 1030 5490 patriis
1059 5421 1372 5494 velquantus
1395 5427 1460 5480 ab
1487 5433 1593 5484 oris

230 5568 546 5656 {actu-7v;
571 5573 692 5654 100,
725 5590 788 5626 ex
811 5572 946 5630 Stat.
981 5575 1136 5636 Theb.
1166 5577 1249 5648 Il,
1273 5599 1319 5636 v.
1349 5581 1456 5637 M9.
1481 5601 1588 5656 sqq.

83 5640 206 5709 (ἐξ)
232 5640 314 5695 lla
342 5644 484 5708 erld.,
515 5642 730 5697 ﬂumina
763 5662 812 5697 c.

85 5711 209 5779 (23)
238 5712 478 5767 Annibal.

88 5781 212 5857 (24]
239 5781 318 5851 Cf.
342 5783 476 5837 Ann.
507 5781 695 5841 Fuld..
719 5801 771 5838 α.
796 5787 898 5841 885

416 5902 699 5962 ῬΑτΙἪΟῐ..
748 5888 897 5965 CLI.

915 347 1231 422 suouvui
1267 344 1622 421 pausam.
1663 313 1959 420 nam
1999 352 2296 422 1MP.LIB.
2338 352 2379 422 ι.

1617 4534 1668 4592 D

3133 360 3272 430 1290

1835 474 2123 529 Ausoniam
2151 475 2329 540 subeo,
2362 473 2512 530 liceat
2545 458 2746 545 deferre
2773 472 3021 547 tyranno,
3095 501 3098 504 ·

1827 567 1993 636 Atque
2024 583 2129 620 una
2156 568 2301 622 caris.
2327 569 2497 621 veniat
2526 567 2826 636 funaendvs
2857 569 2910 623 in
2931 571 3074 640 agris
3104 571 3124 623 !

1827 657 1960 725 Quis
1987 658 2248 729 placuere
2276 659 2444 726 vices,
2476 674 2540 715 ac
2573 660 2729 715 dulce
2761 675 2979 716 movere
3004 669 3276 732 potentes,

1827 747 1978 803 Colla
1998 747 2126 818 iugo
2153 763 2384 826 posuere
2426 749 2595 817 truci;
2631 749 2774 806 male
2805 750 2910 805 lida
2938 753 3168 809 recessit

1685 837 1792 892 M5
1827 836 1932 894 Sed
1980 840 2193 909 penitus
2229 838 2512 910 Tyrrhena
2551 858 2774 909 manus,
2812 845 3106 916 hostesque
3152 860 3280 917 pro-

2487 973 2571 1008 ._
2703 953 2722 1008 ί
2833 935 2864 958 ·’
3065 935 3279 1008 [lentos

1825 1018 2088 1075 Exultans
2128 1020 2182 1074 in
2225 1035 2390 1092 regna
2427 1005 2571 1075 tulit;
2610 1007 2755 1077 Prdh
2801 1019 2949 1079 saeva
2987 1005 3279 1081 nocentum

1822 1113 2060 1167 Consilia
2089 1115 2102 1167 l
2140 1113 2400 1184 Princeps
2427 1115 2641 1181 aberat,
2700 1129 3000 1188 pacemque
3026 1105 3281 1191 'paraba:

1822 1203 2070 1273 Imperio,
2101 1205 2327 1260 Verona:
2353 1207 2539 1287 Atesis
2574 1223 2677 1290 qua
2705 1209 2869 1284 culta
2901 1211 3135 1290 salubris

1819 1291 2033 1364 Irrigat.
2059 1293 2196 1349 Ecce
2222 1295 2390 1366 gradu
2408 1282 2593 1350 “celeri
2620 1285 2758 1367 petit
2784 1282 2892 1351 alta
2923 1282 3172 1354 minister

1684 1381 1785 1437 150
1824 1383 1988 1438 Tecta
2021 1385 2194 1452 ducis.
2225 1385 2430 1442 sudore
2453 1387 2699 1444 madens.
2731 1385 3046 1444 Fortissime
3089 1368 3278 1457 rector,

1822 1475 2236 1545 lnquit‘,.adesto
2271 1480 2416 1532 tuis!
2457 1476 2817 1550 Saltu-super
2862 1482 3036 1535 ardua
3084 1484 3279 1536 montis

1823 1565 1948 1621 Sese
1976 1569 2155 1639 injecit
2186 1580 2346 1625 ovans
2373 1579 2534 1625 cretus
2561 1580 2642 1626 sat
2674 1573 2728 1626 in
2749 1587 2900 1628 arma
2929 1574 3204 1644 superbus,

1823 1658 1924 1714 Cui
1951 1649 2070 1714 nisi.
2088 1662 2362 1732 prceduros
2397 1662 2591 1733 gladiis
2617 1663 2814 1734 inferre
2839 1663 3100 1735 maniplos

1823 1749 2109 1818 lnstiteris,
2134 1755 2262 1823 quid
2286 1746 2418 1825 opus
2444 1753 2745 1828 Latio'qua:
2777 1757 2948 1811 dicere
2972 1757 3106 1812 victo

3149 1943 3281 2014 [olli

1827 2031 1941 2086 Rex
1972 2050 1986 2086 :
2017 2023 2208 2098 Iubeo,
2232 2033 2467 2103 juvenis,
2502 2043 2704 2089 tantum
2737 2016 2927 2092 desiste
2972 2039 3209 2092 moveri!

1831 2120 1954 2176 Non
1987 2133 2146 2194 caput
2169 2123 2265 2176 hoc
2287 2125 2412 2177 dum
2443 2126 2709 2197 vita'regit
2758 2122 2956 2197 diffusa
2988 2144 3082 2198 per
3110 2139 3280 2195 artus,

1830 2210 1960 2266 llrec
1989 2212 2146 2267 tellus
2172 2214 2314 2268 cedet
2339 2226 2607 2285 superata,
2633 2216 2894 2288 pudetque
2915 2217 3071 2287 fateri

1827 2299 1926 2357 Res
1955 2301 2094 2370 Latii
2126 2304 2331 2358 victas!
2355 2305 2468 2370 Ait,
2497 2306 2774 2376 accirique
2799 2307 3012 2362 sodales

1689 2389 1790 2444 160
1843 2391 2094 2464 Imperat.
2127 2377 2438 2450 Escurrunt
2470 2404 2652 2451 vastos
2680 2397 2859 2452 excita
2883 2402 2983 2466 per
3011 2402 3174 2464 agros

1830 2482 2087 2554 Agmina,
2119 2497 2273 2538 amor
2325 2484 2523 2554 quibus
2564 2494 2650 2542 est
2693 2487 2842 2556 pacis
2870 2526 2885 2553 ,
2943 2487 3066 2557 quis
3111 2487 3283 2557 gloria

2358 2594 2362 2597 ·
2526 2615 2536 2623 ο
2785 2601 2802 2611 ν·
2883 2604 2924 2610 ~~
3003 2585 3008 2591 '
3087 2579 3283 2652 [curat

1829 2667 2090 2738 Natorum
2131 2668 2413 2739 dulcisque
2442 2671 2656 2737 domus,
2691 2683 2969 2744 vuamque
2996 2673 3178 2744 perdsi

1829 2758 2138 2813 Adveniunt
2167 2759 2381 2830 placido
2410 2761 2693 2830 glomerati
2722 2771 2939 2831 pectora
2968 2763 3102 2834 regi.

1832 2849 2120 2905 Exacuunt
2155 2851 2333 2922 justas
2363 2852 2561 2908 subitis
2597 2855 2906 2910 rumoribus
2934 2855 3065 2910 iras.

1693 2937 1794 2991 165
1834 2937 2085 3009 Undique
2114 2939 2330 2996 collecti
2357 2949 2650 3011 postquam
2683 2957 2885 2998 venere
2912 2943 3160 3013 manipli,

1832 3029 2038 3101 Ingenti
2065 3029 2284 3088 fremitu
2314 3033 2518 3104 pariter
2543 3033 2697 3091 ducis
2733 3044 2859 3090 ante
2891 3033 3137 3088 tribunal

1832 3121 1981 3178 Bella
2009 3124 2175 3179 cient.
2197 3124 2456 3194 Liquidas
2486 3126 2706 3203 tandem
2733 3140 2792 3185 se
2820 3126 2995 3183 reddit
3023 3127 3089 3181 ad
3119 3141 3282 3180 auras

1830 3215 2113 3271 Terribilis
2138 3215 2355 3282 ductor,
2381 3217 2598 3287 quando
2622 3216 2765 3272 latus
2796 3232 2958 3273 omne
2981 3219 3084 3273 sub
3109 3218 3279 3273 armis

1828 3307 2029 3363 Ferrea
2059 3316 2178 3362 suta
2209 3317 2415 3375 terunt,
2447 3309 2704 3366 humeros
2726 3320 2783 3366 et
2805 3316 3036 3379 pectora
3074 3309 3184 3364 late

1689 3398 1792 3451 HO
1833 3397 2140 3454 Flammeus
2155 3398 2306 3454 orbis
2328 3399 2508 3464 habet,
2531 3399 2693 3470 capiii
2719 3400 2902 3456 tremit
2917 3414 3074 3460 aerea
3088 3397 3277 3464 cassis,

1829 3490 1896 3544 Et
1925 3491 2145 3561 gemino
2173 3490 2366 3546 dextra
2392 3491 2620 3545 rutilant
2648 3492 2862 3547 hastilia
2899 3492 3066 3558 ferro,

1831 3578 1990 3634 Ensis
2016 3577 2068 3633 in
2099 3593 2194 3634 ore
2230 3579 2394 3635 etiam
2429 3580 2691 3652 praeclara
2720 3569 2950 3655 refulget
2982 3583 3148 3655 iaSpis

1832 3666 2062 3725 Pulcher
2080 3671 2242 3725 honos”
2272 3687 2551 3742 regumque
2571 3674 2750 3740 decus,
2778 3674 3068 3744 fortissima
3096 3675 3278 3746 pubes,

1832 3762 1891 3818 ln
1925 3763 2118 3819 mediis
2149 3779 2329 3830 orsus,
2349 3764 2517 3818 rabidi
2539 3767 2850 3820 commercia
2879 3765 3068 3821 Martis

1692 3858 1794 3912 175
1841 3857 2066 3914 Prresto.
2102 3854 2297 3914 Manus
2352 3860 2538 3932 capulo
2581 3863 2647 3916 sit
2679 3872 2832 3932 parta
2870 3866 3177 3935 animusque
3203 3863 3284 3916 la-

1925 3951 1930 3955 ’
3093 3955 3278 4028 [bori,

1835 4038 1905 4098 Ut
1932 4045 2074 4100 decet
2105 4046 2339 4116 egregios
2365 4046 2386 4098 .'
2420 4045 2660 4117 Regnum
2709 4049 2833 4118 quia
2866 4047 3048 4102 tollere
3074 4062 3283 4115 fessum

1836 4137 1996 4203 Wido
2019 4137 2163 4206 velit,
2191 4149 2387 4195 certum
2414 4151 2488 4193 est
2508 4141 2678 4195 sociis
2724 4148 2884 4211 atque
2913 4157 3040 4194 arva
3083 4139 3282 4194 vocatis

1835 4225 2063 4293 Partiri,
2094 4237 2141 4282 ct
2173 4228 2382 4297 gremiis
2410 4229 2664 4298 juvenum
2689 4231 2978 4286 subducere
3005 4240 3203 4300 pactas.

1837 4316 1898 4373 Si
1925 4318 2058 4387 foret
2089 4319 2212 4372 huic
2240 4320 2448 4372 animus
2476 4336 2674 4374 mecum
2703 4322 2982 4391 confligere
3003 4319 3134 4384 solo,

1696 4407 1799 4464 180
1838 4409 1909 4463 Et
1939 4410 2104 4480 partis
2137 4410 2252 4482 (25)
2280 4411 2492 4480 cli/ferre
2519 4413 2686 4484 nefas,
2714 4415 2852 4487 quod
2871 4415 3092 4484 ﬂuctuat
3119 4413 3283 4468 armis

1842 4503 2140 4558 Mersurum
2162 4503 2422 4576 populos!
2457 4505 2567 4570 Ait,
2600 4515 2658 4560 et
2703 4505 3007 4576 spumantis
3044 4505 3285 4562 habenas

1835 4595 2029 4667 implet
2054 4595 2202 4666 equi,
2235 4610 2585 4668 praecepsque
2613 4597 2748 4668 petit
2775 4595 3010 4653 conﬁnia
3038 4597 3189 4662 belli,

1841 4690 1960 4756 Qua
1986 4704 2180 4743 manus
2209 4688 2420 4744 hostilis
2441 4689 2655 4744 Latium
2684 4689 3069 4760 pessumdabat
3094 4689 3283 4747 armis.
3338 4763 3346 4770 '

1831 4778 1931 4833 llic
1960 4779 2097 4836 coelo
2125 4789 2182 4834 ut
2203 4780 2405 4852 pepulit
2431 4781 2636 4853 gelidas
2655 4796 2853 4837 aurora
2884 4783 3138 4842 tenebras

1697 4869 1799 4928 185
1841 4873 2112 4954 Rorantes
2153 4889 2380 4930 excussa
2417 4888 2603 4930 comas
2647 4874 2992 4948 multumque
3032 4875 3282 4947 sequenti

1837 4972 1963 5030 Sole
1987 4974 2206 5039 rubens,
2225 4973 2484 5044 galeaque
2507 4974 2610 5030 viri
2639 4975 2849 5031 clusere
2870 4976 3069 5031 minaci

1837 5063 1968 5134 Ora,
2000 5065 2246 5136 lubtnque
2270 5077 2494 5132 sonant,
2529 5067 2785 5138 vocisque
2806 5067 3032 5124 resultat
3067 5068 3276 5140 imago,

1843 5157 2171 5226 Partimque
2198 5155 2346 5212 vices
2372 5157 2699 5214 tollunturin
2722 5174 2939 5230 aequora
2968 5169 3174 5230 gentes.

1835 5247 2020 5314 Qualis
2049 5247 2162 5318 (‘26)
2193 5248 2306 5314 ubi,
2341 5250 2521 5306 audito
2552 5261 2842 5307 venantum
2885 5267 3187 5320 murmure,
3220 5253 3284 5307 ti-

2080 5415 2087 5422 _
3131 5345 3151 5420 ἶ
3173 5348 3285 5418 gris

1698 5435 1800 5490 190
1841 5434 2063 5490 Horruit
2093 5435 2143 5490 in
2167 5437 2427 5505 maculas,
2451 5453 2774 5510 somnosque
2796 5440 3036 5496 excussit
3056 5439 3291 5506 incrtes,‘

1769 5585 1886 5668 (25)
1912 5586 2020 5641 Ita.
2048 5601 2125 5654 c.,
2156 5588 2194 5642 i.
2226 5604 2277 5644 e.
2307 5593 2530 5659 paratis,
2566 5594 2681 5648 ideo
2708 5595 3114 5650 suis.—Pactis
3164 5593 3282 5650 ναι.

1697 5676 1742 5712 e.
1773 5673 1906 5710 οοηι.

1699 5817 1728 5853 υ
1907 5727 2277 5869 8l(’l(.’..189-l9li,
2313 5733 2504 5790 ductor
2549 5737 2601 5790 in
2649 5754 2712 5790 ea:
2764 5737 2922 5794 Statii
2982 5737 3139 5792 Tlteb.
3191 5732 3279 5803 II,

2654 5920 2720 5982 ’sl
