3816 6322
13 346 74 402 nt—
791 332 1484 406 ANouvmrANEGvn.
1515 341 1808 403 BERENG.
1851 341 1988 397 me.
2024 343 2148 397 LIB.
2185 341 2243 396 ιι.
3035 337 3170 393 nos

58 456 314 512 Extremo
331 454 500 527 galeas
523 456 812 530 primoque
835 461 890 516 in
918 463 1155 533 margine
1182 471 1386 528 parmai
1519 459 1572 520 Α
1741 455 1829 511 Sic
1863 473 2023 526 genus
2047 471 2198 510 omne
2230 467 2375 508 tuum
2399 450 2626 523 propriis
2659 448 2982 505 discrimiuet
3007 453 3167 516 arvis,

55 547 262 604 Semita
284 565 390 618 qua
419 549 596 614 lucet;
627 550 813 606 clauso
841 552 1153 621 spiraminis
1184 550 1382 606 haustu
1733 548 1802 603 Ut
1835 550 2028 623 fratres
2060 549 2200 604 Itan
2229 559 2406 604 torvus
2433 546 2688 602 discernis
2717 545 2771 600 in
2797 562 2925 616 agro
2954 547 2974 600 !
3027 539 3031 542 ’

51 637 205 693 llicet
222 638 469 709 oppetiit.
493 639 726 697 Moriens
748 641 957 696 telluris
976 642 1207 698 alumna:
1739 639 2216 708 llis‘diclis,'volat
2244 641 2446 712 ingenti
2473 627 2710 696 stridore
2747 653 2844 710 per
2868 648 3028 693 auras

54 730 246 786 Infelix
267 747 518 802 caraeque
539 735 731 791 domus
763 737 1150 800 reminiscitur,
1183 743 1349 804 atque
1596 730 1696 787 195
1731 730 1926 802 Cuspis
1949 733 2001 789 in
2023 733 2343 799 adversum;
2376 733 2564 804 clypeo
2591 733 2684 788 sed
2713 732 2865 804 pulsa
2904 731 3098 804 rigenti

56 822 265 876 Damna
295 823 460 878 modo
483 823 654 880 Latiis
682 826 809 895 quia
831 827 978 895 venit
1000 826 1226 897 adeptus
1248 825 1299 879 in
1322 823 1486 879 arvis.
1733 824 1944 895 Alipedi
1965 825 2115 883 vadit
2137 835 2366 881 mortem
2401 826 2570 880 latura
2593 827 2847 896 superbo.

51 913 196 968 llinc
224 914 372 970 acies
396 915 641 986 sequitur
669 933 811 972 caeso
843 919 1106 980 ductore;
1144 917 1384 986 luritque
1732 913 1835 970 llic
1885 925 2118 972 mortem
2172 915 2423 971 Albricns
2468 925 2710 986 caperet,
2773 914 2877 970 nisi
2922 927 3172 984 proxuma

52 1004 383 1059 Aschcrium
435 1015 684 1063 sternens
751 1008 916 1065 heros
975 1008 1232 1062 Atesinus
1271 1005 1384 1076 (62)
1435 1011 1496 1058 et
2907 1001 3103 1075 [virtus

1024 1096 1245 1168 [Othum
1275 1093 1415 1166 (85);
1734 1093 1969 1150 Tollerct
1997 1096 2138 1150 hunc
2157 1110 2414 1165 Juvenum
2441 1093 2604 1150 sociis
2627 1102 2682 1148 et
2713 1092 2960 1148 redderet
2980 1089 3167 1145 armis.
3187 1127 3200 1148 .

53 1186 374 1243 Comminus
399 1187 544 1248 hunc
587 1194 842 1255 stantem,
885 1189 1039 1244 metit
1068 1188 1211 1242 hunc
1239 1185 1492 1256 apoplite
1734 1183 1948 1242 Milibus
1994 1185 2107 1254 (68)
2159 1185 2212 1238 in
2261 1185 2452 1240 mediis
2504 1183 2706 1238 vadens
2743 1200 2756 1236 :
2803 1181 2943 1248 Quid
2983 1180 3172 1234 inertia

1187 1274 1420 1346 [sectum
2944 1271 3100 1327 [bello

55 1369 288 1441 Cuspide
313 1368 650 1426 transmissa.
693 1368 787 1424 llis
814 1368 990 1425 socios
1028 1368 1342 1423 demitteret
1367 1381 1490 1419 Illll-
1591 1368 1697 1422 200
1736 1368 1978 1434 Pectora,
2016 1370 2254 1426 Ubertus
2283 1370 2382 1433 ait,
2413 1369 2562 1424 duris
2587 1368 2911 1440 prwteuditis
2943 1381 3104 1420 armis

1285 1457 1421 1532 [bris
1684 1455 1686 1457 ’
1737 1460 1781 1514 0
1812 1459 1940 1514 Itali
1963 1463 1988 1518 ?
2013 1462 2200 1516 Potius
2231 1463 2368 1516 vobis
2389 1477 2541 1516 sacra
2566 1460 2753 1530 pocula
2775 1459 2942 1524 cordi,

53 1552 411 1620 Innumeros,
475 1553 528 1607 ni
592 1552 947 1610 Rliodanicus
1012 1564 1332 1606 succurrere
1392 1548 1491 1602 du-
1738 1551 1940 1620 Swpius
1972 1563 2017 1606 et
2049 1553 2373 1608 stomachum
2400 1553 2580 1606 nitidis
2603 1552 2788 1606 laxare
2812 1551 3042 1622 saginis,_

1045 1709 1047 1713 η
1145 1641 1287 1716 [clor
1311 1642 1420 1712 (6i)
1740 1637 2028 1712 Elatasque
2056 1643 2238 1696 domos
2280 1642 2436 1695 rutilo
2474 1641 2668 1711 [arcire
2690 1639 2900 1696 metallo
2930 1642 2949 1692 .'

45 1737 396 1802 Admonitus,
423 1737 578 1792 fessis
608 1738 790 1794 subito
813 1737 1022 1791 adforet
1045 1735 1187 1788 ultor
1209 1735 1418 1790 amicis.
1532 1801 1552 1802 ί
1740 1731 1865 1789 Non
1892 1733 2074 1789 eadem
2111 1732 2291 1788 Gallos
2319 1733 2505 1790 similis
2529 1734 2604 1788 vel
2633 1751 2762 1788 cura
2793 1731 3072 1796 remordet,

49 1828 124 1884 Ut
146 1829 304 1899 lupus
329 1801 389 1884 in
407 1830 614 1900 campis
632 1831 870 1900 pecudes
889 1843 1010 1884 cum
1035 1831 1169 1884 vidit
1195 1828 1420 1898 apertis,
1526 1801 1566 1858 Β
1594 1824 1701 1883 205
1749 1824 1960 1881 Vicinos
1982 1828 2168 1898 quibus
2191 1838 2265 1882 est
2293 1822 2525 1882 studium
2553 1826 2820 1881 devincere
2842 1834 3030 1886 terras,

44 1921 172 1976 Non
222 1922 413 1977 ductor
455 1923 636 1994 gregis
686 1923 799 1993 ipse
854 1936 1056 1986 comes,
1116 1937 1222 1977 non
1273 1919 1492 1976 horrida
1740 1922 2344 1994 Depressumquelarem
2371 1921 2552 1992 spoliis
2582 1921 2702 1976 hinc
2733 1920 2853 1976 inde
2879 1917 3072 1972 coactis

1229 2014 1427 2086 {terret
1743 2015 2055 2071 Sustentare
2073 2017 2095 2074 ,'
2132 2015 2296 2070 Miser
2325 2029 2487 2070 voces
2511 2015 2639 2069 dum
2666 2012 2802 2068 tollit
2829 2013 3056 2075 inertes,

37 2103 230 2158 Turba
263 2119 456 2159 canum
483 2123 497 2168 ;
531 2107 658 2169 ruit,
689 2121 754 2161 ac
779 2113 894 2163 toto
919 2106 1142 2162 desaevit
1171 2107 1224 2161 in
1250 2121 1378 2161 arvo
1405 2123 1419 2160 :
1741 2105 1906 2163 llasta
1939 2107 2085 2162 subit
2116 2105 2355 2162 latebras
2388 2105 2555 2160 animi
2578 2114 2822 2160 scrutata
2853 2105 3074 2174 superbi

37 2197 208 2252 llautl
237 2197 394 2254 aliter
421 2199 598 2252 dirum
630 2199 792 2254 Wido
811 2214 869 2254 se
895 2199 1033 2256 tollit
1063 2201 1116 2255 in
1143 2213 1348 2269 aequor.
1741 2199 1968 2261 Wilredj
1994 2200 2188 2253 librata
2215 2215 2376 2254 manu
2405 2203 2568 2270 super
2588 2197 2808 2253 horrida
2836 2196 3003 2253 fantis
3032 2214 3046 2251 :

39 2287 156 2342 llic
187 2287 389 2342 celsum
419 2289 562 2360 quod
585 2291 759 2345 cernit
796 2305 938 2360 equo
961 2293 1182 2347 turbare
1207 2291 1425 2346 sodales
1597 2290 1702 2347 210
1739 2289 1939 2361 Infelix
1969 2289 2144 2358 Galle,
2169 2291 2431 2346 Ausonios
2463 2306 2525 2345 ne
2555 2290 2729 2344 dicere
2749 2290 2928 2360 pigros

27 2380 314 2435 Erardum
345 2383 651 2454 indignans,
677 2399 786 2439 uno
816 2385 922 2440 dtto
947 2399 1176 2456 corpora
1203 2384 1350 2440 ferro
1740 2381 1850 2435 Fas
1873 2383 1988 2449 tibi,
2029 2399 2081 2436 m
2111 2383 2294 2452 ludor,
2329 2382 2508 2459 digitis
2539 2381 2766 2450 impacta
2792 2382 3012 2435 monebit

34 2471 527 2544 Cornipedemque
585 2476 934 2548 equitemque
995 2477 1149 2534 fodit.
1214 2478 1342 2532 Ruit
1406 2478 1496 2537 ille
1741 2472 1914 2536 Hasta
1966 2475 2093 2530 meis
2145 2475 2165 2528 .'
2214 2475 2344 2530 Visu
2392 2472 2482 2528 ille
2542 2471 2680 2528 truci
2731 2473 2860 2528 dum
2921 2472 3184 2543 prospicit

1153 2567 1423 2639 [ruentem
2850 2562 3107 2634 [hostem,

35 2651 102 2708 ln
157 2652 470 2722 dominum,
520 2657 797 2729 lapsisque
846 2675 1006 2716 manu
1061 2660 1354 2728 quaerentis
1401 2660 1494 2717 113‘,
1741 2657 1986 2724 Labitur,
2012 2667 2066 2713 et
2096 2659 2270 2728 carpit
2300 2656 2658 2713 moribundus
2684 2656 2936 2712 dentibus
2959 2656 3179 2712 herbas.

791 2799 794 2802 .
1193 2751 1418 2824 '[benis,
1821 2749 1916 2806 lla:
1967 2750 2181 2805 diversa
2233 2751 2287 2805 in
2337 2759 2492 2820 parte
2521 2749 2670 2806 vices
2701 2757 2993 2804 utrumoue
3021 2745 3182 2803 eade-

36 2835 105 2894 ιιι
141 2837 292 2892 vultu
317 2837 528 2910 galeam
558 2841 914 2913 clypeumque
943 2845 995 2898 in
1028 2859 1260 2914 corpore
1292 2842 1498 2910 calcat,
2939 2839 3108 2912 [Ιωιιι.

45 2930 288 2985 Saucius
311 2939 559 2991 extremo
586 2934 758 2989 donec
784 2950 906 2988 cum
943 2937 1211 3004 sanguine
1239 2936 1422 2991 frenos
1601 2931 1704 2985 2Ιὸ
1746 2930 1952 2986 Saevior
1975 2942 2026 2985 at
2054 2933 2266 2987 miseris
2291 2931 2459 2987 instat
2489 2941 2744 3002 regnator
2768 2930 3014 3001 Etruscis

43 3021 298 3092 Respuit,
328 3031 383 3078 ει
401 3021 586 3079 iuncta
609 3025 828 3080 domino
855 3027 1067 3082 cei-vice
1093 3028 1380 3083 recumbit.
1741 3022 2041 3092 Hesperiae,
2061 3025 2416 3094 timidumque
2431 3022 2834 3080 vocatWidona
2857 3037 3178 3094 peragmcn,

43 3109 257 3180 Otgarii
285 3111 419 3184 (65),
445 3114 672 3171 comites
691 3117 878 3172 rabido
899 3117 1136 3174 clamore
1156 3119 1420 3186 vocantis,
1521 3147 1565 3208 α
1739 3116 1824 3171 Nil
1847 3118 2066 3189 vulgare
2097 3119 2298 3190 legens,
2331 3119 2423 3175 sed
2445 3134 2566 3188 qua:
2587 3118 2899 3188 dignissima
2929 3119 3037 3172 vita

38 3201 155 3256 Ora
190 3204 315 3259 ferit
343 3206 576 3274 framea;
616 3218 847 3278 pereunt
885 3211 1171 3266 conamina
1199 3210 1350 3266 vocis
1528 3201 1565 3208 “
1745 3209 1979 3275 Funera,
2011 3211 2318 3280 praecipuos
2352 3210 2508 3264 annis
2535 3209 2842 3278 animisque
2871 3218 3098 3264 cruento

43 3295 362 3367 Intercepta
389 3313 601 3354 cruore.
632 3299 757 3358 Milo
781 3315 968 3356 verum
996 3317 1148 3356 arma
1180 3302 1396 3357 cadenti
1739 3300 1872 3355 Fert
1901 3299 2077 3370 gladio
2103 3319 2115 3353 :
2143 3300 2442 3355 innumeris
2473 3298 2584 3370 (69)
2612 3297 2772 3354 veluti
2803 3299 2888 3354 leo
2920 3299 3058 3354 forte
3084 3314 3176 3368 po-

49 3389 194 3441 Dum
224 3390 386 3459 rapit,
417 3390 602 3446 infelix
630 3392 762 3446 Itala
792 3393 1149 3464 deprenditur
1177 3393 1356 3461 hasta,
2956 3390 3110 3460 [litus

43 3480 129 3532 Ac
165 3479 405 3536 moriens
428 3481 623 3552 linquit
653 3483 898 3554 clypeum
921 3483 1284 3555 hostilemque
1307 3500 1495 3540 suum-
1595 3485 1703 3538 220
1740 3484 2011 3552 Caedibus,
2067 3483 2308 3540 imbelles
2337 3483 2549 3549 vitulos,
2583 3484 2876 3554 mollesque
2915 3485 3179 3554 iuvencas

790 3645 794 3648 ν
1271 3573 1420 3646 [quc.
1748 3576 2136 3641 Transmittit;
2192 3591 2389 3647 magno
2465 3577 2615 3633 furor
2667 3587 2750 3633 est
2806 3577 2859 3631 in
2920 3575 3181 3646 sanguine

43 3659 266 3715 Auxilio
291 3661 517 3719 collecta
545 3665 695 3720 subit
726 3664 946 3721 tandem
974 3665 1194 3722 Ausona
1225 3667 1422 3738 pubes.
2915 3667 3112 3740 [ιηθτεί

45 3749 260 3808 Bellum
307 3755 501 3827 ingens
555 3757 749 3814 oritur.
807 3757 1032 3818 Multum
1077 3759 1206 3817 hinc
1232 3759 1493 3830 illincque
1740 3761 1847 3816 INec
1869 3762 1971 3818 nisi
1997 3761 2273 3834 regnantis
2300 3762 2514 3818 cervice
2541 3762 2859 3817 recumbere
2883 3759 3045 3815 tauri.

875 3845 883 3852 ’
1188 3852 1422 3926 [cruoris
1741 3854 2049 3910 Wil'redum
2073 3855 2168 3910 sed
2193 3855 2338 3909 enim
2365 3855 2583 3925 sonipes
2606 3855 2748 3910 male
2765 3855 2905 3912 [idus
2934 3854 2988 3909 in
3011 3854 3180 3909 armis

40 3939 342 4008 Funditur,
386 3951 442 3998 et
492 3943 618 3998 totis
645 3953 963 4001 sternuntur
997 3961 1227 4018 corpora
1264 3947 1491 4017 campis.
1742 3943 2102 4015 Rumpentem
2147 3944 2334 4001 frenos
2363 3945 2581 4002 diversa
2631 3961 2728 4018 per
2758 3946 2972 4018 agmina
3004 3953 3177 4015 raptat

43 4033 186 4088 Nam
220 4035 428 4089 varium
460 4036 676 4091 virtutis
708 4036 820 4110 (66)
855 4053 1011 4109 opus.
1041 4038 1193 4096 Nunc
1219 4041 1374 4096 turba
1404 4053 1491 4094 rc-
1596 4035 1702 4092 225
1739 4035 1858 4092 Jam
1913 4037 2093 4105 liber,
2138 4024 2233 4095 sic.
2266 4037 2409 4095 fessa
2463 4054 2674 4094 manus.
2709 4039 2868 4095 Venit
2896 4039 3052 4094 hasta
3083 4053 3180 4109 per

1231 4129 1417 4203 [cedit,
1611 4135 1614 4138 ’
2902 4129 3106 4201 [armos
3197 4184 3208 4191 _

41 4215 201 4270 Nunc
227 4218 446 4287 premit,
481 4231 544 4273 ac
568 4218 776 4276 vicibus
808 4220 1052 4277 tellurem
1077 4223 1278 4278 amittit
1307 4231 1362 4278 et
1393 4240 1494 4279 au-
1739 4219 2030 4292 Principis,
2084 4230 2140 4277 et
2180 4221 2374 4278 laevum
2415 4221 2603 4293 juveni
2659 4220 3063 4276 transverberat
3097 4219 3177 4272 in-

462 4389 466 4392 _
1265 4316 1414 4390 [ωτι.
1604 4297 1614 4306 ’
2227 4347 2244 4359 ς
2415 4383 2418 4386 ἢ
2917 4308 3103 4381 [guen,

39 4399 110 4457 Ut
142 4399 326 4455 ventis
355 4400 664 4472 nimbisque
691 4404 879 4460 minax
909 4420 1030 4461 cum
1054 4408 1216 4462 solvit
1251 4407 1492 4465 habenas
1740 4402 2150 4471 Labentemque
2176 4399 2344 4470 amisit
2391 4415 2553 4470 equo.
2592 4400 2754 4472 Fugit
2781 4399 2872 4456 ille
2897 4407 3178 4470 perempto

33 4491 149 4548 Aer
187 4490 325 4562 (67),
350 4493 560 4550 alterno
584 4495 876 4568 proﬂigeus
906 4500 1125 4555 turbine
1154 4501 1413 4555 mundum
1519 4491 1571 4550 D
1741 4491 2045 4549 Consertus
2075 4491 2315 4558 domino,
2350 4506 2451 4548 nec
2476 4493 2590 4562 jam
2614 4507 2766 4548 arma
2793 4501 2889 4549 aut
2920 4493 3070 4547 frena
3099 4500 3169 4547 te«

33 4581 163 4637 Stat
209 4582 328 4638 caeli
362 4583 575 4639 diversa
605 4586 750 4641 acies
780 4605 791 4640 :
828 4604 970 4643 nunc
1000 4589 1192 4645 fortior
1219 4591 1414 4652 austri,
2861 4579 3102 4653 [nenlem

29 4673 197 4728 Nunc
219 4674 491 4742 aquilonis
519 4675 714 4740 hiems,
748 4677 918 4732 donec
945 4689 1223 4749 pueuanle
1254 4682 1489 4750 procella
1737 4672 1926 4730 Portat
1974 4686 2154 4730 aonuc
2200 4673 2462 4743 equitem.
2516 4673 2727 4729 Fratris
2775 4673 2881 4727 iam
2934 4673 3177 4729 membra

26 4766 142 4818 Ant
178 4764 363 4818 nimiis
394 4765 482 4820 hic
519 4766 648 4822 vicit
682 4768 863 4837 aquis,
890 4777 982 4822 aut
1015 4769 1103 4824 ille
1134 4786 1351 4826 sereno.
2859 4765 3102 4838 [νεεεϋεη

29 4860 136 4916 llic
185 4861 334 4915 videt
358 4862 690 4918 Anscherius
715 4863 939 4920 fratrem
970 4867 1096 4936 quia
1135 4867 1358 4924 vulnere
1381 4868 1488 4925 labi
1592 4855 1698 4911 250
1735 4856 2011 4912 Arduinus
2034 4871 2196 4928 equo.
2229 4857 2360 4913 laeva
2389 4858 2500 4928 (70)
2527 4859 2821 4914 marcentia
2851 4859 2989 4913 colla

31 4951 274 5017 Albrici,
303 4953 548 5023 ingemit,
571 4969 635 5010 ac
675 4954 862 5024 rapido
885 4957 1174 5012 conamine
1206 4959 1372 5013 telum
1412 5006 1416 5009 _
1735 4949 2061 5007 Sustentans
2090 4953 2390 5022 dextraque
2431 4951 2594 5007 latus.
2627 4951 2965 5021 Singultibus
2989 4961 3173 5006 artum

28 5045 442 5114 Contorquens,
502 5048 743 5103 clamore
793 5049 942 5120 gravi
998 5068 1010 5104 :
1057 5049 1214 5106 Sator
1257 5053 1483 5117 tet/teris,
1733 5043 1998 5097 Exhanrit
2031 5043 2249 5098 thoraca
2279 5045 2450 5110 dolor,
2484 5060 2582 5100 nec
2615 5044 2788 5099 vincla
2816 5055 3068 5101 coercent

1192 5144 1410 5215 [inquit,
1739 5133 2038 5190 Undantem
2065 5133 2193 5189 ﬂetu
2221 5133 2458 5205 galeam;
2489 5151 2610 5190 cum
2638 5135 2806 5190 multa
2831 5135 3063 5206 gementi

9 5336 74 5456 ΞΒ
121 5337 224 5390 Aut
259 5337 588 5407 Walfredus,
619 5349 730 5407 aut,
759 5350 812 5392 ut
847 5339 1054 5394 Valcsio
1080 5341 1270 5410 placet,
1298 5340 1485 5398 Bereu-
1814 5351 2100 5456 Etlge'ljecit
2119 5349 2308 5456 ILeilm.
2331 5349 2577 5422 Iuppiter
2607 5368 2659 5406 a.
2686 5353 2824 5408 Stat.

120 5478 157 5530 Ι.
191 5493 248 5532 e.
291 5478 552 5534 Ottouem.

14 5544 67 5617 ξ)
118 5547 306 5602 ιγὶάο.

1685 5421 1773 5491 68)
1814 5421 2047 5476 Millibus
2073 5421 2156 5474 ed.

1654 5425 2116 5617 llrinumeris
2145 5521 2214 5530 —
2246 5490 2352 5546 220
2405 5508 2469 5547 ea:
2515 5491 2654 5548 Stat.
2696 5493 2858 5548 Tlteb.
2922 5490 3083 5557 VIII,
3117 5510 3161 5547 υ.

111 5619 338 5705 gsha‘r‘i‘i
369 5619 734 5705 ‘IJIaIrtget'maun
765 5623 816 5676 in
846 5626 962 5705 carl.
987 5625 1141 5705 legit.
1236 5702 1262 5705 η
1439 5641 1474 5705 Α·
1590 5602 1798 5702 υυάὄῖ
1814 5602 1972 5687 ῖωνει
2003 5664 2068 5673 -
2091 5649 2143 5689 v.
2177 5633 2281 5688 257
2314 5651 2377 5688 (.11
2430 5633 2566 5690 Stat.
2601 5634 2756 5690 Tlteb.
2789 5634 2874 5705 Il,
2905 5653 2950 5690 v.
2976 5634 3081 5694 596
3102 5664 3171 5676 --
3233 5610 3236 5614 ι

9 5683 67 5782 εἰ)
97 5683 503 5816 ιν.5ἒξυέἑὲϐξ
525 5694 704 5761 paucis
742 5697 952 5749 mutatis
997 5683 1058 5750 ei:
1107 5700 1262 5754 Statii
1323 5697 1480 5756 Tlteb.
1589 5683 2024 5771 οοὲῖόοὸζῖῑόῖ.

33 5799 55 5825 ,
116 5776 146 5814 ν.
263 5789 314 5811 ..·
430 5801 441 5814 .
1293 5819 1295 5821 .
