3816 6322
0 255 183 321 ’ΞΟΪ
967 243 1267 311 ᾸΝΟΝΫΜΙ
1305 239 1533 304 ΡΑΝΕΟ
1548 247 1658 305 ΥΒ.
1696 250 1993 307 BERENG.
2025 248 2159 304 NP.
2203 247 2329 303 LIB.
2373 244 2456 303 III.
3176 250 3331 308 Μθῶ

152 364 500 420 Incolumem
535 364 659 432 quia
685 372 733 420 te
759 366 948 421 nostris
983 364 1338 437 conspectibus
1366 364 1547 434 oﬂ'ers,
1651 368 1698 424 Α
1865 364 2065 419 Natura
2097 363 2366 419 tribuente
2396 362 2571 417 locum
2601 358 2733 413 satis
2757 355 2972 415 arcibus
2994 371 3197 433 aptum,

158 454 233 511 Si
262 456 465 526 fruitur
489 466 640 523 pater
669 457 859 527 optatis
885 466 1004 512 tuus
1032 458 1220 527 optime
1250 456 1423 511 rebus.
1866 454 2203 519 Ambrosius,
2232 452 2370 523 pesti
2397 451 2563 506 miser
2600 449 2729 505 heu!
2767 450 2989 506 devotus
3020 453 3234 524 iniquae.

161 546 431 618 Inquitat
464 545 591 603 ille“:
631 545 779 602 Valet
814 548 1036 619 genitor,
1068 566 1340 604 commune
1369 550 1623 614 levamen,
1867 546 1971 614 Qui
2004 556 2188 617 regam
2211 544 2395 600 infelix
2423 553 2709 613 postquam
2732 542 2973 599 defertur
2991 548 3059 600 ad
3090 560 3268 610 aures,

2 638 111 693 35
159 638 347 711 Teque
371 639 539 694 valere
565 640 724 708 cupit,
766 642 966 709 pacatis
990 641 1179 710 [crdere
1214 642 1409 711 campis
1763 638 1834 696 85
1871 638 2163 696 Obsidione
2183 636 2375 706 iubent
2408 637 2572 693 densa
2602 636 2943 692 circumdare
2973 652 3178 705 muros,

163 728 436 784 Mansuro
460 727 620 784 Latii.
651 728 855 785 Celeres
881 730 1076 785 idcirco
1103 732 1304 801 subegit
1872 730 1950 786 Ne
2006 728 2190 802 capiat
2238 729 2445 787 socium
2497 743 2824 800 quemquam
2866 730 3171 785 exteriusve
3223 744 3308 785 re-

162 818 291 875 Nos
317 832 486 891 petere
509 822 771 875 Ausonias
798 821 1013 876 collecto
1043 822 1207 876 milite
1234 832 1421 876 terras.
1912 848 1915 851 -
3008 819 3235 893 (mittat,

158 910 391 967 Interea
422 912 538 967 loca
572 922 686 971 tuta
714 912 851 983 petit
878 914 987 968 dux
1015 912 1275 979 Gallicus,
1302 914 1449 984 atqui
1464 954 1473 971 ,
1870 913 2109 983 Dispersr
2138 911 2310 968 donec
2336 911 2514 983 populi
2543 921 2620 967 tot
2654 911 2771 967 luce
2800 912 3045 981 sequenti

161 1000 294 1057 Non
323 1002 551 1073 geminis
579 1003 800 1061 obstare
830 1018 927 1059 sua
956 1005 1155 1059 virtute
1183 1006 1431 1076 tyrannis
1872 1006 2230 1072 Conveniam,
2258 1015 2583 1077 captumque
2606 1004 2739 1060 locis
2765 1006 3013 1074 emittere
3043 1004 3214 1071 lirniis
3348 988 3390 1027 ⁸

18 1092 118 1147 40
162 1092 346 1150 Posse
374 1092 576 1149 videns.
604 1093 683 1151 Illi
701 1095 945 1161 fremitu,
969 1095 1298 1164 miserabile,
1314 1096 1492 1153 clusos
1515 1095 1627 1165 \83)
1876 1097 1936 1154 Vi
1966 1108 2195 1165 certent,
2228 1098 2369 1153 ausit
2400 1109 2589 1155 rursus
2621 1113 2688 1153 ne
2715 1098 2839 1156 talia
2871 1096 3178 1173 quisquam,
3226 1120 3247 1145 ο

155 1182 416 1250 Irritant,
445 1184 571 1242 hinc
601 1184 728 1240 inde
754 1184 929 1243 solum
950 1187 1290 1257 peragrando
1314 1185 1588 1242 Latinum.
1763 1188 1834 1247 90
1870 1188 2064 1244 Postea
2092 1205 2215 1244 cum
2252 1189 2487 1259 primum
2515 1188 2700 1243 stellas
2720 1202 2913 1245 aurora
2934 1187 3309 1259 fugaretl85),

164 1273 379 1335 Verum
408 1275 498 1336 ubi
523 1284 719 1333 cuncta
754 1275 915 1335 silere
940 1277 1126 1333 vident
1146 1278 1434 1337 hostilibus
1454 1278 1624 1343 ausis,
1877 1283 2036 1338 Urbis
2067 1282 2134 1337 ad
2164 1282 2439 1338 excidium
2464 1280 3009 1351 properatGermana
3035 1280 3310 1350 juventus,

164 1365 215 1420 It
246 1367 455 1421 monitu
484 1366 629 1437 regis
667 1368 873 1437 patrias
896 1367 1187 1425 Sinbaldus
1215 1371 1281 1425 ad
1312 1384 1459 1429 oras.
1875 1374 2123 1445 Undique
2150 1372 2387 1428 luctiﬁco
2417 1374 2596 1429 sonitu
2625 1372 2904 1442 complusa
2930 1372 3201 1437 tubarum.

163 1454 495 1523 Quodsolus
520 1468 683 1527 queat
713 1457 964 1515 hostilem
988 1474 1249 1529 superare
1291 1459 1553 1514 furorem.

1870 1465 1977 1525 Hic
1992 1465 2161 1522 fossas
2183 1466 2405 1537 implent
2424 1466 2512 1521 alii
2543 1478 2802 1534 muroque
2822 1465 3204 1535 propinquant,

38 1545 131 1599 45
253 1546 439 1603 Tertia
469 1547 556 1603 vix
587 1548 725 1604 luna:
751 1564 812 1605 se
841 1564 1044 1606 cornua
1067 1551 1184 1607 luce
1215 1550 1623 1621 replerant(8i),
1881 1559 2014 1614 Pars
2043 1558 2205 1615 scalis
2232 1558 2396 1613 etiam
2426 1556 2649 1611 tendunt
2677 1555 3046 1611 conscendere
3066 1564 3273 1609 turres.

170 1642 282 1699 llic
312 1643 465 1699 laetus
485 1644 714 1715 patriam
743 1653 1025 1716 postquam
1048 1646 1316 1702 COIICCSSil
1335 1643 1622 1708 adaulam,
1762 1650 1832 1707 95
1874 1651 2039 1721 Urget,
2084 1650 2229 1705 enim
2274 1657 2629 1719 utrorumque
2677 1647 2837 1701 nimis
2884 1647 3170 1715 ριιωεθημίι
3225 1662 3311 1700 re-

168 1735 254 1799 En
282 1734 441 1791 Wido
462 1750 654 1807 agmen
686 1751 873 1807 agens,
902 1736 1097 1795 iterum
1123 1753 1382 1797 renovare
1410 1736 1623 1794 furores
1661 1724 1704 1777 Β
3055 1736 3200 1809 [gum
3224 1778 3239 1803 ,

169 1824 485 1892 Accelerat;
514 1836 702 1887 contra
734 1826 929 1885 ductor
957 1827 1228 1898 depellere
1260 1838 1490 1898 pestem,

1874 1833 2070 1901 Mgenia
2109 1832 2251 1904 quod
2288 1831 2519 1888 retinent
2550 1844 2735 1885 carum
2785 1846 2880 1899 pro
2915 1844 3141 1886 munere
3174 1829 3315 1882 .dan-

171 1919 400 1974 Instruit
423 1934 573 1977 arma
598 1919 737 1989 pius,
771 1926 1056 1990 tantosque
1089 1920 1331 1975 recidere
1357 1919 1547 1974 fastus.
3068 1920 3207 1992 [tum

51 2012 135 2067 50
173 2010 287 2068 Nec
310 2012 443 2071 latet
467 2012 777 2078 Arnulfum,
810 2028 1003 2069 rursus
1045 2028 1391 2071 succrescere
1425 2013 1623 2071 bellum
1870 2016 2039 2073 Omne
2072 2030 2240 2083 genus
2269 2024 2455 2070 contra
2490 2014 2715 2069 telorum
2743 2011 3016 2068 ell‘undere
3040 2011 3187 2071 cives

178 2105 458 2175 Hesperia.
495 2104 779 2160 Widonem
806 2105 1103 2161 etiamnum
1135 2106 1303 2160 milite
1331 2103 1551 2165 fretum,
1874 2107 2253 2176 Prmdurisque
2284 2114 2478 2175 parant
2505 2105 2690 2160 hostes
2725 2103 3015 2159 detrudere
3044 2103 3240 2169 contis,

174 2194 374 2260 All‘ore,
410 2197 759 2265 cervicesque
787 2197 1001 2267 procaci
1029 2195 1290 2251 adtollere
1313 2196 1485 2262 fastu,
1875 2198 1984 2254 Nec
2010 2207 2235 2269 possunt
2256 2198 2474 2253 obstare
2500 2205 2712 2262 tamen;
2746 2204 2824 2250 tot
2852 2194 3070 2254 milibus
3096 2194 3207 2256 acti

177 2286 400 2353 Audiit;
426 2302 491 2342 ac
518 2287 674 2354 solio,
701 2302 809 2359 quo
840 2287 979 2343 forte
1001 2288 1243 2354 sedebat,
1275 2288 1485 2345 eburno
1732 2290 1836 2357 100
1874 2290 2159 2346 Delicrunt.
2192 2288 2391 2343 Verum
2425 2288 2570 2346 cadit
2593 2286 2681 2340 hic
2711 2300 2835 2341 eum
2860 2285 3124 2354 fragmine
3151 2283 3314 2350 muri,

181 2377 403 2443 Exsilit,
436 2378 745 2449 ingentique
772 2379 994 2435 domum
1022 2378 1259 2437 clamore
1280 2379 1508 2450 replevit
1537 2396 1549 2432 :
1872 2381 1965 2438 Ille
2003 2382 2113 2435 ruit
2138 2379 2317 2435 fossus
2338 2378 2547 2447 iaculo:
2577 2378 2693 2433 sine
2729 2377 2934 2434 viribus
2962 2377 3101 2437 alter

68 2470 143 2525 55
185 2468 545 2541 Fortiajussa
577 2473 684 2531 cito
707 2471 892 2527 scriba:
919 2470 1120 2535 sulcate
1145 2474 1383 2543 papyris,
1874 2474 1996 2529 Stat
2023 2471 2251 2527 rationis
2282 2472 2461 2541 inops.
2504 2469 2754 2526 Reclusis
2780 2469 3021 2539 undique
3049 2470 3242 2539 portis,
3276 2540 3283 2545 ἡ

184 2565 426 2619 Actutum
448 2565 668 2635 populos
700 2576 887 2637 cogant
916 2582 1033 2637 quae
1064 2566 1278 2621 adstare
1299 2566 1532 2635 jubenti,
1872 2565 2015 2622 Urbs
2034 2572 2201 2636 patet,
2229 2563 2410 2620 hostili
2438 2560 2549 2631 jam
2572 2562 2686 2633 jam
2711 2560 2934 2616 confusa
2956 2562 3206 2627 tumultu.

151 2654 357 2719 'Quam
382 2654 552 2709 varios
584 2654 801 2725 linguis,
827 2665 938 2710 tam
966 2656 1128 2711 duros
1149 2666 1418 2726 pectoreet
1442 2657 1627 2711 armis.
1873 2658 2015 2715 Ecce
2034 2656 2275 2715 .verenda
2293 2656 2451 2727 prius
2472 2654 2617 2710 nullo
2643 2654 2743 2711 sub
2767 2654 2972 2709 honore
2998 2664 3249 2709 tenentur

185 2741 427 2815 Namque
443 2745 597 2815 juvat
628 2746 780 2800 Latio
802 2746 1003 2801 clarum
1033 2763 1112 2801 me
1138 2748 1300 2802 visere
1322 2748 1575 2813 amicum,
1731 2749 1839 2815 105.
1870 2749 2057 2815 Atria;
2090 2763 2213 2803 nam
2242 2747 2428 2803 scissis
2458 2753 2685 2816 pereunt
2714 2745 2978 2807 velamina
3000 2746 3148 2801 vittis

183 2830 346 2896 Quem
376 2834 561 2889 totiens
596 2832 880 2889 Rhodanus
900 2846 1047 2890 vexat
1068 2846 1378 2906 properante
1392 2835 1623 2891 Lemano
1870 2842 2128 2914 Virginis,
2155 2840 2526 2912 impulsnsque
2557 2855 2713 2895 sacer
2737 2838 2873 2910 fugit
2903 2840 3018 2910 ipse
3046 2839 3318 2904 minister,
3348 2905 3354 2911 ο

72 2925 146 2978 (ὶῦ
185 2923 517 2990 Milite-Quo
551 2924 752 2996 fugient
780 2943 901 2997 ergo
926 2927 950 2981 ἲ
976 2926 1247 2981 Ctelumne
1275 2927 1548 2991 subibunt.
1871 2920 2239 3003 Quorumdam
2266 2931 2541 3001 stringunt
2574 2932 2765 2987 ambas
2809 2930 2935 3000 quia
2962 2930 3173 2986 vincula
3204 2930 3320 2997 pqu

183 3014 510 3070 Aulatebras
533 3027 686 3073 teme
714 3027 949 3088 quterent
970 3018 1218 3091 liquidiue
1253 3018 1503 3089 profundi
1534 3022 1558 3072 1’
1653 3067 1697 3096 ρ
3078 3022 3245 3096 [mas,

183 3105 362 3162 Oderit
399 3106 688 3177 "aperiat,
722 3110 871 3179 faxo,
899 3110 1009 3165 dux
1041 3128 1226 3166 nomen
1258 3121 1450 3165 amato:
1653 3067 1705 3130 ἃ
1873 3118 2071 3175 Oscula
2099 3132 2218 3189 quae
2244 3116 2417 3172 solitae
2441 3115 2613 3171 sacris
2642 3114 2843 3170 sentire
2872 3113 3061 3169 litatis.

180 3196 477 3267 Improbus,
505 3202 747 3256 extremis
778 3214 931 3261 terra:
960 3202 1035 3257 vel
1054 3213 1234 3274 pastus
1266 3204 1319 3258 in
1343 3204 1448 3259 oris
1472 3204 1490 3257 !
1876 3210 2217 3277 Ambrosius,
2251 3217 2443 3264 auctor
2466 3207 2692 3263 sceleris
2718 3207 3001 3276 l'omesque
3027 3206 3317 3274 malorum,

184 3283 659 3349 Talibusinl‘essus
693 3291 980 3346 metuenda
1008 3293 1148 3347 mole
1171 3302 1419 3348 catervas

1732 3304 1834 3359 110
1874 3303 1945 3360 Ut
1968 3302 2185 3357 tandem
2217 3302 2363 3357 videt
2394 3300 2634 3355 immites
2663 3299 2998 3359 dominarier
3029 3300 3212 3357 hostes

62 3383 147 3439 65
187 3381 482 3447 Praestruit,
516 3384 832 3454 irarumque
856 3400 1049 3457 graves
1077 3386 1278 3441 emittit
1314 3386 1551 3448 habenas
1578 3406 1588 3439 :
1872 3386 2124 3452 Arcibus,
2155 3385 2416 3441 adscensu
2444 3382 2623 3444 celeri,
2645 3382 2781 3452 petit
2814 3382 2980 3436 ardua
3015 3384 3200 3447 turris,

180 3472 453 3533 Eridanus
473 3474 661 3542 veluti,
702 3474 919 3530 nivibus
952 3474 1165 3531 fervore
1194 3477 1410 3540 solutis,
1874 3476 1957 3530 Nil
1984 3476 2084 3532 sibi
2117 3474 2218 3530 sub
2249 3472 2597 3533 tantoﬁdens
2620 3486 2903 3541 superesse
2934 3471 3157 3539 periclo,

183 3569 517 3638 Prtemptum
548 3566 662 3627 exit
692 3567 748 3621 in
783 3581 908 3625 arva
943 3564 1145 3635 ﬂuens,
1171 3582 1499 3637 camposque
1533 3584 1629 3636 per
1873 3567 2107 3625 ASdibus
2134 3565 2383 3639 ingenuis
2425 3565 2697 3636 quondam
2737 3560 2851 3632 jam
2884 3561 2994 3633 (86)
3029 3561 3199 3621 Marte
3238 3577 3321 3618 re-

1323 3656 1558 3730 [ommes
1940 3644 1986 3681 ⁹
3051 3650 3247 3724 [lertis.

181 3753 310 3807 Cum
331 3750 557 3808 stabulis
582 3752 981 3817 armentaruit,
1014 3753 1275 3810 radicitus
1310 3752 1463 3811 alnos
1876 3747 2099 3802 Pellitur
2143 3746 2269 3800 inde
2299 3756 2504 3810 tamen,
2539 3743 2697 3799 victis
2726 3743 3003 3799 accinctus
3049 3751 3106 3798 et
3148 3740 3321 3800 armis

188 3842 430 3899 Litoreas
454 3840 617 3896 ﬂuctu
646 3842 909 3897 undarum
938 3842 1153 3903 labente
1186 3842 1492 3898 resorbens.
1734 3839 1836 3895 115
1876 3837 2101 3893 Arnulfo
2138 3836 2389 3891 manibus
2435 3835 2670 3890 trahitur
2696 3843 2818 3906 post
2849 3844 2995 3908 terga
3038 3833 3317 3896 revinctis.

75 3936 155 3990 ‘70
192 3932 413 4005 Jamque
440 3934 615 3991 solum
648 3943 795 3990 tenet
830 3934 1130 3990 Ausonium
1179 3936 1289 3990 dux
1323 3934 1409 3990 ille
1440 3949 1627 3989 veren-
1879 3931 1971 3986 Ille
2000 3930 2183 3986 calens
2208 3930 2308 3994 ira,
2345 3937 2572 3991 testatur
2595 3939 2788 3983 cuncta
2824 3936 3145 3995 creantem,

1230 4026 1353 4099 [dns
1374 4027 1462 4097 (8i
1490 4031 1550 4096 '),
1872 4020 2099 4078 Arboris
2119 4021 2265 4079 hunc
2290 4018 2467 4079 ramis
2493 4017 2673 4075 subito
2699 4017 2972 4074 demittier
2996 4017 3138 4073 alue.

187 4116 314 4173 Cum
344 4117 594 4173 Widonis
613 4118 729 4172 abit
760 4132 985 4174 rancore
1013 4117 1190 4174 soluta
1219 4120 1469 4190 superbo.
1876 4114 2021 4173 Proh
2057 4127 2225 4184 genus
2259 4111 2490 4166 invisum
2514 4110 2631 4176 leti,
2664 4109 2993 4180 suspendere
3015 4108 3190 4162 ventis

185 4206 344 4262 Fama
374 4208 428 4263 in
457 4216 635 4264 castra
662 4206 760 4265 rei.
801 4208 999 4264 Sociiis
1028 4209 1299 4281 extemplo
1330 4213 1556 4277 vocatis,
1876 4207 2068 4264 Debita
2101 4205 2343 4261 membra
2371 4203 2519 4259 solo!
2554 4201 2871 4256 Mortalibus
2901 4200 3073 4255 altera
3102 4216 3284 4255 rerum

190 4297 333 4355 Tunc
381 4298 500 4353 ait:
546 4297 591 4353 Ο
648 4314 907 4368 proceres,
960 4298 1086 4370 quid
1145 4317 1274 4371 opus
1329 4304 1629 4373 depromere
1735 4297 1839 4353 120
1877 4296 2013 4353 Pars
2048 4296 2223 4360 datur,
2264 4310 2327 4350 ac
2369 4292 2628 4349 membris
2664 4292 2983 4369 prohibetur
3027 4292 3180 4363 gleba
3232 4306 3321 4347 ca-

1341 4391 1550 4464 [verbis,
1656 4416 1704 4476 D
2869 4475 2876 4476 γ
3054 4384 3248 4457 [ducis

195 4481 304 4547 Quo
328 4497 408 4537 res
439 4481 642 4552 imperii
673 4492 955 4554 verguntur
978 4486 1205 4555 pondere
1232 4484 1351 4539 belli
1374 4485 1400 4538 1’
1686 4475 1690 4476 ⁷
1878 4478 2016 4534 Hinc
2045 4478 2209 4549 igitur
2233 4476 2494 4547 juvenum
2536 4476 2825 4538 solvuntur
2857 4475 3059 4547 frigore
3080 4484 3320 4541 mentes;

82 4574 155 4629 75
193 4572 430 4629 Collectis
454 4574 669 4644 quando
700 4572 880 4631 Hister
904 4576 1050 4631 adest
1072 4577 1194 4631 hinc
1214 4576 1335 4631 inde
1365 4576 1574 4647 ﬂuentis
1881 4570 2118 4626 Urbibus
2139 4569 2433 4636 excedunt,
2461 4568 2706 4639 laxisque
2738 4567 2993 4637 repagula
3017 4567 3189 4637 portis

188 4663 405 4721 Excidio
428 4665 612 4721 nostri.
645 4662 1083 4732 Moneo,serrate
1113 4667 1355 4721 secundis
1878 4663 2268 4729 Disscindunt,
2320 4662 2612 4731 hostesque
2668 4659 2812 4716 feros
2857 4659 2910 4715 in
2963 4659 3161 4715 moenia
3216 4658 3324 4712 liu-

189 4754 352 4811 Rebus
375 4771 433 4810 eo
458 4765 679 4823 vosmet,
709 4758 869 4811 tantis
899 4774 962 4813 ac
988 4759 1185 4827 parcite
1208 4756 1373 4825 bellis,
2888 4748 3081 4821 [‘l“um
3111 4748 3245 4820 (87)-

190 4845 439 4911 Abseedat
463 4845 629 4901 donec
654 4847 895 4917 proprios
912 4847 1171 4917 Arnulfus
1189 4850 1258 4903 ad
1287 4865 1461 4919 agros.
1879 4848 1984 4904 Sed
2015 4846 2140 4918 quia
2168 4860 2274 4901 non
2306 4845 2412 4900 illis
2440 4841 2623 4913 praedo
2655 4843 2892 4897 tutacula
2918 4843 3078 4896 terris

255 4937 460 5010 Pingue
509 4937 684 4995 solum
742 4938 954 4995 interea
1019 4954 1207 5009 regum
1275 4942 1401 4996 dum
1442 4941 1632 4996 lustrat
1736 4937 1841 4993 125
1878 4937 2146 5002 Obtinuit,
2172 4934 2351 4993 subito
2378 4934 2634 4988 Etruscas
2661 4932 2969 5001 procinctus
2994 4933 3060 4986 ad
3088 4946 3213 4987 oras

1282 5031 1556 5103 [uterque,
1877 5030 2053 5087 Vertit
2080 5030 2181 5085 iter
2220 5026 2314 5100 (87
2343 5027 2405 5096 '),
2474 5041 2657 5096 regum
2703 5025 2929 5095 imperio
2956 5023 3195 5078 Romana
3229 5039 3319 5093 pe-

93 5122 159 5178 80
191 5120 432 5192 Pergami
460 5120 754 5177 adveniunt
780 5121 995 5190 urbem;
1022 5136 1184 5193 quam
1217 5123 1424 5179 detinet
1455 5124 1595 5181 ultro
3016 5114 3249 5185 [lentum

195 5211 449 5267 Munitam
472 5208 668 5280 iaculis
697 5211 924 5266 nimium
953 5212 1286 5283 sudibusque
1313 5215 1580 5285 praeustis,
1873 5214 2057 5277 Atria;
2089 5227 2159 5267 ne
2206 5225 2414 5265 summa
2449 5208 2630 5264 forsan
2678 5209 2803 5279 quia
2854 5207 3052 5263 mansit
3093 5208 3145 5262 in
3175 5208 3316 5273 aula,

129 5344 236 5409 (83)
275 5343 423 5398 Intra
455 5342 645 5397 ηιωηὶα
674 5340 865 5397 Ticini.
1734 5347 1905 5402 Marte
1930 5345 2183 5409 resertis;
2227 5342 2497 5398 lenissimo
2540 5343 2765 5398 remedio
2808 5340 3041 5395 adhibito
3079 5339 3191 5411 jam
3234 5342 3319 5396 in-

127 5415 235 5486 (Si)
265 5413 356 5486 cf:
376 5411 528 5486 .Vilg'
556 5411 688 5486 1E";
719 5411 834 5486 “l2
863 5429 911 5467 ν’

383 5411 528 5486 Virg.
556 5411 688 5486 [Eni
719 5411 834 5486 UL,
863 5429 911 5467 υ.
1731 5419 1890 5474 serui.

128 5480 404 5558 (δί’)ξϐί.
440 5480 582 5558 Yirg.
614 5481 744 5536 Αῖη.
789 5480 854 5548 γ,
882 5501 927 5539 υ.
963 5484 1055 5537 42.

1804 5487 1920 5558 (87)
1962 5484 2060 5539 Hic
2089 5484 2299 5553 Arnulfi-
2332 5484 2525 5539 reditus
2552 5486 2603 5539 in
2641 5482 2978 5538 Germaniam
3012 5490 3059 5536 et
3088 5483 3310 5539 secundi

132 5552 241 5692 (35;
270 5552 417 5608 Ᾰηηο
439 5552 562 5609 894·
1733 5552 1984 5627 profectio
2015 5557 2347 5609 ontittuntur.

136 5625 218 5692 (86
289 5622 398 5677 Vox
436 5625 520 5676 hic
564 5622 862 5692 exciderat;
914 5624 1079 5677 codex
1126 5624 1274 5678 liabet
1303 5642 1321 5679 :
1376 5626 1625 5692 lngenuis
1806 5629 1895 5692 (87
1928 5630 1967 5692 °)
2010 5628 2160 5681 Anno
2182 5624 2347 5692 895,1

136 5622 241 5701 (86)
289 5622 398 5677 Vox
436 5625 520 5676 hic
564 5622 1079 5701 excidera_t_;_cod_ex
1126 5624 1274 5701 habet
1303 5642 1321 5679 :
1376 5626 1625 5701 Ingenuis
1734 5622 1737 5623 ⁷
1806 5622 1895 5701 (87
1928 5630 1967 5697 ‘)
2010 5628 2160 5681 Anno
2182 5624 2306 5693 895,
2334 5624 2542 5679 Octobr.

73 5690 322 5757 quondam
349 5703 525 5751 morto
571 5692 759 5763 Marte,
802 5690 973 5750 Vales.
1002 5694 1231 5765 ingeniis
1272 5690 1625 5768 quorumdam
