3916 6316
532 232 671 290 1505
1751 234 2045 292 APPEND.

2207 233 2380 291 SEC.
2419 235 2484 289 Χ.
3645 241 3752 297 1508

672 353 828 408 Haud
856 352 1074 409 latuisse
1104 361 1266 423 queat
1291 351 1476 407 Gallus
1507 365 1566 406 se
1587 351 1790 421 dicere,
1818 363 2108 425 postquam
2143 356 2188 414 Α
2361 351 2495 407 Cum
2539 359 2696 406 vocat
2746 350 2833 405 hic
2874 357 3061 405 natum
3108 356 3260 404 tanto
3303 362 3400 419 pro
3448 350 3622 408 funere
3653 374 3753 414 tme-

670 444 1016 513 Fluctivagas
1040 442 1217 499 Rheni
1251 441 1513 499 Arnuli'us
1540 444 1890 501 remearit'ad
1917 446 2113 501 undas.
2446 486 2447 489 η
2918 472 2921 475 -
3519 442 3699 515 [stum.

530 536 635 599 150
671 535 1017 608 Fugerathic
1042 534 1287 590 Romana
1307 534 1460 590 vafer
1482 536 1575 591 sed
1601 537 1838 597 culmina
1876 537 2115 607 tandem,
2220 536 2326 592 180
2367 536 2493 592 Haec
2541 536 2749 591 monita
2790 534 2979 590 fractis
3029 545 3287 605 promens
3329 537 3655 592 memoranda
3691 541 3743 593 lo-

672 631 751 687 Ne
775 632 980 701 lepidos
995 620 1251 701 caperent
1276 629 1445 699 liquid
1471 630 1582 702 (88)
1606 629 1804 687 foedata
1833 639 2111 703 tyrannos.
3493 623 3667 695 [quelis
3691 649 3702 682 :

670 720 734 775 Hi
756 730 935 775 tamen
969 720 1159 775 accitis
1186 720 1403 777 hostilia
1432 721 1659 776 crimina
1685 723 1930 792 pandunt
2367 718 2528 786 Nate,
2565 718 2728 784 vides,
2774 733 2933 789 quam
2977 718 3116 771 dura
3154 723 3397 785 premant
3437 715 3681 786 dispendia
3703 725 3753 776 ri-

671 811 1002 884 Signil‘eris,
1085 812 1280 867 vexilla
1358 812 1655 884 iubentque
1724 813 1958 868 educere
2021 828 2114 865 ca-
3565 808 3704 882 [tam,

470 966 511 1005 .
1668 904 1820 977 [stris
1850 903 1940 976 (88
1978 902 2016 972 ‘)

2367 924 2499 988 Qute
2534 922 2694 978 Pater
2717 924 2805 978 ille
2841 924 3110 978 hominum
3141 922 3284 978 vetiti
3307 941 3403 994 pro
3432 924 3629 977 crimine
3650 932 3760 995 ponii

670 1008 888 1072 Viribus
918 1029 982 1071 ac
1021 1022 1149 1071 totis
1180 1029 1394 1071 c.ausas
1432 1014 1685 1070 insistere
1712 1022 1900 1085 portas
1921 1056 1935 1079 ,
2364 1013 2577 1079 Intulit,
2609 1025 2658 1069 et
2697 1024 2849 1085 rupto
2884 1017 3166 1072 macularit
3198 1015 3395 1085 {edere
3422 1033 3647 1071 massam.

528 1100 632 1163 l35
668 1107 733 1164 Vi
762 1107 953 1164 saltem
982 1108 1280 1163 reserantis
1307 1106 1462 1162 adire
1493 1113 1552 1161 ut
1582 1104 1770 1161 limina
1790 1106 1978 1161 caelum
2366 1104 2477 1159 Nec
2498 1106 2635 1160 ultra
2661 1108 2847 1177 patriis
2870 1107 3064 1176 poteris
3092 1108 3320 1161 tutarier
3341 1108 3524 1169 armis,

666 1196 935 1269 Principis
964 1198 1211 1254 ecclesia:
1242 1198 1425 1266 liceat,
1458 1212 1525 1252 ne
1549 1196 1737 1253 frivola
1764 1205 1944 1250 tantos
2231 1198 2332 1253 l85
2373 1197 2616 1269 Namque
2655 1201 2792 1270 rapit
2827 1210 3016 1255 natura
3052 1200 3188 1254 diem
3221 1214 3557 1268 somnumque
3582 1201 3757 1266 reducit,

666 1289 981 1361 Propellant
1006 1289 1261 1361 ﬁgmenta
1291 1289 1438 1344 viros
1462 1299 1515 1344 et
1545 1296 1670 1343 vota
1702 1289 1976 1343 retardent
2360 1293 2580 1365 Percipe
2608 1296 2762 1351 verba
2789 1308 2962 1350 tamen
2987 1296 3142 1366 positi
3174 1295 3270 1349 sub
3304 1294 3411 1360 fine
3434 1295 3679 1363 parentis,’

668 1379 928 1437 Prmsenti
958 1381 1220 1451 promissa
1250 1379 1369 1435 loco
1403 1379 1724 1449 templisque
1747 1378 1962 1433 diealiS-
2360 1385 2429 1439 Et
2460 1387 2668 1440 ratione
2704 1386 2843 1441 vales
2867 1402 3205 1456 quacunque,
3245 1383 3535 1438 adsciscere
3560 1384 3666 1451 forti

673 1469 896 1525 Talibus
922 1470 1173 1541 imperiis
1200 1471 1398 1542 talique
1423 1468 1731 1525 hortamine
1752 1483 1935 1535 regum
2364 1475 2678 1547 Brengario.
2719 1476 2877 1531 Ilunc
2902 1478 3091 1531 etenim
3117 1477 3228 1545 fato
3262 1476 3478 1530 meliore
3506 1485 3716 1546 sequetur

528 1560 635 1621 ΗΟ
674 1561 925 1617 lnduvias
950 1563 1164 1632 rapiunt
1185 1562 1367 1619 cuncti
1390 1560 1649 1615 Mavortis
1676 1559 1879 1623 anheli,
2364 1565 2645 1634 Hesperia,
2669 1579 2716 1623 et
2742 1571 2936 1625 nostris
2958 1571 3116 1624 etiam
3149 1567 3510 1623 dominabitur
3537 1570 3676 1621 areis.

668 1653 999 1711 Counnissas
1026 1655 1170 1710 avidi
1198 1655 1344 1712 ferro
1364 1653 1713 1725 proscindere
1736 1662 1939 1724 portas.

669 1746 789 1801 Jam
813 1747 940 1817 quia
964 1756 1119 1817 parta
1158 1748 1259 1804 sibi
1292 1746 1640 1817 speculantur
1675 1747 1826 1812 nigra
1857 1744 2115 1810 Quirites,

2226 1658 2325 1714 190
2351 1658 2463 1714 Nec
2491 1660 2645 1730 plura
2670 1660 2889 1725 efl‘atus,
2918 1660 3095 1716 medio
3127 1673 3382 1715 sermone
3412 1659 3624 1726 resistit,

2327 1782 2331 1786 -
2361 1750 2428 1805 Et
2454 1751 2618 1805 vitam
2645 1752 2851 1821 pariter
2879 1752 3119 1806 moriens
3147 1761 3200 1805 et
3230 1750 3441 1804 famina
3468 1749 3646 1819 linquit

2150 1709 2193 1767 Β

676 1838 920 1909 Undique
963 1839 1185 1897 dissutis
1217 1848 1469 1895 reserant
1497 1837 1863 1909 penetralibus
1894 1835 2114 1900 Urbem,
2362 1842 2645 1897 Lazlantur
2672 1842 2875 1913 populi,
2911 1843 3104 1897 mortis
3147 1841 3416 1896 cecidisse
3451 1840 3739 1909 ministrum,

665 1931 1078 1998 Admittuntque
1095 1932 1259 1986 duces
1281 1930 1589 1985 veneranda
1612 1929 1679 1983 ad
1703 1928 1921 1983 delubra
1937 1926 2115 1981 mites.
2365 1933 2431 1988 Ei
2455 1935 2603 1989 curis
2633 1935 2843 1990 solrum
2886 1936 3101 1991 animos
3137 1949 3202 1988 ac
3228 1933 3406 1988 Mai-te
3441 1932 3681 1987 lacertos;

532 2020 638 2076 Hii
677 2020 777 2077 llic
809 2022 895 2076 ubi
928 2020 1182 2091 perfectis
1210 2022 1424 2078 nituere
1453 2020 1645 2075 altaria
1670 2020 1833 2084 votis,
2367 2028 2435 2085 Ut
2457 2028 2568 2099 (92)
2595 2043 2716 2083 cum
2747 2027 2859 2082 sole
2892 2024 3036 2081 malo
3070 2025 3325 2093 tristique
3357 2022 3559 2078 rosaria
3587 2022 3763 2091 pallent.

668 2113 837 2169 Ardet
862 2112 1189 2182 inexpletum
1224 2115 1416 2168 ductor
1444 2112 1688 2183 proferre
1711 2112 1953 2168 furorem
2225 2121 2327 2179 195
2366 2121 2497 2177 Usta
2522 2130 2682 2186 noto;
2718 2122 2763 2176 si
2798 2119 2944 2175 clara
2977 2119 3095 2173 dies
3122 2116 3459 2187 zephyrique
3485 2114 3660 2170 refecit

668 2204 962 2261 Barbarus.
997 2205 1239 2260 Infrenes
1266 2205 1477 2260 animos
1502 2203 1582 2260 Sic
1606 2204 1683 2258 ira
1712 2202 1922 2274 fatigat.
2359 2212 2503 2267 Aura
2530 2210 2736 2282 polum,
2778 2210 2919 2265 redit
2946 2209 3128 2264 omnis
3154 2208 3357 2273 honos,
3393 2207 3681 2274 emissaque
3700 2204 3764 2257 Ιιι.

667 2295 805 2362 Quid
833 2294 1023 2360 faciat,
1052 2312 1159 2366 quo
1195 2300 1255 2351 'se
1285 2304 1481 2359 vertat,
1512 2308 1633 2365 qua:
1664 2292 1868 2347 mtenia
1899 2292 2060 2357 visat,
3591 2294 3714 2367 [cent

671 2387 883 2460 ignorat
908 2389 1137 2443 rationis
1168 2388 1342 2457 inops.
1374 2387 1508 2441 Nam
1532 2400 1743 2442 summa
1773 2385 2010 2449 tenebat,

2359 2390 2637 2456 Gcrmina,
2664 2402 2719 2445 et
2742 2388 3005 2444 informes
3029 2396 3192 2441 ornat
3218 2402 3316 2442 sua
3346 2386 3518 2455 gloria
3541 2387 3710 2454 virgas.

530 2480 634 2543 150
675 2480 810 2551 Spes
830 2480 919 2533 ubi
944 2479 1219 2547 pestiferis
1247 2478 1491 2534 restabat
1515 2485 1731 2547 postera
1752 2474 1939 2531 Gallis.
2434 2482 2569 2537 Pars
2613 2497 2828 2551 quoque
2870 2495 3066 2552 magna
3113 2480 3287 2533 virun
3337 2488 3653 2549 properant,
3685 2480 3769 2533 Wi-

669 2569 739 2637 At
764 2571 955 2624 ductor
980 2568 1121 2629 Latii
1148 2568 1355 2626 socium
1397 2569 1515 2623 sine
1545 2581 1697 2622 more
1722 2576 2013 2637 tyrannum
3104 2562 3105 2569 “
3337 2570 3500 2642 [done
3532 2571 3728 2638 sepulto,

673 2660 743 2715 Ut
770 2660 916 2714 videt
957 2659 1228 2729 ingruere,
1252 2658 1466 2729 placido
1504 2658 1585 2713 sic
1624 2667 1846 2728 pectore
1870 2656 2035 2725 Coepit
2067 2674 2080 2709 :

2068 2674 2080 2709 ε
2366 2665 2600 2720 Orantes
2632 2666 2845 2720 veniam
2877 2664 3013 2718 Latii
3056 2664 3304 2717 ductoris
3332 2664 3399 2715 ad
3424 2663 3614 2723 aulam.

672 2752 881 2818 Desine,
916 2769 1008 2807 rex
1031 2752 1355 2817 venerande;
1386 2752 1518 2806 satis
1548 2752 1736 2806 virtute
1764 2760 2055 2819 peractum,

2224 2756 2334 2809 200
2374 2756 2512 2811 Dum
2548 2755 2783 2811 Widone
2815 2765 3014 2819 satum,
3051 2753 3292 2808 invalido
3332 2754 3620 2809 comitante
3642 2753 3767 2806 mini-

676 2843 787 2899 Ncc
819 2845 959 2898 decet
991 2844 1212 2899 ulterius
1237 2844 1406 2899 socios
1437 2844 1691 2898 deducere
1718 2841 1947 2915 Rhenos.
3445 2840 3582 2915 [stro
3601 2843 3715 2914 (93),

550 2933 654 2997 155
696 2935 838 2989 Nam
862 2936 906 2989 si
928 2936 1108 2990 itidem
1132 2935 1291 2991 Wido
1323 2936 1473 2991 victis
1510 2951 1651 3005 apem
1674 2934 1818 3004 ponit
1845 2935 1897 2986 iu
1935 2934 2118 2996 armis.
2370 2940 2661 3006 Deficiunt,
2687 2939 2885 3011 duplici
2911 2938 3135 2995 nimium
3164 2936 3480 2992 discrimine
3508 2946 3741 2997 maestum,

672 3028 928 3085 Adventat
960 3029 1232 3096 tumidus,
1261 3029 1445 3083 dextra
1500 3030 1617 3091 hac,
1658 3028 1789 3091 sine,
1834 3042 1990 3096 posco
2031 3026 2123 3078 do-
2148 3065 2190 3124 C
2370 3032 2538 3086 Morte
2564 3030 2737 3101 patris
2762 3029 2927 3109 simul
2955 3044 3018 3084 ac
3044 3029 3189 3083 nOtis
3228 3027 3556 3081 abeuntibus
3587 3026 3740 3081 armis.

1032 3124 1035 3135 '
1767 3117 2041 3189 [mandus,
2155 3117 2190 3124 “
2365 3126 2433 3183 At
2456 3138 2578 3178 recc

2365 3126 2433 3183 At
2456 3122 2706 3178 recolens
2738 3122 3013 3193 prrecepta
3036 3120 3232 3192 patris,
3254 3119 3408 3190 jubet
3440 3119 3521 3174 ire
3546 3117 3763 3183 sodalem,

677 3209 750 3265 Te
779 3212 1084 3266 dominante
1112 3212 1235 3267 viris
1265 3213 1478 3283 antiquo
1517 3212 1708 3281 {mttere
1726 3210 1946 3279 junctis.
2363 3214 2462 3282 Qui
2500 3228 2688 3284 pacem
2721 3222 2874 3285 petat
2917 3228 2981 3267 ac
3013 3226 3195 3280 regem
3230 3210 3553 3265 summissus
3579 3209 3763 3263 adoret:

670 3303 847 3359 Mitior
869 3304 953 3359 his
976 3305 1154 3375 dictis,
1186 3307 1409 3378 patitur,
1442 3307 1699 3375 repedare
1730 3304 1973 3358 volentes
2224 3307 2330 3365 205
2371 3306 2447 3361 Ne
2476 3320 2687 3363 memor
2713 3319 2833 3360 esse
2861 3303 2989 3359 velit
3014 3302 3283 3374 genitoris
3318 3301 3456 3356 bella
3480 3301 3712 3371 gerentis,

667 3394 991 3461 Barbaricos
1017 3412 1269 3468 proceres
1297 3399 1513 3454 diverso
1543 3399 1608 3453 ab
1635 3397 1801 3451 limite
1832 3396 2021 3462 lectos,
2367 3394 2472 3449 Sed
2502 3394 2641 3464 legat
2669 3394 2722 3448 in
2751 3408 2979 3464 regnum
3009 3392 3196 3448 sociali
3225 3391 3434 3447 foedere
3456 3391 3693 3455 amicum,

529 3485 635 3547 160
671 3486 955 3543 Germanae
978 3489 1229 3559 princeps
1257 3490 1581 3547 metuendus
1605 3500 1657 3543 et
1682 3488 1885 3541 arbiter
1914 3486 2067 3540 aula}.
2369 3486 2684 3557 Militiaeque
2712 3487 2875 3540 etiam
2915 3485 3130 3540 Mavors
3161 3484 3206 3539 si
3242 3483 3463 3554 quando
3496 3481 3760 3537 ministrum

746 3581 846 3635 Vix
877 3583 1127 3652 proprios
1157 3582 1333 3651 tetigit
1362 3581 1497 3638 lines
1525 3595 1620 3635 rex
1648 3579 1734 3634 ille
1767 3578 2033 3664 vergnlus
2065 3594 2076 3628 :
2362 3573 2505 3629 Bella
2528 3577 2655 3631 ciet.
2701 3575 2814 3628 Dux
2854 3575 3059 3635 interea
3089 3570 3417 3628 venerabilis
3448 3584 3561 3627 avo

670 3670 954 3743 Legirupis
988 3688 1056 3728 en
1086 3672 1249 3729 Wido
1284 3673 1397 3745 (89)
1432 3673 1575 3728 tubis
1606 3672 1843 3727 rediviva
1882 3660 2117 3723 resumit
2378 3675 2493 3721 ’ert
2528 3666 2747 3736 pietatis
2775 3681 2936 3736 opem
2971 3665 3315 3721 venientibus
3352 3661 3497 3718 ultro
3532 3660 3764 3732 maniplis,

674 3761 922 3831 Agmina,
940 3763 1068 3818 item
1093 3763 1290 3819 vetitos
1317 3762 1540 3833 cupiens
1558 3761 1856 3834 pervadere
1872 3773 2113 3828 campos.
2219 3758 2326 3815 210
2364 3757 2474 3813 Nec
2495 3757 2677 3815 Gallos
2704 3759 2895 3825 abicit,
2920 3772 3020 3812 nec
3045 3756 3272 3817 crimina
3300 3759 3457 3825 ponit
3477 3753 3709 3819 Etruscis,

675 3852 880 3908 Saevior
902 3854 1016 3924 ipse
1046 3855 1205 3911 etiam
1228 3855 1381 3927 regni
1416 3864 1572 3926 pater
1596 3852 1845 3909 hostibus
1877 3866 2027 3905 arma
2363 3849 2663 3905 Praetendit
2699 3849 2859 3904 solito
2887 3864 3078 3903 verum
3114 3849 3201 3917 pia
3229 3848 3443 3902 viscera
3470 3846 3682 3901 cunctis.

533 3943 637 3999 165
670 3942 906 4015 Molitur,
942 3955 1120 4002 tantos
1150 3948 1340 4003 avidus
1367 3947 1480 4018 (90)
1508 3946 1669 4001 linire
1699 3943 1929 3999 labores.
2364 3938 2597 3995 Nuntius
2628 3939 2681 3993 in
2714 3940 2908 4009 medio;
2934 3940 3152 3992 demum
3201 3944 3264 3991 ut
3307 3934 3668 3991 Laniberticus
3692 3931 3766 3987 ad-

676 4035 882 4091 lnterea
914 4051 1033 4095 sors
1061 4037 1173 4109 (91)
1202 4039 1337 4095 lecta
1374 4040 1489 4107 Dei,
1523 4038 1856 4094 circumdata
1885 4032 2077 4096 saccis,
2396 4060 2399 4063 -
3582 4027 3713 4100 [Silii

678 4124 806 4180 Vota
844 4126 993 4197 facit,
1028 4127 1233 4181 vultum
1266 4128 1506 4183 lacrimis
1542 4127 1731 4181 altaria
1764 4126 1971 4180 circum
2363 4125 2429 4180 Et
2451 4140 2572 4196 qua:
2604 4126 2674 4180 sit
2706 4134 2924 4181 .ortuna
2950 4122 3067 4178 viro
3089 4122 3351 4192 pacisque
3379 4122 3618 4176 voluntas

675 4213 913 4282 summa.
942 4217 1041 4271 llas
1066 4217 1174 4273 imo
1198 4214 1470 4271 referebat
1498 4224 1716 4287 pectore
1750 4228 1909 4269 voces
1940 4230 1955 4266 τ
2364 4216 2585 4286 Edocet,
2609 4217 2725 4287 ipse
2753 4225 2912 4288 pater
2948 4216 3098 4270 mitis
3121 4215 3201 4269 sic
3222 4227 3449 4286 pectore
3472 4213 3628 4268 reddit
3652 4230 3663 4263 :

674 4305 718 4361 Ο
761 4322 933 4362 rerum
962 4308 1186 4378 genitor,
1214 4308 1417 4361 cunctis
1440 4308 1717 4362 metuenda
1741 4318 1989 4376 patestas,
2098 4294 2101 4299 ’
2222 4311 2328 4381 215
2370 4309 2551 4379 Equo
2577 4309 2773 4379 referre
2796 4304 2949 4362 malis
2974 4307 3197 4361 nimium
3217 4322 3372 4361 sacra
3391 4306 3523 4377 jura
3546 4310 3761 4359 recusant.

532 4399 636 4465 170
674 4398 904 4470 Imperio
930 4400 1018 4472 qui
1045 4399 1179 4455 bella
1208 4400 1341 4470 regis
1362 4417 1642 4471 pacemque
1662 4403 1896 4472 perenni,
2146 4412 2190 4469 ι)
2362 4402 2601 4473 Namque
2616 4401 2720 4470 poli
2738 4399 3069 4469 sensum(94)
3090 4399 3377 4452 demissum
3400 4399 3639 4453 traximus
3651 4410 3763 4455 arce.

673 4490 756 4544 Da
779 4500 953 4545 tantos
976 4507 1177 4545 cessare
1201 4491 1386 4557 dolos;
1408 4492 1477 4546 da
1502 4493 1734 4547 criminis
1758 4504 1947 4547 auctor
2366 4492 2533 4563 Cujus
2560 4503 2704 4563 egent
2726 4506 2893 4561 prona
2919 4500 2968 4544 et
2992 4498 3186 4545 terram
3212 4489 3523 4557 spectantia.
3550 4485 3708 4539 Mundi

681 4583 863 4640 Veloci
889 4596 1063 4656 pereat
1096 4587 1229 4651 leto;
1272 4587 1341 4640 da
1370 4595 1603 4656 tempora
1635 4598 1813 4641 nostro
2372 4583 2644 4650 Principio
2683 4581 2904 4635 indulsit
2941 4579 3232 4634 communis
3260 4580 3507 4633 conditor
3528 4578 3639 4630 illis'

676 4673 855 4745 Longa
881 4676 1025 4741 duci,
1058 4677 1267 4747 quando
1287 4677 1493 4745 gemina
1521 4678 1807 4749 fertilaude
1846 4696 2115 4744 coronant,
2373 4677 2599 4731 Tantum
2628 4676 2883 4737 animam,
2916 4671 3064 4727 nobis
3096 4659 3332 4727 animum
3364 4686 3567 4741 quoque
3590 4676 3763 4720 mutuus

681 4763 906 4821 Virtutis
932 4768 1141 4830 merito,
1166 4776 1212 4821 et
1239 4768 1444 4837 generis
1468 4768 1608 4837 quod
1635 4777 1906 4843 stemmate
1935 4770 2113 4838 pollet.
2498 4767 2502 4771 “
3009 4753 3012 4755 Δ
3539 4758 3607 4831 [δ’
3632 4773 3710 4809 ηθε

534 4855 637 4910 175
678 4855 861 4911 Audiit
896 4857 996 4911 ista
1020 4865 1189 4920 sator,
1224 4865 1395 4911 totum
1422 4857 1512 4926 qui
1546 4868 1733 4911 curvat
1760 4854 2078 4928 Olympum;
2223 4861 2328 4915 “2°20
2370 4858 2607 4927 Affectus
2633 4868 2808 4927 petere
2839 4855 3097 4912 auxilium
3127 4864 3173 4908 et
3198 4863 3451 4923 pra’slare
3468 4852 3669 4923 juberet.

635 4950 639 4957 ’
676 4948 865 5005 Mortis
892 4932 1081 5004 adesse
1103 4948 1246 5004 diem
1278 4950 1423 5018 cogit
1445 4946 1559 5001 fera
1589 4947 1725 5001 bella
1752 4949 2010 5013 moventi,
2371 4948 2481 5001 Nec
2514 4946 2718 5017 genitus
2749 4947 3009 5016 gignentia
3045 4946 3194 4999 habet
3225 4962 3321 5013 pro
3348 4945 3559 4998 crimine
3587 4955 3757 4999 noxam,

674 5038 766 5093 Sit.
800 5048 975 5093 tamen
1013 5048 1071 5093 ut
1103 5039 1324 5109 proprio
1349 5046 1638 5107 componat
1672 5038 1873 5091 lumina
1918 5038 2078 5095 lecto.
2378 5041 2616 5094 Veridico
2670 5039 2852 5093 cecinit
2908 5041 3171 5103 quondam
3226 5036 3362 5090 velut
3414 5048 3501 5089 ore
3556 5033 3761 5102 propheta

676 5128 875 5186 Ultima
904 5128 993 5185 lux
1015 5130 1202 5195 instat,
1230 5129 1457 5200 necjam
1489 5144 1611 5199 spes
1642 5130 1745 5189 ulfa
1779 5131 1900 5193 diei,
3147 5127 3404 5199 [(Ezech.
3438 5140 3581 5189 xvnl,
3606 5123 3705 5190 20).

562 5368 567 5371 Α
603 5311 804 5436 $88)}.
837 5328 907 5373 e.,
941 5316 1119 5379 nqtnt,
1150 5310 1504 5380 —srquidem
1540 5309 1710 5364 Vales.

626 5383 695 5436 88
749 5382 766 5436 l
799 5382 949 5434 Anno
982 5380 1104 5436 896.

2221 5308 2408 5433 29ἓθὲ)
2446 5307 2527 5379 ἐν.
2577 5305 2815 5363 194ο197
2862 5322 2926 5362 ea:
2977 5303 3137 5361 Statii
3188 5301 3347 5356 Theb.
3404 5298 3529 5366 VII,
3576 5316 3613 5354 ι’.
3650 5295 3761 5355 225+

603 5382 716 5519 ἐξ)
747 5382 1220 5520 iVliggojfgtﬁante
1262 5452 1486 5521 primum
1538 5452 1744 5519 ΑγιιηὶΙὶ
1803 5452 2020 5507 reditum
2064 5452 2117 5507 in
2221 5382 2410 5516 Ἡῗέεό)
2460 5446 2549 5502 So.
2602 5447 2863 5521 Lamberti
2900 5456 3066 5499 matre
3113 5444 3431 5513 Ageltruda,
3462 5442 3557 5511 ﬁlii
3586 5439 3757 5493 tutrice.

534 5517 890 5583 Germaniam,
922 5517 977 5575 ἁ.
1008 5521 1133 5586 894,
1159 5517 1377 5576 obierat.
1678 5517 1714 5531 ”
2223 5520 2402 5577 Vales.
2814 5518 2817 5521 9
3170 5586 3185 5588 _
3371 5586 3375 5588 _
3456 5582 3482 5588 ,

605 5591 717 5659 (90)
754 5580 953 5644 Avidos
982 5580 1130 5644 corr;
1147 5592 1336 5655 avidus
1366 5609 1410 5648 c.
2296 5590 2421 5715 $9.1).
2452 5590 2682 5646 Sensum
2716 5619 2781 5630 -—
2815 5607 2856 5645 υ.
2912 5588 3016 5647 2‘20
3047 5603 3109 5642 ea;
3154 5586 3395 5642 Juvenal.
3446 5582 3553 5641 Sat.
3604 5580 3685 5645 l5,
3724 5594 3755 5629 ῖ-

605 5661 715 5715 (91)
754 5659 803 5714 1.
835 5675 904 5715 e..
931 5660 1123 5715 clerus.
2226 5660 2285 5715 li
2330 5660 2477 5715 450.

604 5661 715 5731 (9|)
754 5659 803 5714 1.
835 5675 904 5727 e.,
931 5660 1123 5716 clerus.

931 5660 1123 5716 clerus.
2226 5659 2476 5716 li6-t50.
