3816 6322
580 299 713 356 150⁵1

723 410 823 469 llic
868 411 1065 469 dudum
1118 413 1406 471 Ausonium
1455 376 1731 485 cupidus

714 685 951 756 Accipit,
979 687 1247 758 extemplo
1269 689 1432 744 sociis
1454 690 1519 745 ad
1550 696 1699 746 tecta
1720 676 1928 745 vocatis
2024 730 2027 735 .

570 775 636 829 10
714 775 883 847 Regia
916 794 930 831 :
962 775 1093 843 Quae
1118 779 1326 847 totiens,
1350 779 1547 852 inquit,
1576 777 1833 848 volvistis,
1854 783 2042 856 amici,

712 865 799 922 En
822 867 1072 927 volvenda
1096 869 1215 925 dies
1236 869 1377 929 ultro
1405 874 1615 930 attulit!
1647 874 1774 931 Este
1800 879 2007 949 parati,

714 956 1124 1032 Prtedulcesque
1153 971 1391 1034 petamus
1428 965 1617 1039 ag'ros!
1663 966 1808 1025 Nam
1842 986 1967 1027 rure
2008 989 2160 1030 voca-

1930 1063 2097 1139 [mur

716 1141 902 1199 Vieino
931 1144 1129 1202 ltalite.
1163 1146 1313 1203 Vires
1335 1149 1437 1204 huc
1462 1150 1599 1221 forte
1618 1156 1872 1224 superbas

708 1232 845 1290 Dum
872 1238 1062 1303 tutere,
1089 1239 1316 1309 propriis
1337 1241 1564 1298 discedet
1590 1245 1779 1301 ductor
1796 1247 1861 1302 ab
1880 1249 2009 1305 oris.

566 1324 635 1379 l5
706 1325 750 1382 Ο
779 1328 946 1385 miser
972 1330 1136 1400 inque
1160 1329 1278 1388 dies
1308 1332 1493 1400 miser,
1523 1335 1857 1395 invictumne
1883 1339 2161 1398 lacessas?

706 1416 846 1473 Num
877 1427 929 1475 te
957 1420 1103 1475 fama
1122 1422 1278 1479 ducis
1305 1432 1473 1481 totum
1497 1427 1714 1501 vulgata
1734 1445 1834 1500 per
1863 1431 2050 1488 orbem

701 1508 983 1573 Praeterit?
1012 1512 1057 1568 Ο
1083 1513 1315 1573 Genitor
1341 1532 1549 1585 rerum,
1577 1535 1862 1593 compesce
1904 1522 2144 1582 furores!

702 1597 903 1658 Nescio
955 1618 1231 1673 namque,
1287 1606 1415 1663 mali
1484 1609 1615 1680 quid
1678 1627 1834 1670 mens
1879 1625 2149 1687 prmsagat

1868 1705 2073 1778 [cunﬁ.

698 1776 926 1854 Jamque
972 1782 1160 1841 valens
1216 1786 1491 1845 modicum
1541 1788 1807 1850 invalidos
1854 1767 2140 1852 l3rovincia
2175 1767 2318 1843 ³65

1789 1887 2072 1963 [alumnos

552 1960 624 2015 20
695 1960 865 2035 Legat
894 1964 951 2025 in.
972 1965 1241 2024 Ausonios
1264 1970 1487 2029 inimico
1510 1990 1729 2034 nomine
1755 1960 1995 2050 campos.

694 2052 805 2110 Nee
834 2057 1011 2112 victor
1033 2057 1198 2116 decus
1214 2069 1269 2117 et
1293 2062 1456 2129 Latii,
1484 2080 1607 2136 spes
1633 2068 1790 2124 unica
1822 2071 1975 2140 regni
1992 2113 2007 2137 ,

693 2141 847 2200 'l’unc
869 2144 1059 2205 Veneti
1083 2164 1302 2206 servare
1332 2153 1507 2208 solum
1535 2156 1601 2210 de
1630 2157 1853 2214 nomine
1885 2159 2089 2215 dictum

690 2235 1024 2303 Quartanam
1048 2243 1263 2311 patiens
1288 2254 1523 2314 poterat,
1556 2264 1658 2305 uec
1689 2250 1909 2307 tendere
1936 2251 2141 2311 bellum

693 2323 978 2394 Hostibus,
1010 2331 1332 2390 immodicas
1372 2336 1555 2393 animo
1583 2338 1678 2395 sed
1702 2340 1956 2411 decoquit
1979 2341 2087 2398 iras
2121 2362 2132 2396 :

550 2414 622 2471 25
704 2416 771 2473 Ut
794 2421 978 2476 caveis
1007 2436 1129 2477 cum
1164 2424 1302 2481 fonte
1333 2426 1415 2483 leo
1443 2429 1743 2501 vinclisque
1767 2441 2002 2499 tenetur,

685 2506 806 2566 Non
856 2521 1011 2569 artus
1052 2514 1203 2587 (100)
1230 2521 1438 2589 agitare
1477 2520 1642 2589 valet,
1680 2539 1786 2579 non
1816 2540 2134 2595 promovere

1855 2614 2056 2691 [vire_s,

688 2687 763 2745 At
789 2689 928 2749 duro
956 2695 1224 2767 premitur
1255 2706 1463 2756 tantum
1492 2701 1593 2758 sub
1619 2702 1737 2775 lege
1772 2687 2069 2777 magistro;

683 2778 849 2838 Forte
873 2783 1052 2856 aliqua
1078 2795 1270 2858 partos
1297 2790 1476 2849 valeat
1505 2793 1553 2850 si
1585 2811 1837 2867 rumpere
1859 2801 2058 2867 nodos,

684 2872 864 2945 Atque
893 2876 984 2933 diu
1008 2878 1226 2935 desueta
1248 2897 1413 2939 cruor
1432 2886 1785 2945 madefecerit
1809 2906 1928 2960 ora,

542 2964 615 3020 30
686 2965 806 3037 ipse
836 2968 987 3026 lacer
1020 2980 1204 3029 custos
1231 2974 1340 3031 iras
1356 2976 1509 3046 prior
1539 2978 1762 3047 imbuet,
1789 2982 1916 3038 inde

682 3057 851 3115 Obvia
877 3061 1035 3118 turba
1060 3063 1235 3119 virum
1264 3080 1480 3124 morsus
1512 3070 1729 3127 satiabit
1756 3088 1994 3131 amaros.

747 3149 958 3207 Interea
984 3151 1293 3213 Ludovicus
1317 3166 1474 3217 ovat.
1507 3173 1840 3233 regnumque
1872 3164 2056 3237 fatigat

680 3235 959 3307 Fastibus,
1004 3256 1067 3297 ac
1101 3250 1282 3299 tantos
1311 3245 1528 3303 sibimet
1557 3249 1830 3309 blanditur
1856 3235 2123 3328 honores,

676 3325 846 3386 lloste
873 3331 1021 3388 velut
1054 3343 1214 3392 necto
1241 3336 1391 3407 (101)
1422 3339 1609 3409 spoliis
1638 3345 1878 3414 potiatur
1906 3325 2121 3419 opimis.

533 3416 605 3473 35
672 3416 945 3481 Infaustus
988 3425 1217 3483 Veronae
1265 3430 1430 3487 etiam
1472 3437 1752 3493 contendit
1814 3441 1882 3496 ad
1939 3416 2121 3500 arcem
2224 3427 2297 3484 80

665 3517 723 3608 '__
885 3606 911 3608 Α
1828 3533 1948 3605 (101
1982 3536 2045 3608 ⁴).

672 3601 820 3693 More
842 3606 914 3677 pii
941 3608 1084 3680 regis
1119 3618 1330 3679 tamen,
1358 3624 1418 3671 ut
1440 3617 1683 3676 subsedit
1708 3601 1913 3693 apertis

670 3692 959 3766 Moenibus,
986 3703 1237 3773 antiquos
1264 3707 1429 3765 sociis
1460 3692 1804 3770 disterminat
1838 3734 2027 3789 agros,

671 3787 757 3844 Nil
780 3794 1016 3863 veritus;
1044 3801 1333 3858 metuenda
1359 3803 1525 3861 nimis
1553 3808 1679 3877 quia
1700 3787 1918 3868 sustulit
1941 3813 2116 3885 ipsum

672 3878 860 3948 Fama,
896 3884 1278 3959 Berengarium
1303 3892 1397 3949 leti
1423 3895 1703 3967 dispendia
1732 3918 1949 3972 passum
2005 3972 2013 3980 1

670 3965 755 4021 Ah
783 3966 1023 4038 Latium,
1051 3976 1174 4045 quis
1200 3985 1253 4033 te
1286 3982 1450 4038 tantis
1480 3965 1795 4044 defenderet
1822 3972 2026 4049 armis?

668 4055 812 4129 Ergo
841 4059 963 4130 pius
993 4062 1223 4123 Genitor
1250 4084 1462 4140 rerum,
1500 4088 1718 4135 servato
1758 4083 2109 4153 magistrum,

666 4145 747 4203 Ne
771 4162 996 4219 pereant
1016 4169 1125 4212 uno
1148 4154 1378 4214 Latialia
1399 4165 1594 4233 gaudia
1617 4166 1751 4223 leto!

666 4236 951 4299 Convaluit
973 4244 1103 4316 quia
1132 4258 1388 4321 regnator
1412 4262 1614 4323 tamen,
1643 4260 1880 4331 undique
1905 4263 2033 4322 lecti

663 4328 1003 4390 Conveniunt
1026 4352 1280 4407 proceres
1305 4342 1437 4413 lmti,
1466 4346 1773 4421 vexillaque
1792 4328 1995 4412 castris

665 4417 1015 4495 Proripiunt,
1058 4426 1371 4503 celeresque
1418 4435 1601 4494 Atesis
1638 4417 1708 4495 ad
1745 4446 1943 4500 moenia
1996 4456 2108 4503 ten-
2141 4468 2165 4523 ι

1828 4536 1998 4609 [dunt
2016 4578 2033 4607 ,

663 4600 792 4660 Ilaec
820 4603 998 4662 obiter
1026 4621 1171 4665 comi
1200 4623 1511 4675 reserantes
1538 4616 1744 4679 famina
1772 4600 1884 4695 regi
1918 4642 1934 4681 :

667 4691 739 4748 Te
761 4697 1006 4765 petimus,
1033 4700 1241 4769 pietatis
1262 4703 1448 4774 honor,
1472 4725 1566 4764 nec
1587 4730 1752 4781 parva
1787 4691 1999 4786 precatu

662 4782 938 4843 Credimus
963 4789 1114 4857 Ittec;
1139 4792 1318 4849 urbem
1343 4801 1569 4869 prapriis
1592 4804 1639 4855 si
1666 4810 1859 4870 ceperis
1879 4813 2063 4881 armis,

665 4870 905 4931 Membra
932 4878 1071 4933 viros
1094 4880 1207 4936 sine
1227 4887 1446 4952 curtari,
1477 4890 1566 4959 qui
1587 4891 1784 4961 [cedem
1809 4902 1951 4969 regni

662 4959 986 5020 Proturbant
1016 4972 1225 5039 totiens,
1256 4975 1509 5032 damnum
1531 4959 1741 5049 pietatis
1766 4959 1959 5061 init/vute

659 5051 746 5108 Ne
772 5057 1073 5126 patiamur!
1116 5062 1201 5119 Ad
1248 5063 1363 5121 haec
1398 5084 1411 5122 :
1450 5069 1653 5129 Animis
1700 5051 2103 5148 adver'tite,du-

1884 5186 2002 5233 CIOI‘

1884 5186 2002 5233 ctor

659 5241 704 5299 0
735 5261 999 5318 proceres,
1026 5250 1204 5324 inquit
1225 5258 1489 5328 monitus,
1526 5270 1575 5316 et
1597 5264 1817 5323 crimina
1839 5174 1990 5341 (Eapto
2008 5220 2025 5248 ’

755 5423 916 5482 Artes
945 5429 1029 5484 ed.
1063 5447 1109 5486 ε.
1126 5432 1152 5486 ?

582 5417 729 5563 ἕωοζ
755 5423 916 5482 Artes
945 5429 1029 5484 ed.
1063 5432 1152 5486 0.?

740 5493 1149 5591 ﬁne-Laecam;
1191 5506 1342 5561 metri
1386 5522 1546 5565 causa
1562 5548 1579 5580 ,
1630 5520 1686 5569 ut
1740 5512 2095 5591 Brengarius,

509 5568 574 5625 pa
583 5564 714 5634 [913,
740 5575 949 5634 pastus,
979 5581 1080 5625 etc.

580 5625 710 5767 Etet
742 5625 778 5701 ’)
806 5625 953 5690 Anno
975 5641 1097 5698 905.

604 5697 725 5760 l02i
756 5702 934 5760 Mense
961 5709 1097 5766 Julia

604 5697 725 5760 l02i
756 5697 934 5760 Mense
961 5697 1124 5767 Julio.

2238 2422 2306 2479 '10

2231 2878 2299 2934 75

2218 3889 2287 3944 85

528 3961 600 4017 40

523 4415 594 4471 45

2209 4519 2282 4577 90

517 4958 589 5014 50

2203 5068 2273 5123 95

2416 420 2497 475 Ne
2528 420 2755 490 conferte
2780 420 2911 490 viro,
2937 422 3135 492 generis
3161 426 3273 495 quia
3296 432 3483 499 sanguine
3500 440 3604 505 potia,

2410 515 2479 569 Et
2507 516 2689 585 forsan
2711 515 2921 587 [acinus
2943 520 3160 576 maturis
3186 520 3355 577 deseret
3382 530 3504 585 annis.

2265 606 2335 663 55
2412 607 2649 663 Testetur
2675 609 2763 679 pia
2784 610 2916 680 jura
2938 609 3064 679 poli,
3087 620 3134 666 et
3168 613 3381 670 dimissus
3403 620 3514 675 abito.

2404 698 2520 775 Hoc
2559 700 2718 758 satis.
2774 699 2841 760 Hi
2891 710 3084 758 contra
3132 703 3319 763 celeres
3361 722 3455 764 cum
3486 728 3640 778 ωητωπη

2405 877 2721 944 Intendunt.
2756 880 2973 941 rabidas
3003 893 3252 941 acuentes
3272 798 3609 960 ρεειοτὶἑῗηῗε

2402 967 2495 1027 Νη
2517 969 2659 1027 moti,
2676 969 2858 1037 dictis,
2890 972 3073 1042 potius
3101 973 3213 1028 fera
3246 991 3469 1033 murmura
3487 985 3620 1051 ωιιιωι,

2399 1061 2514 1118 Νοη
2544 1077 2604 1119 se
2623 1077 2782 1133 posse
2812 1064 3014 1120 malum
3040 1067 3260 1135 posthac
3278 1069 3493 1129 dimittere
3507 1076 3649 1135 inulas.

2255 1151 2325 1206 tit)
2398 1151 2621 1213 Talibus
2677 1153 2976 1213 adveniunt
3028 1155 3239 1224 urbem,
3292 1174 3497 1230 muroque
3528 1172 3644 1236 pom.

3343 1248 3498 1322 [quant
3515 1257 3611 1325 (itii).

2396 1332 2545 1392 [licet
2570 1335 2798 1392 admissi
2824 1344 3116 1407 penetrant
3142 1337 3415 1397 miserabile
3437 1346 3613 1415 templum,

2393 1423 2511 1495 Quo
2539 1425 2853 1488 Ludovicus
2895 1435 3042 1496 erat,
3076 1428 3251 1486 subito
3276 1433 3529 1511 rapiuntque
3546 1437 3648 1508 ligat-

3526 1526 3616 1597 ique.

2390 1607 2460 1669 Et
2483 1607 2743 1680 pulchros
2772 1609 3024 1668 adimunt
3048 1610 3248 1669 oculos.
3278 1611 3473 1671 Securos
3490 1615 3527 1671 in
3542 1619 3613 1673 sua

2389 1699 2554 1756 Forte
2587 1702 2813 1758 sedebat
2837 1702 2984 1760 enim
3003 1742 3019 1769 ,
3052 1702 3253 1760 idcirco
3275 1705 3353 1777 pia
3376 1721 3540 1763 munera
3564 1709 3635 1765 luis

2389 1788 2659 1859 Perdidit,
2700 1790 2988 1848 obssessus
3039 1793 3274 1850 tenebris
3314 1808 3487 1865 quoque
3519 1798 3598 1853 solis
3626 1800 3653 1853 ὴ

3516 1889 3619 1961 [om

2386 1971 2467 2027 Tu
2503 1986 2711 2043 ponens
2749 1973 2913 2031 etiam
2943 1984 3162 2032 curtum
3213 1975 3441 2033 t‘emorale
3476 1976 3651 2043 Iohanne.

2384 2044 2689 2122 Altatenes
2717 2063 2902 2131 turris,
2934 2065 2977 2120 si
3008 2064 3155 2122 forte
3180 2080 3427 2122 resumere
3448 2068 3561 2122 vitam

2384 2152 2473 2213 Sis
2514 2155 2688 2227 polis;
2734 2156 2860 2213 hinc
2904 2157 3145 2217 traheris
3187 2168 3351 2215 tamen
3380 2160 3435 2216 ad
3470 2161 3653 2215 discussa

3464 2250 3479 2324 [
3490 2254 3621 2321 mortis;

2380 2335 2453 2390 Et
2472 2335 2637 2393 miser
2660 2338 2712 2393 in
2736 2339 2911 2409 patria
2941 2341 3124 2397 nudus
3147 2345 3393 2401 truncaris
3415 2359 3548 2400 arena.

2384 2424 2619 2483 Nuntius
2640 2438 2697 2483 at
2721 2438 3008 2500 postquam
3034 2433 3304 2489 sociorum
3329 2435 3638 2491 allabiturinns

2376 2512 2667 2573 Przelatom
2690 2517 2950 2588 iuvenem
2980 2524 3252 2581 communi
3282 2524 3453 2580 lumine
3473 2540 3625 2585 causa.

2372 2604 2597 2662 Consilii
2625 2607 2837 2680 fugiunt
2869 2610 3093 2683 inopes,
3120 2615 3405 2685 passimque
3427 2616 3622 2671 recedunt:

2375 2696 2568 2754 Flante
2596 2700 2754 2756 velut
2775 2702 3013 2777 zephyro
3039 2706 3341 2784 liquescunt
3365 2724 3491 2765 aeros
3512 2725 3600 2767 sunt

2372 2788 2515 2846 Vere
2544 2804 2703 2856 novo,
2735 2794 3002 2863 gremium
3028 2797 3374 2855 solvuntcum
3399 2815 3497 2854 rura
3515 2807 3652 2853 coacta

2371 2879 2597 2953 Frigore
2615 2869 2847 2940 brumali
2871 2886 3082 2944 crebris
3104 2890 3377 2962 borezeque
3392 2890 3559 2961 pruinis.

2372 2968 2486 3026 Nec
2516 2986 2793 3029 removere
2816 2974 2963 3033 viros
2990 2988 3176 3034 cessat
3200 2979 3264 3035 de
3288 2988 3421 3050 parte
3447 2980 3615 3051 superbos

2372 3057 2552 3119 Fortis
2580 3062 2912 3124 Adalbettus
2974 3067 3172 3141 (102⁸)
3218 3069 3500 3140 juvenilibus
3544 3069 3652 3124 obsita

3491 3163 3619 3236 μω,

2372 3244 2792 3316 Apenninicolas
2817 3248 2997 3309 fausto
3033 3253 3188 3328 (103)
3217 3257 3303 3327 qui
3327 3257 3501 3312 nomine
3520 3267 3637 3309 tunnas

2370 3336 2550 3405 Elicit,
2581 3342 2798 3411 egregio
2826 3343 3056 3414 cupidus
3089 3348 3293 3403 servire
3321 3348 3537 3420 magistro.

2368 3429 2603 3488 Emicuit
2624 3435 2801 3491 subito
2827 3437 2881 3491 in
2914 3439 3115 3495 mediis
3143 3440 3231 3496 lux
3255 3442 3380 3497 alma
3406 3439 3588 3503 tenebris

2365 3520 2434 3577 Et
2461 3523 2620 3579 rediit
2642 3540 2743 3596 pax
2768 3536 2919 3598 grata
2948 3530 3074 3599 piis,
3102 3533 3287 3602 procul
3316 3534 3490 3604 agmine
3514 3530 3599 3585 llisti

2364 3612 2646 3686 Excmpto,
2675 3619 2967 3689 patriaeque
2987 3621 3129 3677 duce
3156 3639 3221 3679 ac
3241 3625 3453 3696 genitore
3471 3630 3616 3691 recepto.

2362 3707 2463 3775 Qui
2493 3708 2618 3765 licet
2644 3711 2843 3769 ell‘usos
2872 3722 2985 3771 toto
3007 3717 3186 3792 egerit
3209 3720 3335 3775 orbe
3357 3717 3588 3786 triumpha.

2365 3799 2613 3858 Cluserat
2642 3804 2854 3875 imperii
2885 3808 3119 3864 necdum
3146 3810 3427 3866 diademate
3446 3809 3596 3867 vultum.

2360 3890 2599 3948 Romana
2636 3904 2864 3952 steterat
2892 3899 3094 3955 rutilus
3129 3916 3228 3958 nec
3256 3901 3465 3958 vestibus
3486 3898 3566 3953 aula

2362 3980 2810 4054 luduperatorum
2835 3987 2995 4044 solito
3019 3990 3087 4046 de
3116 4008 3271 4049 more
3290 4000 3534 4063 parentum.

2355 4072 2503 4129 Cur?
2532 4074 2645 4131 Nisi
2676 4079 2821 4147 quod
2850 4079 3047 4138 vicisse
3072 4083 3229 4140 dolos
3251 4085 3428 4139 virtute
3450 4080 3613 4139 decebat.

2350 4163 2431 4219 Ad
2460 4179 2730 4223 summum
2763 4170 2999 4227 transire
3034 4174 3295 4245 gradum,
3327 4174 3418 4232 nisi
3443 4187 3545 4244 saepe
3567 4181 3649 4291 ως·

3527 4270 3594 4291 ...ω

3527 4270 3611 4314 tum!

2354 4340 2610 4402 Summus
2635 4356 2752 4402 erat
2774 4356 2963 4419 pastor
2987 4358 3118 4410 tunc
3148 4353 3395 4427 temporis
3418 4351 3526 4412 Urbe
3540 4348 3649 4404 Joha-

3515 4441 3611 4513 [κεν

2352 4521 2538 4581 Ofﬁcio
2565 4524 2767 4583 atl‘atim
2796 4528 2976 4587 clarus
3003 4534 3304 4606 sophiaque
3327 4534 3529 4609 repletus,

2348 4614 2528 4686 Atque
2549 4617 2640 4673 diu
2669 4619 2833 4676 talem
2855 4623 3051 4680 merito
3079 4636 3326 4701 servatus
3347 4628 3407 4683 ad
3430 4638 3556 4681 usum.

2346 4707 2625 4775 Quatenus
2690 4712 2817 4770 huic
2867 4715 3196 4785 prohibebat
3246 4734 3369 4791 opes
3418 4716 3547 4774 vicina
3574 4708 3648 4766 (h-

3457 4802 3611 4879 [ηδάίι

2345 4884 2594 4957 Purpura
2620 4905 2758 4961 quas
2782 4891 3009 4950 dederat
3030 4895 3296 4967 majorum
3329 4906 3490 4970 sponte
3510 4895 3618 4955 ιιωο,

2345 4974 2555 5035 Limina
2580 4982 2673 5051 qui
2707 4992 2913 5039 reserat
2939 4988 3101 5044 castis
3122 4991 3407 5057 rutilantia,
3431 4989 3563 5051 Petra.

2345 5070 2494 5126 Dona
2523 5073 2645 5129 duci
2680 5076 2848 5133 mittit
2869 5080 3042 5134 sacris
3068 5083 3291 5140 advecta
3322 5083 3547 5146 ministris»

2344 5161 2463 5230 Quo
2489 5180 2707 5241 memor
2739 5175 2969 5230 extremi
3001 5176 3203 5232 tribuat
3230 5180 3444 5249 suajura
3472 5173 3549 5229 diei

2343 5252 2625 5326 Romanis,
2651 5257 2799 5318 fovet
2826 5263 3093 5324 Ausonias
3119 5283 3231 5338 quo
3256 5268 3451 5325 numine
3476 5272 3608 5320 terras.

2269 5447 2314 5537 (ρ
2325 5450 2441 5537 οἵξ
2469 5450 2746 5537 ξηονξρῐω
2767 5460 3025 5531 marchio,
3050 5459 3351 5537 Berengarii
3364 5452 3643 5536 gemam?-

2197 5519 2463 5590 Antapod.
2487 5519 2573 5590 Π,
2609 5519 2698 5582 53.

2266 5590 2488 5678 (105)¹
2519 5597 2726 5678 vocibus
2758 5600 2895 5657 Adal
2924 5614 2971 5678 et
3000 5605 3119 5663 bert
3139 5608 3408 5678 potentiam
3437 5614 3475 5658 et
3499 5590 3642 5667 φάθ’

2199 5677 2305 5716 rem
2336 5663 2688 5725 indicantibus
2718 5674 3033 5748 composito.
