3916 6316
472 338 614 398 ηιδ

469 486 2223 512 ————'————'—————'-_

1752 329 2040 387 APPEND.
2079 329 2170 384 ao
2197 301 2370 385 sic.
2396 331 2464 382 λ.

3586 332 3698 388 1⁸516

916 633 1457 752 INCIPIT
1523 630 2097 746 TEXTUS
2183 627 2814 746 EJUSDEM
2899 633 3299 751 VleE

549 841 605 897 l.
647 837 1005 911 Temporibus
1039 851 1311 907 quonnam
1348 834 1492 905 regis
1531 831 1871 889 Francomm
1911 828 2054 888 Con-
2089 811 2135 869 Α
2165 829 2291 886 stati
2325 831 2467 902 regis
2497 845 2659 902 quam
2705 829 2828 888 ﬁdei
2860 832 3203 888 submitteret
3236 832 3535 899 catholica,
3576 849 3710 905 quem

475 933 618 999 radi,
664 932 773 986 dux
801 932 853 985 in
889 939 995 984 tota
1028 922 1318 984 Germania
1361 927 1616 997 princeps
1657 926 1915 981 extiterat
1959 940 2060 979 no-

480 1024 625 1078 mine
652 1021 797 1088 Otto,
835 1036 1033 1092 genere
1069 1026 1367 1074 secundum
1407 1018 1572 1073 seculi
1611 1019 1927 1088 dignitatem
1958 1031 2059 1071 no-

473 1112 793 1177 bilissimus,
829 1111 1018 1181 opibus
1050 1109 1281 1180 pollens,
1316 1117 1372 1162 et
1409 1117 1635 1162 cunctos
1677 1108 1881 1162 honore
1928 1118 2063 1176 prae-

475 1205 694 1271 cellens,
721 1206 845 1274 quia
882 1202 1172 1258 virtutibus
1200 1209 1320 1256 erat
1353 1200 1639 1271 praeditus,
1671 1198 1826 1266 cujus
1870 1198 2062 1254 coniu-

484 1297 633 1366 gium
658 1295 971 1350 veneranda
1005 1302 1253 1348 matrona
1293 1291 1595 1347 Haduwich
1623 1293 1863 1347 subierat
1892 1291 2063 1346 mori-

477 1387 582 1442 bus
603 1402 711 1442 non
743 1384 1045 1442 dissimilis.
1071 1382 1168 1439 His
1197 1383 1319 1437 filia:
1343 1393 1699 1452 procreantur
1721 1390 1773 1437 et
1805 1389 1918 1437 tres
1941 1380 2059 1445 lilii,

480 1495 620 1551 quos
668 1479 890 1551 propria
933 1485 1188 1548 parentes
1235 1475 1547 1531 educabant
1597 1474 1900 1529 nobilitate.
1951 1470 2060 1527 Sed

483 1571 666 1626 divina
696 1569 1055 1640 providentia,
1099 1569 1166 1622 ad
1213 1565 1416 1622 bonum
1455 1565 1714 1635 dirigens,
1757 1565 1822 1618 ad
1860 1563 2060 1619 bonum

483 1668 683 1715 cuncta
725 1673 844 1728 quae
882 1658 1146 1728 disponit,
1190 1656 1382 1712 borum
1412 1672 1579 1712 unum
1610 1656 1824 1710 nomine
1854 1655 2064 1710 Heinri-

484 1765 609 1805 cum
634 1748 828 1818 majori
864 1748 1082 1804 sustulit
1113 1747 1457 1812 excellentia,
1485 1748 1601 1817 qui,
1632 1746 1879 1817 quamvis
1907 1755 2065 1801 astate

484 1842 774 1908 minimus,
832 1857 1044 1896 morum
1109 1851 1291 1897 tamen
1344 1840 1616 1909 probitate
1671 1842 1808 1895 inter
1853 1849 2065 1894 ceteros

483 1934 693 2002 primus
722 1933 937 1986 enituit.
971 1931 1104 1985 Nam
1137 1948 1164 1985 a
1192 1933 1450 2002 primmvo
1479 1933 1658 1987 aetatis
1680 1931 1811 1987 flore
1837 1930 2064 1986 liberius

486 2026 612 2078 data
654 2025 870 2079 vivendi
909 2034 1198 2094 potestate,
1231 2026 1483 2080 omnibus
1514 2025 1656 2079 unde
1690 2024 1888 2080 sanciri
1923 2023 1944 2056 ³
1970 2039 2065 2094 po-

487 2127 593 2172 test
644 2119 918 2190 ingenium
963 2121 1132 2174 vitam
1186 2122 1467 2189 sapienter
1517 2120 1775 2184 instituit,
1837 2130 2064 2174 cunctos

487 2211 792 2280 obsequens
847 2211 1182 2281 diligensque
1240 2227 1361 2266 cum
1414 2213 1612 2283 quibus
1656 2223 1796 2280 erat,
1859 2215 2063 2269 nemini

487 2303 769 2369 adversus,
813 2303 944 2357 nulli
997 2319 1055 2359 se
1089 2319 1430 2374 prmponens,
1464 2314 1686 2360 maestos
1713 2306 2062 2373 consolando,

488 2393 718 2448 miseros
745 2393 987 2462 juvando
1017 2403 1072 2448 et
1102 2395 1312 2449 laudem
1338 2395 1458 2448 sine
1492 2396 1692 2451 invidia
1721 2406 1775 2451 et
1798 2413 1957 2466 pares
1986 2399 2069 2454 in-

489 2485 744 2541 veniebat
774 2486 998 2541 amicos.
1032 2485 1132 2540 Hic
1164 2487 1292 2540 licet
1338 2487 1518 2542 debito
1563 2498 1923 2544 veneraretur
1967 2491 2068 2546 ho-

491 2589 647 2641 nore,
679 2574 990 2644 specialiter
1020 2584 1198 2629 tamen
1219 2576 1472 2630 omnibus
1500 2591 1660 2631 carus
1689 2593 1798 2632 suae
1824 2594 2071 2634 mansue-

499 2665 701 2720 tudinis
726 2666 1157 2738 humilitatisqne
1182 2678 1514 2738 provocante
1553 2669 1726 2740 gratia
1755 2669 2070 2741 diligentius

496 2755 888 2812 honorabatur.
921 2758 1054 2813 Cum
1093 2766 1270 2813 autem
1302 2757 1532 2828 pueritia
1575 2768 1876 2825 transacta,
1917 2761 2074 2816 virile

497 2846 665 2901 robur
709 2848 962 2914 intraret,
1003 2848 1230 2919 ejusque
1271 2858 1568 2904 tractarent
1624 2859 1881 2920 parentes
1917 2850 2072 2920 cujus

493 2935 706 2990 femina:
755 2937 1049 2993 thalamum
1085 2955 1282 3010 genere
1325 2941 1702 3011 probitateque
1745 2956 1851 2996 non
1895 2940 2074 3011 dispa-

493 3041 611 3083 rem
637 3028 832 3096 adiret,
859 3028 1072 3085 illorum
1097 3031 1300 3086 interea
1324 3032 1569 3102 pervenit
1601 3033 1667 3086 ad
1697 3048 1879 3099 aures,
1905 3048 2076 3103 quan-

492 3119 617 3175 dam
647 3122 977 3177 monasterio
1019 3121 1410 3179 Herevordensi
1441 3123 1863 3193 pulcherrimam
1911 3126 2075 3182 fuisse

493 3211 726 3280 puellam
763 3212 981 3268 nomine
1004 3212 1371 3279 Macbtildam,
1407 3214 1636 3270 litoralis
1684 3216 1864 3270 studio
1908 3217 2074 3272 disci-

495 3302 652 3369 plina:
684 3302 1034 3359 emdiendam
1066 3305 1243 3360 activa
1285 3314 1448 3375 atque
1484 3305 1900 3374 contemplativa
1934 3308 2077 3363 unde

497 3394 758 3462 quaeritur
803 3396 934 3461 vita,
967 3396 1124 3466 cujus
1157 3398 1494 3469 generositas
1533 3398 1672 3452 haud
1704 3399 1881 3452 minus
1911 3399 2074 3456 futuri

2166 919 2441 992 inperator
2469 922 2704 994 benigne
2742 923 3066 994 suscipiens,
3098 923 3364 995 baptizari
3396 924 3519 979 fecit
3543 939 3570 978 a
3606 941 3709 980 san-

2165 1025 2254 1072 cto
2275 1017 2554 1074 Bonifacio
2567 1017 2822 1087 episcopo
2853 1017 2954 1088 (9),
2988 1018 3101 1087 ipse
3127 1032 3250 1072 eum
3283 1016 3470 1072 levans
3499 1018 3560 1073 de
3583 1034 3712 1074 sacro

2164 1109 2330 1167 fonte.
2361 1110 2454 1166 llle
2483 1125 2635 1176 vero,
2665 1109 2857 1165 relicto
2883 1124 3090 1177 errore,
3122 1109 3374 1165 credulus
3389 1109 3456 1164 ad
3484 1111 3715 1181 cognitio-

2163 1215 2289 1255 nem
2315 1202 2560 1256 veritatis
2597 1198 2912 1273 pcenitendo
2953 1208 3146 1269 sponte
3193 1207 3466 1269 pervenit,
3518 1209 3569 1253 et
3596 1201 3713 1256 sicut

2162 1293 2314 1361 prius
2340 1299 2654 1362 persecutor
2699 1289 3116 1359 destructorque
3156 1290 3410 1360 pertinax
3456 1289 3753 1345 fuiteccle-

2162 1383 2278 1450 sia},
2331 1383 2525 1438 deinde
2598 1381 3086 1437 christianissimus
3137 1381 3492 1437 ecclesiarum
3539 1389 3591 1436 et
3641 1381 3714 1437 Dei

2163 1471 2346 1529 extitit
2370 1472 2570 1538 cultor,
2629 1472 2702 1528 ita
2750 1480 2809 1528 ut
2837 1473 2952 1542 ipse
2978 1471 3000 1503 ⁸
3028 1472 3270 1544 singulas
3328 1473 3460 1528 totis
3495 1475 3516 1504 ⁵
3542 1473 3718 1530 viribus

2163 1565 2428 1621 studendo
2468 1573 2808 1621 construeret
2831 1564 3076 1628 cellulas,
3105 1580 3241 1635 quas
3268 1564 3514 1634 plurimis
3537 1576 3716 1620 sancto-

2164 1671 2285 1710 rum
2312 1653 2557 1725 reliquiis
2581 1667 2684 1710 nec
2733 1669 2840 1709 non
2873 1655 3073 1709 ceteris
3118 1656 3386 1724 perfectas
3418 1653 3716 1723 relinquebat

2164 1747 2509 1813 utilitatibus,
2544 1761 2774 1817 quarum
2805 1759 2908 1801 una
2939 1746 3120 1800 multis
3148 1745 3327 1800 adhuc
3347 1754 3478 1801 nota
3506 1758 3718 1801 remanet

2164 1839 2548 1911 Aggerinensis
2575 1840 2718 1894 dicta
2749 1838 2888 1909 (ιο),
2926 1847 2981 1894 et
3012 1838 3201 1892 eadem
3233 1853 3355 1908 quas
3383 1838 3541 1893 modo
3566 1839 3716 1894 retuli-

2165 1948 2285 1987 mus
2315 1932 2489 1987 adhuc
2511 1932 2690 2002 aliqua
2723 1932 2920 1986 ibidem
2973 1938 3286 2000 supersunt.
3324 1930 3408 1984 Ab
3435 1931 3586 2000 hujus
3611 1943 3721 2000 quoe

2166 2038 2271 2092 que
2304 2023 2556 2091 posteris,
2595 2029 2880 2091 postquam
2935 2022 3252 2077 christiana:
3281 2036 3342 2076 se
3386 2022 3720 2076 submiserunt

2171 2115 2434 2186 religioni,
2491 2115 2761 2186 praedicta
2809 2124 2965 2184 pater
3036 2116 3227 2186 puella:
3278 2116 3485 2186 prodiit
3534 2118 3720 2170 nomine

2169 2207 2504 2271 Ticdericus,
2531 2208 2618 2262 cui
2668 2207 3003 2263 nobilissima
3030 2209 3220 2278 juncta
3249 2219 3369 2264 erat
3404 2224 3539 2263 uxor
3580 2209 3718 2264 Rein—

2169 2299 2349 2362 balda,
2378 2298 2669 2355 Fresornm
2702 2300 3087 2372 Danorumque
3124 2316 3326 2371 genere
3370 2301 3721 2372 progrediens.

2169 2388 2322 2445 Ilanc
2344 2393 2590 2457 eandem,
2623 2401 2683 2446 ut
2731 2390 2990 2457 diximus,
3014 2393 3302 2464 virginem,
3363 2395 3720 2450 Herevordensi

2169 2497 2290 2552 qua:
2337 2483 2512 2537 inerat
2554 2485 2910 2550 monasterio,
2963 2499 3067 2539 non
3121 2485 3265 2540 inter
3313 2486 3721 2542 sanctimoniales

2172 2574 2527 2640 numeranda,
2567 2576 2658 2630 sed
2685 2576 2752 2630 ad
2778 2591 3005 2646 quaeque
3040 2575 3187 2630 utilia
3220 2576 3373 2632 libris
3398 2577 3724 2646 operibusque

2171 2669 2458 2724 nutrienda
2488 2685 2610 2723 cum
2633 2669 2717 2724 sui
2745 2679 2918 2724 matre
2943 2670 3230 2741 genitoris,
3262 2687 3386 2741 qua:
3412 2669 3464 2724 in
3497 2670 3726 2725 viduitate

2172 2762 2332 2817 bonis
2370 2776 2434 2816 eo
2461 2776 2635 2832 usque
2666 2762 2978 2833 profecerat
3020 2763 3254 2828 actibus,
3301 2772 3358 2816 ut
3406 2762 3641 2833 princeps
3680 2771 3728 2815 et

2175 2853 2446 2908 abbatissa
2477 2853 2899 2909 constitueretur
2948 2854 3464 2917 sanctimonialium,
3506 2853 3729 2908 nobilitas

2175 2945 2334 3000 simul
2361 2956 2416 3000 et
2441 2945 2727 3017 probitatis
2756 2946 2912 3002 favor
2958 2947 3220 3016 prodidit.
3250 2946 3386 3000 Nam
3415 2946 3540 3000 aviti
3567 2959 3625 3000 ae
3644 2959 3727 3014 pa-

2177 3037 2320 3092 terni
2366 3037 2418 3092 in
2445 3051 2509 3092 ea
2539 3036 2708 3092 eluxit
2753 3037 3028 3107 specimen
3080 3037 3298 3092 decoris
3331 3036 3553 3107 pulchra
3594 3033 3726 3094 facie.

2178 3128 2423 3183 amabilis
2450 3127 2503 3183 in
2544 3128 2796 3194 infantia,
2847 3129 3103 3200 operibus
3140 3129 3408 3184 industria
3438 3127 3484 3194 ⁸,
3519 3127 3731 3181 moribus

2178 3219 2440 3284 modesta,
2466 3217 2683 3273 humilis
2710 3228 2764 3273 et
2788 3217 2956 3288 larga,
2985 3225 3060 3282 et,
3090 3228 3147 3272 ut
3175 3216 3237 3273 in'
3269 3217 3319 3271 id
3360 3215 3534 3271 aatatis
3559 3214 3740 3285 puella,

2180 3311 2347 3364 tantis
2379 3309 2704 3377 implicanda
2735 3317 2853 3365 erat
2879 3308 3128 3364 laudibus
3165 3308 3350 3364 divina
3391 3305 3599 3362 favente
3641 3305 3733 3360 cle-

2180 3404 2402 3467 mentia,
2444 3411 2502 3456 ut
2528 3403 2661 3457 nihil
2692 3412 2836 3458 esset
2865 3418 3048 3473 supra.

495 3483 690 3538 claruit
713 3485 914 3554 sponsi.
939 3484 1073 3540 Nam
1104 3487 1414 3543 Widekindi
1448 3488 1601 3543 ducis
1630 3487 1882 3544 Saxoniae
1911 3492 2071 3563 origi—
2103 3495 2148 3556 C
2247 3496 2301 3550 5.
2334 3495 2485 3562 Quod
2529 3496 2632 3549 dux
2662 3495 2794 3550 Otto
2818 3496 2945 3550 dum
2987 3494 3368 3566 comperisset,
3425 3494 3732 3550 Thitmarum

498 3590 620 3628 nem
653 3576 815 3630 traxit
844 3593 872 3631 a
905 3577 1088 3648 stirpe,
1113 3579 1204 3648 qui
1241 3580 1513 3649 quondam
1546 3580 1848 3634 dmmonum
1890 3592 2080 3652 captus

498 3679 703 3732 errore,
759 3668 1175 3736 praedicatorum
1233 3685 1330 3740 pro
1389 3670 1568 3740 inopia
1635 3673 1775 3727 idola
1826 3676 2079 3739 adorans,

505 3754 832 3812 christianos
882 3768 1194 3814 constanter
1244 3763 1691 3831 persequebatur.
1754 3763 1847 3818 Illo
1900 3775 2079 3820 autem

503 3855 745 3916 tempore
770 3847 1000 3904 Karolus
1031 3850 1256 3920 Magnus
1297 3867 1479 3908 arcem
1514 3863 1705 3909 tenens
1749 3855 1964 3924 inperii,
2000 3856 2084 3910 vir

499 3939 1009 4010 christianissimus,
1039 3945 1206 4000 armis
1247 3956 1520 4012 strenuus,
1563 3947 1680 4019 lege
1707 3947 1975 4015 eruditus,
2003 3957 2082 4002 to-

503 4040 696 4100 tusque
721 4032 774 4087 in
799 4032 904 4089 fide
925 4035 1250 4104 catholicus,
1277 4046 1331 4094 et
1373 4053 1500 4109 erga
1527 4038 1621 4094 Dei
1659 4041 1898 4097 cultores
1927 4042 2080 4098 beni-

499 4122 654 4178 volus
709 4138 775 4179 ac
847 4126 1095 4192 devotus,
1148 4137 1340 4184 contra
1406 4131 1636 4185 eundem
1709 4131 2081 4188 Widikiudum

499 4212 636 4267 bella
666 4229 791 4270 cum
826 4219 1069 4272 exercitu
1119 4219 1262 4285 tniit,
1291 4220 1639 4276 defendenda:
1663 4237 1828 4278 causa
1851 4223 1999 4291 ﬁdei,
2025 4232 2083 4278 ut

499 4322 714 4377 semper
741 4319 928 4366 contra
953 4328 1189 4384 paganos
1212 4314 1439 4370 solebat.
1479 4317 1722 4388 Cumque
1754 4319 1912 4374 simul
1950 4335 2083 4376 con-

499 4399 805 4468 venissent,
836 4404 1082 4474 utrisque
1116 4403 1316 4474 placuit
1359 4406 1715 4478 principibus,
1757 4418 1816 4463 ut
1845 4410 1944 4480 ipsi
1971 4411 2081 4465 sin-

499 4489 608 4560 guli
660 4493 888 4550 invicem
938 4497 1240 4552 dimicaturi
1293 4510 1708 4571 consurgerent,
1740 4512 1794 4556 et
1831 4504 1914 4558 cui
1965 4520 2084 4562 sors

499 4581 781 4638 victoriam
811 4588 1156 4653 contulisset,
1187 4589 1286 4660 ipsi
1314 4598 1460 4646 totus
1484 4593 1758 4647 exercitus
1780 4592 1899 4649 sine
1920 4595 2083 4650 dubio

500 4681 739 4739 pareret.
765 4673 970 4740 Quibus
1000 4680 1310 4749 congressis
1359 4696 1424 4736 ac
1464 4681 1553 4736 diu
1588 4683 1925 4753 multumque
1952 4700 2077 4740 con-

498 4763 857 4831 certantibus,
886 4768 1100 4821 tandem
1133 4769 1393 4825 Dominus
1417 4771 1655 4827 lacrimis
1678 4772 1919 4841 pulsatus
1939 4774 2086 4828 chri-

2181 3587 2460 3654 comitem,
2491 3589 2642 3656 pueri
2675 3587 2911 3644 lleinrici
2965 3589 3300 3659 magistrum,
3327 3588 3585 3659 virginem
3609 3587 3736 3640 vide-

2181 3696 2258 3744 re,
2320 3679 2502 3749 pulcra
2566 3680 2957 3749 laudabilisque
3002 3680 3045 3734 si
3096 3689 3263 3744 esset,
3338 3689 3400 3734 ut
3471 3678 3732 3738 ferebatur,

2182 3770 2460 3840 praemisit.
2489 3768 2579 3822 Ille
2618 3780 2797 3823 autem
2829 3769 2986 3824 herili
3018 3783 3313 3839 congruam
3353 3768 3542 3823 videns
3570 3766 3734 3820 matri-

2182 3862 2386 3926 monio,
2435 3874 2694 3930 spemque
2751 3859 2988 3915 futuram
3044 3859 3259 3929 populis
3309 3858 3446 3924 fore,
3495 3869 3733 3917 reversus,

2181 3962 2373 4009 cuncta
2415 3968 2534 4023 qua:
2588 3953 2880 4008 resciverat
2931 3952 3194 4007 narravit.
3247 3953 3380 4022 (An.
3440 3949 3582 4021 909.)
3637 3946 3735 4013 Quo

2182 4053 2333 4114 pater
2392 4043 2597 4108 audito,
2653 4043 2882 4097 eundem
2934 4044 3129 4097 iterum
3171 4059 3273 4097 una
3331 4059 3457 4098 cum
3513 4044 3614 4098 ﬁlio
3653 4059 3735 4098 suo

2182 4133 2436 4189 Heinrico
2465 4143 2785 4203 ceterosque
2817 4132 2942 4187 illuc
2972 4133 3173 4186 ‹.ἱι·εχίι
3197 4133 3484 4204 satellites,
3512 4135 3735 4205 qui,pera

2183 4232 2342 4294 cepto
2405 4225 2556 4280 ducis
2605 4225 2884 4287 mandato,
2919 4225 3232 4293 praedictum
3288 4225 3538 4280 adierunt
3577 4239 3732 4279 emno-

2182 4317 2352 4372 bium.
2377 4315 2447 4371 Et
2467 4317 2702 4386 primum
2738 4316 2955 4385 quidem
2985 4330 3082 4370 ceu
3119 4315 3328 4383 ignotos
3380 4331 3438 4371 se
3467 4315 3734 4371 simulando

2181 4406 2480 4462 oratorium
2527 4405 2682 4475 pauci
2713 4405 2990 4476 petebant,
3019 4404 3361 4475 puellamque
3389 4407 3443 4460 in
3475 4406 3586 4477 ipso
3624 4414 3738 4459 tem-

2183 4497 2271 4565 plo
2301 4497 2526 4552 modesti
2571 4511 2635 4551 ac
2668 4497 2883 4551 venusti
2942 4496 3124 4552 vultus
3157 4498 3514 4566 aspiciebant.
3565 4496 3734 4551 Urbem

2184 4589 2350 4659 igitur
2387 4589 2613 4659 egressi,
2648 4589 2926 4660 regalique
2990 4605 3206 4645 rursum
3251 4591 3507 4645 instructi
3552 4599 3735 4652 ornato,

2184 4696 2381 4752 magna
2406 4681 2770 4751 ingredientes
2806 4682 3102 4738 comitante
3144 4691 3388 4746 caterva,
3436 4680 3736 4736 abbatissam

2185 4771 2432 4826 adeundo
2460 4769 2742 4841 virginem,
2779 4771 2932 4841 cujus
2995 4785 3160 4826 causa
3201 4779 3492 4837 venerant,
3532 4782 3736 4840 przesen-

502 4853 826 4921 stianorum,
861 4857 1003 4912 fideli
1057 4875 1157 4914 suo
1197 4859 1442 4916 bellatori
1482 4861 1548 4916 de
1596 4863 1750 4918 hoste
1807 4864 2080 4919 concessit
2111 4860 2159 4920 Ι)
2189 4861 2290 4915 tari
2343 4860 2731 4930 compellantes
2802 4861 3187 4931 implorabant.
3265 4861 3396 4927 Quae
3452 4861 3734 4931 procede

504 4945 854 5016 triumphum,
889 4959 946 5002 ut
970 4949 1103 5005 ﬁdes
1133 4953 1350 5006 meruit.

571 5035 626 5089 2.
661 5038 786 5106 (An.
811 5039 959 5112 785.)
993 5041 1147 5098 Tune
1190 5052 1336 5097 tanta
1385 5045 1588 5099 mentis.
1634 5045 1861 5100 mutatio
1911 5043 2082 5100 Widi-

504 5125 649 5183 kindi
700 5129 898 5187 invasit
945 5135 1325 5204 pertinaciam,
1381 5145 1442 5190 ut
1490 5150 1549 5190 se
1587 5135 1923 5191 voluntarius
1960 5151 2085 5191 cum

504 5215 706 5275 familia
737 5236 837 5278 sua
883 5225 1138 5296 omnique
1162 5240 1498 5296 paganorum
1521 5226 1761 5281 exercitu
1795 5234 1903 5280 tam
1934 5237 2087 5296 pote-

2188 4952 2375 5006 niveas
2414 4967 2581 5024 genas
2607 4953 2907 5022 permixtas
2940 4954 2960 4985 ⁷
2990 4952 3131 5024 ignis
3169 4953 3390 5017 rubore,
3423 4951 3635 5006 candida
3661 4965 3738 5000 ve-

2187 5042 2283 5097 luti
2335 5042 2446 5098 lilia
2500 5043 2821 5100 rubentibus
2857 5044 2997 5100 rosis
3048 5045 3388 5110 intermixta,
3443 5043 3576 5097 tales
3600 5040 3740 5095 dabat

2188 5151 2284 5191 ore
2333 5137 2559 5193 colores.
2594 5137 2766 5205 Quam
2819 5137 3104 5193 Ileinricus
3158 5145 3220 5192 ut
3259 5137 3415 5203 vidit,
3454 5146 3656 5202 remque
3683 5145 3738 5184 ex

2192 5230 2399 5300 integro
2437 5230 2726 5300 presensit,
2778 5230 2895 5286 ﬁxit
2923 5231 2976 5287 in
3019 5230 3230 5302 virgine
3272 5229 3506 5285 vultum.
3551 5228 3599 5282 in
3637 5234 3741 5276 Ltu-

1798 5363 2025 5419 VARLE
2074 5365 2477 5422 LECTIONES.

577 5449 598 5480 ³
631 5453 748 5508 cod.
782 5454 932 5511 sciri.
980 5455 1002 5488 ⁸
1025 5456 1170 5526 ipsas
1199 5472 1245 5510 c.
1289 5456 1478 5524 “tatas
1508 5455 1624 5511 cod.
1681 5456 1700 5485 ‘
1725 5457 1990 5513 induStrie
2029 5459 2146 5512 cod.
2189 5458 2207 5488 ⁷
2235 5463 2498 5529 permixta
2515 5461 2630 5514 cod.

2041 5590 2275 5648 NOTXE.

573 5680 668 5748 (9)
718 5680 1008 5733 Auctorem
1074 5679 1424 5748 vehementer
1479 5692 1664 5733 errare
1727 5695 1887 5736 neruo
1965 5697 2070 5736 non
2113 5685 2272 5743 videt.

576 5746 707 5822 (ID)
745 5751 922 5819 Enger
953 5764 1114 5816 prope
1139 5746 1393 5802 Hcrl'ord.
