3816 6322
638 343 707 350 γι*

53 373 168 431 ΙῦΠ

1270 367 1330 427 S.
1369 366 1739 427 MATHILDIS
1764 369 1929 427 REGI
1947 371 2060 429 NA.

3161 376 3295 435 l3l8

58 504 145 545 um
171 490 191 521 ⁸
218 487 328 559 ejus
348 502 642 544 succensus
663 501 869 555 amore,
900 493 961 542 ut
989 484 1132 542 nulla
1163 483 1603 557 desponsationis
1630 489 1679 550 Α
1706 484 1905 540 Christi
1940 486 2163 556 pedibus
2192 484 2439 558 alligaret
2471 499 2502 541 a
2541 483 2718 556 primo
2757 483 2883 558 galli
2916 496 3079 543 cantu
3118 488 3293 546 donec

54 592 311 641 nteresset
364 598 546 648 mora;
592 582 684 637 sed
751 582 1001 652 sequenti
1046 581 1133 637 die
1176 581 1354 651 primo
1422 594 1604 645 mane,

51 677 221 732 :eteris
244 684 526 746 parentum
579 674 980 744 ignorantibus,
1028 674 1139 730 sola
1181 688 1282 729 ava
1325 673 1447 744 ejus
1474 687 1609 728 con-

52 768 161 835 acia,
194 781 310 837 qua:
350 765 421 820 ibi
446 773 564 820 erat
604 765 900 829 abbatissa,
924 779 1030 820 non
1057 763 1303 819 cimbalis
1329 777 1424 819 seu
1451 776 1611 834 orga-

50 859 114 914 tis
150 856 576 928 proludentibus,
606 855 700 911 sed
729 855 867 909 clam
909 855 1063 911 lectis
1095 856 1395 927 principum
1437 854 1611 910 mani-

49 948 153 1014 llis,
190 958 302 1004 toto
342 949 465 1003 inde
480 949 756 1005 Saxonum
778 949 829 1003 in
858 950 1089 1021 patriam
1113 949 1607 1005 ducebatnrhono-

49 1054 105 1103 'e,
160 1040 328 1096 donec
379 1039 707 1096 Walehusen
768 1042 1085 1111 parabatur,
1129 1050 1190 1096 ut
1240 1040 1607 1096 nobilissimos

49 1146 289 1202 'egesque
322 1130 437 1201 jam
488 1131 699 1188 futuros
730 1133 933 1199 decuit,
977 1133 1219 1204 nuptiale
1270 1132 1605 1189 convivium.

51 1217 103 1272 bi
153 1219 365 1274 tandem
420 1218 569 1275 licito
624 1218 973 1290 perfruuntur
1008 1236 1215 1286 amore,
1269 1222 1609 1292 eandemque

48 1308 301 1365 :ivitatem
351 1318 406 1365 et
449 1320 645 1367 cuncta
681 1311 750 1367 ad
798 1311 937 1368 hanc
962 1312 1295 1383 pertinentia
1347 1312 1401 1367 in
1423 1313 1605 1369 dotem

48 1401 102 1456 lli
131 1401 372 1457 tradidit.

93 1492 150 1546 4.
185 1490 449 1548 Prmfatus
496 1507 627 1550 vero
674 1492 783 1549 dux
824 1493 973 1559 Otto,
1003 1503 1159 1566 pater
1190 1493 1453 1560 Heinrici,
1496 1503 1609 1552 tres

46 1590 150 1638 lost
202 1583 314 1639 haec
357 1584 546 1640 vivens
572 1599 765 1648 annos,
802 1594 1031 1641 mortem
1078 1585 1243 1641 subiit
1274 1586 1397 1655 (An.
1457 1586 1607 1659 912).

46 1674 308 1745 )ι’ἱηοίρεε
353 1689 570 1745 quoque
599 1675 751 1745 regni
789 1675 1073 1732 consilium
1121 1677 1373 1733 ineuntes
1409 1685 1613 1733 tracta-

45 1770 162 1817 iant
230 1764 354 1835 quis
405 1764 631 1820 heroum
660 1765 1037 1837 ’principatum
1102 1775 1326 1823 teneret.
1380 1767 1452 1822 At
1503 1768 1605 1839 ipsi

1712 592 1907 631 aurora
1936 578 2173 632 crastina
2197 578 2401 649 primos
2430 578 2623 633 extulit
2642 587 2815 647 ortus,
2839 593 2958 648 quae
2977 594 3083 636 non
3113 581 3289 637 solum

1707 683 1841 725 voce
1865 671 1963 725 sed
1998 669 2164 724 etiam
2192 670 2445 740 perfectis
2467 670 2741 726 Christum
2772 672 2988 727 amabat
3015 672 3291 744 operibus.

1710 758 1766 815 Si
1799 760 1921 831 quis
1946 776 2045 831 pro
2075 760 2230 831 culpa
2267 761 2559 830 criminali,
2588 767 2647 817 ut
2676 762 2896 829 assolet,
2935 763 3201 820 adductus
3227 765 3293 819 ad

1710 853 1968 918 tribunal,
2003 868 2034 908 a
2066 866 2193 924 rege
2231 852 2591 924 deputabatur
2640 854 2896 921 interfici,
2953 855 3295 912 sanctissima

1709 941 1892 1012 regina
1919 941 2162 998 cruciata
2212 942 2525 1010 condolens,
2550 944 2936 1002 blandimentis
2959 961 3131 1017 usque
3157 947 3294 1005 adeo

1711 1039 1984 1096 mulcebat
2012 1039 2254 1094 animum
2288 1038 2567 1110 principis,
2598 1040 2771 1097 donec
2800 1041 2853 1097 in
2884 1041 3000 1112 ipsa
3043 1042 3123 1097 ira
3152 1042 3296 1112 regis

1709 1131 1854 1186 unde
1891 1142 2235 1201 processerat
2273 1146 2393 1188 sors
2426 1132 2638 1201 mortis,
2687 1132 2814 1189 inde
2839 1134 3163 1206 procederet
3187 1148 3291 1189 vox

1707 1220 1899 1278 salutis
1930 1222 1993 1277 ".

1779 1335 1832 1391 6.
1868 1334 2128 1392 Natorum
2171 1349 2388 1407 quoque
2428 1350 2530 1393 nec
2555 1338 2930 1409 praetereunda
2972 1336 3295 1401 sublimitas,

1707 1426 1799 1497 qui
1825 1425 2109 1496 utriusque
2144 1439 2307 1482 sexus
2336 1442 2528 1483 omnes
2554 1427 2850 1494 sublimati,
2902 1442 3113 1483 summo
3135 1427 3298 1482 deco-

1709 1526 1904 1575 rantur
1929 1518 2157 1573 honore.
2187 1517 2428 1585 Quorum
2456 1517 2583 1574 Otto
2614 1519 2884 1574 maximus
2909 1528 3059 1583 natu,
3097 1532 3297 1573 nomen

1708 1609 1777 1665 ab
1813 1623 1916 1664 avo
1955 1608 2179 1664 trahens
2201 1647 2217 1671 ,
2268 1610 2481 1665 caeteris
2509 1609 2694 1665 mitior
2723 1610 3072 1681 moribusque
3111 1611 3299 1665 mode-

1709 1698 1866 1764 stior,
1901 1696 2100 1768 populo
2136 1697 2299 1751 corde
2339 1705 2497 1753 tenus
2526 1707 2818 1768 acceptus,
2855 1698 3007 1769 regni
3040 1712 3297 1754 coronam

1710 1794 1831 1856 post
1860 1785 2029 1856 patris
2062 1793 2293 1839 mortem
2326 1800 2449 1840 cum
2482 1801 2650 1858 regno
2682 1786 2935 1857 capessit,
2967 1787 3054 1842 cui
3086 1788 3154 1842 ab
3182 1787 3297 1841 An-

44 1853 228 1945 πίοτίδ
272 1869 380 1909 "0“
428 1854 756 1911 inmemores
812 1856 1023 1927 ενθιίων
1049 1857 1222 1927 ipsum
1249 1858 1400 1913 illum
1439 1858 1605 1914 ﬁlium
1639 1851 1688 1914 Β
1713 1851 1815 1945 glis
1860 1851 2171 1932 Saxonibus
2202 1875 2399 1944 regalis
2442 1851 2637 1945 coniux
2682 1851 2929 1932 adducta
2958 1886 3041 1932 est
3080 1875 3300 1931 nomine

44 1944 246 2014 :legere
276 1946 491 2011 ducem,
523 1961 650 2001 nam
690 1955 744 2003 et
768 1949 935 2003 armis
966 1948 1239 2004 Saxonum
1269 1960 1387 2004 erat
1425 1949 1610 2007 fortis-

1735 1965 1896 2029 Sdith,
1929 1965 2189 2020 membris
2228 1966 2445 2030 decora,
2478 1944 2571 2022 sed
2614 1966 2883 2035 probitate
2914 1963 3300 2035 prmeellentis-

43 2035 225 2101 timus,
257 2035 347 2104 qui
375 2035 497 2106 plus
538 2036 700 2093 solito
731 2037 977 2094 caritatis
1017 2053 1204 2094 amore
1251 2040 1475 2111 populos
1503 2040 1611 2112 pla-

1735 2058 1873 2111 ;ima.
1905 2055 2192 2111 Heinricus
2220 2065 2402 2110 autem
2432 2065 2555 2112 ortu
2586 2056 2877 2123 secundus,
2907 2055 3169 2111 Bawariis
3190 2055 3299 2108 dux

42 2127 206 2182 ωηόο
236 2128 335 2183 sibi
364 2127 668 2197 conjunxit,
727 2130 804 2185 ita
856 2139 916 2185 ut
952 2146 1074 2186 eum
1126 2147 1306 2202 regem
1342 2142 1611 2203 optarent.

1735 2147 2047 2217 ll‘thOlliltll‘
2093 2145 2405 2215 praeclarus.
2455 2146 2761 2203 Brunonem
2815 2162 2946 2202 vero
2989 2146 3295 2211 minimum,

41 2218 162 2272 Post
200 2233 309 2272 non
339 2219 561 2290 longum
596 2228 810 2290 tempus
833 2218 1138 2277 Conradum
1172 2223 1504 2279 Francorum
1532 2240 1616 2280 re-
1714 2237 1891 2292 virum
1949 2236 2273 2307 sapientem,
2324 2236 2565 2308 dignum,
2620 2236 3032 2301 sacerdotalem,
3065 2235 3301 2291 Coloniae

41 2329 154 2383 gem
187 2315 461 2370 hominem
511 2315 730 2372 exuisse
762 2316 987 2388 contigit
1008 2318 1132 2388 (An.
1157 2318 1315 2389 9l8);
1347 2321 1488 2376 bello
1518 2336 1611 2378 seu

1735 2327 2183 2398 trchiepiscopum
2230 2329 2582 2386 constituere.
2632 2328 2769 2383 Nam
2802 2343 2959 2384 soror
2985 2341 3173 2383 eorum
3202 2342 3301 2382 no-

41 2420 180 2472 pace
206 2405 382 2475 fieret,
415 2407 759 2478 ignoramus;
809 2418 1082 2479 sceptrum
1113 2410 1367 2467 Heinrico
1401 2427 1618 2469 succes-
1714 2419 1862 2475 mine
1888 2417 2193 2483 Gerburch,
2229 2417 2525 2474 Gisilbcrto
2564 2418 2797 2490 principi
2826 2418 3160 2489 Belgieorum
3190 2427 3303 2472 tra-

39 2498 124 2563 sit,
151 2504 368 2567 totaque
414 2499 562 2569 regni
599 2498 848 2555 facultas.
879 2498 993 2566 llis,
1027 2508 1085 2556 ut
1142 2501 1395 2568 diximus,
1440 2503 1611 2574 dispo-

1735 2508 1825 2564 lita
1857 2507 2055 2565 luerat.
2086 2508 2383 2564 Prtedictus
2410 2510 2596 2581 itaque
2625 2523 2719 2565 rex
2740 2507 2964 2578 ejusque
2984 2508 3302 2580 dignissima

39 2588 173 2652 sitis,
197 2587 440 2643 Saxones
462 2603 591 2657 rege
611 2588 769 2644 ditati
802 2589 891 2645 tali
916 2590 1197 2660 potiuntur
1224 2591 1454 2658 honore,
1487 2593 1614 2663 qui-
1716 2599 1913 2670 conjux
1940 2600 2115 2672 magis
2131 2613 2197 2655 ac
2217 2599 2392 2671 magis
2414 2600 2468 2655 in
2500 2600 2595 2655 Dei
2620 2600 2894 2655 ferventes
2918 2614 3125 2664 amore,
3147 2598 3307 2654 Chri-

40 2692 131 2732 aus
148 2694 421 2748 nunquam
448 2688 610 2735 tanta:
640 2681 909 2751 primatus
957 2681 1183 2738 subesse
1211 2683 1461 2738 solebant
1489 2698 1620 2739 cau-
1688 2691 2029 2755 _sticolarum
2073 2706 2263 2746 curam
2317 2691 2556 2762 gerendo
2600 2691 2813 2747 cunctis
2864 2704 2961 2760 per
3015 2688 3301 2744 circuitum

37 2788 124 2826 sae.
184 2770 227 2827 Ο
297 2771 618 2828 Germania!
682 2773 915 2829 aliarum
976 2773 1130 2845 prius
1179 2774 1310 2845 jugo
1357 2775 1613 2846 depressa
1716 2780 2061 2836 monasteriis
2090 2780 2320 2848 inﬁnita,
2350 2792 2481 2851 quot
2519 2781 2678 2836 annis
2714 2779 2987 2845 vivebant,
3021 2779 3304 2849 dispensa-

38 2862 411 2931 gentium.sed
456 2862 745 2918 sublimata
794 2864 956 2919 modo
983 2863 1229 2937 inperiali
1273 2865 1490 2933 decore,
1530 2881 1616 2923 re-

37 2967 150 3022 gem
208 2952 440 3009 fideliter
493 2953 777 3009 serviendo
824 2954 1007 3026 dilige,
1071 2970 1303 3026 eumque
1353 2965 1615 3028 quantum

38 3042 237 3109 poteris
260 3042 453 3113 juvare
477 3058 698 3111 conare,
742 3046 1105 3117 princepsque
1146 3063 1215 3102 ne
1264 3047 1403 3103 desit
1429 3048 1497 3103 ab
1524 3048 1615 3105 illo

35 3147 234 3201 genere
259 3140 451 3203 optare
476 3149 543 3189 ne
570 3148 775 3201 cesses,
806 3150 875 3191 ne
906 3135 1204 3206 despoliata
1228 3138 1485 3208 gradibus
1515 3138 1615 3196 ho-

1715 2859 1846 2927 battt
1879 2887 2125 2940 munera,
2171 2884 2228 2930 et
2270 2888 2380 2946 quo
2409 2890 2506 2944 per
2552 2880 2725 2929 semet
2774 2872 2919 2941 ipsos
2961 2870 3066 2925 iter
3094 2870 3306 2934 deerat,

1716 2964 1899 3020 missis
1936 2965 2183 3035 pecuniis
2227 2965 2377 3035 larga
2417 2965 2642 3021 aderant
2687 2978 2872 3019 manu.
2907 2961 3033 3017 Haec
3062 2962 3305 3018 studiose

1717 3062 2077 3125 peragentes,
2131 3054 2264 3125 ipsis
2306 3068 2522 3124 quoque
2570 3052 2817 3109 ctrnobia
2863 3050 3307 3105 construcntibus

1717 3141 1902 3197 divino
1931 3143 2170 3197 animum
2210 3141 2567 3212 indulgebant
2595 3142 2822 3196 monitu.
2867 3136 2968 3204 Qui
3001 3137 3127 3192 dum
3158 3138 3308 3208 priu-

36 3240 223 3279 ‘lOl‘lllll
246 3226 517 3293 omnibus,
542 3226 740 3296 prioris
764 3228 955 3284 redeas
980 3228 1047 3283 ad
1076 3238 1277 3284 statum
1312 3230 1613 3286 servitutis.
1644 3211 1686 3270 (ἶ
1719 3232 1931 3304 cipibus
1982 3232 2214 3289 militum
2246 3211 2602 3288 sumimentis
2626 3230 2878 3287 allectum
2913 3227 3308 3285 confabulando

35 3318 359 3375 Hemoratus
395 3318 561 3391 igitur
592 3319 878 3377 Heinricus
903 3321 992 3390 qui
1024 3336 1247 3391 regnum
1275 3331 1611 3392 susceperat,

38 3427 133 3464 am
166 3411 337 3481 magis
373 3412 573 3481 gradus
609 3413 953 3469 adscendens
1002 3414 1334 3483 superiores,
1384 3429 1616 3485 quaeque

36 3516 195 3572 -egna
240 3516 337 3572 per
366 3502 631 3558 circulum
679 3502 820 3559 bello
848 3511 1039 3574 potens
1086 3518 1186 3559 suo
1236 3503 1616 3575 subjugaverat

36 3594 355 3659 lominatui,
380 3594 591 3650 scilicet
617 3594 863 3661 Sclavos,
894 3594 1098 3662 Danos,
1122 3596 1420 3663 Bawarios,
1450 3595 1617 3651 Bche-

40 3700 150 3740 nos
176 3694 499 3755 ceterasque
550 3687 792 3755 gentium
852 3685 1122 3750 nationes,
1169 3701 1289 3755 quae
1344 3685 1614 3741 Saxonico

36 3795 306 3847 nunquam
338 3780 563 3835 subesse
608 3778 931 3833 videbantur
966 3778 1195 3849 inperio.
1233 3778 1372 3845 Quid
1417 3779 1613 3833 mirum

36 3874 231 3927 totiens
256 3872 505 3928 inimicos
536 3870 841 3941 superando
866 3880 1031 3925 tanta:
1062 3869 1376 3939 adquisisse
1409 3870 1607 3925 trium-

36 3966 195 4019 )hum
236 3964 497 4031 victoriae,
532 3978 655 4018 cum
706 3976 922 4018 summo
962 3961 1344 4032 triumphaturi
1392 3961 1614 4033 regique

36 4058 238 4113 :celesti
279 4072 445 4129 agens
489 4070 703 4126 semper
745 4056 1039 4126 gratiarum
1069 4055 1331 4119 actiones,
1359 4054 1614 4110 ecclesias

36 4149 215 4205 uultis
263 4148 508 4218 reparari
548 4147 767 4203 fecisset
818 4146 1088 4216 inpensis?
1135 4145 1472 4217 Pauperibus
1506 4145 1615 4200 lar-

35 4254 150 4310 ;us,
184 4237 362 4293 viduis
401 4237 849 4309 patrocinabatur
870 4246 925 4290 et
949 4235 1255 4303 obpressis;
1287 4234 1400 4290 suis
1428 4234 1613 4291 condi-

35 4346 131 4403 gna
157 4332 179 4363 θ
211 4331 422 4387 donans
468 4329 753 4396 militibus,
800 4336 1017 4386 ceteros
1039 4327 1241 4397 pietate
1260 4335 1315 4383 et
1338 4340 1474 4397 pace
1498 4341 1616 4384 mo-

36 4423 183 4478 lesta
217 4421 464 4492 regebat.

1718 3323 2067 3391 intimarent,
2120 3324 2196 3381 illi
2256 3324 2443 3395 statim
2491 3322 2602 3394 regi
2643 3333 3028 3393 suggesserunt
3064 3320 3307 3377 dicentes

1716 3414 2158 3471 sanctimoniales
2188 3414 2242 3471 in
2279 3396 2648 3469 Winedhnsen
2686 3413 2828 3468 intra
2856 3427 3038 3482 sepem
3068 3410 3304 3466 ρωποι)Ξὶ

1715 3504 1930 3562 clausas
1961 3504 2456 3576 Quedilingaburch
2487 3518 2646 3575 posse
2696 3501 3017 3568 transferri;
3064 3515 3191 3556 nam
3246 3500 3304 3556 in

1714 3597 1905 3654 eodem
1927 3598 2257 3653 monaSterio
2279 3595 2584 3668 principum
2624 3594 2749 3649 filia:
2777 3592 3085 3664 transigunt
3106 3592 3299 3657 vitam,

1714 3704 1852 3759 quas
1887 3689 1961 3744 ibi
2008 3703 2231 3745 manere
2272 3686 2568 3744 multorum
2615 3700 2715 3757 pro
2748 3683 2975 3756 penuria
3030 3680 3302 3753 diSplicuit

1714 3780 2054 3851 parentibus.

1783 3896 1837 3949 7.
1879 3894 1976 3950 llis
2010 3908 2141 3964 ergo
2174 3892 2520 3949 sermonibus
2555 3893 2628 3948 ita
2662 3890 2966 3964 dispositis,
3013 3905 3105 3947 rex
3144 3889 3303 3947 solito

1715 3998 1867 4040 more
1896 3984 2127 4039 venandi
2163 3982 2448 4039 Botl‘elden
2486 3984 2640 4051 adiit,
2701 3985 2887 4055 ibique
2930 3983 3080 4053 gravi
3133 3984 3302 4054 pestis

1715 4084 2008 4145 occupatus
2031 4083 2114 4130 est
2130 4074 2431 4130 vexatione.
2464 4073 2572 4130 Sed
2599 4091 2721 4129 cum
2745 4075 2934 4130 morbo
2953 4082 3305 4144 gravescente

1715 4167 2037 4224 solutionem
2094 4166 2337 4237 corporis
2370 4166 2655 4223 imminere
2699 4168 2948 4230 sentiret,
2987 4165 3110 4220 inde
3155 4165 3301 4219 viam

1718 4258 1784 4313 ad
1819 4258 2111 4330 Erpesford
2142 4258 2361 4325 direxit,
2398 4273 2506 4328 quo
2532 4267 2758 4313 cunctos
2784 4256 2931 4311 illius
2958 4254 3147 4310 ditioni
3174 4257 3305 4310 sub-

1717 4349 1860 4404 ditos
1887 4348 2079 4405 adesse
2112 4347 2453 4419 praecipiens,
2504 4349 2570 4402 de
2621 4346 2773 4418 regni
2825 4353 2970 4402 statu
3017 4344 3302 4401 consilium

1719 4438 1920 4494 habere
1945 4440 2129 4508 erepit.
2172 4436 2407 4493 Venerat
2434 4446 2492 4493 et
2512 4438 2785 4495 abbatissa
2820 4438 2932 4510 (ll)
2956 4435 3110 4508 jussu
3140 4436 3303 4508 regis,

91 4533 151 4589 5.
185 4531 420 4605 Nuptam
449 4546 578 4604 ergo
607 4534 815 4587 fencem
844 4528 1191 4585 Machtildam
1215 4537 1433 4584 terreno
1458 4529 1614 4601 prin-
1643 4565 1694 4625 Β
1719 4545 1841 4601 quae
1869 4531 2125 4601 praedicto
2158 4538 2393 4601 praeerat
2430 4530 2700 4598 coenobio,
2756 4547 2923 4602 quam
2952 4547 3044 4586 rex
3082 4528 3306 4601 ejusque

35 4625 153 4695 :ipi,
204 4640 333 4679 cum
383 4623 487 4680 sibi
528 4623 785 4679 secularis
838 4621 1156 4677 accessisset
1196 4630 1464 4693 potestas,
1497 4621 1616 4690 plus

36 4716 115 4771 )ei
145 4715 214 4770 ad
238 4713 557 4785 obsequium
590 4713 633 4744 ¹⁰
668 4712 945 4768 inclinavit
968 4712 1215 4769 voluntas
1242 4727 1401 4783 quam
1430 4711 1615 4767 mundi

36 4806 193 4872 gloria
231 4805 301 4860 ad
345 4801 664 4870 elationem;
720 4803 933 4858 subdita
984 4819 1201 4874 semper
1228 4803 1361 4869 Deo,
1410 4802 1617 4857 monita

37 4903 244 4951 ectans
277 4895 641 4959 sacerdotum,
665 4893 786 4964 plus
821 4893 1141 4964 participata
1181 4893 1402 4949 Christo
1449 4907 1613 4964 quam

35 4986 233 5042 ociata
275 4985 545 5059 coniugio.
592 4985 867 5040 Nocturna
906 4995 1087 5040 autem
1116 4994 1359 5055 tempore
1401 4984 1513 5055 regi
1553 4998 1613 5039 se

41 5080 207 5147 liquo
238 5078 402 5135 modo
436 5078 645 5135 occulte
674 5078 1004 5148 subripiens,
1033 5077 1317 5133 ecclesiam
1350 5077 1614 5133 orationi-

36 5187 122 5227 »us
171 5170 430 5228 instando
478 5172 651 5241 magis
698 5170 879 5241 sponsi
917 5171 1172 5241 diligebat
1212 5170 1472 5227 thalamo.
1516 5170 1611 5225 Sin

44 5262 319 5331 liquando
348 5278 444 5318 rex
480 5262 687 5329 deerat,
715 5262 836 5331 quis
874 5261 1060 5316 credat
1104 5260 1336 5330 qualiter
1380 5276 1441 5315 se
1490 5274 1613 5315 ora-

35 5352 268 5409 ionibus
296 5352 649 5422 diffunderet,
678 5353 910 5424 qualiter
944 5367 1003 5409 se
1034 5363 1289 5424 tanquam
1325 5353 1612 5423 praesentis

1719 4637 1961 4694 compar,
1983 4622 2183 4693 prioris
2206 4636 2313 4677 non
2345 4622 2677 4680 inmemores
2705 4622 2982 4688 desiderii,
3013 4623 3305 4694 praedictas

1719 4714 1815 4770 Dei
1876 4714 2109 4772 familias
2144 4717 2197 4771 in
2241 4715 2690 4787 Quindiligeburg
2741 4714 3017 4771 transvehi
3065 4714 3306 4785 postula-

1719 4809 1873 4862 bant.
1915 4805 2067 4862 Hanc
2119 4822 2307 4863 eorum
2362 4807 2450 4861 illa
2496 4806 2811 4878 petitionem
2843 4814 3123 4877 gratanter
3163 4804 3306 4859 acci-

1719 4901 1897 4972 piens,
1924 4909 1979 4955 et
2007 4899 2251 4970 pluribus
2284 4899 2587 4970 principum
2626 4899 2679 4954 id
2708 4898 3083 4963 suadentibus,
3108 4906 3167 4950 ut
3207 4912 3303 4952 rex

1718 4993 2085 5056 ordinaverat,
2136 4990 2319 5063 perﬁci
2374 4990 2569 5046 debere
2624 4989 2833 5045 annuit.
2892 4988 3071 5043 Finito
3108 4995 3290 5042 autem

1671 5117 1675 5120 ν
1720 5081 1974 5144 concilio,
2022 5094 2143 5134 cum
2197 5079 2429 5149 populus
2474 5079 2692 5136 domum
2737 5079 2959 5145 rediret,
2994 5092 3086 5133 rex
3117 5076 3305 5148 paucis

1718 5169 2108 5228 comitantibus
2120 5166 2451 5224 Jemelevum
2468 5168 2579 5240 (12)
2605 5169 2815 5236 adiens,
2840 5176 3159 5238 praesentem
3188 5166 3302 5222 Deo

1712 5266 1934 5336 jubente
1954 5262 2120 5317 vitam
2152 5261 2325 5315 finivit
2353 5260 2465 5332 (an.
2494 5260 2624 5327 956,
2653 5260 2765 5315 Jul.
2798 5260 2877 5330 2).
2919 5258 3081 5329 anns
3107 5259 3172 5314 ad
3202 5273 3302 5314 ex-

1716 5328 1935 5427 sequias
1970 5353 2212 5409 infinitus
2255 5328 2571 5423 populorum
2614 5328 2869 5426 frequens
2912 5328 3167 5410 conﬂuxit
3203 5328 3317 5427 ιλιι-ί

1323 5508 1554 5565 VARUS
1608 5512 2008 5570 LECTIONES.

126 5609 150 5640 ⁸
185 5609 239 5664 in
267 5610 447 5677 repetit
474 5610 591 5664 cod.
666 5607 688 5640 ’
714 5606 977 5677 condigne
1024 5604 1141 5659 cod.
1219 5602 1263 5635 ’°
1306 5617 1425 5659 eam
1475 5605 1623 5659 addit
1664 5606 1780 5661 cod.
1859 5605 1898 5635 “
1940 5603 2143 5659 sabatis
2180 5603 2297 5657 cod.

1542 5697 1774 5755 NOTAE.

89 5793 142 5865 (ι
158 5794 211 5865 l)
251 5792 459 5849 Diemot

1794 5788 1905 5861 (12)
1942 5788 2237 5844 Memleben
