3816 6322
596 346 735 414 1519

1892 351 2187 411 ΛΡΡΕΝΙ).
2212 355 2301 409 AD
2324 352 2452 411 SIE.
2493 352 2562 408 Χ.

3615 379 3689 434 liii

595 486 780 526 merus
804 510 819 533 ,
886 470 1083 540 quibus
1148 468 1491 523 lamentando
1563 466 1914 538 sequentibus
1975 487 2172 543 corpus
2206 458 2246 514 Α
2277 468 2457 537 speris
2498 466 2843 537 proficiebat,
2882 469 3237 527 contristatus
3282 489 3431 544 usque
3469 483 3522 535 ad
3556 501 3690 547 ιιοηε,

596 563 1045 633 Quidilingaburg
1088 577 1260 631 usque
1307 570 1694 629 transvectum,
1751 563 2072 629 honoriﬁce,
2115 575 2173 620 ut

590 670 801 722 acquum
851 664 987 720 erat,
1042 654 1388 723 sepelierunt.
1448 652 1599 707 Tunc
1645 654 1825 724 regina
1882 656 2173 712 immobilis

590 760 747 799 suum
789 744 926 798 velle
976 745 1199 814 cupiens
1246 743 1483 813 impleri,
1543 745 1842 815 puellarum
1898 756 2171 803 catervam

588 833 715 887 illuc-
766 833 1044 888 transferri
1089 834 1392 901 admonuit,
1439 836 1583 903 quod
1631 834 1904 890 abbatissa
1936 838 2171 905 primum

590 923 821 978 ﬁrmiter
849 923 1096 992 negando
1139 923 1430 992 prohibuit.
1465 922 1571 978 Sed
1596 924 1723 993 quid
1751 925 1938 996 plura?
1965 926 2171 995 Regina

590 1015 701 1069 tilio
737 1014 1054 1081 auxiliante,
1098 1015 1307 1071 scilicet
1335 1013 1533 1070 Ottode
1576 1030 1726 1087 rege,
1767 1017 1996 1087 aliisque
2024 1021 2176 1089 prin-‘-

588 1106 819 1174 cipibus,
856 1107 965 1160 voti
1003 1121 1226 1176 compos
1256 1105 1463 1167 effecta,
1498 1108 1722 1162 eandem
1760 1108 1958 1164 dehinc
1984 1110 2173 1165 cellam

591 1212 784 1264 magna
818 1198 1014 1251 mentis
1070 1198 1368 1253 intentione
1400 1209 1591 1253 cuncta
1622 1198 1820 1269 quibus
1877 1216 2011 1271 opus
2058 1212 2177 1258 erat

590 1288 951 1343 ministrando
981 1291 1360 1358 componebat.

660 1379 713 1433 8.
741 1379 964 1433 Factum
992 1390 1076 1435 est
1102 1391 1278 1435 autem
1304 1392 1423 1451 post
1448 1384 1739 1439 venerandi
1765 1396 1992 1442 mortem
2021 1386 2178 1443 llein-

600 1471 699 1525 rici
730 1474 896 1541 regis,-
929 1472 1143 1538 Odone,
1178 1477 1286 1530 ﬁlio
1318 1478 1433 1545 ejus
1474 1478 1706 1545 seniore,
1731 1483 1880 1552 regni
1923 1485 2174 1547 thronum

592 1558 884 1626 insidente,
922 1564 1178 1631 praedicta
1216 1568 1403 1635 regina
1436 1567 1490 1621 in
1518 1569 1777 1624 viduitate
1804 1579 1961 1630 tantm
1992 1577 2177 1643 probi—

591 1654 721 1708 tatis
767 1656 1035 1723 perstitit,
1073 1668 1135 1712 ut
1184 1660 1271 1713 vix
1325 1678 1443 1716 eam
1496 1665 1652 1733 pauci
1698 1667 1978 1739 utriusque
2014 1686 2176 1728 sexus

589 1758 811 1815 possent
836 1749 1055 1804 imitari.
1091 1752 1377 1809 Prudentis
1409 1757 1553 1811 enim
1585 1768 1705 1814 erat
1734 1763 1963 1831 consilii,
1995 1766 2175 1821 mitis-

2281 558 2478 612 timuit.
2554 558 2796 629 lngressa
2861 569 3041 615 autem
3111 561 3267 619 bona:
3330 572 3553 629 memori:
3590 586 3691 649 regi;

2277 647 2437 701 Edith
2468 662 2483 700 :
2521 646 2603 702 Ne
2636 650 2990 714 contristetur,
3034 652 3132 718 ait,
3178 654 3402 711 dominus
3440 646 3693 733 meum“,

2277 735 2409 789 riuis
2431 737 2567 791 enim
2606 749 2873 807 correptus
2904 740 3147 810 ﬂagellis,
3188 746 3308 813 quia
3335 759 3515 805 matrem
3551 762 3696 825 θρέξας.

2277 826 2341 882 de
2368 844 2525 898 regno
2553 828 2796 899 pepulisti
2824 832 2975 901 quasi
3003 834 3336 903 incognitam.
3368 837 3589 898 Revoca"
3605 852 3697 921 inqu

2274 920 2627 987 sanctissima,
2659 940 2995 995 regnumque,
3019 935 3077 979 ut
3100 929 3351 995 convenit,
3372 936 3575 1000 possidat
3590 947 3698 1009 ρήιι,

2276 1012 2519 1070 Audiens
2553 1014 2673 1071 hate
2703 1019 2974 1090 princeps,
3004 1022 3240 1091 primum
3279 1037 3485 1098 stupore,
3510 1036 3637 1094 deinde
3654 1056 3701 1094 re.

2276 1101 2453 1171 pletus
2479 1106 2675 1175 gaudio
2696 1109 2953 1177 maxime,
2975 1113 3286 1185 episcepos,
3316 1122 3533 1187 praesides
3553 1139 3701 1189 uterus

2264 1204 2383 1259 que
2442 1193 2697 1251 honestos
2741 1199 2889 1254 misit
2940 1202 3206 1259 satellites
3234 1207 3554 1276 dignissimam
3583 1222 3635 1273 sui
3658 1238 3701 1274 ηε

2279 1284 2503 1338 vocandi
2535 1287 2709 1356 gratia
2732 1299 2985 1356 matrem,
3003 1307 3065 1348 se
3088 1310 3293 1366 suaque
3319 1299 3699 1373 impendensomia,

2280 1382 2333 1428 et
2356 1375 2423 1430 ad
2470 1391 2821 1450 quascunque
2862 1386 3207 1442 conditiones
3235 1389 3406 1447 luendi
3438 1396 3700 1469 roluissctgu.

2280 1470 2462 1520 tanter
2495 1469 2828 1537 consentire,
2872 1488 2983 1529 sua:
3015 1484 3231 1531 tantum
3259 1482 3431 1537 utendi
3452 1500 3575 1541 causa
3602 1497 3702 1562 grati:

2281 1552 2502 1609 fatetur.
2534 1556 2679 1613 Laeta
2716 1572 2849 1629 ergo
2883 1565 3121 1634 genitrix
3146 1569 3248 1623 Atilii
3284 1552 3702 1643 aceipiensmaitdau,

2280 1646 2460 1713 priora
2511 1650 2664 1717 quasi
2719 1653 3118 1724 obliviscendo,
3163 1664 3312 1717 omni
3354 1679 3460 1720 cum
3491 1667 3703 1729 hminum:

2281 1738 2671 1807 perfectionem
2724 1743 2933 1801 itineris
2980 1752 3295 1821 complens,
3346 1756 3500 1812 Grona
3541 1770 3701 1831 perierit:

588 1838 725 1891 sima
758 1838 934 1904 bonis,
967 1841 1099 1896 dura
1131 1846 1406 1914 sdperbis,
1435 1848 1743 1906 elcmosinis
1771 1852 1942 1923 larga,
1963 1858 2173 1913 oratio;
2211 1834 2249 1892 Β
2278 1846 2366 1924 9⁸³⁸
2399 1847 2494 1886 rex
2532 1850 2637 1888 una
2666 1851 2786 1889 cum
2814 1853 3044 1911 cmuuge
3072 1845 3290 1899 almam
3312 1851 3611 1918 pmgred’m'
3626 1860 3702 1924 1³⁸³

590 1930 751 1985 nibus
802 1932 1047 2000 intenta,
1100 1939 1314 1993 cunctis
1371 1940 1456 2008 pia
1508 1943 1914 2014 indigentibus,
1961 1949 2173 2020 eloquio

589 2018 809 2087 blanda,
836 2026 1065 2079 caritate
1088 2042 1213 2097 erga
1252 2028 1418 2083 Deum
1444 2041 1495 2086 et
1525 2035 1825 2102 proximum
1857 2047 2021 2109 atque
2053 2058 2177 2096 cou-

589 2112 815 2169 tinentia
876 2120 1177 2184 permansit
1227 2136 1381 2190 pura.
1427 2122 1535 2177 Sed
1600 2128 1842 2182 omnium
1909 2133 2203 2188 malorum.

586 2202 871 2266 excitator,
892 2206 1118 2263 invidus
1156 2210 1328 2265 hostis
1369 2215 1563 2267 aderat
1595 2214 1808 2287 aliquos
1830 2220 1897 2275 de
1918 2223 2175 2294 principi—

586 2292 691 2347 hus
731 2295 1091 2366 stimulando,
1131 2302 1221 2370 qui
1275 2304 1386 2375 regi
1418 2308 1738 2379 caeterisque
1776 2312 1890 2366 suis
1920 2292 2174 2371 dicebant

588 2384 734 2451 ﬁliis,
772 2388 915 2443 hanc
941 2391 1227 2460 plurimam
1264 2398 1615 2463 pecuniarum
1647 2403 1965 2461 observasse
1996 2408 2177 2463 multi-

590 2477 832 2533 tudinem
878 2498 1039 2551 quam
1094 2496 1488 2553 reprmsentarc
1529 2492 1829 2551 debuisset.
1872 2497 1940 2552 At
1976 2500 2075 2565 illi,
2116 2511 2176 2557 ut

591 2565 766 2633 poscit
795 2582 948 2624 amor
975 2572 1272 2629 insaciatus
1299 2576 1553 2645 habendi,
1587 2583 1679 2651 qui
1712 2600 1819 2639 non
1846 2590 2020 2655 parcit
2050 2606 2176 2660 pro-

587 2656 723 2723 priis
752 2657 1090 2729 pignoribus,
1134 2667 1441 2723 reconditos
1487 2671 1862 2729 thesaurorum
1908 2656 2178 2751 cumulos,

588 2759 726 2815 quos
769 2747 857 2802 illa
898 2750 1147 2807 ccclesiis
1185 2757 1483 2828 egenisque
1536 2777 1636 2831 pro
1688 2764 1893 2820 Christi
1957 2771 2174 2826 nomine

588 2839 891 2905 erogabat,
956 2842 1101 2898 illam
1155 2848 1401 2915 proferre
1440 2865 1728 2923 cogentes,-
1781 2857 1886 2915 huc
1940 2861 2174 2933 illucque

588 2926 828 2981 studiose
892 2943 1243 3001 (tumentes,
1304 2939 1676 3007 exploratores
1724 2946 2029 3006 discurrere
2075 2968 2173 3022 per

588 3017 756 3073 latera
805 3023 1070 3078 montium
1118 3036 1177 3081 et
1220 3029 1325 3083 ima
1361 3032 1576 3087 collium
1609 3036 1886 3109 saltusque
1911 3043 2168 3100 silvarum

586 3109 882 3176 iusserunt,
924 3128 988 3168 ea
1019 3122 1411 3185 perserutando
1450 3124 1594 3189 loca,
1642 3142 1739 3196 per
1776 3135 2167 3206 quaereginam

2276 1921 2486 1993 busque
2530 1924 2645 1993 ejus
2691 1939 3025 1996 prostratus,
3077 1935 3339 2006 quidquid
3381 1940 3548 1998 fecerat
3585 1921 3703 2002 tuatu-

2279 2014 2417 2069 rium
2442 2018 2737 2085 secundum
2762 2024 2955 2077 matris
2978 2024 3240 2094 placitum
3262 2042 3536 2099 permutare
3551 2041 3703 2106 pm‘sit

2276 2105 2344 2159 At
2382 2107 2470 2161 illa
2510 2109 2738 2167 decoras
2781 2112 3040 2171 lacrimas
3093 2117 3283 2174 infusa
3318 2137 3409 2190 per
3440 2105 3590 2194 genas,
3615 2130 3701 2181 ﬁlim

2280 2201 2659 2269 amplectendo
2721 2208 3189 2276 deosculabatur,
3253 2216 3362 2269 suis
3414 2218 3457 2271 id
3500 2220 3703 2290 exigendis:

2277 2294 2515 2361 peccatis
2541 2298 2841 2369 contigisse
2879 2309 3099 2358 testata.
3142 2304 3254 2363 Nec
3294 2324 3452 2375 mora,
3476 2313 3588 2380 pacis
3606 2315 3704 2367 adu-

2276 2384 2713 2441 conciliationem
2746 2391 3129 2450 satisfactione
3153 2408 3415 2467 percepta,
3443 2402 3611 2456 dotalem
3626 2406 3703 2473 regii

2277 2484 2488 2543 partem
2527 2482 2820 2536 concessit.
2868 2483 2964 2539 His
3008 2486 3181 2556 igitur
3227 2492 3454 2548 caritatis
3490 2496 3702 2550 vinceretis

2278 2564 2720 2635 subsistentibus,
2758 2576 2986 2646 contigit
3016 2580 3169 2645 piam
3201 2580 3355 2638 Edith
3386 2585 3574 2655 reginam
3601 2603 3703 2656 pene

2279 2664 2369 2711 tuo
2396 2658 2663 2716 victuram
2691 2678 3010 2733 praesentem
3036 2671 3208 2727 vitam
3232 2677 3700 2751 excessisse(li';.{1:.

2276 2744 2403 2810 946,
2440 2746 2569 2804 Jan.
2599 2750 2710 2824 26).

2350 2837 2438 2901 10.
2478 2840 2594 2896 Rex
2631 2859 2761 2900 vero
2792 2860 3065 2917 provecta:
3098 2851 3219 2921 jam
3265 2859 3431 2913 astatis
3457 2860 3699 2915 ecclesiasce

2275 2927 2522 3003 lulasque
2568 2935 2728 2991 simul
2786 2955 2911 2995 cum
2962 2953 3143 3000 matre
3190 2951 3419 3005 construi
3462 2951 3573 3017 fecit,
3604 2969 3701 3020 tum

2274 3028 2545 3088 statuens,
2582 3038 2724 3085 recte
2748 3028 3019 3098 judicans,
3066 3046 3359 3105 paternam
3400 3041 3445 3096 in
3479 3045 3704 3098 cumbis:-

2277 3114 2440 3169 t-ando
2467 3117 2744 3187 pietatem.
2770 3123 2896 3193 (An.
2916 3126 3041 3189 950,
3069 3127 3220 3185 Nov.
3244 3132 3355 3202 22.)
3377 3134 3543 3189 Interea
3565 3137 3703 3189 aliane

587 3202 845 3267 pecunias
888 3219 987 3273 per
1021 3213 1350 3267 monasteria
1397 3218 1768 3274 transmittere
1792 3196 2089 3291 putabant,
2119 3236 2172 3281 et

2277 3204 2489 3262 Ottonis
2521 3213 2663 3283 regis
2698 3214 2837 3269 fama
2873 3220 3125 3286 pervoiat
3158 3196 3595 3298 LodevrigumUS),
3618 3227 3700 3280 iam

590 3290 633 3341 si
661 3304 795 3357 quos
819 3291 1021 3362 aliquid
1054 3300 1286 3366 preciosi
1317 3301 1554 3360 ferentes
1598 3308 1918 3367 invenerunt
1948 3344 2019 3354 --
2047 3332 2172 3371 nam

587 3382 703 3450 ipsa
744 3381 853 3439 Deo
905 3387 1098 3442 dilecta
1130 3406 1250 3460 qua:
1295 3408 1672 3454 remanserant
1710 3404 1922 3460 occulte
1953 3408 2019 3463 ad
2058 3425 2176 3464 mas

588 3488 714 3528 num
749 3476 955 3533 Christi
1006 3482 1203 3540 olferre
1236 3491 1514 3558 satagebat
1535 3522 1603 3531 —
1627 3506 1813 3551 servos
1835 3501 2177 3559 contumeliis

587 3564 829 3633 allectos,
871 3587 992 3637 quae
1042 3579 1401 3644 portabantur
1446 3582 1497 3636 vi
1541 3587 2068 3667 rapientes,.vacuos
2098 3609 2177 3648 rc-

589 3659 875 3716 miserunt.
914 3664 1053 3731 Quin
1098 3678 1154 3723 et
1203 3673 1354 3743 regni
1404 3681 1635 3744 partem,
1668 3694 1788 3748 qua:
1829 3660 1881 3736 in
1916 3684 2093 3740 dotem
2124 3690 2173 3745 ei

589 3752 920 3824 contigerat,
954 3759 1282 3831 relinquere,
1317 3770 1702 3824 monasterium
1726 3782 1932 3840 petere,
1961 3792 2173 3834 sacrum

593 3839 836 3897 velamen
871 3850 1168 3919 suscipere,
1198 3855 1283 3910 his
1313 3856 1541 3926 aliisque
1576 3876 1736 3930 quam
1767 3863 2011 3933 pluribus
2038 3868 2179 3935 inju-

594 3930 689 3986 riae
719 3935 1113 4003 compellebant
1147 3943 1403 4000 stimulis.
1434 3948 1563 4013 Quae
1592 3966 1713 4006 cum
1739 3930 1837 4022 per
1866 3964 2012 4011 tanta
2037 3959 2176 4013 aﬁli-

588 4035 831 4094 geretur,
861 4042 1032 4101 sacra:
1071 4050 1177 4089 non
1206 4037 1472 4095 inmemor
1505 4043 1820 4114 Scriptum,
1849 4065 1970 4119 quae
1998 4054 2129 4110 dicit
2160 4075 2172 4110 :

591 4118 732 4185 Quia
757 4138 850 4190 per
880 4125 1076 4181 multas
1110 4130 1474 4189 tribulatione:
1515 4148 1712 4205 oportet
1752 4157 1846 4195 nos
1870 4118 2095 4201 introire
2123 4150 2175 4203 in

589 4225 806 4280 regnum
834 4211 931 4266 Dei
960 4214 1102 4286 (Act.
1146 4234 1256 4286 xiv,
1294 4221 1641 4293 21),,dotales
1665 4228 1985 4288 dimittondo
2014 4236 2176 4295 urbes

588 4300 1087 4375 patrimoniumque
1134 4310 1441 4378 requirens,
1488 4314 1873 4387 Aggeriensem
1902 4323 2090 4379 cellam
2118 4326 2175 4381 in

586 4392 909 4467 occidentali
957 4400 1177 4467 regione
1222 4403 1374 4458 adiit.
1422 4405 1499 4461 lbi
1546 4424 1648 4465 nec
1686 4411 1867 4469 minus
1901 4420 2175 4476 consuetis

592 4485 870 4550 perstabat
918 4487 970 4542 in
1018 4488 1180 4546 bouis
1225 4496 1499 4564 Operibus.
1555 4500 1789 4573 Flagella
1836 4521 1964 4564 vero
2005 4511 2171 4566 multa

588 4587 751 4641 super
802 4574 1071 4635 .Ottonem
1139 4598 1321 4655 regem
1384 4600 1653 4646 venerunt
1714 4594 1879 4650 veluti
1941 4611 2170 4656 matrem

588 4660 919 4731 ulciscendo,
961 4675 1283 4730 retroversis
1324 4676 1568 4735 victoria:
1615 4680 1904 4755 triumphis
1945 4688 2174 4761 aliisque

589 4765 769 4806 rerum
818 4760 1073 4817 secundis
1104 4763 1166 4817 ¹’.
1224 4765 1361 4821 Nam
1387 4778 1544 4837 grata
1601 4777 1775 4831 sancti
1827 4779 2058 4849 Spiritus
2088 4760 2174 4839 re-

587 4844 797 4912 quievit
837 4849 889 4903 in
938 4850 1227 4913 Machtihla
1258 4871 1433 4919 matre
1485 4865 1652 4936 regis,
1701 4878 1758 4923 et
1792 4844 2077 4940 plurimam
2119 4877 2174 4932 in

588 4937 809 4996 Christo
840 4948 1080 5012 possedit
1106 4949 1472 5010 dilectionem.

658 5031 713 5087 9.
753 5034 957 5103 Videas
985 5048 1164 5097 autem
1188 5059 1322 5112 rex,
1350 5047 1477 5116 quia
1506 5049 1691 5119 nichil,
1722 5060 1784 5107 ut
1822 5055 1994 5124 prius,
2046 5074 2175 5129 pro-

2276 3312 2409 3367 sutn
2437 3316 2617 3371 regem
2665 3305 3008 3376 Latinorum,
3050 3312 3283 3384 obiisse,
3324 3320 3519 3389 ejusque
3553 3320 3697 3372 nobilis

2276 3404 2420 3444 mam
2451 3395 2736 3466 conjugem
2779 3402 3143 3459 Adclheidam
3196 3423 3227 3462 a
3261 3411 3475 3478 quodam
3514 3409 3703 3478 Reman?

2279 3482 2465 3538 multis
2490 3486 2702 3556 injuriis
2731 3491 2896 3563 aﬁligi
2924 3511 3163 3566 regnum
3202 3502 3490 3567 auferendo,
3513 3512 3555 3554 ut
3583 3502 3700 3554 illam

2276 3574 2485 3633 Italiam
2541 3595 2833 3653 usurparet
2883 3588 3302 3649 dmniua‘n'dam.
3354 3594 3467 3651 Otto
3506 3595 3616 3666 igitur
3641 3608 3702 3655 rei:

2279 3669 2586 3739 principum
2634 3691 2826 3732 suasus
2873 3683 3127 3749 consilio,
3182 3686 3344 3742 rebus
3386 3689 3476 3743 rite
3520 3688 3702 3754 W115

2277 3762 2567 3818 comitatus
2596 3768 2759 3823 sociis
2781 3768 2994 3826 Latium
3022 3776 3243 3840 adiens,
3261 3778 3481 3849 reginam
3505 3774 3701 3832 indetriru-

2278 3852 2420 3921 phali
2446 3866 2688 3926 ereptam
2711 3860 2958 3927 victoria,
2982 3865 3291 3925 honorifice
3316 3872 3365 3925 in
3393 3885 3517 3925 suam
3537 3866 3703 3921 tranauit

2276 3945 2505 4011 patriam
2549 3948 2671 4018 (An.
2706 3952 2856 4024 95h)
2894 3953 3101 4021 Quibus
3139 3958 3377 4027 legitime
3404 3955 3705 4014 matrimonimv

2279 4037 2474 4104 Plllalis
2502 4041 2612 4112 (1-4)
2646 4058 2978 4117 regnumque
3010 4054 3421 4118 providentibus
3442 4052 3515 4106 lilii
3534 4054 3703 4104 mscunltt

2278 4129 2558 4200 utriusque
2601 4149 2765 4190 sexus
2823 4139 3199 4208 pulcherrimi.
3252 4145 3471 4201 Puellam
3507 4154 3643 4213 quoex
3670 4135 3699 4187 ιδ

2280 4236 2378 4277 ava
2408 4225 2663 4283 Machtild
2696 4231 2894 4286 dictam
2936 4249 3029 4289 rex
3078 4240 3308 4294 tradidit
3352 4240 3401 4294 in
3445 4234 3700 4293 contulerunt!

2278 4316 2748 4376 sanctimonalium
2782 4324 2835 4378 in
2867 4325 3427 4403 Quidilingaburgensi
3449 4326 3701 4384 omnem“?

2278 4403 2548 4475 implendo
2575 4414 2793 4481 optimae
2833 4416 3050 4473 matris‘
3069 4420 3423 4475 voluntatem.
3464 4419 3701 4474 Paculam

2280 4494 2556 4566 Ottouem,
2601 4505 2772 4573 patris
2817 4510 3038 4565 nomine
3093 4522 3370 4575 vocatum,
3405 4503 3698 4581 primaeui-8".

2279 4590 2457 4649 aetatis
2481 4593 2632 4659 flore,
2659 4599 2904 4669 genitore
2932 4601 3162 4658 multum
3193 4617 3317 4675 poSt
3342 4605 3536 4662 virente,
3556 4601 3590 4652 in
3610 4604 3699 4660 rem

2281 4683 2781 4750 praeordinaverunt
2814 4691 2937 4763 (An.
2966 4692 3094 4759 set,
3136 4694 3277 4749 Μαί.
3309 4697 3414 4761 se),
3441 4694 3495 4746 de
3528 4702 3601 4759 (ιω
3624 4683 3699 4778 li?“

2284 4774 2587 4835 Maehtildis
2624 4783 2813 4851 spiritu
2851 4788 3148 4857 pr0phetize
3190 4800 3319 4845 ante
3357 4774 3698 4877 Ριπδίιέηιθῗ

2283 4872 2712 4946 quotiescunque
2746 4880 2941 4951 regalis
2983 4884 3351 4952 generabatur
3372 4875 3604 4968 ρτοὲεηίέδν

2280 4961 2349 5014 ad
2375 4978 2534 5021 aures
2556 4966 2670 5035 ejus
2691 4972 2956 5039 pervenit,
2987 4972 3091 5027 Deo
3122 4976 3326 5045 gratias
3346 4972 3513 5041 inquit.
3529 4957 3679 5033 (xli-95°

2281 5052 2451 5125 Hujus
2483 5068 2661 5115 autem
2692 5063 2844 5131 pueri
2875 5064 3214 5121 nativitatem
3259 5065 3444 5121 nuucio
3477 5053 3700 5115 dictum?cm

1869 5184 2117 5267 VARI/Ei
2142 5196 2549 5291 LECTIONES.

662 5307 706 5341 “
738 5311 1011 5382 prosperis
1040 5311 1215 5381 glossa
1242 5315 1296 5369 in
1331 5315 1507 5371 codice
1532 5321 1789 5388 apposita.

2117 5436 2348 5495 NOTIE.

663 5538 795 5607 (η’)
819 5540 895 5593 De
918 5550 1158 5610 tempore
1192 5557 1299 5611 quo
1326 5544 1524 5599 obierit
1551 5545 1706 5600 Edith
1731 5546 1804 5602 cf.
1832 5546 2172 5605 Jahrbiicher

591 5609 1647 5703 (les.l_)\eu'tscltqn"Illeichs‘l,§,p.
1723 5702 1727 5703 γ
1988 5690 1999 5702 .

662 5680 773 5750 (15)
811 5678 926 5731 {mo
960 5678 1318 5737 Lotharium.’
1341 5683 1395 5736 lu
1428 5678 1675 5739 eumdem
1708 5702 1949 5743 errorem
1986 5690 2175 5746 incidit

590 5740 952 5805 \V't'duliindus
1005 5764 1093 5817 ιιι,
1128 5754 1189 5817 7;
1222 5761 1408 5807 auctor
1440 5754 1572 5809 Vita:
1620 5762 1937 5815 recentioris
1978 5777 2158 5832 regem

2282 5560 2703 5653 ,Ὃςξῗχῃῖῐῃίηἱῃ
2736 5561 3071 5653 Ιλοὼὲἱΐὶιηηξ
3114 5634 3125 5646 ι
3215 5636 3255 5653 ι,
3298 5636 3355 5653 ιη
3421 5614 3695 5653 “LLMMwi

2352 5630 2464 5703 (14)
2504 5630 2617 5686 Non
2660 5635 2711 5686 in
2752 5635 2948 5703 patria,
2976 5637 3069 5688 sed
3113 5634 3165 5688 in
3215 5636 3385 5702 Italia,
3414 5626 3679 5688 celebratam

2283 5702 2514 5771 nuptim;
2547 5703 2618 5756 cf.
2656 5703 2969 5760 Widukind.
2994 5720 3082 5772 tu,
3112 5706 3198 5760 10.
