3816 6322
80 298 211 354 1321
1377 313 1440 369 'S.
1487 315 1855 378 ΜᾹΤΙΙΙΙΛΙΙΞ
1886 326 2158 384 REGINL

72 421 334 484 audisset,
380 402 518 490 genu
553 424 604 478 in
638 433 833 481 terram
869 428 1025 492 flexo,
1063 439 1336 485 catervam
1395 435 1503 489 Deo
1561 436 1666 492 illic
1696 423 1740 476 Α
1770 440 1947 496 verbis
1980 444 2262 513 increpans
2284 489 2298 512 ,

70 513 421 568 servientium
477 531 819 583 convocans,
886 522 1155 578 imuiilicis
1208 523 1377 579 Deum
1439 528 1655 583 laudare

61 604 229 670 jussit
275 605 534 674 signaque
581 610 824 665 ecclesia:
873 616 1181 679 consonari,
1235 628 1418 672 uattnn
1451 620 1653 676 crelesti

65 693 185 760 regi
236 697 662 750 commendando
704 701 1020 768 parvulum,
1055 713 1108 758 et
1157 704 1272 775 ejus
1318 708 1437 763 vita:
1464 719 1655 778 optans

63 784 484 852 prosperitatem
528 788 708 856 inquit
747 807 762 842 :
799 789 900 844 Hic
952 797 1156 850 cmteris
1205 798 1462 852 illustrior
1509 801 1655 869 fama

3197 350 3333 407 ἰῧὲὶ

2343 465 2558 504 currum
2605 461 2752 509 stare
2782 454 2960 526 jussit,
3011 469 3064 516 ct
3101 478 3221 518 eum
3252 469 3340 535 qui

1764 533 2056 587 transierat
2110 542 2415 595 revocamlo
2461 547 2786 612 procurabat
2836 565 3148 620 pauperem.
3201 555 3340 622 Quid

1758 619 1952 687 plura?
2008 624 2335 695 Virginalem
2404 637 2821 705 pmpemodum,
2875 619 3173 699 benefactis
3212 619 3341 702 illis

1757 717 2224 780 promerentibus,
2283 720 2616 790 adquisierat
2664 729 2930 797 palmam,
2973 735 3074 788 nisi
3131 746 3337 793 tantum

1758 802 2094 860 secularibus
2137 810 2368 863 vestimu
2410 812 2722 872 ﬂoresceret
2751 827 3103 880 ornamentis.
3155 827 3341 885 Nullus

57 876 217 929 nobis
255 876 460 946 aliquid
486 881 799 948 prwbiturus
833 895 908 938 est
937 887 1136 957 insigne
1162 893 1482 959 parentibus.

143 951 226 1019 ΙΙ.
270 965 418 1021 Nunc
452 969 562 1038 jam
596 985 935 1030 revertamur
963 951 1298 1047 advejusdem
1340 983 1472 1038 bene
1503 995 1651 1052 gesta

56 1049 394 1119 Machtildis,
443 1062 571 1126 quae
621 1063 666 1115 si
715 1078 812 1132 per
867 1063 1078 1136 singula
1137 1077 1649 1142 transcurreremus,

57 1145 370 1202 inmensum
421 1149 724 1220 legentibus
767 1157 1124 1215 edidissemus
1162 1162 1429 1228 volumen,
1479 1182 1653 1236 neque

55 1234 212 1288 enim
243 1237 422 1291 omnia
455 1243 838 1310 comprehendi
869 1257 1118 1315 possunt,
1147 1266 1244 1305 nec
1274 1254 1452 1307 omnia
1485 1254 1654 1312 latere

49 1326 319 1394 patimur.
351 1327 484 1382 Nam
514 1330 630 1398 ejus
656 1333 869 1388 animus
907 1336 1018 1392 Deo
1063 1341 1230 1410 magis
1259 1356 1322 1397 ac
1355 1345 1525 1415 magis
1565 1347 1650 1400 in-

42 1427 264 1484 lentus,
297 1428 353 1474 et
393 1415 459 1474 de
496 1423 695 1479 virtute
737 1427 1025 1494 proficiens
1058 1431 1109 1484 in
1137 1433 1413 1502 virtutem,
1456 1454 1642 1493 mona-

47 1509 224 1562 steria
248 1513 490 1580 augendo
512 1513 702 1568 Palithi
730 1514 1054 1573 clericorum
1090 1521 1320 1577 instituit
1351 1537 1646 1583 catervam.

43 1599 253 1654 Postea
288 1602 772 1677 Quidilingaburgh
802 1609 853 1662 in
887 1610 1043 1677 valle,
1077 1626 1141 1666 ea
1175 1614 1511 1685 disponente,
1545 1621 1647 1676 alia

45 1693 330 1748 succrevit
369 1694 601 1750 fratrum
643 1703 1010 1771 congregatio,
1046 1714 1101 1758 et.
1134 1705 1188 1758 in
1235 1719 1417 1766 monte
1464 1726 1646 1767 emno-

41 1781 207 1836 bium
265 1787 758 1842 sanctimonalium.
808 1790 913 1846 Sed
965 1802 1021 1847 et
1064 1795 1208 1852 aliud
1258 1799 1309 1852 in
1352 1803 1648 1872 propinquo
1680 1776 1723 1835 Β

39 1869 180 1928 loco
206 1872 492 1931 Gcrendod
526 1879 664 1949 (15),
700 1881 851 1949 plura
879 1897 1093 1954 quoque
1120 1890 1365 1944 carnobia
1398 1869 1646 1948 constru-

42 1966 174 2030 xit;
235 1982 355 2036 quae
403 1984 509 2023 non
540 1971 713 2026 solum
757 1988 856 2042 per
884 1980 1229 2043 monasteria,
1281 1990 1339 2034 ut
1391 1983 1646 2052 diximus,

37 2052 169 2108 Deo
202 2058 585 2126 servientibus,
618 2063 708 2116 scd
742 2066 948 2120 cunctis
994 2068 1247 2124 extiterat
1285 2073 1368 2140 pia
1407 2074 1650 2144 indigen-

43 2147 222 2201 tibus.
277 2147 410 2202 Nam
462 2161 660 2220 praeter
698 2155 1023 2212 cotidianam
1067 2176 1364 2231 pauperum
1397 2166 1647 2224 refectio-

43 2253 206 2301 nem,
245 2241 327 2296 bis
359 2243 410 2295 in
444 2245 529 2298 die
557 2247 779 2302 collecta
816 2251 1180 2319 multitudine,
1214 2261 1646 2330 quos'rcgalibus

41 2328 340 2384 refovebat
368 2333 527 2400 cibis,
566 2351 780 2406 semper
824 2341 1014 2400 diebus
1053 2335 1401 2404 sabbatorum
1457 2355 1646 2410 balneo

43 2428 248 2486 parato
291 2438 554 2492 pauperes
594 2437 650 2482 et
697 2435 1010 2501 peregrinos
1054 2441 1291 2495 recreari
1346 2442 1492 2509 fecit,
1544 2446 1644 2500 ali-

38 2513 272 2581 q'iauz'o
319 2513 430 2582 ipsa
483 2515 840 2587 ingrediens,.
878 2524 1169 2595 aliquando
1210 2548 1336 2586 vero
1389 2537 1642 2606 populum

43 2598 346 2654 «imitando
389 2615 515 2656 suos
537 2604 910 2666 intromittens
945 2628 1224 2682 sequaces,
1257 2622 1495 2675 membra
1529 2638 1644 2677 mu-

44 2689 247 2744 lierum
290 2691 497 2761 singula
534 2697 792 2753 diluebat.
822 2702 1234 2773 Egredieutibus
1259 2711 1384 2763 inde.
1416 2727 1518 2766 non
1552 2729 1638 2768 so-

49 2779 167 2830 lum
200 2794 356 2834 escas
382 2784 659 2851 praebebat
694 2788 899 2856 solitas,
943 2794 1036 2848 scd
1077 2796 1239 2850 etiam
1279 2801 1506 2854 vestium
1541 2804 1642 2857 mi-

46 2869 326 2924 nistrabat
362 2873 694 2942 adiumenta.
722 2880 907 2950 Itaque
934 2899 1040 2938 non
1075 2887 1248 2942 minus
1275 2901 1393 2946 erat
1430 2893 1645 2948 miscri-

39 2960 254 3014 «δι-ἀίω
282 2977 430 3029 usus,
462 2979 625 3034 quam
656 2968 723 3024 de
752 2971 907 3039 plebe
938 2974 1289 3046 indigentium
1325 2996 1638 3049 concursus,

46 3067 156 3103 nec
205 3051 430 3108 deerat-tt
464 3059 554 3125 qui
596 3070 861 3127 peterent,
896 3080 997 3120 nec
1053 3067 1335 3125 deficiebat
1375 3075 1516 3142 quod
1548 3075 1643 3129 do-

45 3151 232 3197 naret.
267 3141 400 3197 Cum
449 3157 630 3201 autem
690 3149 800 3219 ipsa
854 3169 1117 3222 pransura
1173 3170 1312 3228 erat,
1359 3172 1440 3217 ter
1476 3179 1642 3235 supra

44 3247 297 3286 thensam
360 3237 560 3292 cotidie
612 3244 1020 3312 etnnigcuornm
1082 3250 1261 3306 allatis
1315 3253 1640 3311 ferculorum

39 3321 285 3386 deliciis,
329 3329 659 3383 monasterio
702 3331 745 3384 si
798 3333 1008 3400 aderat,
1041 3338 1244 3392 nullum
1280 3345 1528 3408 gustabat
1568 3347 1645 3400 ci-

39 3414 184 3466 bum
214 3417 532 3485 priusquam
562 3420 892 3478 christicolis
914 3429 1094 3481 omnia
1139 3430 1350 3495 divisit;
1385 3435 1466 3487 sin
1514 3451 1644 3490 vero

35 3504 304 3558 coenobio
363 3507 569 3574 abfuit,
626 3511 892 3583 languidis
943 3517 1244 3588 hospitibus
1278 3524 1488 3594 sibique
1531 3543 1647 3581 ser-

35 3594 324 3651 vientibus
377 3599 490 3652 luce
542 3601 796 3658 similiter
833 3604 1016 3673 jejuna
1075 3613 1339 3677 porrexit.
1383 3615 1514 3669 Illud
1547 3634 1645 3674 nec

27 3691 523 3757 pz-retereundum,
581 3702 638 3745 ut
671 3695 1080 3766 quilmscunque
1130 3712 1246 3756 erat
1303 3705 1457 3773 locis,
1505 3708 1643 3780 ignis

43 3794 164 3832 non
197 3779 475 3837 deficiebat
498 3798 606 3864 per
635 3795 869 3856 noctem,
923 3806 1028 3845 non
1057 3793 1229 3848 solum
1274 3796 1325 3849 in
1357 3801 1515 3854 tectis
1550 3803 1644 3857 sed

27 3885 82 3922 -ε
112 3868 221 3921 iam
262 3872 404 3925 nudo
457 3876 556 3928 sub
604 3890 728 3930 aere
771 3881 1023 3934 omnibus
1069 3884 1136 3936 ad
1192 3885 1474 3942 utilitatem
1538 3891 1645 3946 illic

39 3965 538 4019 commorantibus.
602 3967 766 4023 Moris
828 3988 1043 4042 quoque
1096 3976 1238 4031 soliti
1289 3981 1402 4036 lucc
1457 3995 1641 4040 sancta

41 4049 290 4104 habebat
340 4052 565 4120 femina,
615 4059 1079 4133 quotienscunque
1109 4064 1321 4137 longum
1359 4084 1452 4124 seu
1482 4072 1643 4128 breve

38 4153 308 4210 pergeret
345 4145 472 4211 iter,
513 4150 766 4206 candelas
794 4168 999 4220 secum,
1033 4157 1258 4227 singulis
1291 4171 1348 4216 ut
1379 4163 1643 4220 divideret

37 4234 309 4288 oratoriis
335 4277 350 4302 ,
382 4248 438 4291 et
468 4239 669 4292 cibaria
693 4242 847 4312 juxta
883 4259 1103 4301 currum
1138 4251 1349 4304 deferre
1384 4253 1446 4321 ‘3,
1478 4264 1534 4308 ut
1563 4256 1642 4310 iu-

41 4325 299 4393 digentes
340 4343 435 4397 per
463 4333 604 4386 viam
643 4350 682 4386 ra
704 4336 887 4392 ticeret
917 4339 999 4392 vel
1030 4353 1282 4411 tegrotos.
1319 4346 1397 4411 Si,
1427 4351 1642 4417 quando

40 4428 280 4468 currum
310 4417 563 4475 insidenti
595 4438 815 4479 somnus
841 4426 1150 4497 irrepserat,
1178 4443 1234 4486 ut
1270 4433 1497 4492 fortasse

42 4504 232 4558 noctis
260 4506 472 4577 vigilias
497 4526 640 4581 saepe
665 4517 942 4571 exsomnis
977 4522 1180 4574 oramlo
1213 4521 1465 4591 ducebat,
1496 4527 1637 4582 indi-

41 4595 296 4664 gentium
337 4601 624 4670 quisquam
657 4604 848 4660 obvius
880 4608 1055 4663 factus
1088 4609 1297 4678 fuisset,
1345 4619 1638 4674 sanctimo-

43 4684 221 4739 nialis
241 4698 421 4742 autem
452 4702 578 4747 ante
605 4708 724 4748 eam
757 4697 951 4752 sedens
983 4701 1204 4757 nomine
1236 4705 1491 4778 Ricburg,
1519 4726 1640 4779 quae

43 4773 228 4841 ipsius
268 4777 322 4830 in
360 4781 719 4837 ministerium
749 4787 1194 4860 pmelectaerat,
1229 4795 1272 4848 si
1306 4795 1520 4853 incaute
1547 4811 1639 4854 aut

42 4864 174 4934 ipsa
202 4867 525 4936 dormitans,
564 4889 657 4928 seu
705 4875 906 4931 librum
938 4880 1270 4950 inspiciendo
1293 4887 1515 4958 legeret,
1547 4907 1640 4946 eu-

40 4976 174 5018 ram
202 4961 435 5032 neglexit
464 4967 717 5035 pauperis
747 4969 810 5033 “,
850 4986 970 5024 eam
1002 4989 1108 5028 non
1141 4979 1424 5046 excitaret,
1461 4983 1644 5052 regina

40 5051 243 5109 statim
297 5054 717 5125 expergefacta,
775 5060 1067 5118 salutiferis
1117 5081 1302 5122 caram
1358 5051 1641 5140 sequacem

1758 891 1901 945 enim
1935 893 2073 959 dies,
2121 898 2263 950 nulla
2297 899 2467 956 ferme
2514 904 2646 960 hora
2683 923 2800 963 eam
2834 927 2861 964 a
2903 914 3057 970 bonis
3085 918 3204 987 ocio
3231 930 3340 972 tor-

1757 994 1972 1050 penzem
2026 986 2337 1044 inveniebat
2367 996 2650 1064 ,operibus,
2697 998 2849 1056 festis
2898 986 3111 1075 quoque
3152 1009 3339 1065 diebus

1721 1091 1724 1094 ν
1757 1071 1969 1128 lectioni
2000 1091 2201 1133 vacans
2232 1095 2289 1135 se
2311 1087 2610 1152 occupabat
2638 1100 2729 1142 aut
2761 1091 2873 1160 ipsa
2898 1094 3121 1166 legendo
3153 1110 3244 1154 aut
3271 1102 3338 1155 ab

1755 1164 1874 1217 aliis
1898 1167 2186 1234 audiendo,
2229 1173 2514 1230 cctidianis
2537 1192 2663 1232 vero
2687 1180 2891 1248 diebus,
2914 1164 3105 1254 quibus
3123 1192 3338 1258 Operari

1755 1253 1900 1322 licet,
1929 1260 2160 1314 orationi
2185 1271 2281 1317 aut
2319 1266 2628 1334 psalmodiae
2675 1271 3012 1341 incumbens,
3045 1289 3100 1332 ut
3126 1296 3339 1350 semper

1748 1344 1979 1414 solebat,
2005 1365 2257 1408 manuum
2284 1363 2459 1412 tamen
2492 1359 2725 1414 instabat
2751 1367 3025 1430 operibus.
3046 1371 3099 1424 Si
3122 1374 3337 1441 quando

1754 1450 1852 1505 per
1908 1447 2078 1493 totum
2132 1443 2275 1497 diem
2333 1448 2560 1503 diversis
2603 1453 2924 1521 populorum
2981 1460 3338 1518 circumclusa

1752 1532 2119 1600 sermonibus,
2171 1545 2231 1589 ut
2269 1537 2352 1592 bis
2379 1543 2560 1595 evenit
2584 1546 2674 1613 qui
2711 1563 2874 1616 regno
2911 1553 3196 1619 prmsident
3233 1567 3338 1610 ter-

1753 1635 1904 1686 reuo,
1955 1624 2087 1678 hora
2129 1627 2317 1682 saltem
2374 1632 2682 1692 refectiouis
2731 1651 2880 1696 stans
2922 1653 3046 1699 ante
3095 1663 3335 1703 mensam

1751 1708 1951 1779 aliquid
1978 1727 2115 1782 opus
2150 1714 2404 1785 faciebat,
2438 1723 2748 1794 priusquam
2783 1728 2824 1760 "‘
2851 1746 3029 1785 escam
3071 1748 3336 1804 gustaret,

1754 1800 1885 1856 illud
1940 1819 2248 1864 memorans
2292 1825 2356 1864 ac
2411 1813 2596 1869 dicens
2631 1835 2642 1869 :
2682 1818 2786 1883 Qui
2831 1836 2931 1876 non
2961 1824 3067 1876 vult
3108 1830 3331 1895 operari,

1753 1909 1854 1948 mm
1884 1899 2161 1952 manducet
2192 1901 2276 1971 (ll
2307 1903 2484 1958 Thess.
2519 1923 2598 1967 Ill,
2632 1909 2738 1980 l0).

1820 1987 1906 2042 12.
1931 1988 2025 2064 llis
2047 1992 2257 2048 actibtts
2285 1995 2454 2050 beatis
2489 2011 2803 2070 occupatam
2829 2005 2880 2058 in
2917 2015 3119 2062 tantum
3142 1999 3329 2064 divina

1748 2080 1995 2146 provexit
2025 2081 2328 2146 clementia,
2364 2095 2420 2140 ut
2445 2089 2607 2142 etiam
2642 2093 2867 2148 Domino
2917 2096 3181 2168 largiente
3231 2103 3334 2154 mi-

1749 2169 2053 2227 raculorum
2081 2174 2422 2231 inclaruisset
2447 2179 2585 2235 luce.
2625 2182 2758 2237 Nam
2787 2185 2844 2240 in
2892 2187 3332 2263 Quidilingalmrg

1747 2262 1966 2316 civitate
1988 2264 2075 2318 die
2113 2269 2347 2334 quadam
2379 2275 2530 2327 stans
2587 2288 2750 2344 supra
2806 2282 3002 2336 amntis
3052 2285 3330 2350 vertieem,

1708 2368 2039 2431 'pauperum
2066 2356 2119 2410 in
2168 2358 2306 2413 valle
2355 2374 2668 2418 vescentem
2725 2373 3007 2439 conspexit
3062 2383 3332 2443 turmam,

1747 2443 2135 2516 minitrumque
2163 2447 2538 2523 interrogavit,
2569 2455 2612 2508 si
2644 2459 2795 2524 panis
2821 2464 3147 2531 pauperibus
3175 2465 3330 2522 datus

1707 2551 1710 2554 ν
1746 2545 1889 2589 esset
1913 2551 2036 2590 cum
2059 2541 2257 2595 ceteris
2280 2543 2575 2611 alimentis,
2609 2560 2664 2602 et
2693 2549 2780 2603 ille
2807 2557 3136 2621 respondens
3153 2557 3287 2613 dixit
3309 2573 3329 2613 :

1749 2625 1983 2684 Minime.
2014 2630 2148 2686 lline
2173 2636 2327 2701 quasi
2367 2637 2420 2690 in
2453 2639 2876 2708 dispensatorem
2929 2647 3064 2702 irata
3089 2689 3106 2717 ,
3154 2651 3330 2705 subite

1745 2730 1884 2784 pane
1913 2729 2122 2788 erepto,
2153 2723 2308 2794 signo
2353 2729 2531 2782 crucis
2569 2746 2727 2785 manu
2779 2733 3065 2805 impresso,
3118 2740 3326 2796 Domini

1746 2802 1999 2860 invocato
2023 2811 2262 2876 nomine,
2294 2825 2351 2865 ut
2377 2815 2442 2867 ad
2473 2818 2653 2871 omnia
2693 2802 2918 2890 solebat,
2953 2827 3018 2881 de
3064 2827 3174 2883 alto
3205 2846 3330 2899 pro-

1739 2891 2199 2966 jecitcacumine,
2227 2905 2318 2972 qui
2379 2921 2473 2974 per
2521 2924 2654 2964 saxa
2709 2913 2978 2972 volutatus
3018 2927 3072 2972 et
3118 2935 3325 2990 sepem,

1747 2980 2030 3042 incolumis
2056 2989 2335 3059 cujusdam
2363 2999 2614 3068 pauperis
2637 3005 2880 3070 pervenit
2904 3007 2953 3061 in
2972 3009 3167 3076 sinum,
3186 3014 3327 3080 quod

1671 3115 1710 3171 Ο
1745 3076 1835 3144 qui
1865 3078 2088 3134 aderant
2115 3083 2356 3140 videntes
2389 3090 2566 3145 mirati
2599 3104 2743 3158 sunt,
2774 3097 2951 3152 divina
2971 3100 3019 3153 id
3038 3076 3326 3172 contigisse

1747 3172 2006 3222 testantes
2029 3170 2252 3228 virtute.
2287 3175 2548 3248 Fulgebat
2595 3194 2649 3236 et
2675 3183 2778 3239 alio
2813 3186 2862 3240 in
2891 3189 3076 3244 eadem
3107 3170 3324 3248 civitate

1729 3256 2024 3313 miraculo.
2053 3260 2185 3316 Nam
2233 3281 2355 3319 cum
2414 3269 2464 3322 in
2501 3271 2728 3328 ecclesia
2785 3275 2894 3333 Deo
2942 3281 3314 3339 holocaustum

1743 3351 2331 3416 olferretdevotissime
2367 3363 2431 3430 ³⁸,
2460 3368 2704 3433 quaedam
2755 3374 2970 3428 cervula
3020 3377 3318 3434 domestica

1743 3443 1884 3498 intra
1914 3446 2209 3504 claustrum
2235 3453 2491 3523 edomita,
2518 3459 2725 3514 occulte
2750 3465 3165 3534 ampullam,vas
3189 3487 3323 3540 quo-

1744 3549 1848 3601 que
1885 3539 2016 3601 viui,
2049 3550 2107 3594 ut
2131 3557 2270 3613 saepe
2292 3545 2344 3598 in
2375 3552 2718 3608 monasteriis
2741 3555 2959 3622 assolet,
2980 3559 3323 3632 subripiendo

1743 3625 2040 3693 devoravit,
2066 3647 2226 3700 quam
2257 3647 2550 3706 praesentes
2579 3643 2937 3714 obstupefacti
2998 3647 3165 3704 feram
3217 3668 3321 3706 cae-

1743 3717 1936 3784 dendo,
1965 3723 2238 3788 minando,
2268 3731 2518 3785 manibus
2547 3733 2849 3803 plaudenda
2877 3741 3150 3808 requirere
3200 3759 3316 3799 non

1743 3808 2014 3878 valebant,
2035 3813 2206 3870 donec
2242 3817 2400 3887 digna
2441 3820 2548 3876 Deo
2576 3824 2758 3894 regina
2797 3828 2880 3882 ori
2936 3829 3119 3886 bestia:
3161 3849 3318 3887 manu

1742 3910 1990 3968 porrecta
2022 3903 2232 3962 blandis
2268 3910 2463 3965 ’verhis
2510 3913 2740 3970 dixisset
2776 3935 2790 3971 :
2832 3918 3052 3988 Redde;
3089 3935 3319 3980 nostrum

1741 3994 1991 4062 est,quod
2011 3994 2199 4050 tulisti.
2228 3997 2320 4052 llla
2350 4001 2492 4056 dicto
2522 4004 2680 4060 citius
2713 4009 2850 4064 hanc
2875 4027 3036 4081 quant
3067 4016 3324 4072 hauserat

1741 4086 2006 4139 revomuit
2031 4091 2340 4158 ampullam.
2367 4093 2497 4160 Quis
2523 4096 2734 4154 dubitet
2759 4118 3045 4172 supernum
3081 4108 3321 4166 domina-

1743 4186 1913 4230 torem
1943 4176 2059 4246 ejus
2111 4185 2322 4239 meritis
2371 4187 2590 4243 feralem
2653 4193 2704 4245 in
2753 4194 3047 4250 humanum
3097 4203 3323 4256 vertisse

1731 4271 1992 4322 .seusum?
2013 4271 2252 4328 Plurima
2286 4291 2413 4331 vero
2441 4279 2492 4332 in
2520 4295 2580 4334 ea
2607 4294 2860 4350 operatus
2899 4296 2982 4338 est
3038 4288 3317 4351 Dominus,

1740 4372 1860 4426 qua:
1883 4360 1927 4411 si
1959 4375 2063 4428 per
2096 4363 2139 4393 ⁸⁷
2165 4364 2372 4434 singula
2403 4371 2577 4424 notari
2614 4383 2850 4442 possent,
2898 4376 3137 4430 miranda
3176 4381 3322 4434 vide-

1523 4456 1641 4508 qua:
1669 4461 1718 4519 ι)
1747 4457 1952 4511 rentur;
1973 4451 2066 4504 sed
2096 4452 2422 4512 intrinsecus
2442 4461 2610 4531 magis
2632 4465 2824 4518 enituit
2847 4466 3318 4540 virtutibus,qua:n

1741 4536 2042 4598 forinsecus
2067 4546 2446 4605 miraculorum
2480 4555 2667 4626 signis.

1815 4631 1900 4684 15.
1934 4633 2143 4692 lntcrca
2185 4656 2364 4709 regem
2422 4642 2673 4702 Ottonem
2722 4664 2854 4719 papa
2911 4653 3033 4723 (l6)
3092 4654 3317 4711 Romam

1745 4733 1990 4791 vocante,
2015 4727 2449 4800 imperia-lem,ut
2477 4740 2766 4806 credimus,
2792 4743 2883 4797 Dei
2908 4743 3057 4812 jussu
3077 4751 3321 4816 accipere

1736 4827 2021 4883 coronam,
2057 4819 2265 4877 Italiam
2289 4825 2617 4896 adipiscendi
2641 4835 2812 4900 gratia
2835 4837 2988 4903 petiit
3015 4837 3136 4904 (An.
3169 4840 3316 4908 960),

1745 4918 1906 4968 quam
1939 4908 2087 4976 prius
2115 4915 2298 4982 regina
2353 4917 2610 4974 Adelheid
2670 4923 2721 4975 in
2771 4925 2948 4978 dotem
2987 4929 3316 4996 possederat.

1747 4994 1884 5051 Filio
1921 4999 2082 5070 igitur
2113 5018 2210 5057 suo
2239 5005 2419 5061 Ottoni
2464 5025 2630 5080 regno
2684 5015 2904 5083 tradito,
2939 4994 3049 5087 ipse
3101 5018 3317 5074 fortium

1749 5100 2027 5156 pectorqu
2057 5095 2202 5150 viros
2225 5113 2408 5153 secum
2430 5101 2659 5158 tollendo
2679 5105 2773 5160 ivit
2796 5123 2899 5161 una
2923 5126 3043 5162 cum
3067 5111 3318 5182 conjuge,

1367 5187 1602 5263 unde
1630 5211 2033 5278 LECTIONES.

127 5281 174 5312 “
210 5281 406 5337 deferri
433 5285 551 5338 cod.
629 5286 672 5317 "*
697 5288 949 5344 excidisse
987 5292 1188 5348 videtur
1232 5305 1314 5363 et;
1355 5303 1599 5372 perplexa
1641 5322 1715 5365 est
1743 5317 2011 5374 verborum
2051 5334 2393 5383 constructio.

40 5376 95 5408 ιθ
129 5374 478 5430 devotissima
513 5378 631 5432 cod.
707 5381 749 5411 ¹⁷
781 5397 942 5453 super
982 5386 1120 5461 cod.»

2475 5335 2517 5375 ¹⁵
2548 5336 2620 5390 ita
2648 5338 2954 5408 legendum;
2985 5343 3100 5398 cod.
3131 5359 3315 5414 quam.

1600 5532 1830 5594 NOTAE.

129 5605 242 5688 (lii)
282 5604 423 5661 Ann.
469 5608 851 5688 Quedlinlutrg.
888 5616 953 5669 ad
990 5616 1145 5688 l0”,
1184 5628 1234 5671 et
1267 5620 1631 5688 Thietmarus,

38 5695 114 5738 ιι,
160 5677 229 5730 15
257 5680 572 5731 monasterii
611 5677 943 5737 conditorem
991 5677 1153 5740 fuisse
1183 5690 1450 5745 Coronen)
1497 5677 1635 5748 mar:

39 5748 309 5803 cliionem
349 5748 586 5813 tradunt,
641 5767 812 5820 neque
849 5755 1000 5816 alias,
1039 5761 1178 5826 quod
1211 5764 1375 5814 sciam
1439 5767 1503 5818 de
1538 5767 1635 5817 hac

493 5860 763 5919 Parum.
812 5862 960 5922 CLI.

1749 5630 2060 5715 foedatique
2093 5635 2360 5715 Mathildis
2395 5642 2602 5715 legitur.

1821 5702 1931 5771 (l6)
1966 5703 2175 5762 Joanne.
2196 5709 2301 5763 .\'ll.
