3892 6318
573 283 711 361 1523

1712 360 1715 361 ί
1766 279 2048 335 ᾹιῐἚΝΟ.
2095 280 2181 334 ,λυ
2208 279 2379 335 seu.
2415 280 2459 333 it

3704 285 3802 338 πάι

570 405 625 450 et
647 370 860 451 Christo
886 398 1020 450 duce
1045 394 1527 450 excellentissimus
1555 394 1720 448 victor
1740 394 1949 448 Latium
1980 410 2145 463 expn-
2176 404 2220 458 Α
2254 395 2304 448 in
2337 395 2420 448 his
2452 396 2761 448 morabatur
2790 394 3097 465 regionibus
3126 395 3249 466 (Au.
3278 395 3434 469 966).
3470 394 3708 450 Romam
3743 402 3801 453 de

536 490 778 558 rgnavit,
845 487 1353 558 Bereugariumque,
1405 486 1495 555 qui
1551 500 1775 556 regnum
1829 486 2145 540 Latinorum

570 586 951 648 usurpaverat,
999 579 1164 632 artnis
1210 593 1485 647 premens,
1546 578 1815 647 captivum
1870 593 1990 630 cum
2037 586 2147 630 toza

571 666 770 724 familia
792 670 844 723 in
864 664 1233 723 BaWariorum
1254 670 1525 738 regionem
1549 667 1927 737 ducerejussit.
1946 667 2149 721 Deinde

572 761 1018 831 augustussancti
1049 760 1194 815 Petri
1218 761 1620 816 adcatbedram
1650 776 1772 815 cum
1804 775 1969 819 uxore
1997 774 2150 813 coro-

570 862 730 907 natus
765 852 1061 924 (An.964),
1103 853 1407 907 Romanum
1455 861 1646 908 tenens
1695 852 2000 921 imperium,
2053 866 2149 922 per

569 944 836 997 Ausonias
858 943 1020 998 urbes
1048 958 1259 997 summa
1286 952 1555 1012 potestate
1582 942 1858 1012 regnabat.
1883 942 1976 996 llis
2001 950 2150 997 certe

570 1033 761 1089 diebus
790 1036 984 1103 quibus
1015 1051 1108 1089 rex
1140 1036 1371 1104 primum
1404 1033 1862 1088 adiveratltaliam
1884 1033 2146 1103 (An‘.962,

570 1122 731 1179 Febr.
761 1126 839 1195 2),
877 1126 990 1196 ipsa
1018 1127 1135 1197 ejus
1156 1126 1389 1196 genitrix
1423 1140 1516 1195 spe
1547 1126 1850 1194 timoreque
1877 1134 2144 1195 correpta,

572 1218 804 1272 t'ssiduis
828 1218 1123 1288 Deum‘pro
1150 1217 1257 1273 ﬁlia
1292 1218 1667 1287 interpellabat
1720 1216 1995 1287 precibus,
2043 1231 2148 1286 quo

571 1308 788 1363 interim
822 1325 920 1378 pro
948 1311 1060 1363 nati
1094 1310 1315 1364 victoria
1343 1310 1602 1382 singulari
1626 1308 1894 1364 sacriﬁcio
1919 1308 2152 1363 fortissi-

570 1402 973 1471 nmmplat-aret
1002 1403 1334 1457 bellatorem.

646 1492 733 1546 14.
764 1492 887 1547 Haec
912 1494 1091 1547 animo
1117 1495 1385 1548 sententia
1436 1495 1687 1549 tractanti
1742 1496 1881 1551 sedit
1928 1495 1979 1549 in
2019 1495 2144 1547 imo.

574 1580 1072 1637 Construxitetiam
1104 1584 1156 1637 in
1205 1582 1513 1639 Northusen
1542 1587 1871 1651 crenobium,
1917 1600 2145 1653 congre-

573 1688 707 1742 gans
736 1690 983 1728 sororum
1010 1685 1278 1729 catervam
1308 1693 1406 1747 pro
1450 1693 1545 1731 sua
1597 1693 1925 1747 suorumque
1972 1677 2146 1732 salute

2252 499 2358 539 nuo
2382 485 2423 515 ¹⁹
2455 486 2626 553 petiit,
2658 484 2764 539 ﬁlio
2796 485 2958 540 simul
2984 496 3250 554 assmulo.

2322 577 2914 647 15.Adpropinquabat
2972 588 3150 632 autent
3205 580 3366 641 liora,
3400 594 3533 633 cum
3586 578 3809 635 Dominus

2250 666 2435 722 electa:
2465 684 2575 722 suae
2599 669 2811 727 famula:
2843 668 3115 723 Machtildi
3147 672 3543 741 temporalium
3605 673 3809 727 laborum

2251 759 2555 814 mercedem
2612 761 2837 815 reddere
2886 762 3275 817 destinaverat.
3328 763 3647 834 Egrotans

2250 863 2348 915 per
2390 849 2515 903 anni
2560 849 2846 915 circulum,
2892 865 3048 905 casas
3099 860 3155 905 et
3214 852 3449 906 castella
3499 854 3810 921 peragrabat,

2250 938 2618 993 inlirmitatem
2642 948 2803 1008 prout
2824 940 2996 1008 potuit
3018 941 3321 995 occultans.
3341 940 3677 995 Northusen
3705 942 3815 999 πάλη,

2249 1039 2303 1082 et
2335 1029 2603 1098 liicburga
2635 1029 2775 1083 ﬁdeli
2800 1046 2897 1083 sua
2918 1046 3101 1085 coram
3131 1041 3494 1101 praesentata,
3530 1047 3701 1099 quam
3717 1048 3815 1099 pub

2250 1119 2363 1174 fato
2391 1120 2639 1175 coenobio
2664 1121 2988 1176 abbatissam
3037 1120 3271 1191 praeesse
3321 1123 3569 1186 fecerat,
3629 1138 3813 1191 sperat:

2252 1226 2414 1267 causa
2446 1212 2565 1267 ﬁdei
2593 1214 2977 1283 pauperculam
3005 1215 3142 1269 bene
3178 1216 3530 1282 procurandi
3557 1223 3813 1275 catenam,

2251 1302 2326 1355 ait
2355 1302 2422 1356 ad
2446 1302 2590 1356 illaut
2627 1321 2639 1356 :
2676 1303 2856 1358 Sentio
2881 1322 2958 1358 me
2990 1306 3169 1358 morbo
3195 1316 3477 1360 crescente
3523 1306 3650 1375 jam
3700 1324 3815 1358 rem

2250 1405 2502 1454 suram,el
2531 1396 2707 1448 vellem
2739 1399 2836 1449 hoc
2865 1397 2979 1450 loco
3010 1399 3239 1466 sepeliri,
3266 1408 3323 1451 ut
3352 1400 3467 1466 ﬁlii
3491 1400 3607 1451 mei
3626 1416 3739 1466 ergo
3759 1419 3816 1451 tos

2250 1486 2423 1555 major
2449 1497 2577 1540 esset
2607 1488 3054 1556 procuratio;sed
3103 1491 3211 1542 scio
3258 1490 3304 1519 ²⁰
3338 1490 3448 1541 hoc
3492 1489 3651 1542 nullo
3706 1496 3816 1541 unde

2250 1579 2552 1643 consentiri,
2584 1596 2704 1632 nam
2750 1580 2995 1634 dominus
3046 1592 3220 1634 noster
3263 1581 3731 1650 Quidilingaburg
3768 1600 3820 1634 re

2249 1671 2459 1736 quiescit
2488 1670 2765 1725 Henricus.
2800 1670 2915 1737 Quo
2942 1689 3064 1743 ergo
3087 1690 3201 1741 spes
3224 1684 3407 1727 vestra
3438 1675 3713 1727 tendendo
3748 1688 3815 1731 (st,

574 1764 875 1817 animarum
908 1774 961 1819 et
984 1780 1294 1835 corporum,
1338 1768 1417 1821 sui
1446 1783 1659 1837 quoque
1696 1771 1905 1839 nepotis
1935 1768 2147 1824 Ottonis
2178 1763 2221 1817 Β
2248 1778 2346 1831 quo
2374 1762 2581 1815 αηίηιιιε
2616 1761 2959 1831 dirigenda”
2999 1764 3066 1815 ad
3108 1763 3276 1816 Deum
3310 1781 3583 1832 Imqu-
3625 1763 3817 1816 Plurim:

567 1851 802 1920 junioris
838 1871 1123 1910 consensu.
1148 1856 1299 1923 Quod
1333 1873 1361 1910 τι
1415 1857 1763 1914 fundamento
1809 1872 2148 1928 construens,
2210 1919 2213 1922 ,

573 1945 716 1999 illius
785 1946 1075 1999 maximam
1142 1961 1355 2015 semper
1408 1958 1649 2003 materne
1699 1950 1922 2019 gerebat
1966 1966 2149 2005 curam

572 2038 919 2107 inpendendo
946 2055 1107 2094 onme
1152 2041 1406 2109 quicquid
1436 2049 1552 2094 erat
1584 2042 1970 2107 necessarium,
2022 2042 2147 2096 dum

572 2127 627 2181 in
654 2129 759 2181 vita
792 2129 995 2184 viveret
1024 2130 1296 2197 ptmsenti.
1320 2130 1565 2199 Cumque
1605 2131 1883 2200 inperator
1936 2132 2149 2187 devicto

570 2220 726 2276 Latio
748 2222 800 2275 in
847 2223 1077 2293 patriam
1122 2238 1374 2277 reversus
1423 2232 1586 2287 esset,
1624 2224 1904 2279 Coloniam
1958 2225 2146 2278 urbem

569 2321 759 2379 petens
792 2311 925 2381 (l7),
953 2311 1042 2365 ubi
1098 2311 1263 2366 frater
1321 2311 1437 2380 ejus
1489 2312 1670 2366 Bruno
1712 2313 2148 2381 archiepiscopus

518 2396 523 2401 ⁴
569 2402 1166 2470 praesidebat,matrem
1195 2402 1468 2463 illuccum
1523 2418 1646 2471 rege
1685 2403 1793 2457 ﬁlio
1842 2404 2047 2473 pariter
2094 2412 2149 2457 et

568 2495 794 2563 pulchra
817 2494 1023 2565 virgine
1051 2495 1161 2565 (l8)
1206 2494 1420 2547 obviam
1474 2495 1575 2549 sibi
1642 2495 1823 2549 vocari
1866 2496 2144 2565 prscccpit.

568 2584 731 2639 Venit
794 2594 853 2640 et
910 2586 1095 2656 regina
1149 2585 1440 2655 Gerburg,
1500 2600 1655 2641 soror
1718 2587 1869 2657 ejus,
1918 2596 1974 2641 et
2036 2597 2146 2642 tota

567 2677 767 2748 regalis
838 2677 1124 2747 utriusque
1192 2692 1353 2733 sexus
1429 2678 1747 2748 progenies,
1838 2694 2021 2732 amore
2088 2694 2147 2750 se

569 2768 800 2821 invicem
861 2766 1075 2822 videndi
1122 2776 1495 2837 congregata,
1562 2767 1787 2832 divina,
1853 2777 1913 2821 ut
1977 2767 2146 2822 conﬁ-

568 2857 773 2921 ditnus,
822 2856 897 2910 ita
952 2855 1270 2924 disponente
1322 2854 1638 2920 clementia;
1694 2872 1815 2909 nam
1860 2866 1979 2926 post
2033 2858 2146 2913 haec

568 2945 728 2999 simul
781 2960 841 3000 se
907 2960 1011 2999 non
1064 2944 1362 3009 videbant,
1424 2959 1524 3000 nec
1599 2944 1824 2999 ulterius
1874 2956 2145 3015 tempora-

567 3038 693 3092 liter
746 3037 1085 3091 videbantur.
1149 3035 1359 3113 Sedet
1405 3035 1493 3090 illa
1547 3036 1730 3091 inclita
1779 3046 1953 3093 mater
2026 3037 2142 3093 Ma-

563 3129 784 3185 chtildis
847 3130 1052 3199 regina,
1113 3137 1386 3183 tantorum
1445 3126 1570 3183 felix
1629 3142 1915 3198 procerum
1960 3137 2140 3200 partu,

565 3224 801 3294 primum
836 3238 866 3276 a
893 3235 1112 3286 czesare,
1143 3220 1336 3275 deinde
1379 3220 1447 3275 ab
1493 3219 1743 3274 omnibus
1766 3220 1996 3289 posteris
2041 3221 2141 3275 bo-

564 3315 793 3370 noritice
852 3323 1127 3383 suscepta,
1185 3326 1313 3366 suos
1361 3311 1642 3379 complexa
1699 3312 1914 3365 laetatur
1944 3312 2143 3367 vidisse

566 3400 813 3475 nepotes,
836 3413 888 3459 et
913 3404 1147 3457 maxime
1174 3402 1343 3455 ﬁlium
1371 3400 1692 3455 incolumem
1730 3402 1822 3455 tali
1853 3412 2141 3472 augustmn

566 3497 776 3550 venisse
806 3496 857 3549 in
891 3477 1058 3565 gloria
1089 3493 1297 3548 exultat
1351 3491 1461 3546 Deo
1506 3492 1708 3562 gratias
1760 3495 1991 3561 agendo.
2040 3495 2137 3549 Cui

565 3599 759 3642 uincta
807 3602 925 3657 quae
954 3586 1020 3641 de
1048 3586 1379 3641 monasterio
1426 3584 1633 3639 interea
1698 3584 1897 3640 fecerat
1951 3587 2142 3642 ordine

564 3681 832 3748 exposuit,
861 3678 943 3733 vel
968 3680 1111 3750 quali
1145 3687 1436 3748 angeretur
1465 3678 1678 3745 timore,
1702 3694 1839 3748 opus
1867 3680 2138 3750 inceptum

564 3788 670 3823 non
714 3785 871 3839 posse
897 3770 1179 3838 perlicere,
1204 3769 1453 3823 orbatam
1485 3770 1567 3822 sui
1605 3780 1726 3838 post
1772 3780 2001 3825 mortem
2052 3787 2138 3825 rc-

565 3862 855 3930 linquendo
877 3870 1174 3926 catervam,
1206 3875 1369 3930 seque
1390 3860 1501 3931 jam
1530 3870 1688 3915 aetate
1714 3872 1977 3917 maturam
1999 3866 2140 3917 intu-

563 3961 648 4025 lit,
678 3971 731 4015 et
755 3960 983 4014 aliorum
1015 3976 1199 4013 curam
1226 3961 1346 4015 ideo
1376 3975 1478 4014 non
1502 3960 1758 4029 gessisse,
1809 3956 1934 4025 quia
1988 3957 2139 4025 prius

564 4053 779 4119 incepta
810 4051 855 4081 ⁸⁸
882 4050 1117 4103 nondum
1140 4049 1377 4118 perfecta
1402 4058 1576 4103 erant.
1612 4048 1709 4102 Cui
1754 4062 1848 4099 rex
1908 4045 2139 4107 caritate

566 4144 655 4197 Dei
683 4154 736 4197 et
764 4141 993 4214 proximi
1020 4139 1767 4209 succensus,congratulando
1793 4136 1906 4205 ejus
1933 4138 2139 4192 meritis

562 4235 703 4287 scire
734 4249 791 4288 se
818 4233 1221 4287 dixitextilisse
1253 4232 1537 4295 victorem,
1592 4238 1646 4283 et
1702 4244 1769 4281 ne
1807 4235 1987 4281 tantos
2038 4227 2138 4282 sibi

561 4327 790 4397 ﬁngeret
816 4334 1007 4390 metus,
1040 4324 1277 4377 animum
1335 4333 1638 4375 maternum
1682 4321 1840 4377 dictis
1866 4321 2133 4389 leniendo,

2252 1865 2382 1904 vero
2407 1850 2541 1904 dans
2570 1851 2650 1905 eis
2669 1851 2951 1907 salutifera
2999 1855 3199 1906 monita
3227 1893 3244 1918 ,
3279 1854 3497 1908 deinde
3533 1853 3819 1923 Quidiliugs-

2252 1943 2391 2013 burg
2419 1943 2688 2012 pervenit,
2733 1944 2805 1998 ibi
2867 1945 3081 1999 tandem
3131 1945 3298 1998 nimia
3366 1947 3540 2000 clade
3588 1962 3819 2016 correpta.

2252 2034 2521 2089 inﬁrmata
2554 2043 2638 2089 est
2667 2050 2836 2104 usque
2869 2036 2934 2089 ad
2962 2036 3189 2090 obitum.
3210 2036 3429 2091 Videns
3460 2048 3656 2091 autem
3677 2051 3818 2091 θιιιτε-

2251 2137 2397 2176 mum
2426 2124 2690 2178 inminere
2717 2124 2820 2178 sibi
2848 2125 3011 2189 diem,
3041 2123 3207 2177 divini
3270 2140 3499 2179 memor
3544 2128 3717 2190 verbi,
3756 2130 3817 2178 uti

2251 2214 2449 2269 dicitur
2480 2232 2491 2267 :
2533 2214 2705 2270 Vende
2734 2218 2912 2270 omnia
2959 2234 3075 2287 qua:
3113 2219 3273 2273 habes
3300 2230 3353 2272 et
3406 2220 3483 2271 da
3512 2220 3814 2287 ρααρεηιω,

2249 2314 2296 2357 et
2323 2305 2458 2371 veni,
2483 2322 2693 2375 sequere
2715 2323 2796 2359 me
2822 2306 3039 2377 (Matth.
3073 2324 3123 2361 ιχ
3141 2350 3154 2370 ,
3185 2309 3302 2378 2|),
3322 2324 3570 2363 omnem
3600 2311 3815 2364 contini»

2250 2395 2561 2451 divitiarum
2594 2398 3021 2453 habundantiam
3072 2415 3189 2469 qua:
3226 2402 3509 2464 restabas,
3557 2402 3810 2470 episcotiis

2248 2489 2563 2557 presbiteris
2595 2501 2757 2560 atque
2786 2492 3148 2560 indigentibus
3171 2495 3398 2563 erogari
3430 2502 3495 2548 et
3547 2494 3689 2548 inter
3734 2508 3816 2545 tne-

2249 2583 2485 2637 nastcria
2518 2583 2683 2639 dividi
2730 2586 3005 2655 praecepit,
3060 2601 3164 2640 una
3206 2595 3428 2640 tantum
3494 2586 3611 2639 sibi
3665 2586 3813 2639 relict:

2248 2689 2352 2743 qua
2391 2677 2671 2744 tegebatur
2697 2688 2868 2744 veste,
2900 2677 3021 2732 aliis
3047 2678 3259 2733 duobus
3302 2678 3529 2749 palliis,
3592 2695 3694 2733 uno
3717 2694 3811 2731 coc-

2247 2765 2403 2820 cineo
2422 2775 2476 2821 et
2505 2767 2612 2821 alio
2639 2766 2802 2833 lineo,
2831 2784 2951 2841 qua:
2989 2769 3056 2823 ad
3094 2770 3441 2839 sepulturam
3485 2771 3600 2825 sibi
3646 2772 3811 2824 servari

2243 2857 2683 2929 jussit.Cumque
2714 2859 3025 2929 frequentes
3050 2862 3403 2917 continerent
3437 2863 3809 2933 populidirites

2246 2961 2301 3005 et
2328 2966 2611 3020 pauperes,
2644 2966 2743 3007 nec
2766 2955 3052 3023 quisquam
3102 2956 3409 3011 indonatus
3437 2957 3647 3017 abiret,
3678 2955 3811 3007 adlisa

2246 3046 2301 3093 et
2353 3039 2728 3097 Willebelmus
2788 3042 3129 3113 Mogontinus
3182 3046 3673 3117 archiepiscopus,
3703 3045 3809 3098 ﬁlius

2246 3131 2457 3189 Ottonis
2489 3134 2853 3205 imperatoris.
2885 3134 3092 3193 Ostium
3128 3137 3325 3193 domus
3378 3140 3619 3193 turbata
3666 3147 3809 3191 mente

2246 3225 2579 3295 ingrediens,
2610 3228 2698 3282 ubi
2730 3228 2942 3283 inﬁrma
2966 3228 3181 3297 jacebat
3204 3231 3457 3295 domina,
3490 3230 3807 3295 lacrimiqu

2243 3316 2491 3385 perfusus
2521 3317 2733 3374 deﬂevit
2764 3321 2988 3385 ituram;
3010 3329 3064 3374 et
3087 3322 3130 3374 si
3161 3322 3435 3376 rationem
3470 3322 3640 3375 ullam
3689 3320 3807 3374 dolat

2246 3408 2579 3475 admitteret,
2609 3409 2844 3478 gaudere
2875 3410 3057 3479 potius
3087 3410 3345 3474 deberet,
3378 3426 3514 3463 nam
3552 3411 3639 3464 illa
3666 3409 3803 3475 jssa»

2245 3513 2362 3551 rum
2394 3502 2565 3569 gregi,
2599 3510 2655 3554 ut
2678 3516 2979 3571 speramus,
3012 3502 3063 3555 in
3096 3516 3227 3571 pace
3253 3500 3562 3569 conjuncta
3586 3500 3799 3569 quiescit-

2244 3590 2411 3656 Quem
2445 3601 2503 3655 ut
2526 3592 2655 3646 vidit
2694 3592 2985 3657 dolentem,
3037 3593 3302 3662 ingemuit
3331 3610 3346 3644 :
3383 3590 3529 3656 Tibi,
3565 3591 3797 3659 inquiens.

2242 3682 2544 3752 commendo
2577 3682 2806 3736 animant
2833 3700 3024 3748 meum,
3075 3683 3384 3736 commendo
3420 3695 3475 3736 et
3532 3684 3799 3736 destituta!

2244 3768 2656 3826 Northusensem
2687 3783 2972 3839 catervam,
3005 3791 3106 3828 non
3135 3774 3304 3828 solum
3333 3793 3365 3827 a
3402 3786 3457 3828 te
3477 3774 3794 3844 pros-aranei.

2241 3877 2415 3914 verum
2445 3866 2601 3917 etiam
2628 3865 2974 3933 inperatorem
2991 3882 3083 3935 pro
3112 3867 3184 3921 eis
3216 3855 3547 3921 admonendi
3577 3885 3726 3921 causa
3748 3868 3791 3921 ⁸³.

2238 3954 2362 4020 quia
2396 3971 2558 4025 neque
2584 3956 2758 4010 adhuc
2791 3974 2945 4026 opere
2971 3958 3204 4027 profecto
3236 3958 3539 4011 maximam
3563 3959 3679 4009 inde
3711 3971 3795 4022 pr:

2239 4046 2421 4098 ceteris
2451 4063 2629 4101 curam
2655 4065 2776 4116 gero
2799 4049 3061 4102 cmnobiis.
3087 4047 3187 4115 Qui
3216 4050 3400 4103 omnia
3435 4065 3563 4117 qnze
3594 4051 3793 4119 penem

2240 4140 2565 4210 inpleturum
2597 4157 2655 4197 se
2679 4144 2947 4212 promisit.
2978 4142 3186 4198 Praeter
3212 4146 3328 4199 haec
3370 4145 3547 4198 multa
3584 4145 3690 4197 libo
3715 4141 3793 4194 Οι-

2242 4231 2349 4283 toni
2382 4232 2637 4286 mandata
2659 4232 2805 4287 dedit
2835 4234 3119 4302 portanda,
3145 4236 3240 4288 sed
3271 4235 3327 4287 in
3360 4251 3561 4289 vanum
3582 4236 3697 4303 quia
3722 4235 3789 4282 ita:

2240 4336 2418 4391 regem
2450 4324 2591 4377 ultra
2615 4339 2718 4377 non
2748 4325 2901 4396 vidit,
2936 4341 3058 4378 nam
3105 4326 3375 4379 modicum
3432 4334 3557 4394 post
3606 4325 3783 4376 vitam.

561 4432 619 4471 se
688 4417 980 4486 superstite
1044 4415 1264 4484 suisque
1312 4416 1549 4483 posteris
1600 4413 1836 4482 jurando
1890 4415 2139 4483 promisit
2170 4435 2214 4488 ι)
2240 4424 2465 4469 mortem
2484 4416 2648 4469 subiit
2671 4418 2794 4487 (An.
2820 4417 2923 4472 968
2953 4418 3113 4470 Mart.
3146 4418 3400 4486 2).Cujus
3425 4418 3628 4473 exitum
3651 4418 3783 4482 dign

560 4509 733 4563 eidem
769 4509 1017 4563 coenobio
1045 4523 1317 4578 nunquam
1351 4508 1537 4562 deesse
1574 4508 1753 4561 omnis
1784 4508 2008 4561 subsidii
2047 4523 2128 4561 so-

560 4602 758 4654 lamen.
810 4602 1029 4656 Talibus
1051 4601 1324 4655 dominam
1372 4600 1714 4669 permulcens
1771 4602 2132 4664 sermonibus,

560 4700 905 4745 transeuntes
932 4692 985 4744 in
1015 4690 1291 4744 Saxonum
1335 4690 1607 4759 regionem
1636 4692 1702 4743 ad
1742 4690 1969 4745 eandem
2001 4689 2135 4744 Nor-

560 4784 754 4835 thusen
779 4781 1439 4846 deveneruntcivitatem,
1471 4790 1525 4835 et
1573 4783 1640 4833 ad
1690 4781 1971 4850 prsefatum
2017 4798 2134 4835 mo-

560 4874 857 4928 nasterium
888 4874 1141 4943 quiequid
1174 4884 1349 4928 mater
1399 4874 1481 4927 vel
1534 4873 1676 4927 filius
1728 4888 1819 4927 rex
1872 4875 2131 4927 dederant

555 4966 784 5033 addens,
835 4975 888 5020 et
920 4968 1031 5036 ipse
1077 4966 1445 5034 possessiones
1499 4975 1647 5019 casta
1703 4980 1862 5018 manu
1916 4966 2127 5032 propria

496 5046 501 5113 ξ
539 5044 871 5127 "subsignata
906 5056 1134 5110 ﬁrmiter
1158 5056 1210 5110 in
1240 5065 1556 5126 perpetumn
1590 5055 1972 5109 tradidit.lndc
2000 5055 2132 5109 alias

558 5149 809 5218 populum
864 5148 1094 5220 regendo
1140 5162 1434 5217 peragrans
1466 5145 1650 5213 urbes,
1676 5146 1892 5215 aliquod
1923 5155 2131 5213 tempus

2238 4506 2325 4561 illa
2377 4508 2577 4562 Christi
2618 4509 2816 4563 famula
2849 4511 3212 4576 vaticinando,
3236 4511 3386 4580 quasi
3412 4510 3549 4565 belle
3575 4524 3783 4563 cons“.

2236 4614 2356 4653 cum
2375 4600 2566 4667 abiret,
2586 4602 2832 4671 prtedixit
2851 4603 3065 4657 dicens:
3083 4600 3245 4657 Estne
3266 4603 3411 4655 nobis
3437 4602 3631 4671 aliqtss'd
3662 4604 3777 4666 qui

2238 4692 2515 4745 Willielmo
2541 4695 2655 4746 dari
2684 4696 2841 4762 possit
2873 4696 3149 4763 episcopo?
3170 4695 3265 4749 Cui
3298 4709 3421 4747 cum
3457 4691 3781 4761 respondere-

2242 4794 2329 4836 tur
2367 4785 2531 4849 nichil
2556 4801 2695 4849 esse,
2722 4786 2799 4837 ait
2834 4784 2921 4839 illa
2952 4804 2964 4837 :
2994 4785 3094 4840 Ubi
3123 4796 3243 4838 sunt
3264 4784 3448 4851 pallia,
3475 4797 3588 4851 quit
3612 4790 3779 4828 nos?!

2236 4877 2515 4942 sepultura:
2544 4878 2805 4947 jussintus
2853 4879 3211 4931 observanda?
3254 4877 3458 4929 Denter
3503 4875 3627 4929 lucc.
3674 4882 3777 4915 κη

2236 4972 2323 5024 ille
2361 4972 2429 5024 ad
2460 4988 2610 5024 suum
2645 4973 2744 5024 iter
2770 4974 2933 5040 magis
2963 4972 3042 5023 his
3071 4987 3202 5040 opus
3231 4969 3399 5021 habet.
3432 4965 3497 5018 In
3525 4963 3659 5013 nobis
3686 4973 3771 5006 n-

2238 5072 2336 5113 teut
2370 5060 2667 5127 inplebitur,
2724 5063 2862 5128 quod
2916 5077 3003 5113 ore
3051 5060 3193 5129 rulgi
3223 5058 3455 5110 dicitur:
3498 5071 3514 5102 ι
3546 5050 3773 5103 Parente:

2240 5152 2521 5217 nuptialem
2550 5160 2732 5204 restem
2764 5152 3028 5204 inveniunt
3084 5160 3131 5205 et
3180 5148 3469 5218 lugubrem.
3494 5145 3523 5213 Ῐ»
3551 5141 3773 5195 Circul-

1834 5305 2065 5362 "AllhE
2096 5306 2495 5364 LECTIONES.

632 5428 677 5464 ³⁸
708 5429 743 5481 i.
768 5446 819 5482 ιι.
839 5427 1023 5481 desunt
1058 5425 1115 5480 in
1146 5442 1191 5480 ι’.
1218 5425 1306 5478 sed
1335 5423 1643 5495 supplenda.
1722 5424 1764 5456 "
1790 5424 1952 5479 decus
1973 5440 2019 5476 c.

2096 5423 2140 5453 '°
2169 5426 2344 5479 sciens
2367 5443 2413 5479 c.

2491 5428 2531 5457 ¹¹
2568 5428 2756 5481 excidit
2782 5428 2832 5481 in
2866 5430 2981 5482 cod.

2055 5561 2282 5618 NOT/E.

636 5678 761 5748 (Π),
782 5676 903 5730 Vite
925 5676 1175 5732 Ottonisl
1207 5674 1416 5728 tabulas
1436 5676 1541 5730 ‘293
1584 5692 1699 5746 sqq.
1734 5692 1816 5746 ap.
1870 5678 2119 5733 Bohtncr.

2302 5676 2414 5747 (l8)
2441 5674 2689 5731 Malliilda
2721 5671 2845 5725 ﬁlia.
