3892 6318
62 342 183 398 ἶὸἐδ

1284 322 1341 400 s;
1383 341 1749 399 MATIllLDlS
1775 336 2028 399 usam

3150 346 3285 406 I326

57 466 247 512 stantes
275 465 446 510 autem
478 458 789 530 ncscierpnt
818 457 885 513 ad
907 457 1036 529 quid
1064 458 1166 513 hoc
1191 457 1596 528 dixerat,puta-
1630 466 1672 523 Α
1704 456 1927 511 noriﬁee
1950 454 2153 519 tradita
2201 453 2524 526 sepulturae,
2558 442 2713 524 juxta
2746 455 3052 528 sepulcrum
3083 459 3287 517 domini

58 551 175 601 bant
217 547 346 601 enim
373 564 494 601 eum
535 548 871 617 Mogonciatn
911 550 1132 603 itttrum.
1176 547 1281 603 Sed
1309 549 1475 603 nichil
1508 548 1605 603 lto-

56 657 164 693 rmu
189 640 519 709 inperfcczum
545 644 959 713 prmteriit,quaa
985 653 1172 698 sancta
1188 645 1605 713 prophetaverat

56 730 436 798 l'ctnina,tthtte
453 732 517 785 de
546 734 772 788 transitu
804 736 1256 805 episcopi,neque
1285 737 1349 790 de
1376 736 1603 790 vestium

55 820 321 874 oblatione.
352 820 486 875 Nam
510 838 633 876 cum
664 823 917 879 defuncta
966 826 1168 880 feretro
1224 826 1599 895 inponeretur,

55 928 294 971 venerunt
322 918 498 972 nuncii
526 918 647 973 tilia:
672 920 788 990 ejus
818 922 1017 991 regina:
1054 920 1350 992 Gcrburgis
1380 922 1601 991 pallium

55 1003 269 1059 ferentes
295 1023 423 1061 auro
461 1007 749 1075 intextum,
794 1009 937 1078 quod
964 1026 1123 1064 suum
1180 1011 1493 1081 dominique
1520 1011 1603 1065 sui

55 1098 185 1168 regis
212 1098 410 1155 Henrici
446 1100 756 1169 sepulcrum
785 1113 966 1170 aptum
1006 1112 1125 1157 erat
1171 1104 1239 1156 ad
1289 1103 1604 1177 c00perien-

55 1189 186 1242 dum.
209 1188 436 1256 Quodam
461 1191 622 1259 igitur
648 1192 734 1246 die
764 1192 996 1256 sabbati,
1020 1210 1180 1262 quem
1210 1208 1425 1262 semper
1448 1194 1604 1249 bonis

55 1291 309 1335 amaverat
334 1282 612 1350 operibus,
633 1282 896 1336 extremis
922 1284 1451 1353 supervenientibus,
1507 1296 1603 1336 ne-
1644 1312 1647 1313 ν

55 1369 238 1435 ptulam
266 1386 437 1436 suam,
456 1371 782 1440 inperatoris
806 1371 994 1436 ﬁliam,
1011 1373 1243 1427 cwuobii
1268 1371 1601 1427 abbatissam

56 1464 112 1516 1d
140 1478 196 1515 se
224 1478 434 1526 vocans,
467 1462 759 1517 salutiferis
789 1463 1091 1519 iusistendo
1126 1464 1523 1533 tuonitis,piam
1544 1474 1603 1520 et

62 1555 306 1617 iumilem,
334 1555 651 1624 prudentem
684 1567 738 1609 et
761 1567 974 1610 cautam
1003 1557 1103 1610 sibi
1129 1557 1420 1612 commisso
1453 1557 1600 1628 gregi

55 1646 267 1698 studiose
294 1645 570 1713 providere
591 1644 802 1711 docuit;
837 1648 1219 1701 monasterium
1244 1663 1366 1701 raro
1394 1650 1597 1717 egredi,

55 1742 204 1795 δίη-τῖε
232 1750 456 1795 mentem
490 1741 771 1811 indulgere
798 1744 1113 1813 scripturis,
1142 1753 1196 1798 et
1242 1759 1362 1814 qua:
1397 1741 1602 1813 legeret

1702 547 1785 602 sui
1828 546 2061 602 llcittrici
2094 548 2405 617 requiescit.

1778 639 1865 692 16.
1896 637 2026 694 Post
2054 639 2206 708 cujus
2253 654 2533 696 excessum
2584 638 2742 711 legati
2795 641 3001 713 scripta
3049 642 3288 701 ferentes

1704 727 1757 784 in
1786 727 1993 783 Italiam
2018 729 2245 800 ingrcssi
2273 739 2418 795 sunt,
2436 732 2522 786 ubi
2552 731 2694 787 ﬁlius
2722 731 2837 801 ejus
2864 732 2991 789 Otto
3010 734 3287 806 inperator

1704 836 1819 875 rem
1851 822 2119 892 publicam
2144 824 2481 893 gubernabat
2514 823 2691 890 Latio,
2740 826 2826 880 vir
2883 828 3029 881 onmi
3084 829 3287 897 pietate

1703 914 1899 967 merito
1928 914 2321 983 [‘ll‘iedlcalldlls,
2367 914 2413 969 si
2444 916 2492 970 ei
2528 915 2608 970 vel
2640 916 2887 972 diadema
2913 934 3017 974 non
3048 919 3286 991 legitime

1704 1005 1798 1059 sed
1828 1004 2189 1079 tumultuante
2215 1006 2383 1061 milite
2412 1005 2715 1082 inpositum
2735 1009 3019 1080 repudiare
3047 1011 3184 1082 (20).,
3200 1012 3285 1068 vel

1705 1096 1874 1152 armis
1897 1098 2172 1153 abstinere
2197 1099 2458 1154 licuisset.
2477 1098 2581 1155 Sed
2605 1116 2855 1171 magnum
2888 1102 3155 1173 inperium
3185 1119 3285 1161 nec

1704 1188 1823 1242 sine
1868 1188 2037 1242 armis
2067 1189 2242 1256 potuit
2302 1188 2493 1243 teneri.
2542 1186 2660 1244 Non
2720 1196 2900 1246 tamen
2955 1190 3105 1247 illum
3147 1206 3284 1264 opes

1704 1279 1876 1349 regni,
1900 1295 1999 1333 nec
2034 1279 2226 1349 inperii
2250 1280 2504 1351 dignitas,
2539 1298 2644 1337 non
2681 1280 2950 1349 diadema,
3003 1299 3108 1339 non
3157 1301 3287 1355 pur-

1698 1354 1858 1440 pura,
1905 1371 2105 1427 Christi
2157 1388 2185 1425 a
2242 1372 2501 1441 famulatu
2536 1374 2792 1429 divellere
2836 1384 3103 1443 poterant.
3148 1354 3286 1433 Huic

1700 1461 1966 1531 palacimn
1999 1461 2253 1519 insidenti
2307 1463 2488 1535 legati,
2529 1474 2589 1519 ut
2618 1465 2875 1532 diximus,
2940 1467 3282 1539 introgressi,

1700 1566 1809 1621 quo
1836 1567 1929 1607 rex
1959 1552 2069 1607 alto
2103 1553 2325 1609 sedebat
2379 1554 2535 1621 solio,
2597 1563 2653 1611 et
2705 1571 2888 1611 coram
2944 1557 3069 1612 data
3127 1560 3284 1629 copia

1702 1643 1870 1709 fandi,
1896 1646 2151 1716 epistolas
2179 1646 2470 1716 aperiendo
2493 1656 2719 1723 matrem
2751 1647 2917 1717 ipsius
2942 1649 3121 1705 obisse
3148 1666 3288 1703 nuu-

1701 1731 1933 1785 ciarunt.
1959 1731 2073 1799 Qua
2101 1732 2192 1787 ille
2211 1748 2339 1788 voce
2364 1744 2615 1804 percepta
2646 1742 2790 1790 totus
2816 1748 3095 1797 excussus,
3148 1736 3287 1792 facie

55 1836 170 1888 dias
200 1835 239 1864 ¹¹
265 1835 469 1895 docere,
494 1836 749 1904 quiequid
777 1851 906 1890 vero
935 1836 1067 1892 alias
1125 1839 1395 1893 monendo
1441 1840 1599 1895 insti-

1703 1824 1952 1895 pallidus,
1986 1825 2223 1881 lacrimis
2252 1826 2458 1883 obortis
2502 1826 2775 1883 uberrime
2804 1826 3001 1901 (ﬂevit,
3036 1838 3284 1886 materno

56 1926 278 1991 nularet,
312 1926 424 1995 ipsa
451 1926 599 1995 prius
652 1928 903 1982 omnibus
948 1929 1258 1999 relinquens
1290 1932 1599 2000 exemplum

55 2020 188 2069 ιοιιὶε
212 2018 432 2086 inpleret
462 2019 737 2087 operibus.
777 2020 915 2086 Quin
952 2021 1117 2075 etiam
1175 2024 1596 2091 computarium,

55 2124 87 2159 η
111 2123 213 2176 quo
238 2118 389 2162 erant
417 2112 634 2165 nomina
659 2126 943 2179 procerum
972 2112 1173 2183 scripta
1200 2112 1597 2183 defunctorum,

55 2214 85 2249 ιι
126 2214 330 2253 manum
392 2200 557 2268 ipsius
601 2202 752 2265 dans,
801 2202 1034 2255 animam
1077 2202 1150 2256 illi
1205 2205 1625 2263 conuucndavit.

55 2287 261 2343 leinrici
291 2305 389 2344 nec
420 2305 524 2344 non
556 2300 609 2345 et
636 2293 824 2356 suam,
847 2293 939 2347 sed
974 2301 1028 2345 et
1076 2292 1345 2357 omnium
1371 2309 1599 2363 quorum

56 2392 141 2443 isa
172 2378 480 2433 memoriam
505 2380 773 2435 recolebat
797 2380 1050 2436 ﬁdelium.
1066 2381 1364 2437 Novissime
1385 2399 1601 2455 quoque

55 2467 258 2538 ticburg
287 2467 557 2523 abbatissa
621 2468 1010 2527 Northuscnsis
1066 2482 1259 2527 mwsta
1313 2476 1596 2544 processit,

55 2556 222 2624 egintc
250 2557 411 2626 pedes
438 2557 569 2614 ﬁcus
614 2559 1020 2629 amplectendo:
1054 2561 1157 2619 ,Cui
1185 2580 1300 2629 nos,
1342 2565 1438 2632 ait,
1481 2582 1597 2635 spes

1702 1917 1852 1971 illum
1880 1919 2157 1974 excitante
2184 1934 2390 1974 amore.
2417 1919 2620 1975 Deinde
2642 1922 2824 1977 omnia
2851 1934 2910 1977 se
2954 1921 3283 1993 inpleturum

1702 2022 1821 2077 qua:
1846 2007 2077 2078 genitrix
2108 2008 2337 2077 petierat
2358 2009 2679 2066 aﬂirmabat.
2695 2011 2931 2068 Perfecit
2950 2029 3076 2069 vero
3097 2014 3284 2070 statim

1700 2108 1756 2154 et
1779 2097 1956 2167 aliqua
2009 2099 2364 2155 l‘torthusensi
2392 2102 2642 2157 emnobio
2673 2102 2867 2157 tradita
2896 2113 3051 2174 parte
3098 2106 3287 2160 matri-

1701 2190 1871 2243 monii
1909 2190 2137 2245 materni
2166 2190 2219 2244 in
2248 2191 2569 2249 occidentali
2599 2194 2840 2265 regione.
2872 2193 3016 2249 Misit
3057 2204 3116 2251 et
3155 2195 3285 2251 illuc

1701 2277 2039 2350 privilegium
2066 2295 2095 2334 a
2144 2278 2392 2336 Romano
2414 2296 2553 2351 papa
2581 2283 2792 2349 datum,
2823 2292 2882 2338 ut
2914 2283 3027 2354 ipsa
3066 2284 3283 2340 domina

1700 2368 1850 2439 prius
1878 2370 2269 2440 postulaverat.
2296 2370 2403 2428 Sed
2430 2372 2647 2443 aliquod
2679 2374 2730 2427 in
2749 2374 2988 2431 Ausonia
3005 2374 3285 2446 "tempus

1700 2463 2041 2531 morabatur,
2067 2464 2240 2520 donec
2266 2466 2375 2521 ﬁlio
2401 2481 2499 2521 suo
2520 2465 2700 2522 Ottoni
2714 2465 2920 2537 juniori
2946 2465 3013 2521 de
3035 2466 3284 2536 partibus

1699 2550 1943 2619 Graeciaa,
1966 2554 2178 2624 augusti
2202 2552 2269 2608 de
2294 2554 2516 2624 palatio,
2549 2553 2745 2624 regalis
2770 2553 2961 2609 fuisset
2995 2553 3121 2609 data
3152 2570 3283 2610 con-

61 2649 189 2701 ostri
225 2650 454 2703 omnium
506 2659 553 2705 et
584 2651 839 2717 solamen,
890 2654 1151 2708 desot'atas
1203 2655 1488 2727 relinquis?
1528 2659 1599 2713 At

1702 2643 1792 2715 iux
1839 2644 2101 2716 praeclara
2156 2646 2298 2701 dicta
2343 2647 2562 2701 nomine
2602 2644 2931 2716 Theophanu
2958 2659 3082 2700 cum
3123 2646 3284 2700 innu-

64 2740 137 2804 la,
168 2741 344 2795 oculis
375 2740 597 2796 elevatis
631 2751 688 2796 et
736 2744 986 2799 manibus
1041 2747 1325 2814 expansis:
1354 2747 1593 2814 Summo,

56 2834 217 2901 lquit,
250 2850 337 2887 ros
373 2836 675 2888 commendo
721 2836 937 2905 pastori.
997 2835 1164 2890 Credo
1222 2839 1359 2891 enim
1425 2840 1595 2906 ﬁliam

55 2942 189 2978 reum
211 2926 399 2993 prioris
422 2926 565 2979 haud
593 2926 927 2980 inmemorem
956 2928 1595 2996 promissionis,dicentis,

55 3033 73 3069 ε
94 3017 369 3083 superstite
394 3016 601 3087 suisque
637 3018 857 3087 posteris
887 3018 1051 3072 eidem
1077 3036 1341 3089 nunquam
1362 3020 1595 3077 solamen

56 3124 193 3162 eesse
217 3110 475 3174 contabio;
509 3113 590 3163 sin
614 3121 784 3163 autem
805 3152 818 3176 ,
839 3127 925 3165 ros
954 3111 1019 3164 ab
1043 3112 1339 3167 hominibus
1368 3113 1589 3181 relictw,

1699 2738 1865 2793 meris
1895 2738 2273 2793 thesaurorum
2298 2736 2501 2795 divitiis
2530 2738 2642 2809 (21)
2679 2738 2805 2809 (An.
2851 2737 2980 2804 972,
3006 2737 3133 2809 Apr.
3166 2738 3281 2808 14).

1698 2831 1896 2887 Etcum
1920 2832 2138 2887 fecisset
2161 2830 2625 2901 ambosimperiali
2647 2831 2892 2887 decorari
2911 2830 3280 2903 nomine(22),

1699 2934 1828 2981 tunc
1855 2925 2069 2980 demum
2092 2923 2321 2995 conjuge
2344 2923 2504 2979 simul
2523 2924 2820 2979 comitante
2837 2922 3052 2992 ﬁlioque
3074 2922 3283 2993 pariter

1697 3030 1819 3070 cum
1849 3031 2042 3093 uxore,
2074 3017 2306 3087 patriam
2334 3014 2610 3071 Saxonum
2643 3014 2832 3070 revisit
2860 3013 2996 3086 (2'5).
3026 3013 3278 3069 Pascbali

1698 3124 1825 3164 vero
1856 3118 2097 3178 tempore
2122 3109 2191 3163 ad
2220 3108 2410 3164 urbem
2453 3106 2904 3177 Quidilingaburg
2952 3107 3102 3161 venit
3149 3105 3275 3176 (Au.

56 3202 140 3252 uia
167 3199 307 3257 Deus
336 3202 388 3254 in
410 3218 464 3255 se
486 3211 754 3270 sperantes
791 3219 894 3255 non
926 3204 1135 3267 deserit,
1165 3204 1393 3272 primum
1446 3222 1592 3276 qua:-

1702 3199 1821 3265 975,
1839 3199 2002 3255 Mart.
2018 3200 2132 3271 25),
2157 3201 2243 3255 ubi
2267 3200 2435 3271 patris
2460 3199 2635 3254 fuerat
2657 3212 2722 3251 ac
2742 3200 2930 3254 matris
2944 3199 3274 3271 sepulcrum,

57 3291 115 3344 Tte
137 3308 352 3361 regnum
380 3292 501 3357 Dei,
529 3303 577 3347 et
599 3300 774 3349 omnia
797 3295 1113 3364 adﬁcientur
1138 3297 1275 3350 vobis
1299 3296 1451 3364 (Luc.
1493 3315 1592 3365 xtt,

57 3384 126 3452 l).
160 3382 361 3436 Deinde
384 3384 449 3437 ad
482 3384 892 3441 circumstantes
932 3402 1192 3443 conversa
1243 3388 1416 3443 dixit:
1453 3390 1594 3446 Bene

58 3474 173 3541 7ite,
194 3473 526 3542 ciliciumque
546 3476 672 3529 mihi
693 3476 984 3547 subponite,
1006 3495 1085 3532 me
1106 3495 1312 3532 sursum
1347 3498 1512 3548 versa,
1536 3494 1591 3537 ut

57 3566 225 3617 riritus
252 3564 425 3618 redeat
449 3565 517 3619 ad
539 3565 729 3632 Deum,
752 3586 876 3623 caro
908 3587 1023 3625 vero
1068 3572 1337 3641 redigatur
1377 3575 1431 3628 in
1474 3576 1593 3643 pul-

58 3673 201 3711 sem.
260 3656 356 3711 His
385 3660 567 3729 itaque
619 3662 871 3716 omnibus
894 3660 1047 3729 juxta
1083 3663 1319 3717 divinum
1348 3666 1593 3721 ordinem

62 3744 308 3819 spositis',
327 3749 480 3820 plena
510 3753 718 3807 dierum
742 3746 796 3808 et
831 3746 1067 3823 perfeCta
1090 3746 1591 3827 mtate,exemplum

58 3842 132 3895 »ιιί
165 3844 348 3911 operis
378 3844 611 3913 posteris
650 3844 973 3914 relinquens,
1001 3847 1215 3901 soboles
1273 3864 1400 3903 suas
1429 3859 1592 3920 atque

57 3952 62 3986 :
106 3935 189 3989 eis
213 3936 404 3990 videns
428 3948 647 4007 nepotes
697 3952 865 4009 usque
912 3938 964 3991 in
1006 3950 1252 4007 quartam
1293 3943 1593 4010 generatio-

1700 3295 1883 3365 ibique
1926 3290 2224 3349 Inoinoriﬁce
2269 3304 2572 3364 susceptus,
2613 3293 2760 3349 omni
2790 3292 2991 3364 p0pulo
3020 3293 3069 3349 ei
3097 3293 3141 3325 "
3178 3293 3282 3350 ob-

1700 3388 1840 3441 viam
1895 3397 2264 3458 coagregato,
2325 3387 2725 3443 sacratissimos
2769 3386 2879 3442 illic
2927 3388 3281 3457 permanebat

1697 3481 1834 3536 dies.
1868 3481 1993 3536 lude
2017 3481 2129 3550 jam
2160 3496 2412 3550 egressus
2438 3478 2761 3534 Mimilevum
2807 3487 3042 3548 aegrotus
3086 3493 3280 3548 perve-

1700 3573 1780 3627 nit
1803 3571 1915 3643 (2i)
1969 3570 2125 3643 (Mai.
2161 3571 2239 3643 6),
2282 3572 2463 3642 ibique
2493 3571 2580 3627 die
2609 3570 2843 3642 quadam
2868 3567 3166 3624 oratorium
3196 3568 3279 3622 in-

1697 3662 1891 3717 ductus
1924 3670 1979 3717 et
2002 3663 2333 3732 vespertinas
2367 3662 2552 3718 laudes
2578 3661 2827 3727 audiens,
2853 3667 2915 3714 ut
2943 3673 3157 3729 semper
3175 3674 3271 3715 ec—

1698 3753 1892 3809 clesias
1920 3756 2121 3825 Deique
2147 3756 2427 3811 servitium
2454 3752 2957 3825 diligebat,angelis
2976 3752 3278 3822 suscipien-

1694 3844 1842 3900 tibus
1869 3845 2049 3899 emisit
2070 3846 2316 3915 spiritum
2336 3843 2492 3916 (Μαί.
2519 3842 2776 3916 7).]gitur
2788 3850 2909 3912 post
2930 3840 3047 3910 ejus
3070 3842 3276 3898 exitum

1697 3938 1824 3994 Otto
1872 3937 2077 4007 junior,
2150 3938 2289 3995 ﬁlius
2331 3939 2445 4008 ejus
2487 3937 2999 4005 excellentissimus,
3051 3952 3279 4008 regnum

57 4044 127 4081 :m
164 4028 303 4098 (l9),
339 4029 604 4085 Mactildis
638 4032 822 4101 regina
852 4031 961 4085 Deo
1001 4039 1054 4083 et
1082 4030 1290 4099 angelis
1340 4032 1589 4101 spiritum
1620 4096 1653 4101 ᾳ
1697 4028 2011 4084 Latinorum
2078 4030 2312 4100 possedit
2367 4040 2423 4085 et
2492 4028 2790 4095 Saxonum,
2841 4042 3001 4095 quem
3039 4036 3280 4097 paterna:

58 4096 270 4182 ddidit,
292 4120 650 4190 migravitque
678 4096 744 4176 ad
782 4121 1064 4174 Dominum
1092 4118 1124 4173 2
1152 4096 1275 4175 idus
1310 4096 1496 4175 Marcii
1535 4122 1587 4177 in
1620 4096 1669 4156 D
1694 4123 1975 4192 aviaeque
1999 4096 2106 4179 non
2146 4123 2408 4194 imparem
2456 4123 2731 4179 credimus
2750 4106 2965 4176 virtutis
2986 4127 3280 4191 praestante

60 4211 458 4283 iidilingaburg
485 4212 702 4285 civitate
733 4214 857 4283 (An.
889 4214 1016 4277 968,
1070 4213 1232 4268 Mart.
1266 4214 1375 4286 li),
1410 4215 1591 4286 ibique

75 4301 318 4358 basilica
332 4305 504 4359 sancti
531 4304 767 4361 Servacii
791 4307 1027 4377 episcopi
1057 4318 1110 4362 et
1137 4309 1465 4365 confessoris
1490 4310 1589 4365 lto-

1697 4214 1916 4272 domino
1948 4226 2133 4272 nostro
2158 4216 2283 4272 Jesu
2312 4217 2551 4284 Christo,
2574 4216 2667 4287 qui
2705 4216 2839 4273 vivit
2871 4225 2927 4273 et
2975 4222 3169 4283 regnat
3216 4213 3271 4268 in

1697 4309 1879 4363 omnia
1907 4310 2110 4364 secula.
2138 4310 2329 4366 Amen.

1292 4490 1333 4545 V
1346 4492 1524 4547 ARIAS
1571 4492 1952 4550 LECTIONES

59 4603 114 4635 ι’
150 4601 296 4658 alios
323 4619 372 4657 ι’.
450 4602 495 4633 ’⁸
524 4603 668 4657 Italia
700 4603 873 4674 glossa
920 4604 975 4658 in
999 4604 1115 4658 cod.
1149 4604 1195 4635 ”
1223 4604 1277 4657 in
1312 4620 1361 4657 c.

1512 4735 1741 4793 ΝΟΤᾹΞ.

59 4896 183 4966 [19)
213 4896 348 4952 Otto
377 4894 484 4949 dux
514 4894 745 4959 Sueviac,
793 4894 933 4949 ﬁlius
989 4892 1234 4955 Liu’dolﬁ,
1295 4900 1453 4947 natus
1505 4899 1591 4946 est

59 4971 116 5022 ι.
149 4966 239 5021 Cf.
271 4966 432 5021 Cont.
467 4966 601 5035 Reg.

59 5036 182 5109 (€20)
212 5036 332 5090 Hoc
365 5032 703 5109 falsum—esse
730 5032 1157 5109 constat;_bel|a
1206 5048 1326 5109 qua:
1357 5046 1586 5109 corona-

61 5102 201 5161 item
251 5106 621 5175 sequebantur
678 5106 745 5161 ad
798 5105 939 5159 hanc
993 5105 1163 5174 ipsam
1216 5103 1353 5156 l'also
1402 5102 1587 5156 retulit

62 5187 298 5312 iiiiht.
333 5243 571 5302 Annales
598 5246 837 5300 Hildesb.
874 5242 939 5297 ad
966 5260 1016 5297 a.
1045 5243 1169 5298 972.

61 5304 179 5390 ξεῖ)
206 5317 468 5374 Ottonem
494 5317 559 5384 ll,
591 5334 640 5373 a.
668 5316 801 5383 967,
833 5316 1209 5384 imperatorem
1261 5323 1578 5369 coronatum

1692 4905 1811 4947 esse
1834 4899 2065 4956 constat,
2100 4889 2503 4961 TheOplianiam
2533 4905 2563 4943 a
2589 4904 2723 4961 papa
2771 4890 2978 4947 Joanne
3000 4888 3114 4946 Xlll
3162 4888 3264 4961 im-

1691 4962 1946 5030 perialetn
1974 4963 2247 5030 accepisse
2276 4976 2530 5016 coronam
2586 4960 2685 5017 Soli
2740 4962 2941 5018 habent
2988 4963 3131 5016 Ann.
3162 4960 3267 5014 Lo-

1688 5032 1903 5089 bienses
1922 5033 2048 5096 972,
2072 5030 2139 5084 Μ.
2163 5030 2227 5085 G.
2256 5031 2315 5085 ll.

1761 5125 1874 5195 (Q5)
1905 5125 1960 5178 In
1984 5123 2329 5195 Germaniam
2357 5123 2589 5177 redierat
2611 5138 2661 5178 a.
2690 5122 2813 5192 972,
2862 5123 2916 5179 in
2970 5120 3267 5180 Saxoniam

1689 5197 1833 5251 venit
1862 5210 1915 5248 a.
1946 5194 2071 5249 973.

1759 5286 1873 5360 (‘24)
1921 5287 2003 5344 Cf.
2034 5285 2349 5348 Widukind.
2374 5284 2437 5340 lll
2460 5326 2475 5354 ,
2506 5284 2595 5339 75.

1478 5598 1793 5622 *σι-η
