3892 6318
68 385 83 435 l
92 381 181 432 39.9

1248 380 1304 434 S.
1335 379 1703 435 MA'l‘lliLDlS
1727 380 1772 433 ιι
1785 377 2008 434 EGINA.

3148 380 3165 433 l
3178 379 3282 434 550

61 507 216 551 scans,
241 497 430 551 terras,
464 489 628 551 viros,
661 488 896 543 facinora
943 506 1046 544 non
1100 490 1350 554 illustrat,
1379 492 1472 545 sed
1499 505 1613 544 om-
1639 498 1687 553 Α
1720 491 1897 546 Mariae
1921 491 1988 546 de
2011 489 2321 546 Nova-Cella
2349 491 2687 563 (Neueuzclle
2711 492 2847 561 apud
2871 492 3278 552 Fraucofurtum

59 584 135 637 nia
170 581 251 635 hic
272 580 600 648 splendentia
647 579 754 635 illic
802 581 1076 636 horrentia
1100 582 1188 636 vix
1212 581 1380 637 oculis
1407 582 1611 651 perspi-

57 672 332 728 caeissimis
385 673 743 743 dignosceuda
791 674 1015 744 praebet.
1069 672 1378 745 Saepissime
1421 673 1611 729 harioli

54 764 278 832 cunjeetu
287 777 338 815 ra
367 771 508 832 eget.

113 855 253 908 Adde
281 863 455 908 tamen
484 855 627 910 aliud
666 857 982 921 maximum,
1008 873 1125 914 mea
1152 861 1367 928 quidem
1397 867 1613 914 senten-

51 946 134 1005 tia,
163 943 396 997 veritatis
420 945 470 999 in
490 946 712 1001 historia
728 949 1113 1015 cognoscenda:
1135 949 1607 1019 impedimentum:

50 1050 222 1102 uetupe
247 1050 434 1090 omnes
457 1034 585 1100 fere,
609 1041 699 1106 qui
731 1037 985 1092 historias
1014 1039 1376 1107 scripserunt,
1408 1055 1469 1095 re
1495 1039 1613 1109 ipsa

49 1128 247 1183 nolente
273 1127 504 1194 volente,
548 1145 646 1199 pro
697 1130 808 1186 aris
835 1140 892 1186 et
925 1130 1062 1187 focis
1099 1131 1200 1186 sibi
1249 1131 1608 1187 dimicandum

49 1232 154 1271 esse
178 1229 534 1287 censuerunt;
564 1236 670 1290 qua
715 1236 776 1277 re
805 1223 889 1289 tit,
933 1232 992 1276 ut
1034 1223 1173 1278 idem
1201 1223 1426 1289 facinus,
1453 1232 1612 1294 prout

49 1307 156 1360 hinc
201 1317 293 1360 aut
341 1309 486 1363 illinc
524 1313 790 1378 tradatur,
834 1313 933 1367 sibi
962 1313 1272 1368 dissimilius
1319 1315 1408 1380 sit,
1446 1329 1609 1384 quam

49 1399 177 1453 color
217 1401 368 1471 niger
389 1402 528 1458 albo.
563 1403 708 1459 ’Άλλο
729 1407 906 1478 γλκῦξ,
937 1403 1054 1461 ἄλλο
1098 1408 1290 1483 κορώνη
1319 1407 1603 1480 φθέγγεται.

49 1489 195 1553 l'olle,
226 1491 428 1556 rabula,
457 1507 646 1548 manus
669 1495 922 1563 profanas
949 1509 977 1548 a
1005 1495 1325 1550 Sanctuario
1346 1495 1604 1560 historiae,

50 1595 187 1649 piam
221 1579 363 1636 Deus
392 1581 528 1650 ipse,
574 1582 662 1638 ille
693 1582 932 1638 omnium
964 1597 1143 1638 rerum
1185 1584 1492 1640 moderator
1518 1599 1606 1638 sa-

51 1671 398 1727 ;icntissimus
425 1675 503 1728 sic
523 1688 642 1746 esse
675 1675 868 1741 voluit;
901 1692 1062 1746 quam
1089 1677 1171 1732 vel
1205 1677 1420 1747 impune
1447 1691 1604 1732 nemo

50 1777 259 1828 mquam
290 1761 452 1830 laesit,
480 1779 537 1820 se
565 1766 671 1820 Deo
699 1767 1076 1838 sapientiorem
1107 1779 1333 1840 putans;
1365 1783 1470 1825 non
1505 1768 1605 1823 im-

1716 581 1782 635 ad
1810 581 2113 651 Viadrum),
2144 596 2174 635 a
2224 596 2348 652 rege
2393 581 2645 637 defuncto
2682 583 2958 638 Friderico
2995 584 3288 642 Wilhelmo

1718 670 1876 725 tertio
1938 671 2323 737 siccularisati;
2384 671 2564 727 inveni
2614 672 2807 727 librum
2855 677 3280 744 manuscriptum

1715 761 2211 828 membranaceum,
2261 761 2509 817 foliorum
2540 763 2816 832 octngiuta
2863 765 3048 829 trium,
3095 765 3281 823 forma:

1713 851 2012 918 quadratae.
2059 850 2350 922 Catalogns
2398 852 2611 907 illorum
2650 852 2906 908 librorum
2948 855 3282 926 negligenter

1713 941 2051 1011 conscriptus
2097 943 2274 1000 haacce
2320 943 2386 999 de
2444 944 2544 999 hoc
2592 944 2727 1001 libro
2775 947 3017 1002 continet
3069 949 3276 1004 verba:

1718 1051 1744 1084 ι
1785 1033 1882 1088 Εἱη
1913 1034 2256 1091 lateinisches
2292 1035 2584 1105 Manscript
2634 1037 2732 1091 aut'
2778 1038 3116 1109 Pcrgamcnt,
3155 1041 3278 1096 dem

1718 1141 1738 1174 ι
1782 1121 2000 1179 Ansebn
2041 1125 2176 1181 nach
2203 1127 2330 1181 sehr
2355 1125 2450 1192 alt,
2489 1126 2631 1180 ohne
2652 1126 2810 1191 Titel,
2847 1129 2944 1182 mit
2971 1129 3281 1198 gothischer

1716 1233 1740 1266 ι
1781 1211 2007 1281 Schrifl,
2038 1216 2176 1270 nach
2203 1217 2297 1270 der
2335 1215 2584 1287 Meinung
2605 1217 2712 1272 des
2740 1217 2874 1272 Abts
2903 1217 3126 1288 Optatus
3152 1217 3282 1272 Paul

1715 1322 1733 1354 ι
1777 1306 1863 1360 ein
1888 1304 2357 1373 Chorgebetbuclu
2402 1325 2421 1356 ι

1776 1395 1953 1462 Quum
1995 1395 2301 1466 diligentius
2323 1395 2666 1465 inspicerem,
2698 1397 2879 1452 statim
2904 1397 3010 1453 vidi
3037 1399 3284 1456 codicem

1708 1487 1928 1556 majoris
1955 1500 2074 1540 esse
2103 1487 2284 1556 pretii.

1777 1578 1834 1633 In
1871 1577 2020 1642 folio,
2045 1587 2105 1633 ut
2141 1593 2283 1632 nunc
2327 1593 2388 1634 se
2419 1579 2600 1646 habet,
2651 1580 2845 1650 primo,
2885 1579 3082 1651 legitur
3118 1595 3280 1636 manu

1707 1671 2076 1727 recentissima
2109 1686 2138 1724 a
2176 1671 2390 1727 fronte:
2423 1691 2441 1724 ι
2480 1672 2560 1726 Ex
2581 1672 2902 1729 bibliotheca
2926 1674 3026 1730 Dﬁi
3051 1674 3280 1731 Abbatis

1707 1764 2011 1820 Monasterii
2042 1764 2100 1818 Β.
2127 1765 2188 1818 V.
2211 1763 2386 1819 Mariae
2417 1765 2484 1820 de
2519 1764 2888 1822 Nova-Cella.»
2921 1765 3074 1823 Folio
3105 1767 3279 1837 primo

51 1865 160 1904 ltllle
189 1851 334 1918 dico,
365 1855 562 1924 quippe
602 1871 722 1925 qua:
767 1872 873 1911 nou
911 1859 968 1914 in
994 1858 1147 1915 libtis
1199 1860 1378 1927 modo,
1428 1859 1518 1914 sed
1548 1860 1603 1914 in
1636 1840 1679 1898 Β
1709 1871 1866 1912 verso
1890 1864 1947 1912 et
1997 1855 2126 1911 folio
2155 1857 2392 1912 secundo
2422 1872 2454 1911 a
2479 1856 2657 1914 fronte
2700 1857 2894 1930 legitur
2942 1859 3173 1930 hymnus
3225 1861 3276 1914 iu

49 1943 129 1994 rita
160 1943 270 2012 ipsa
323 1946 516 2000 vindex
545 1947 747 2014 gravis,
798 1963 943 2014 acer,
975 1936 1143 2006 immo
1172 1959 1426 2012 cruentus
1455 1963 1602 2005 sem-
1703 1947 2056 2019 archangelos
2103 1948 2162 2002 S.
2202 1947 2535 2014 Michaelem,
2582 1949 2906 2016 Gabrielem,
2939 1959 2994 2005 et
3037 1949 3278 2019 Raphac-

50 2050 117 2086 ter
138 2034 347 2099 extitit;
378 2049 441 2090 eo
471 2039 748 2093 cruentior
790 2041 952 2095 etiam
981 2055 1087 2110 quo
1116 2019 1339 2115 tardior.
1377 2039 1456 2096 Ne
1480 2039 1602 2111 quis
1703 2040 1834 2112 lem,
1866 2047 1922 2094 et
1952 2041 2004 2094 in
2031 2040 2274 2108 margine
2301 2040 2486 2110 hymni
2509 2039 2733 2095 Alleluia
2769 2055 2890 2096 cum
2926 2040 3124 2115 notulis
3150 2055 3279 2096 cau-

50 2123 149 2176 nihi
177 2123 419 2192 ohjiciat,
451 2127 651 2182 nostris
686 2132 1016 2200 temporibus
1043 2147 1136 2188 eos
1165 2133 1254 2204 qui
1285 2132 1446 2188 rebus
1466 2145 1602 2202 prze-
1705 2132 1899 2186 tandis.
1950 2130 2195 2202 Scriptus
2232 2145 2350 2187 esse
2395 2131 2608 2186 videtur
2656 2131 2742 2186 hic
2787 2131 3017 2202 hymnus
3057 2147 3085 2184 a
3116 2146 3275 2185 manu

49 2215 131 2268 sint
176 2217 408 2285 publicis
473 2221 612 2278 hanc
663 2223 1091 2294 profanationem
1140 2225 1410 2292 historiae,
1463 2224 1602 2278 hanc
1705 2224 1992 2279 recentiori
2013 2239 2173 2294 quam
2197 2239 2317 2293 qua:
2339 2224 2394 2280 in
2419 2223 2623 2294 reliqua
2652 2223 2773 2279 libri
2795 2233 2946 2293 parte
2971 2232 3114 2278 sunt.
3140 2223 3284 2278 Nam

49 2317 218 2362 testem
261 2308 472 2378 fovere,
521 2329 695 2385 neque
740 2316 987 2387 cuiquam
1040 2317 1202 2374 licere
1233 2319 1457 2374 memori
1482 2333 1603 2376 esse
1704 2314 1900 2370 Ιίιιθΐθθ
1940 2315 2119 2384 Paullo
2149 2315 2419 2371 ίυοιίηθιδθ
2461 2323 2610 2380 sum,
2641 2315 2765 2372 "cei
2798 2317 2852 2370 in
2894 2315 3093 2370 ¹¹⁰ί¹¹¹ῖ⁵
3123 2314 3280 2390 ¹Ῑ¹¹θ³³

49 2398 187 2454 I‘aciti
218 2403 399 2456 verbis
435 2421 454 2454 ‹
489 2405 615 2461 Sine
644 2408 722 2462 ira
751 2418 804 2465 et
827 2411 1003 2466 studio
1030 2428 1042 2463 :
1075 2431 1094 2463 ι
1128 2441 1199 2451 -—
1239 2392 1262 2463 ἰ
1292 2410 1422 2478 Nos.
1471 2412 1597 2477 N08.

1712 2404 1882 2459 desint
1915 2414 1969 2461 et
2006 2403 2335 2475 Gregoriana
2387 2417 2653 2472 neumata,
2684 2421 2804 2476 qum
2827 2407 3028 2471 dicunt,
3055 2420 3177 2461 esse
3201 2407 3276 2459 vi-

50 2491 288 2560 onsules,
319 2494 601 2551 desumus!
634 2518 652 2551 ι
686 2499 764 2555 Eo
793 2502 964 2572 magis
989 2503 1151 2558 etiam
1178 2481 1418 2559 Historia
1463 2505 1604 2559 indi-
1703 2499 1952 2564 deantur,
2005 2497 2158 2568 cujus
2181 2498 2484 2568 exemplum
2525 2513 2711 2567 supra,
2743 2499 2794 2553 in
2829 2499 2994 2569 ﬁgura
3025 2500 3082 2563 2,
3110 2499 3288 2554 hath

49 2591 225 2646 :uatur,
273 2585 568 2656 scriptores
593 2603 676 2654 ea,
709 2606 827 2661 qua:
876 2594 929 2647 in
963 2609 1058 2648 sua
1099 2609 1257 2649 manu
1286 2604 1432 2661 sunt,
1467 2595 1597 2653 falso

1712 2591 1769 2644 ad
1801 2605 2019 2646 versum
2059 2606 2073 2644 :
2111 2608 2128 2642 ι
2159 2586 2265 2644 Per
2299 2606 2453 2660 quem
2496 2588 2778 2644 letabundu
2822 2599 3136 2659 perornatus
3162 2605 3280 2642 ma-

53 2680 105 2724 tu
125 2673 210 2737 lio,
240 2685 338 2728 aut
363 2675 443 2730 ira
470 2693 611 2750 saepe
652 2683 798 2747 ficta,
827 2684 1133 2741 deformare
1174 2685 1258 2763 vel
1293 2687 1598 2757 inquinare,
1703 2683 1857 2737 εΙιὶηα
1886 2667 2070 2737 tumidi
2105 2692 2237 2737 εοια·
2277 2701 2296 2734 ³

49 2764 425 2836 egentiumque
456 2776 696 2841 tempore
715 2771 994 2840 etjudicio
1021 2775 1190 2830 abuti.
1772 2772 1982 2828 Folium
2029 2774 2322 2828 secundum
2369 2788 2584 2828 versum
2633 2783 2688 2830 et
2744 2771 2928 2828 folium
2979 2772 3194 2827 tertium
3243 2789 3273 2825 a

90 2850 230 2906 Licet
257 2859 506 2927 exempla
537 2861 758 2918 minime
783 2880 903 2920 rara
936 2866 1067 2934 sint,
1102 2875 1278 2924 tamen
1309 2886 1473 2925 unum
1502 2870 1597 2927 tibi

1712 2863 1900 2932 fronte,
1925 2863 2203 2918 continent
2221 2863 2501 2932 epistolam
2529 2861 2929 2926 dedicatoriam,
2952 2877 3070 2931 qua:
3089 2861 3276 2929 incipit

50 2940 232 2998 Itl‘eram
283 2947 338 3002 in
386 2949 637 3006 Miceslao
668 2954 708 3008 ll
774 2954 882 3026 (vel
932 2957 1222 3032 Miscgone)
1277 2960 1597 3017 Polonorum

1712 2970 1826 3010 eum
1857 2955 2081 3010 verbis:
2116 2975 2134 3007 ε
2175 2954 2377 3010 Damno
2423 2955 2500 3010 Μ.
2545 2974 2563 3007 ι
2597 2965 2653 3010 et
2689 2955 2755 3010 de
2783 2970 2888 3024 qua
2934 2953 2986 3008 in
3027 2954 3127 3007 hac
3161 2953 3273 3008 dis-

49 3043 158 3102 θέε,
187 3052 355 3107 quem
383 3040 451 3095 ab
484 3041 748 3114 indigenis
791 3055 846 3102 et
888 3050 1162 3118 germanis
1210 3059 1318 3105 tam
1374 3053 1600 3108 diversi-
1701 3048 1993 3104 sertatione
2015 3049 2236 3105 uberius
2270 3065 2512 3120 agemus.

49 3128 170 3182 modo
196 3128 534 3198 descriptum
579 3134 844 3204 invenies,
869 3145 928 3192 ut
965 3138 1098 3194 nihil
1128 3138 1241 3196 fere
1286 3143 1350 3197 de
1381 3156 1446 3198 eo
1474 3157 1597 3211 pro-

49 3220 138 3273 arri
158 3230 349 3289 queat,
382 3223 535 3292 cujus
570 3226 644 3280 rei
673 3237 916 3284 autorem
954 3246 1058 3285 non
1089 3232 1312 3288 habeas.
1374 3243 1377 3245 '

83 3311 511 3386 Optimiquique
555 3307 699 3375 nunc
738 3321 791 3375 in
840 3321 1066 3378 historia
1129 3324 1499 3395 investiganda
1528 3323 1595 3378 ad

50 3416 361 3461 mnumcnta
397 3411 508 3479 ipsa
535 3422 840 3481 recurrunt,
873 3414 1160 3484 diplomata
1189 3431 1366 3472 coazva
1397 3432 1459 3472 cx
1506 3431 1597 3471 ar-

49 3496 180 3551 hivis
224 3499 466 3567 publicis
505 3515 569 3556 ac
609 3504 834 3571 privatis
894 3504 1117 3560 formica
1176 3507 1469 3569 seduliores
1525 3509 1592 3562 ad

52 3602 180 3640 tcem
209 3591 552 3658 producunt;
605 3593 703 3648 hos
729 3609 955 3651 acervos
999 3606 1468 3653 monumentorum
1495 3613 1594 3652 un-

49 3680 166 3746 ique
211 3682 540 3738 collaturum
605 3686 694 3740 alii
730 3687 1046 3758 explorant,
1097 3698 1426 3761 componunt
1471 3706 1592 3747 cum

1770 3141 1978 3195 Folium
2013 3141 2228 3204 tertium
2261 3155 2476 3196 versum
2509 3139 2691 3210 implet
2715 3140 2790 3211 (v.
2817 3139 2934 3208 Fig.
2965 3137 3064 3211 1.))
3097 3138 3278 3205 imago

1698 3232 1839 3300 picta
1883 3232 2142 3302 principis
2189 3231 2464 3300 cujusdam
2495 3233 2758 3298 coronati,
2805 3232 3107 3302 purpurati,
3135 3230 3286 3287 solio-

1699 3323 2005 3390 insidentis,
2033 3323 2252 3384 sinistra
2284 3333 2554 3394 sceptrum
2585 3325 2862 3394 gestantis,
2891 3324 3107 3380 dextera
3142 3338 3272 3379 vero

1698 3414 2014 3483 accipientis
2053 3414 2267 3478 librum,
2319 3428 2478 3484 quem
2531 3414 2777 3468 manibus
2830 3413 3021 3467 velatis
3069 3411 3269 3467 femina

1697 3491 1941 3575 quaedam
1968 3502 2144 3559 oll'crt.
2175 3502 2581 3574 Suprascriptos
2610 3502 2839 3573 legimus
2870 3500 3038 3556 minio
3075 3501 3278 3572 pictos,

1695 3597 1892 3652 litteris
1919 3595 2250 3666 maiusculis,
2282 3596 2444 3650 hosce
2483 3594 2728 3666 geminos
2752 3607 2939 3655 versus
2975 3590 3283 3655 Leoninos,

1696 3691 1733 3745 i.
1761 3707 1790 3746 e
1809 3709 1823 3744 :
1843 3689 2219 3754 Hexametros,
2238 3703 2464 3760 quorum
2487 3687 2636 3757 prius
2659 3684 3016 3740 hemisticbon
3037 3682 3285 3739 eundem

1625 3183 1666 3240 C

49 3770 287 3828 bronicis
315 3785 370 3828 et
411 3778 808 3845 traditionibus,
842 3792 896 3836 ct
931 3797 1050 3852 qua:
1075 3783 1129 3837 in
1168 3783 1251 3838 his
1280 3799 1401 3838 cum
1425 3783 1596 3852 diplo-

49 3866 236 3921 tatibus
289 3881 396 3922 non
438 3873 802 3936 consentiunt,
861 3884 1114 3944 tanquam
1153 3869 1424 3944 suspecta,
1474 3890 1592 3930 cor-

49 3964 160 4024 apta
218 3967 318 4011 aut
365 3960 593 4015 conficta
655 3975 930 4033 respuunt.
980 3965 1143 4034 Cujus
1190 3967 1285 4023 Rei
1331 3969 1592 4038 Optimum

49 4048 317 4115 templum
379 4051 638 4106 habemus
683 4055 734 4108 in
786 4055 924 4111 libro
966 4057 1317 4114 celeberrimo
1345 4059 1591 4129 :Ranke,

49 4137 354 4194 ahrbﬁcher
383 4143 480 4196 der
510 4143 866 4201 Saehsischen
898 4146 1108 4204 Kaiser.
1138 4149 1364 4205 Videant
1391 4162 1589 4221 tamen,

49 4244 72 4282 ε
97 4246 160 4284 ex
189 4231 374 4303 Scylla
405 4234 458 4288 in
493 4235 782 4292 Charibdiu
814 4240 1030 4296 abeant.
1061 4240 1216 4313 Sarpc
1237 4243 1376 4298 enim
1408 4245 1461 4300 iu
1482 4257 1595 4300 tra~

49 4319 208 4377 itione
233 4324 561 4380 modicillutn
586 4331 854 4398 quoddam
879 4347 1130 4401 spurcum
1157 4348 1190 4388 e
1207 4343 1239 4387 ,ι
1263 4343 1316 4389 et
1349 4344 1381 4387 t:
1403 4334 1453 4388 la
1473 4349 1592 4391 esse

50 4411 162 4466 tcile
181 4415 480 4480 probatur;
512 4433 635 4470 nmn
659 4420 780 4474 ideo
805 4429 912 4475 tota
937 4422 1023 4476 illa
1049 4424 1267 4478 traditio
1292 4423 1588 4492 abjicfenda

1696 3780 1749 3835 in
1789 3779 1895 3835 fine
1927 3795 2117 3834 sonum
2141 3780 2325 3843 habet,
2355 3794 2510 3848 quem
2539 3777 2830 3848 posterius,
2865 3775 2919 3830 id
2948 3784 3051 3842 est,
3081 3784 3139 3830 ut
3165 3772 3270 3828 Iin-

1695 3872 1812 3942 guis
1834 3871 2137 3926 vernaculis
2162 3872 2363 3936 dicunt,
2395 3871 2588 3925 rimam
2615 3869 2833 3941 (Reim).

1699 3981 1719 4015 ‹
1773 3962 1926 4016 Hunc
1961 3962 2152 4017 librum
2180 3961 2304 4033 Regi
2333 3961 2579 4015 Illaluhilt
2607 3964 2767 4016 donat
2802 3961 3096 4031 Misegoni;

1701 4074 1718 4107 ε
1767 4057 1938 4122 Quam
1967 4055 2142 4126 genuit
2172 4056 2345 4110 clarus
2373 4053 2676 4110 Suwvorum
2700 4053 2821 4108 Dua:
2851 4052 3276 4107 Herimaunusa.

1765 4146 1916 4201 Folio
1947 4149 2158 4202 tandem
2185 4155 2379 4216 quarto
2420 4157 2568 4202 recto
2593 4161 2752 4200 verus
2781 4154 2866 4200 est
2909 4144 3028 4198 libri
3059 4143 3264 4207 titulus,

1695 4236 1860 4291 minio
1895 4237 2093 4305 pictus,
2133 4236 2330 4292 litteris
2382 4235 2690 4305 majusculis
2720 4249 2735 4286 :
2770 4251 2789 4284 ι
2818 4232 2874 4285 In
2910 4231 3112 4286 Christi
3169 4246 3267 4285 no-

1700 4347 1719 4379 s
1756 4326 1901 4382 mine
1939 4326 2128 4397 incipit
2169 4329 2302 4382 liber
2321 4328 2617 4383 ciliciorum
2660 4340 2819 4395 quem
2857 4323 3152 4378 Romanum
3182 4339 3271 4375 or-

1698 4437 1716 4470 ι
1758 4419 1932 4473 dinem
1957 4415 2246 4486 appellant.
2288 4438 2305 4470 ι
2342 4417 2398 4471 In
2442 4417 2682 4488 margine
2705 4413 3022 4470 minusculis
3050 4413 3266 4469 rubrica

49 4504 118 4556 st?
174 4505 234 4559 Si
294 4507 525 4576 exempli
572 4510 750 4578 gratia
798 4511 882 4566 lex
912 4513 1155 4582 quaedam
1185 4512 1442 4586 Romulea
1468 4529 1588 4570 esse
1619 4517 1665 4577 υ
1693 4511 1949 4566 additnr:
1987 4529 2006 4562 ι
2051 4510 2128 4564 De
2158 4508 2331 4562 natale
2365 4506 2491 4564 Diti.
2531 4528 2548 4558 ι

56 4593 220 4661 citur,
253 4605 311 4650 et
337 4597 720 4656 celeberrimus
741 4602 1071 4658 Niebubrius
1097 4605 1380 4661 llomulum
1410 4624 1586 4678 regem
1757 4599 2024 4669 Sequitur
2062 4601 2260 4656 litteris
2285 4598 2595 4668 majusculis
2625 4613 2746 4653 cum
2794 4595 2984 4651 initiali
3030 4596 3267 4651 maxima

49 4705 53 4732 ι
89 4688 313 4755 mythos
339 4688 581 4757 abducit,
625 4708 689 4746 au
716 4696 972 4750 continuo
1003 4710 1118 4749 eam
1167 4696 1335 4768 legem
1362 4715 1467 4752 non
1490 4715 1587 4754 cx-
1691 4692 2144 4761 ornatissimeque
2171 4696 2246 4763 (v.
2288 4690 2326 4745 F
2334 4691 2405 4761 ig.
2433 4689 2512 4760 5.)
2561 4706 2576 4740 :
2626 4707 2644 4738 ι
2683 4687 3062 4742 Sacratissima
3107 4687 3274 4756 hujus.

49 4776 176 4830 tisse
199 4780 630 4836 demonstratum
668 4786 784 4838 est?
1699 4800 1716 4832 ι
1754 4782 1867 4836 Diei
1899 4781 2164 4836 hativitas
2202 4781 2322 4836 ideo
2343 4781 2570 4835 dicitur!
2603 4778 2745 4849 quod
2774 4779 2828 4832 in
2868 4793 2930 4832 ea
2978 4785 3138 4830 natus
3183 4785 3267 4830 est

69 4867 182 4924 Nos
217 4871 272 4923 in
311 4870 412 4926 hac
454 4872 833 4929 dissertatione
875 4891 1014 4946 sazpe
1062 4878 1408 4944 tentabimus,
1459 4877 1589 4948 reji-
1698 4891 1716 4924 ι
1747 4872 2049 4927 Christus.»
2075 4881 2130 4928 et
2152 4871 2414 4927 cet.l‘olio
2440 4871 2626 4941 quinto
2653 4884 2810 4924 verso
2839 4869 3124 4938 exponitur
3151 4867 3265 4921 dies

50 4973 209 5018 entes
257 4964 476 5032 quidem
526 4958 796 5034 suspecta,
852 4982 1175 5023 conservare
1239 4978 1418 5023 tamen
1467 4985 1586 5024 eam
1692 4966 1938 5020 festuszt
1968 4965 2031 5019 de
2060 4964 2449 5018 circumcisione
2479 4962 2817 5028 Domiuinct
2844 4963 2922 5017 sic
2954 4962 3005 5016 in
3035 4975 3263 5031 sequcno

49 5066 209 5108 trtem
243 5056 549 5111 traditionis
579 5074 697 5127 qua:
734 5074 858 5113 vera
890 5060 1118 5114 videtur.
1151 5061 1260 5115 Cur
1288 5062 1586 5130 periculum
1692 5055 1833 5109 libus
1860 5071 2048 5110 onmes
2079 5055 2194 5109 dies
2225 5054 2495 5109 SOIelnnes
2523 5053 2650 5107 anni
2679 5052 2973 5108 Christiani
3002 5068 3030 5106 ιι
3062 5050 3266 5104 Νίιιῑνᾶ·

52 5145 300 5198 cerimus
337 5144 388 5198 in
416 5147 606 5214 primis
630 5149 845 5217 regibus
863 5149 1184 5204 Christiana:
1205 5151 1461 5218 Polonitc,
1498 5169 1588 5207 ca-
1691 5155 1800 5202 tate
1828 5144 2033 5199 Domini
2067 5159 2236 5213 usque
2265 5145 2334 5199 ad
2370 5143 2717 5200 festivitatem
2746 5144 2985 5199 omnium
3032 5141 3264 5198 Sanctov

50 5242 90 5285 ιι
129 5249 374 5302 sequens
403 5237 714 5290 declarabit.
1693 5253 1808 5291 rum
1840 5235 1958 5306 (fol.
1981 5233 2070 5304 ω)
2101 5245 2454 5290 recensentur
2491 5244 2544 5290 ct
2575 5236 2710 5290 ritus
2735 5235 3095 5304 explicantur.

1759 5329 1910 5382 Folio
1954 5328 2023 5380 42
2061 5343 2216 5382 verso
2267 5328 2454 5397 incipit
2501 5329 2628 5382 ordo
2655 5329 2725 5381 ad
2765 5327 3080 5380 uisitandum
3117 5327 3267 5394 inﬁr-

1689 5436 1859 5482 mum;
1906 5419 2032 5474 folio
2058 5419 2126 5474 45
2157 5435 2314 5474 verso
2347 5421 2476 5474 ordo
2517 5420 2911 5489 defunctorum;
2946 5417 3074 5473 folio
3102 5417 3172 5472 46
3201 5419 3265 5472 de

1687 5511 1934 5583 gradibus
1964 5510 2358 5576 ecclesiasticis;
2390 5512 2516 5567 folio
2537 5511 2606 5564 48
2633 5510 2858 5581 qualiter
2881 5511 3146 5581 cpiscopus
3175 5527 3263 5565 or-

1685 5608 1896 5658 dinetur
1937 5603 1988 5654 in
2015 5601 2253 5660 Romana
2279 5606 2529 5672 ecclesia;
2577 5605 2703 5660 folio
2749 5602 2818 5658 55
2865 5605 2931 5658 ad
2968 5604 3035 5656 74
3081 5605 3262 5674 incipit

1687 5700 1847 5753 brevis
1901 5701 2153 5770 expositio
2183 5700 2384 5760 missw;
2419 5698 2509 5753 fol.
2555 5698 2621 5752 74
2665 5699 2728 5753 de
2765 5697 3045 5769 Symbolo;
3079 5695 3148 5750 fol
3195 5696 3264 5749 76

1687 5809 1842 5848 verso
1889 5794 1955 5847 ad
2009 5793 2192 5848 fol.85
2238 5808 2298 5847 ex
2330 5791 2433 5846 alio
2479 5791 2708 5861 quodam
2759 5793 2892 5847 libro
2937 5788 3272 5857 transcripta

49 5363 123 5399 tr.
161 5346 305 5402 IL—
329 5347 484 5402 Liber
507 5350 778 5426 liturgicus
802 5353 1181 5426 inanuscriptus
1207 5353 1383 5408 Caroli
1406 5355 1586 5426 Magni

478 5431 525 5474 et
546 5421 758 5476 Alcuini
787 5424 1116 5476 describitur:

63 5507 208 5561 Cum
254 5521 378 5566 ante
424 5512 522 5566 hos
567 5513 772 5582 aliquot
823 5529 1012 5578 annos,
1060 5513 1211 5581 jussu
1262 5515 1584 5571 venerabilis

50 5599 279 5667 'azpositi
333 5602 598 5668 Fischeri,
651 5605 1035 5674 perlustrarem
1084 5605 1463 5661 bibliothecam
1500 5621 1583 5662 ec-

49 5691 180 5743 esia:
210 5693 491 5747 catholica:
516 5694 727 5749 Sancta:
759 5695 1028 5767 lledwigis
1057 5697 1438 5762 Berolinensis,
1463 5715 1581 5768 qua:

50 5782 295 5840 animum
347 5800 552 5857 partem
584 5799 793 5844 constat
842 5805 906 5844 ex
968 5791 1114 5846 libris
1159 5791 1465 5848 Monasterii
1516 5793 1571 5846 S.
