3892 6318
96 363 263 421 1355

1393 366 1451 422 S.
1485 367 1627 421 MAT
1645 366 1868 421 HILDIS
1897 366 2147 421 liEClNA

3231 367 3379 424 135%

89 484 435 534 occurrunt.
489 476 672 548 Neque
724 479 773 533 id
834 479 1062 545 mirum;
1116 480 1315 535 sensim
1386 480 1694 548 sensimque
1724 464 1768 519 Α
1802 477 1940 541 laus,
1970 477 2138 532 Miska
2178 478 2342 532 immo
2369 485 2422 531 et
2450 475 2635 531 Misi-io
2668 476 2955 532 invenitur.
2990 475 3122 532 Tres
3159 477 3387 534 luet-tmt-

97 566 312 624 formae
341 578 647 634 nmlantur,
694 579 749 625 et
796 572 995 626 veteris
1044 572 1209 627 moris
1252 586 1465 641 semper
1499 571 1699 642 aliquid

96 668 367 712 remanet
395 667 449 712 et
472 668 845 714 conservatur.

194 749 270 802 De
316 749 748 820 interpunctione
789 754 1120 819 notandum,
1183 769 1397 824 semper
1443 762 1699 824 punctmn

99 840 368 896 infcriori
405 842 524 897 loco
547 845 782 911 positum
810 856 1047 901 nostram
1083 846 1391 917 signiﬁcare
1415 846 1695 917 virgulam;

94 933 386 999 virgulam
433 949 562 987 vero
609 934 870 989 directam
915 936 1073 1005 paulo
1108 948 1285 991 tamen
1317 938 1382 991 ad
1424 938 1699 992 dexteram

98 1022 460 1093 inclinatam,
481 1027 877 1096 supraposilam
903 1029 993 1081 tali
1013 1038 1211 1098 puncto
1228 1030 1292 1100 (ε)
1311 1045 1432 1085 esse
1458 1039 1698 1085 nostrum

96 1113 443 1167 semicnlon.
478 1113 604 1167 Solo
634 1126 890 1184 punctum
915 1120 1179 1188 superiori
1212 1120 1328 1175 loco
1360 1120 1591 1190 positum
1619 1128 1703 1174 est

95 1200 280 1255 colon
323 1211 587 1258 nostrum.
637 1204 835 1267 Quodsi
878 1207 1016 1261 infra
1062 1209 1161 1263 hoc
1189 1218 1446 1271 punctum
1493 1208 1701 1278 virgula

92 1302 346 1345 curvata
369 1294 655 1365 additur(’)
681 1298 967 1351 maximam
989 1299 1187 1354 indicat
1212 1300 1701 1371 interpunctiouem

100 1392 316 1437 nostro
340 1393 540 1453 puncto
575 1389 1019 1459 comparandum.
1072 1393 1439 1464 lutet-rogandi
1488 1394 1701 1465 signum

93 1469 131 1523 ς
128 1488 233 1529 ere
267 1475 484 1545 vulgare
510 1486 612 1532 est.

298 1562 425 1617 CAP.
460 1565 597 1617 V.--
618 1564 869 1636 Syntaxis
896 1569 1181 1639 singularis
1211 1572 1522 1642 exemplum.

183 1650 312 1705 Jam
359 1654 655 1726 colligenda
688 1673 809 1713 esse
840 1659 1111 1725 videntur,
1158 1676 1278 1730 quae
1321 1664 1387 1717 de
1434 1662 1723 1734 Misegone

96 1744 205 1797 hic
239 1744 511 1808 dicuntur.
557 1749 623 1802 ad
652 1750 953 1817 'personam
995 1751 1112 1821 ejus
1141 1752 1522 1808 deliniendam.
1556 1755 1698 1812 Laus

92 1832 237 1900 ejus
266 1843 412 1889 tanta
443 1839 546 1901 cst,
581 1848 640 1893 ut
680 1840 979 1896 adulatoris
1024 1842 1279 1910 quiddam
1330 1844 1597 1914 perpluat.
1628 1847 1700 1901 At

99 1940 183 1979 ne
217 1927 301 1983 sic
344 1929 559 1997 quidem
588 1932 765 1986 omnia
799 1934 1108 1988 conservari
1138 1944 1361 2004 possunt
1398 1950 1495 2004 pro
1545 1936 1701 1991 Mise-

91 2032 281 2086 gone,
315 2020 471 2073 modo
506 2023 813 2077 accuratius
837 2038 1029 2091 passus
1060 2025 1301 2094 epistolae
1334 2026 1458 2081 inde
1485 2042 1512 2080 a
1541 2042 1698 2082 versu

96 2107 168 2160 2|
209 2109 281 2163 ad
308 2109 378 2164 26
406 2114 769 2167 examinetur.
816 2114 946 2168 Mira
985 2117 1128 2170 enim
1179 2117 1271 2171 sed
1305 2133 1408 2171 non
1462 2119 1700 2174 inaudita

96 2213 313 2253 vocum
371 2212 452 2255 est
520 2201 805 2274 Synlaxis;
875 2207 1034 2261 modo
1102 2208 1332 2262 secunda
1382 2210 1529 2265 verbi
1581 2226 1701 2281 per-

102 2304 258 2343 sma
306 2291 530 2364 (regis),
582 2296 741 2350 molo
808 2298 964 2351 tertia
1027 2300 1266 2354 occurrit
1313 2300 1555 2371 (extitit),
1595 2319 1701 2358 uno

100 2382 422 2451 eodemque
458 2392 665 2440 tenore.
694 2386 879 2456 Neque
928 2398 1107 2445 tamen
1147 2393 1323 2459 primo
1366 2393 1557 2446 obtutu
1595 2394 1699 2447 alia

101 2474 301 2528 inesse
325 2475 538 2531 videtur
557 2492 784 2546 peisona
810 2494 874 2534 ac
900 2480 1113 2550 Misch.
1144 2481 1276 2535 Dum
1300 2498 1362 2537 ea
1381 2482 1699 2549 volutarem,

101 2575 168 2619 et
202 2566 353 2620 nullo
382 2569 541 2623 modo
572 2572 841 2638 quadrare
890 2572 1264 2641 intelligerem,
1320 2574 1536 2628 tandem
1570 2573 1702 2628 mihi

101 2657 269 2711 visus
291 2672 409 2712 sum
438 2659 595 2728 hujus
614 2660 899 2732 singularis
920 2663 995 2717 rei
1022 2678 1239 2718 causam
1262 2665 1444 2720 videre
1467 2666 1519 2719 in
1540 2666 1706 2720 auda-

104 2746 340 2801 cissima
371 2756 642 2805 structura
679 2767 839 2820 quam
881 2755 1220 2822 grammatici
1264 2754 1493 2825 Synesin
1529 2757 1705 2811 nomi-

101 2848 273 2893 naut.
306 2840 417 2908 Qua
446 2841 635 2913 Synesi
668 2843 719 2898 in
740 2860 893 2900 versu
923 2846 1053 2900 22ἀο
1082 2846 1384 2903 Pronomen
1413 2847 1698 2902 relativum

97 2932 210 3002 qui
241 2936 602 2990 antecendens
627 2936 787 2991 habet
816 2937 1031 2992 Patrem
1057 2953 1122 2992 ex
1155 2936 1702 3007 adjectivePaternis

104 3022 507 3091 supplendum;
556 3040 659 3094 qua
687 3027 801 3080 sola
831 3027 1042 3083 ratione
1070 3029 1251 3083 omnia
1282 3028 1486 3098 optime
1510 3028 1703 3083 intelli-

1801 569 2022 624 omnino
2045 569 2096 622 in
2126 567 2343 622 Polonia
2367 568 2637 637 principes
2667 568 2824 638 hujus
2850 567 3112 633 nominis;
3144 584 3374 637 quorum

1806 658 2016 723 tertius,
2048 658 2367 728 cognomine
2397 657 2572 712 Senex
2596 697 2611 723 ,
2644 657 2732 712 hic
2776 657 2923 713 nullo
2957 658 3115 713 modo
3149 658 3375 729 intelligi

1802 765 1960 819 posse
1991 750 2072 804 vel
2113 750 2237 805 inde
2283 758 2526 818 apparet,
2572 751 2714 818 quod
2767 764 2939 819 neque
2983 764 3218 818 unquam
3279 764 3373 803 rex

1804 842 2113 897 nominatus
2138 841 2229 905 sit,
2261 840 2413 908 cujus
2436 842 2510 895 rei
2541 842 2843 896 certissima
2874 842 3179 897 testimonia
3233 842 3377 912 apud

1802 946 1990 987 omnes
2033 933 2322 1002 scriptores
2369 941 2614 998 exstant;
2660 947 2835 1001 neque
2879 942 3035 1003 pater
3078 933 3194 1004 ejus
3255 934 3377 988 fons

1797 1022 2123 1079 Christiana:
2163 1022 2280 1077 lidei
2314 1024 2364 1078 iu
2399 1023 2617 1076 Polonia
2645 1026 2938 1093 nuncupari
2966 1026 3167 1094 possit;
3203 1041 3381 1095 neque

1806 1114 2020 1167 tandem
2052 1114 2165 1181 ipse
2190 1113 2389 1185 Misego
2419 1114 2483 1168 lll
2510 1114 2614 1168 ulla
2637 1113 2792 1169 laude
2813 1115 3006 1186 dignus
3030 1115 3212 1171 fuerit.
3240 1115 3380 1172 Nam

1804 1209 1977 1271 pater.
2004 1212 2289 1271 antequam
2328 1218 2359 1258 e
2387 1204 2496 1256 vita
2527 1203 2879 1269 discesserat,
2916 1203 3108 1259 dividit
3156 1219 3398 1275 regnum.

1806 1297 1947 1350 inter
1986 1297 2123 1351 ﬁlios
2148 1298 2407 1366 quinque,
2454 1308 2509 1353 et
2538 1296 2736 1352 Miesco
2763 1298 3214 1368 secunddgenitus
3261 1299 3401 1357 Dux.

1806 1385 1979 1442 laetus
2016 1395 2097 1442 est
2145 1403 2195 1442 a.
2229 1388 2373 1442 1159
2424 1388 2658 1459 regionis
2698 1388 3049 1443 occidentalis
3084 1389 3333 1459 (Gnesen
3359 1430 3378 1455 ,

1805 1476 1998 1541 Posen,
2041 1476 2256 1531 Kalisch
2285 1485 2337 1529 et
2366 1477 2800 1547 Pommeranite).
2837 1477 3211 1533 Gubernacula
3259 1481 3407 1549 quin

1807 1570 1927 1623 dem
1965 1569 2127 1623 totius
2155 1568 2386 1623 Polonite
2419 1571 2648 1639 regenda
2680 1569 2889 1638 accepit
2926 1583 3068 1623 anno
3098 1570 3255 1635 “7'5,
3285 1572 3383 1625 sed

1806 1659 1906 1713 sub
1957 1674 2083 1713 vero
2134 1659 2295 1714 Ducis
2337 1668 2545 1715 tanlmn
2604 1660 2777 1715 titulo.
2838 1661 3079 1729 Denique
3122 1664 3401 1732 expulsus

1809 1765 1950 1804 anno
1992 1750 2151 1816 “78,
2198 1752 2479 1807 restitutus
2525 1766 2667 1806 anno
2718 1752 2878 1817 1199,
2929 1753 3124 1806 iterum
3177 1753 3381 1823 eiectus

1801 1858 1944 1898 anno
1970 1842 2127 1908 l200,
2153 1842 2341 1898 ultimo
2359 1844 2477 1900 loco
2503 1845 2788 1900 restitutus
2811 1858 2953 1899 anno
2978 1844 3135 1911 1202,
3162 1848 3382 1911 tandem

1801 1933 2082 1987 defunctus
2106 1947 2248 1986 anno
2284 1933 2416 1989 l205
2440 1975 2455 1999 ,
2503 1934 2777 2005 singulare
2810 1936 3189 1994 imbecillitatis
3234 1938 3413 1994 dedit.-
3454 1968 3468 1983 ο

1800 2023 2121 2092 exemplum.

1909 2114 2036 2169 Car.
2073 2115 2252 2168 Vl|.—-
2284 2116 2478 2187 Misrgo
2522 2116 2547 2169 I
2594 2134 2623 2170 e
2660 2117 2888 2186 fontibus
2926 2116 3271 2172 Polonorum.

1846 2205 2087 2260 Primus
2118 2216 2294 2261 autem
2328 2207 2550 2276 Misego,
2611 2214 2771 2262 natus
2815 2208 3031 2276 quidem
3063 2224 3205 2263 anno
3234 2210 3327 2265 951
3363 2251 3379 2274 ,

1802 2296 1895 2348 sed
1926 2296 2104 2350 lumen
2137 2306 2294 2352 terrae
2324 2313 2427 2353 non
2460 2298 2676 2363 vidisse,
2710 2312 2884 2353 etecus
2919 2299 3062 2353 enim
3113 2300 3381 2365 extitisse,

1806 2387 2036 2457 ideoque
2061 2404 2279 2444 causam
2307 2392 2799 2464 nominiseouSque
2835 2393 3059 2450 inauditi
3113 2393 3296 2458 luisse,
3351 2411 3384 2449 a

1803 2477 1976 2547 gentis
2021 2478 2160 2533 illius
2225 2482 2582 2549 scriptoribus
2633 2474 2883 2540 traditur.
2932 2488 3192 2543 Procercs
3232 2488 3382 2542 enim

1806 2577 1953 2621 ratos
1987 2569 2307 2639 principem,
2332 2572 2612 2626 oculorum
2663 2574 2867 2632 lumine
2913 2578 3205 2645 privatum,
3240 2592 3404 2631 remm

1805 2660 2071 2729 puhlieam
2099 2660 2397 2732 gubernare
2426 2678 2531 2719 non
2574 2679 2751 2733 posse,
2797 2676 2853 2721 et
2891 2668 3402 2724 siceforercausam.

1806 2751 2213 2817 turbationum,
2262 2767 2382 2821 quae
2444 2753 2687 2823 polonice
2737 2755 2973 2814 llicsako
3004 2799 3019 2825 ,
3073 2757 3382 2827 germanice

1806 2837 2106 2909 Mischung,
2158 2840 2325 2897 latine
2367 2843 2557 2898 mixtio
2591 2855 2825 2913 sonant,
2870 2849 2971 2903 hoc
3020 2848 3069 2903 ei
3125 2847 3382 2902 indidisse

1806 2943 2002 2984 nomen
2033 2929 2141 3000 (2);
2182 2930 2425 3001 Septimo
2455 2948 2584 2990 vero
2613 2937 2790 2992 aetatis
2813 2952 2956 2993 anno
2999 2938 3257 2993 divinitus
3288 2953 3384 3007 per

1807 3021 2126 3076 miraculum
2158 3023 2336 3079 lumen
2360 3025 2638 3081 oculorum
2675 3038 2891 3083 nactum
2921 3045 3041 3085 esse
3070 3029 3145 3098 (5)
3165 3069 3180 3093 ,
3232 3028 3381 3083 Patri

103 3122 324 3185 guntur
373 3124 428 3169 et
476 3117 767 3186 quadrant.
810 3117 1065 3174 Fortasse
1118 3121 1352 3189 paternis
1396 3135 1495 3190 pro
1536 3121 1703 3188 ρηινῖε
1730 3134 1770 3190 C
1806 3109 2188 3176 Zemomislao,
2220 3122 2431 3167 mortuo
2454 3129 2597 3170 anno
2628 3116 2750 3181 964,
2780 3117 3107 3172 successisse
3154 3116 3383 3187 hlisego-

103 3205 353 3273 positum
383 3216 468 3259 est
496 3222 524 3259 a
551 3217 894 3275 correctore,
940 3210 1029 3278 qui
1066 3225 1170 3264 non
1228 3209 1359 3265 vidit
1416 3219 1538 3280 post
1577 3218 1700 3265 octo

103 3309 280 3349 voces
314 3311 546 3365 sequens
578 3297 860 3352 relativum
902 3302 1012 3370 qui.
1062 3299 1153 3355 Sic
1178 3301 1227 3353 in
1258 3299 1518 3354 Cicerone
1545 3299 1697 3354 Brut.

105 3384 189 3439 29
224 3402 236 3437 :
282 3386 349 3439 ad
378 3389 693 3441 senatoriam
721 3390 1068 3452 sententiam,
1091 3392 1244 3459 cujus
1272 3390 1359 3445 ille
1384 3399 1503 3448 erat
1556 3390 1704 3460 prin-

104 3490 249 3545 ceps
277 3477 327 3529 in
350 3476 473 3531 Liv.
506 3477 567 3532 ll.
601 3479 690 3534 53.
727 3478 912 3534 Veiens
944 3481 1142 3536 bellum
1182 3491 1467 3546 exortum,
1515 3482 1702 3552 quibus

108 3570 167 3622 in
201 3570 338 3624 C:es.
374 3570 500 3625 bell.
545 3571 763 3628 Gall.1.
802 3573 890 3628 40.
920 3574 1095 3628 servili
1147 3575 1405 3642 tumultu,
1450 3592 1579 3645 quos
1628 3576 1698 3630 cf.

107 3660 194 3716 ib.
226 3661 451 3733 llcrzog.

191 3752 464 3811 llabemus
489 3756 652 3825 igitur
678 3756 1004 3829 Misegonem
1023 3761 1291 3829 quendam
1316 3775 1517 3830 regem,
1548 3760 1701 3829 cujus

105 3854 267 3915 pater
290 3846 342 3900 in
366 3846 649 3919 Misegonis
667 3865 830 3919 regno
849 3852 1002 3921 quasi
1015 3851 1227 3921 quidam
1251 3851 1368 3906 l'ous
1383 3852 1703 3906 Christianas

104 3936 300 3990 extitit
344 3936 497 4002 lidei,
548 3946 604 3994 et
650 3940 911 3995 barbaras
956 3950 1143 4011 gentes
1185 3940 1328 3997 ferro
1376 3943 1442 3997 ad
1486 3956 1699 3998 cumam

108 4029 450 4084 dominicam
482 4032 824 4101 compulerit.

194 4119 320 4173 CAP.
357 4120 598 4177 νιν-θα
624 4122 889 4194 Misagene
927 4123 1048 4189 ΙΙΙ,
1100 4125 1423 4180 Polonorum
1470 4126 1625 4182 duce.

194 4206 367 4278 [leges
394 4210 691 4281 Misegones
713 4228 816 4266 non
843 4222 1155 4280 occurrunt,
1181 4215 1280 4270 nisi
1312 4217 1452 4285 apud
1484 4227 1700 4288 gentem

108 4297 472 4355 Lechiticam.
505 4296 744 4358 Dominis
769 4305 1150 4373 orthographia
1203 4307 1408 4366 variat:
1446 4306 1696 4375 Mieszko,

112 4388 355 4459 Menke,
381 4391 597 4460 Μίδεω,
634 4394 853 4465 Misego,
884 4394 1107 4460 Mesico,
1139 4394 1395 4464 Misacho,
1441 4397 1701 4453 Mtczces-

217 4568 572 4644 Ξὶ-Καάζιιὸλεις
600 4572 681 4626 ed.
715 4573 779 4625 ad
808 4572 942 4626 cale.
991 4572 1243 4644 editionis
1280 4573 1507 4644 Dlugosz
1546 4574 1696 4642 Lips.

111 4641 235 4713 gul.
262 4641 322 4694 ll.
353 4641 456 4695 col.
487 4641 612 4696 6M).
661 4643 1240 4713 commentator'ejusd.
1294 4641 1405 4699 ib.'
1429 4644 1534 4699 col.
1573 4641 1697 4701 6M.

110 4710 374 4777 Dlugosz,
403 4720 508 4766 etc.

218 4780 271 4834 ὅ)
301 4779 430 4833 Ibid.

301 4780 535 4925 Ἇῗιξιέοςη
566 4850 653 4904 ed.
683 4849 826 4919 Lips.
865 4852 968 4925 vol.
1003 4852 1057 4925 t_.
1099 4851 1202 4925 col.
1233 4852 1320 4925 89.
1368 4853 1433 4907 A.
1463 4853 1702 4925 (“mpel-

113 4919 394 4993 liusuerrat
419 4920 644 4993 paginas
675 4936 769 4993 pro
799 4920 1309 4993 columniscitans.)

198 4987 271 5064 (5)
304 4987 578 5064 pr’ellius
604 4989 799 5064 Gesch.
834 4991 1027 5045 Pulens
1074 4991 1264 5045 llatub.
1290 4987 1462 5048 ⁷1840.
1495 4994 1532 5047 Ι.
1574 5010 1693 5064 pag.

111 5057 249 5112 69.2.
273 5058 432 5113 talem
483 5059 789 5127 Opinionem
840 5070 1011 5114 ortam
1059 5076 1177 5114 esse
1226 5072 1412 5117 censet
1452 5077 1518 5116 ex
1564 5057 1699 5118 male

114 5127 536 5203 i_utelle_ct9_loco
567 5129 899 5203 Constantipi
920 5129 1355 5203 _Porpliyrog._d.
1389 5133 1537 5203 adm.
1565 5133 1693 5203 imp.

114 5200 233 5273 (np.
257 5198 339 5273 e_t|.
369 5197 565 5254 Meurs.
591 5213 642 5267 p.
669 5198 817 5273 127);
839 5197 1141 5273 Dobnerum
1167 5197 1244 5273 (et
1267 5197 1696 5273 Dobrowskium)

109 5266 230 5338 jam
270 5268 765 5338 demonstrasse‘in
795 5270 908 5338 .hac
939 5284 996 5323 re
1036 5266 1182 5322 nulla
1217 5269 1319 5324 [ide
1364 5272 1551 5338 dignos
1578 5266 1696 5327 esse

116 5313 777 5407 Ηέίέρξῖιὶῆὃιῖἧᾶἷιῗθέἱὲι
789 5313 871 5407 ξ’ρῗ
880 5313 996 5393 3⁵ῑῖ
1012 5313 1067 5391 li:
1076 5313 1177 5392 Eli.“
1188 5313 1342 5395 ιὲὶῑ.
1365 5313 1467 5395 ibi:
1476 5313 1698 5405 Etsi}:

118 5404 419 5481 govvskium
451 5407 503 5460 in
536 5406 769 5460 Moravia
799 5404 949 5481 saera
984 5408 1253 5481 (passim).
1304 5410 1446 5481 Idem
1483 5404 1697 5481 Rmpel-

118 5475 226 5530 lius
254 5486 398 5549 recte
419 5485 629 5549 monet,
659 5491 843 5549 servos
888 5475 1020 5549 (vel
1053 5475 1321 5549 captivos)
1356 5475 1694 5538 Christianos

120 5546 383 5615 quosdam
413 5545 526 5612 jam
575 5547 845 5601 exstitisse
886 5545 936 5599 in
985 5547 1224 5601 Polonia.
1260 5545 1508 5604 Attamen
1542 5554 1693 5607 multi

122 5615 451 5670 recentiores
466 5625 671 5685 putant,
690 5617 802 5684 jam
823 5616 1180 5671 Christianam
1207 5618 1362 5674 [idem
1393 5622 1443 5675 in
1471 5621 1690 5678 Polonia

122 5694 305 5756 notam
336 5694 389 5738 et
426 5695 771 5756 propagatam
825 5686 986 5740 fuisse
1038 5696 1163 5739 ante
1207 5689 1494 5744 adventum
1529 5693 1689 5745 Dam-

122 5753 385 5822 brmvkm;
414 5753 553 5810 inter
583 5753 717 5828 quos
743 5755 1076 5813 celeberrimi
1104 5757 1386 5830 Stransky,
1424 5759 1687 5830 Piasczlti,

1735 4513 1782 4568 D

1808 3214 1931 3254 nem
1964 3200 2210 3270 (4);jam
2252 3211 2383 3258 tunc
2428 3205 2634 3274 aliquot
2674 3207 2814 3263 inter
2851 3207 3121 3272 Polonos,
3178 3223 3382 3277 eosque

1807 3305 1911 3343 non
1940 3289 2124 3345 humili
2155 3292 2271 3347 loco
2313 3304 2489 3362 natos,
2516 3295 2680 3350 Deum
2728 3312 2915 3353 verum
2948 3299 3381 3355 Christianorum

1806 3385 2034 3441 coluisse
2072 3385 2180 3458 (5);
2218 3403 2318 3444 nec
2346 3397 2522 3445 tamen
2554 3405 2759 3446 moram
2792 3391 2995 3457 fuisse,
3040 3393 3167 3462 quin
3191 3407 3403 3447 omnes.

1808 3476 1920 3532 fere
1947 3476 2227 3533 Slavorum
2256 3489 2445 3551 gentes
2479 3481 2741 3537 idolorum
2771 3483 2938 3538 cultui
2969 3484 3378 3548 renuntiarent;

1807 3569 1893 3622 cui
1930 3570 2006 3622 rei
2035 3571 2377 3626 occasionem
2408 3570 2621 3628 dedisse
2651 3573 2744 3638 (ut
2774 3574 2920 3639 alibi,
2947 3574 3025 3629 sic
3056 3574 3193 3643 apud
3226 3573 3381 3628 Polo-

1807 3658 1950 3728 nos,)
1989 3656 2269 3715 {Geminam
2303 3663 2573 3731 quandam
2617 3662 3016 3729 Christianam;
3049 3663 3395 3736 Misegonem»

1806 3749 1947 3803 enim
1972 3750 2161 3805 ducem
2188 3752 2370 3823 (quem
2402 3768 2543 3823 saepe
2572 3770 2749 3826 regem
2780 3757 3105 3828 nominant),
3135 3765 3195 3812 ut
3243 3767 3381 3825 tum.

1806 3855 1956 3894 more
1980 3843 2177 3912 gentis,
2217 3843 2431 3911 licebat,
2481 3846 2743 3901 uxoribus
2788 3847 3063 3916 pluribus,
3107 3850 3381 3919 (septem,

1806 3945 2032 3986 numero
2076 3932 2263 3989 diebus
2302 3934 2652 3991 hehdomadae
2698 3946 2915 4008 aequato
2941 3977 2957 4003 ,
3008 3938 3393 4009 nominantur)

1806 4038 1959 4079 usum
1987 4038 2129 4090 esse,
2153 4036 2207 4081 et
2230 4028 2575 4084 nocturnales
2599 4029 2835 4086 variasse
2858 4033 3031 4096 vices;
3064 4034 3383 4101 posteritate

1808 4123 1983 4171 tamen
2006 4119 2274 4183 caruisse;
2290 4118 2656 4174 Christianum
2676 4120 2839 4189 igitur
2858 4124 3126 4191 quendam
3152 4122 3383 4192 principi

1804 4216 2049 4263 antorem
2095 4208 2291 4275 fuisse,
2343 4219 2425 4278 ut,
2475 4211 2771 4282 repudiatis
2817 4212 3126 4282 pellicibus,
3190 4230 3376 4279 unam,

1804 4312 2030 4368 eamque
2044 4300 2410 4356 Christianum
2442 4303 2665 4358 duceret
2695 4318 2951 4368 uxorem;
2984 4320 3152 4375 quare
3184 4305 3300 4361 fore
3322 4320 3380 4361 ut

1804 4389 1944 4446 Deus
1976 4390 2093 4460 ejus
2118 4402 2239 4447 vota
2273 4408 2378 4447 non
2408 4394 2559 4449 irrita
2585 4395 2833 4451 redderet
2858 4412 2872 4462 ;
2906 4395 3174 4466 placuisse
3198 4400 3383 4457 consit-

1811 4567 2171 4637 Dobrowsky,
2218 4567 2591 4625 Naruscewicz
2617 4610 2634 4635 ,
2681 4570 2910 4627 Lelewel
2938 4612 2952 4637 ,
3003 4571 3267 4629 Bandtkie
3326 4583 3395 4629 et

1803 4635 2011 4712 Friese.
2042 4635 2195 4707 Fugit
2218 4638 2707 4712 Rgipelliumillius
2741 4642 2836 4712 {cvi
2864 4635 3050 4712 (immo
3078 4652 3133 4697 et
3164 4644 3382 4698 hodier-

1804 4707 1928 4779 nus)
1962 4722 2096 4779 mos,
2126 4724 2233 4777 quo
2261 4707 2552 4764 Christiani
2583 4711 2759 4765 Latini
2785 4707 3004 4767 Graecos
3039 4713 3123 4767 vel
3167 4712 3377 4779 Slavos,

1802 4775 1974 4831 Graeci
2003 4793 2131 4833 vero
2146 4775 2243 4833 ﬁvel
2272 4778 2416 4836 Slavi
2444 4779 2665 4834 Latinos
2694 4780 2975 4837 dominare
3000 4782 3245 4837 solebant
3272 4775 3378 4837 non

1802 4846 2140 4931 Christianos
2182 4850 2278 4931 sed
2332 4864 2591 4931 paganos.
2624 4850 3000 4931 “Pugnabatnr
3047 4853 3309 4931 acerrime
3348 4868 3379 4905 a

1804 4931 1958 4989 mare
1983 4919 2265 4973 Adriatico
2314 4934 2484 4988 usque
2525 4920 2591 4972 ad
2622 4919 2884 4989 Balticutn
2914 4921 3026 4989 jam
3079 4931 3187 4975 tum
3241 4923 3381 4976 inter

1799 4988 2056 5042 ecclesias
2092 4989 2310 5042 latinam
2336 4999 2389 5042 et
2413 5004 2660 5058 graecam.
2692 4988 2765 5044 lbi
2794 4988 3055 5045 ﬂorebant
3083 5007 3187 5045 non
3222 4992 3399 5046 modo.

1800 5072 1948 5111 mere
1976 5074 2162 5126 μωρίη
2189 5067 2242 5112 et
2268 5073 2412 5111 mere
2443 5059 2640 5122 latina},
2670 5059 2766 5112 sed
2787 5061 2951 5114 etiam
2979 5063 3183 5124 mixtae,
3217 5071 3275 5114 ut
3304 5062 3378 5115 ita

1800 5126 1997 5190 dicam,
2026 5128 2287 5192 ecclesize;
2321 5129 2370 5182 id
2394 5139 2475 5182 est
2509 5128 2791 5182 Slavonica
2822 5130 3049 5185 ecclesia
3074 5131 3381 5186 Constanti-

1799 5197 2120 5270 nopolitano
2140 5197 2466 5270 Patriarcha:
2494 5199 2723 5270 obnoxia
2745 5237 2760 5261 ,
2782 5269 2785 5270 ν
2807 5208 2862 5254 et
2899 5200 3187 5255 Slavonica
3227 5216 3380 5270 papas

1799 5267 2053 5340 obnoxia.
2088 5267 2292 5340 Quibus
2319 5269 2569 5322 omnibus
2589 5267 2916 5340 Christianis
2948 5279 3003 5326 et
3040 5267 3381 5340 Latinipinri

1797 5335 2220 5411 etGrteci‘puri,
2253 5346 2409 5408 prout
2444 5348 2650 5406 tempus
2693 5338 2929 5404 ferebat,
2980 5356 3174 5411 nomen
3216 5335 3381 5411 paga-

1800 5422 1992 5479 norum
2044 5405 2397 5479 indiderunt,
2446 5420 2498 5461 et
2535 5405 2707 5479 quos,
2737 5424 2878 5479 novo
2930 5405 3252 5479 baptismate
3288 5405 3380 5466 'atl

1795 5476 1995 5547 Christi
2032 5477 2612 5547 lidemgconvertcndos
2633 5476 3059 5547 arbitrabantur.
3093 5480 3205 5547 Qua
3229 5483 3293 5535 de
3318 5496 3378 5534 re

1795 5546 1997 5619 optime
2038 5547 2149 5619 egit
2201 5545 2552 5619 Wienceslaus
2593 5546 2900 5619 Alexander
2943 5545 3291 5619 Maciejowski
3322 5551 3397 5611 in,

1796 5615 1933 5689 libro
1963 5633 1989 5689 ί
2026 5637 2043 5668 ι
2080 5615 2229 5689 Essai
2262 5617 2559 5689 historique
2589 5632 2683 5669 sur
2707 5617 2905 5689 l‘église
2933 5615 3249 5689 clirétienue
3276 5620 3375 5673 des

1792 5684 1932 5763 deus
1955 5687 2117 5763 _Ri_tes
2146 5688 2281 5763 che_z_
2315 5686 2634 5763 le_s_S|a_vcs,_
2659 5684 2858 5745 traditit
2887 5689 2956 5746 du
2989 5688 3237 5747 Polonais
3276 5704 3377 5763 par,

1793 5757 1984 5814 Sauvé.
2014 5757 2191 5833 Leipz.
2222 5756 2467 5813 llinrichs
2504 5756 2658 5816 1810.
2689 5776 2708 5810 ›

3370 5894 3395 5913 ι.
