  <div class='ocr_page' id='page_1' title='image "/cluster/home/n/w/nwhite01/storage/ocr_20150623/151/hvd.32044015473796/676.png"; bbox 0 0 3892 6318; ppageno 0'>
   <div class='ocr_carea' id='block_1_1' title="bbox 54 374 208 431">
    <p class='ocr_par' dir='ltr' id='par_1_1' title="bbox 54 374 208 431">
     <span class='ocr_line' id='line_1_1' title="bbox 54 374 208 431; baseline -0.006 0"><span class='ocrx_word' id='word_1_1' title='bbox 54 374 208 431; x_wconf 62' lang='grc'>1511</span> 
     </span>
    </p>
   </div>
   <div class='ocr_carea' id='block_1_2' title="bbox 1379 353 2160 419">
    <p class='ocr_par' dir='ltr' id='par_1_2' title="bbox 1379 353 2160 419">
     <span class='ocr_line' id='line_1_2' title="bbox 1379 353 2160 419; baseline -0.017 0"><span class='ocrx_word' id='word_1_2' title='bbox 1379 365 1436 419; x_wconf 92' lang='lat' dir='ltr'><strong>S.</strong></span> <span class='ocrx_word' id='word_1_3' title='bbox 1469 358 1842 417; x_wconf 79' lang='lat' dir='ltr'><strong>MATIIILDIS</strong></span> <span class='ocrx_word' id='word_1_4' title='bbox 1888 353 2160 412; x_wconf 65' lang='lat' dir='ltr'><strong>REGINA.</strong></span> 
     </span>
    </p>
   </div>
   <div class='ocr_carea' id='block_1_3' title="bbox 3223 351 3364 405">
    <p class='ocr_par' dir='ltr' id='par_1_3' title="bbox 3223 351 3364 405">
     <span class='ocr_line' id='line_1_3' title="bbox 3223 351 3364 405; baseline 0 0"><span class='ocrx_word' id='word_1_5' title='bbox 3223 351 3364 405; x_wconf 70' lang='grc'>1542</span> 
     </span>
    </p>
   </div>
   <div class='ocr_carea' id='block_1_4' title="bbox 53 455 3364 551">
    <p class='ocr_par' dir='ltr' id='par_1_4' title="bbox 53 455 3364 551">
     <span class='ocr_line' id='line_1_4' title="bbox 53 455 3364 551; baseline -0.008 -11"><span class='ocrx_word' id='word_1_6' title='bbox 53 488 131 542; x_wconf 85' lang='lat' dir='ltr'><strong>de</strong></span> <span class='ocrx_word' id='word_1_7' title='bbox 177 482 478 540; x_wconf 81' lang='lat' dir='ltr'><strong>nobilibus</strong></span> <span class='ocrx_word' id='word_1_8' title='bbox 501 479 815 551; x_wconf 89' lang='lat' dir='ltr'><strong>parentibus</strong></span> <span class='ocrx_word' id='word_1_9' title='bbox 839 494 1016 544; x_wconf 80' lang='lat' dir='ltr'><strong>orsus,</strong></span> <span class='ocrx_word' id='word_1_10' title='bbox 1047 477 1159 547; x_wconf 89' lang='lat' dir='ltr'><strong>qui,</strong></span> <span class='ocrx_word' id='word_1_11' title='bbox 1203 475 1360 546; x_wconf 88' lang='lat' dir='ltr'><strong>paulo</strong></span> <span class='ocrx_word' id='word_1_12' title='bbox 1400 483 1520 544; x_wconf 88' lang='lat' dir='ltr'><strong>post</strong></span> <span class='ocrx_word' id='word_1_13' title='bbox 1551 473 1682 526; x_wconf 86' lang='lat' dir='ltr'><strong>Pra-</strong></span> <span class='ocrx_word' id='word_1_14' title='bbox 1710 455 1755 510; x_wconf 80' lang='grc' dir='ltr'>Α</span> <span class='ocrx_word' id='word_1_15' title='bbox 1782 469 1892 526; x_wconf 89' lang='lat' dir='ltr'><strong>dio.</strong></span> <span class='ocrx_word' id='word_1_16' title='bbox 1926 466 2243 520; x_wconf 92' lang='lat' dir='ltr'><strong>orientalem</strong></span> <span class='ocrx_word' id='word_1_17' title='bbox 2290 464 2420 518; x_wconf 88' lang='lat' dir='ltr'><strong>adiit</strong></span> <span class='ocrx_word' id='word_1_18' title='bbox 2450 463 2798 534; x_wconf 35' lang='lat' dir='ltr'><strong>.Porussiam,</strong></span> <span class='ocrx_word' id='word_1_19' title='bbox 2830 462 2916 516; x_wconf 90' lang='lat' dir='ltr'><strong>ubi</strong></span> <span class='ocrx_word' id='word_1_20' title='bbox 2961 470 3079 532; x_wconf 90' lang='lat' dir='ltr'><strong>post</strong></span> <span class='ocrx_word' id='word_1_21' title='bbox 3123 462 3364 531; x_wconf 78' lang='lat' dir='ltr'><strong>repulsas</strong></span> 
     </span>
    </p>
   </div>
   <div class='ocr_carea' id='block_1_5' title="bbox 53 564 1681 646">
    <p class='ocr_par' dir='ltr' id='par_1_5' title="bbox 53 564 1681 646">
     <span class='ocr_line' id='line_1_5' title="bbox 53 564 1681 646; baseline -0.009 -15"><span class='ocrx_word' id='word_1_22' title='bbox 53 575 268 646; x_wconf 81' lang='lat' dir='ltr'><strong>gensis</strong></span> <span class='ocrx_word' id='word_1_23' title='bbox 301 575 595 644; x_wconf 81' lang='lat' dir='ltr'><strong>episcOpus</strong></span> <span class='ocrx_word' id='word_1_24' title='bbox 621 570 1008 626; x_wconf 78' lang='lat' dir='ltr'><strong>acclamatione</strong></span> <span class='ocrx_word' id='word_1_25' title='bbox 1038 569 1165 624; x_wconf 89' lang='lat' dir='ltr'><strong>cleri</strong></span> <span class='ocrx_word' id='word_1_26' title='bbox 1197 577 1250 623; x_wconf 85' lang='lat' dir='ltr'><strong>et</strong></span> <span class='ocrx_word' id='word_1_27' title='bbox 1275 565 1450 636; x_wconf 86' lang='lat' dir='ltr'><strong>populi</strong></span> <span class='ocrx_word' id='word_1_28' title='bbox 1476 564 1681 618; x_wconf 83' lang='lat' dir='ltr'><strong>electus</strong></span> 
     </span>
    </p>
   </div>
   <div class='ocr_carea' id='block_1_6' title="bbox 53 655 1680 736">
    <p class='ocr_par' dir='ltr' id='par_1_6' title="bbox 53 655 1680 736">
     <span class='ocr_line' id='line_1_6' title="bbox 53 655 1680 736; baseline -0.007 -16"><span class='ocrx_word' id='word_1_29' title='bbox 53 677 152 720; x_wconf 74' lang='lat' dir='ltr'><strong>est</strong></span> <span class='ocrx_word' id='word_1_30' title='bbox 203 665 359 736; x_wconf 73' lang='grc'>(47).</span> <span class='ocrx_word' id='word_1_31' title='bbox 405 663 594 717; x_wconf 79' lang='lat' dir='ltr'><strong>Verbis</strong></span> <span class='ocrx_word' id='word_1_32' title='bbox 623 660 1040 731; x_wconf 84' lang='lat' dir='ltr'><strong>praedecessoris</strong></span> <span class='ocrx_word' id='word_1_33' title='bbox 1082 667 1384 727; x_wconf 84' lang='lat' dir='ltr'><strong>correptus,</strong></span> <span class='ocrx_word' id='word_1_34' title='bbox 1429 655 1680 712; x_wconf 86' lang='lat' dir='ltr'><strong>omnibus</strong></span> 
     </span>
    </p>
   </div>
   <div class='ocr_carea' id='block_1_7' title="bbox 53 746 1680 843">
    <p class='ocr_par' dir='ltr' id='par_1_7' title="bbox 53 746 1680 843">
     <span class='ocr_line' id='line_1_7' title="bbox 53 746 1680 843; baseline -0.005 -35"><span class='ocrx_word' id='word_1_35' title='bbox 53 756 368 811; x_wconf 85' lang='lat' dir='ltr'><strong>deliciosis</strong></span> <span class='ocrx_word' id='word_1_36' title='bbox 421 755 556 809; x_wconf 87' lang='lat' dir='ltr'><strong>cibis</strong></span> <span class='ocrx_word' id='word_1_37' title='bbox 607 762 662 807; x_wconf 89' lang='lat' dir='ltr'><strong>et</strong></span> <span class='ocrx_word' id='word_1_38' title='bbox 713 752 952 808; x_wconf 77' lang='lat' dir='ltr'><strong>vestibus</strong></span> <span class='ocrx_word' id='word_1_39' title='bbox 1001 751 1247 843; x_wconf 57' lang='lat' dir='ltr'><strong>abiectis,</strong></span> <span class='ocrx_word' id='word_1_40' title='bbox 1291 759 1454 804; x_wconf 90' lang='lat' dir='ltr'><strong>noctu</strong></span> <span class='ocrx_word' id='word_1_41' title='bbox 1503 746 1680 802; x_wconf 90' lang='lat' dir='ltr'><strong>cilicio</strong></span> 
     </span>
    </p>
   </div>
   <div class='ocr_carea' id='block_1_8' title="bbox 53 837 1678 912">
    <p class='ocr_par' dir='ltr' id='par_1_8' title="bbox 53 837 1678 912">
     <span class='ocr_line' id='line_1_8' title="bbox 53 837 1678 912; baseline -0.007 -11"><span class='ocrx_word' id='word_1_42' title='bbox 53 861 310 901; x_wconf 81' lang='lat' dir='ltr'><strong>carnem</strong></span> <span class='ocrx_word' id='word_1_43' title='bbox 348 845 633 908; x_wconf 80' lang='lat' dir='ltr'><strong>amiciens,</strong></span> <span class='ocrx_word' id='word_1_44' title='bbox 678 852 838 912; x_wconf 88' lang='lat' dir='ltr'><strong>caput</strong></span> <span class='ocrx_word' id='word_1_45' title='bbox 880 856 1008 896; x_wconf 89' lang='lat' dir='ltr'><strong>vero</strong></span> <span class='ocrx_word' id='word_1_46' title='bbox 1033 837 1226 897; x_wconf 49' lang='lat' dir='ltr'><strong>einere‘</strong></span> <span class='ocrx_word' id='word_1_47' title='bbox 1263 854 1574 909; x_wconf 80' lang='lat' dir='ltr'><strong>aspergens,</strong></span> <span class='ocrx_word' id='word_1_48' title='bbox 1624 837 1678 891; x_wconf 90' lang='lat' dir='ltr'><strong>in</strong></span> 
     </span>
    </p>
   </div>
   <div class='ocr_carea' id='block_1_9' title="bbox 53 933 1675 997">
    <p class='ocr_par' dir='ltr' id='par_1_9' title="bbox 53 933 1675 997">
     <span class='ocr_line' id='line_1_9' title="bbox 53 933 1675 997; baseline -0.004 -6"><span class='ocrx_word' id='word_1_49' title='bbox 53 938 243 992; x_wconf 81' lang='lat' dir='ltr'><strong>aluzn</strong></span> <span class='ocrx_word' id='word_1_50' title='bbox 308 937 581 991; x_wconf 84' lang='lat' dir='ltr'><strong>hominem</strong></span> <span class='ocrx_word' id='word_1_51' title='bbox 635 951 702 990; x_wconf 80' lang='lat' dir='ltr'><strong>ex</strong></span> <span class='ocrx_word' id='word_1_52' title='bbox 760 934 927 990; x_wconf 87' lang='lat' dir='ltr'><strong>milite</strong></span> <span class='ocrx_word' id='word_1_53' title='bbox 987 953 1006 986; x_wconf 70' lang='grc' dir='ltr'><strong>ε</strong></span> <span class='ocrx_word' id='word_1_54' title='bbox 1050 933 1280 990; x_wconf 77' lang='lat' dir='ltr'><strong>delicato</strong></span> <span class='ocrx_word' id='word_1_55' title='bbox 1336 953 1355 985; x_wconf 73' lang='grc' dir='ltr'><strong><em>ι</em></strong></span> <span class='ocrx_word' id='word_1_56' title='bbox 1416 939 1675 997; x_wconf 89' lang='lat' dir='ltr'><strong>mutatus,</strong></span> 
     </span>
    </p>
   </div>
   <div class='ocr_carea' id='block_1_10' title="bbox 53 1016 1678 1096">
    <p class='ocr_par' dir='ltr' id='par_1_10' title="bbox 53 1016 1678 1096">
     <span class='ocr_line' id='line_1_10' title="bbox 53 1016 1678 1096; baseline -0.005 -15"><span class='ocrx_word' id='word_1_57' title='bbox 53 1029 262 1082; x_wconf 81' lang='lat' dir='ltr'><strong>omnia</strong></span> <span class='ocrx_word' id='word_1_58' title='bbox 316 1042 440 1096; x_wconf 74' lang='lat' dir='ltr'><strong>qua:</strong></span> <span class='ocrx_word' id='word_1_59' title='bbox 486 1016 739 1090; x_wconf 86' lang='lat' dir='ltr'><strong>habebat,</strong></span> <span class='ocrx_word' id='word_1_60' title='bbox 793 1024 846 1078; x_wconf 91' lang='lat' dir='ltr'><strong>in</strong></span> <span class='ocrx_word' id='word_1_61' title='bbox 890 1039 1110 1094; x_wconf 90' lang='lat' dir='ltr'><strong>egenos,</strong></span> <span class='ocrx_word' id='word_1_62' title='bbox 1141 1023 1370 1094; x_wconf 87' lang='lat' dir='ltr'><strong>pupillos</strong></span> <span class='ocrx_word' id='word_1_63' title='bbox 1397 1032 1452 1077; x_wconf 93' lang='lat' dir='ltr'><strong>et</strong></span> <span class='ocrx_word' id='word_1_64' title='bbox 1491 1023 1678 1075; x_wconf 87' lang='lat' dir='ltr'><strong>viduas</strong></span> 
     </span>
    </p>
   </div>
   <div class='ocr_carea' id='block_1_11' title="bbox 53 1112 1702 1188">
    <p class='ocr_par' dir='ltr' id='par_1_11' title="bbox 53 1112 1702 1188">
     <span class='ocr_line' id='line_1_11' title="bbox 53 1112 1702 1188; baseline -0.003 -17"><span class='ocrx_word' id='word_1_65' title='bbox 53 1118 334 1188; x_wconf 70' lang='lat' dir='ltr'><strong>erogavit</strong></span> <span class='ocrx_word' id='word_1_66' title='bbox 362 1115 495 1187; x_wconf 64' lang='grc'>(48).</span> <span class='ocrx_word' id='word_1_67' title='bbox 529 1117 632 1171; x_wconf 90' lang='lat' dir='ltr'><strong>Sed</strong></span> <span class='ocrx_word' id='word_1_68' title='bbox 663 1117 714 1170; x_wconf 93' lang='lat' dir='ltr'><strong>in</strong></span> <span class='ocrx_word' id='word_1_69' title='bbox 749 1116 942 1186; x_wconf 88' lang='lat' dir='ltr'><strong>popqu</strong></span> <span class='ocrx_word' id='word_1_70' title='bbox 972 1125 1080 1169; x_wconf 88' lang='lat' dir='ltr'><strong>tam</strong></span> <span class='ocrx_word' id='word_1_71' title='bbox 1119 1116 1348 1170; x_wconf 89' lang='lat' dir='ltr'><strong>barbaro</strong></span> <span class='ocrx_word' id='word_1_72' title='bbox 1380 1115 1521 1168; x_wconf 89' lang='lat' dir='ltr'><strong>ritus</strong></span> <span class='ocrx_word' id='word_1_73' title='bbox 1560 1112 1702 1168; x_wconf 76' lang='lat' dir='ltr'><strong>Sta--</strong></span> 
     </span>
    </p>
   </div>
   <div class='ocr_carea' id='block_1_12' title="bbox 53 1198 1678 1278">
    <p class='ocr_par' dir='ltr' id='par_1_12' title="bbox 53 1198 1678 1278">
     <span class='ocr_line' id='line_1_12' title="bbox 53 1198 1678 1278; baseline -0.002 -17"><span class='ocrx_word' id='word_1_74' title='bbox 53 1202 479 1278; x_wconf 70' lang='lat' dir='ltr'><strong>vonieo-graaci</strong></span> <span class='ocrx_word' id='word_1_75' title='bbox 533 1198 930 1274; x_wconf 85' lang='lat' dir='ltr'><strong>amantissimo,</strong></span> <span class='ocrx_word' id='word_1_76' title='bbox 983 1209 1055 1261; x_wconf 88' lang='lat' dir='ltr'><strong>nil</strong></span> <span class='ocrx_word' id='word_1_77' title='bbox 1084 1207 1262 1262; x_wconf 82' lang='lat' dir='ltr'><strong>verbis</strong></span> <span class='ocrx_word' id='word_1_78' title='bbox 1304 1207 1375 1259; x_wconf 92' lang='lat' dir='ltr'><strong>nil</strong></span> <span class='ocrx_word' id='word_1_79' title='bbox 1419 1204 1678 1274; x_wconf 77' lang='lat' dir='ltr'><strong>exemplis</strong></span> 
     </span>
    </p>
   </div>
   <div class='ocr_carea' id='block_1_13' title="bbox 53 1297 1678 1371">
    <p class='ocr_par' dir='ltr' id='par_1_13' title="bbox 53 1297 1678 1371">
     <span class='ocr_line' id='line_1_13' title="bbox 53 1297 1678 1371; baseline -0.002 -18"><span class='ocrx_word' id='word_1_80' title='bbox 53 1299 410 1370; x_wconf 84' lang='lat' dir='ltr'><strong>proficiebat</strong></span> <span class='ocrx_word' id='word_1_81' title='bbox 459 1299 804 1364; x_wconf 82' lang='lat' dir='ltr'><strong>Adalbertus,</strong></span> <span class='ocrx_word' id='word_1_82' title='bbox 835 1300 1133 1371; x_wconf 83' lang='lat' dir='ltr'><strong>principiis</strong></span> <span class='ocrx_word' id='word_1_83' title='bbox 1158 1298 1466 1354; x_wconf 83' lang='lat' dir='ltr'><strong>Occidentis</strong></span> <span class='ocrx_word' id='word_1_84' title='bbox 1505 1297 1678 1350; x_wconf 83' lang='lat' dir='ltr'><strong>imbu-</strong></span> 
     </span>
    </p>
   </div>
   <div class='ocr_carea' id='block_1_14' title="bbox 53 1387 1675 1466">
    <p class='ocr_par' dir='ltr' id='par_1_14' title="bbox 53 1387 1675 1466">
     <span class='ocr_line' id='line_1_14' title="bbox 53 1387 1675 1466; baseline -0.004 -18"><span class='ocrx_word' id='word_1_85' title='bbox 53 1406 195 1461; x_wconf 87' lang='lat' dir='ltr'><strong>tus;</strong></span> <span class='ocrx_word' id='word_1_86' title='bbox 250 1395 503 1466; x_wconf 91' lang='lat' dir='ltr'><strong>pluribus</strong></span> <span class='ocrx_word' id='word_1_87' title='bbox 549 1392 764 1464; x_wconf 82' lang='lat' dir='ltr'><strong>nempe,</strong></span> <span class='ocrx_word' id='word_1_88' title='bbox 813 1404 872 1449; x_wconf 92' lang='lat' dir='ltr'><strong>ut</strong></span> <span class='ocrx_word' id='word_1_89' title='bbox 919 1396 1087 1458; x_wconf 90' lang='lat' dir='ltr'><strong>aiunt,</strong></span> <span class='ocrx_word' id='word_1_90' title='bbox 1146 1392 1406 1446; x_wconf 73' lang='lat' dir='ltr'><strong>uxoribus</strong></span> <span class='ocrx_word' id='word_1_91' title='bbox 1456 1387 1675 1443; x_wconf 68' lang='lat' dir='ltr'><strong>Boize&#39;mi</strong></span> 
     </span>
    </p>
   </div>
   <div class='ocr_carea' id='block_1_15' title="bbox 53 1481 1678 1557">
    <p class='ocr_par' dir='ltr' id='par_1_15' title="bbox 53 1481 1678 1557">
     <span class='ocr_line' id='line_1_15' title="bbox 53 1481 1678 1557; baseline -0.004 -15"><span class='ocrx_word' id='word_1_92' title='bbox 53 1488 383 1542; x_wconf 74' lang='lat' dir='ltr'><strong>Christiani</strong></span> <span class='ocrx_word' id='word_1_93' title='bbox 425 1487 814 1553; x_wconf 85' lang='lat' dir='ltr'><strong>abolebantur;</strong></span> <span class='ocrx_word' id='word_1_94' title='bbox 865 1485 1092 1557; x_wconf 84' lang='lat' dir='ltr'><strong>gentiles</strong></span> <span class='ocrx_word' id='word_1_95' title='bbox 1122 1494 1176 1538; x_wconf 88' lang='lat' dir='ltr'><strong>et</strong></span> <span class='ocrx_word' id='word_1_96' title='bbox 1220 1483 1511 1554; x_wconf 61' lang='lat' dir='ltr'><strong>sacrilegos</strong></span> <span class='ocrx_word' id='word_1_97' title='bbox 1544 1481 1678 1535; x_wconf 81' lang='lat' dir='ltr'><strong>titus</strong></span> 
     </span>
    </p>
   </div>
   <div class='ocr_carea' id='block_1_16' title="bbox 53 1574 1678 1648">
    <p class='ocr_par' dir='ltr' id='par_1_16' title="bbox 53 1574 1678 1648">
     <span class='ocr_line' id='line_1_16' title="bbox 53 1574 1678 1648; baseline -0.004 -16"><span class='ocrx_word' id='word_1_98' title='bbox 53 1579 489 1648; x_wconf 84' lang='lat' dir='ltr'><strong>practicabant;</strong></span> <span class='ocrx_word' id='word_1_99' title='bbox 521 1579 764 1634; x_wconf 72' lang='lat' dir='ltr'><strong>subditos</strong></span> <span class='ocrx_word' id='word_1_100' title='bbox 790 1578 1057 1648; x_wconf 91' lang='lat' dir='ltr'><strong>proprios,</strong></span> <span class='ocrx_word' id='word_1_101' title='bbox 1087 1577 1225 1631; x_wconf 86' lang='lat' dir='ltr'><strong>filios</strong></span> <span class='ocrx_word' id='word_1_102' title='bbox 1259 1576 1504 1645; x_wconf 86' lang='lat' dir='ltr'><strong>filiasque</strong></span> <span class='ocrx_word' id='word_1_103' title='bbox 1525 1574 1678 1628; x_wconf 89' lang='lat' dir='ltr'><strong>Chri-</strong></span> 
     </span>
    </p>
   </div>
   <div class='ocr_carea' id='block_1_17' title="bbox 54 1662 1672 1742">
    <p class='ocr_par' dir='ltr' id='par_1_17' title="bbox 54 1662 1672 1742">
     <span class='ocr_line' id='line_1_17' title="bbox 54 1662 1672 1742; baseline -0.005 -18"><span class='ocrx_word' id='word_1_104' title='bbox 54 1671 141 1724; x_wconf 85' lang='lat' dir='ltr'><strong>sti</strong></span> <span class='ocrx_word' id='word_1_105' title='bbox 171 1662 504 1726; x_wconf 81' lang='lat' dir='ltr'><strong>charactere</strong></span> <span class='ocrx_word' id='word_1_106' title='bbox 536 1671 837 1742; x_wconf 89' lang='lat' dir='ltr'><strong>insignitos,</strong></span> <span class='ocrx_word' id='word_1_107' title='bbox 869 1670 1066 1725; x_wconf 68' lang='lat' dir='ltr'><strong>.Iudteis</strong></span> <span class='ocrx_word' id='word_1_108' title='bbox 1095 1671 1146 1724; x_wconf 91' lang='lat' dir='ltr'><strong>in</strong></span> <span class='ocrx_word' id='word_1_109' title='bbox 1186 1669 1499 1722; x_wconf 89' lang='lat' dir='ltr'><strong>servitutem</strong></span> <span class='ocrx_word' id='word_1_110' title='bbox 1535 1679 1672 1719; x_wconf 82' lang='lat' dir='ltr'><strong>ven-</strong></span> 
     </span>
    </p>
   </div>
   <div class='ocr_carea' id='block_1_18' title="bbox 54 1750 1674 1832">
    <p class='ocr_par' dir='ltr' id='par_1_18' title="bbox 54 1750 1674 1832">
     <span class='ocr_line' id='line_1_18' title="bbox 54 1750 1674 1832; baseline -0.004 -16"><span class='ocrx_word' id='word_1_111' title='bbox 54 1762 319 1828; x_wconf 77' lang='lat' dir='ltr'><strong>del-ant;</strong></span> <span class='ocrx_word' id='word_1_112' title='bbox 352 1750 466 1818; x_wconf 82' lang='lat' dir='ltr'><strong>fora</strong></span> <span class='ocrx_word' id='word_1_113' title='bbox 495 1763 686 1819; x_wconf 86' lang='lat' dir='ltr'><strong>diebus</strong></span> <span class='ocrx_word' id='word_1_114' title='bbox 709 1762 998 1818; x_wconf 87' lang='lat' dir='ltr'><strong>Dominicis</strong></span> <span class='ocrx_word' id='word_1_115' title='bbox 1023 1762 1467 1832; x_wconf 75' lang='lat' dir='ltr'><strong>frequentabant;</strong></span> <span class='ocrx_word' id='word_1_116' title='bbox 1496 1757 1674 1826; x_wconf 83' lang='lat' dir='ltr'><strong>sepul-</strong></span> 
     </span>
    </p>
   </div>
   <div class='ocr_carea' id='block_1_19' title="bbox 56 1853 1664 1926">
    <p class='ocr_par' dir='ltr' id='par_1_19' title="bbox 56 1853 1664 1926">
     <span class='ocr_line' id='line_1_19' title="bbox 56 1853 1664 1926; baseline -0.004 -18"><span class='ocrx_word' id='word_1_117' title='bbox 56 1863 236 1909; x_wconf 82' lang='lat' dir='ltr'><strong>turas</strong></span> <span class='ocrx_word' id='word_1_118' title='bbox 286 1856 341 1910; x_wconf 93' lang='lat' dir='ltr'><strong>in</strong></span> <span class='ocrx_word' id='word_1_119' title='bbox 374 1854 615 1924; x_wconf 85' lang='lat' dir='ltr'><strong>profanis</strong></span> <span class='ocrx_word' id='word_1_120' title='bbox 663 1855 938 1926; x_wconf 83' lang='lat' dir='ltr'><strong>cligebant</strong></span> <span class='ocrx_word' id='word_1_121' title='bbox 984 1854 1136 1919; x_wconf 90' lang='lat' dir='ltr'><strong>locis,</strong></span> <span class='ocrx_word' id='word_1_122' title='bbox 1164 1853 1304 1909; x_wconf 89' lang='lat' dir='ltr'><strong>etin</strong></span> <span class='ocrx_word' id='word_1_123' title='bbox 1353 1858 1664 1918; x_wconf 88' lang='lat' dir='ltr'><strong>contemptu</strong></span> 
     </span>
    </p>
   </div>
   <div class='ocr_carea' id='block_1_20' title="bbox 54 1941 1675 2014">
    <p class='ocr_par' dir='ltr' id='par_1_20' title="bbox 54 1941 1675 2014">
     <span class='ocr_line' id='line_1_20' title="bbox 54 1941 1675 2014; baseline -0.004 -14"><span class='ocrx_word' id='word_1_124' title='bbox 54 1948 360 2003; x_wconf 68' lang='lat' dir='ltr'><strong>hat-ebant</strong></span> <span class='ocrx_word' id='word_1_125' title='bbox 391 1962 606 2003; x_wconf 89' lang='lat' dir='ltr'><strong>omnem</strong></span> <span class='ocrx_word' id='word_1_126' title='bbox 654 1947 1047 2002; x_wconf 87' lang='lat' dir='ltr'><strong>correctionem</strong></span> <span class='ocrx_word' id='word_1_127' title='bbox 1076 1947 1142 2003; x_wconf 83' lang='lat' dir='ltr'><strong>ab</strong></span> <span class='ocrx_word' id='word_1_128' title='bbox 1177 1946 1430 2014; x_wconf 88' lang='lat' dir='ltr'><strong>episcopo</strong></span> <span class='ocrx_word' id='word_1_129' title='bbox 1463 1941 1675 1996; x_wconf 87' lang='lat' dir='ltr'><strong>adhibi-</strong></span> 
     </span>
    </p>
   </div>
   <div class='ocr_carea' id='block_1_21' title="bbox 57 2035 1676 2106">
    <p class='ocr_par' dir='ltr' id='par_1_21' title="bbox 57 2035 1676 2106">
     <span class='ocr_line' id='line_1_21' title="bbox 57 2035 1676 2106; baseline -0.004 -14"><span class='ocrx_word' id='word_1_130' title='bbox 57 2050 212 2094; x_wconf 81' lang='lat' dir='ltr'><strong>tam.</strong></span> <span class='ocrx_word' id='word_1_131' title='bbox 245 2039 363 2106; x_wconf 85' lang='lat' dir='ltr'><strong>Qua</strong></span> <span class='ocrx_word' id='word_1_132' title='bbox 391 2054 448 2094; x_wconf 91' lang='lat' dir='ltr'><strong>re</strong></span> <span class='ocrx_word' id='word_1_133' title='bbox 471 2040 663 2094; x_wconf 72' lang='lat' dir='ltr'><strong>ductus</strong></span> <span class='ocrx_word' id='word_1_134' title='bbox 685 2037 997 2094; x_wconf 79' lang='lat' dir='ltr'><strong>eathedram</strong></span> <span class='ocrx_word' id='word_1_135' title='bbox 1023 2052 1165 2091; x_wconf 91' lang='lat' dir='ltr'><strong>anno</strong></span> <span class='ocrx_word' id='word_1_136' title='bbox 1193 2036 1295 2092; x_wconf 88' lang='lat'><strong>989</strong></span> <span class='ocrx_word' id='word_1_137' title='bbox 1325 2035 1562 2091; x_wconf 82' lang='lat' dir='ltr'><strong>deseruit</strong></span> <span class='ocrx_word' id='word_1_138' title='bbox 1593 2035 1676 2087; x_wconf 88' lang='lat' dir='ltr'><strong>vir</strong></span> 
     </span>
    </p>
   </div>
   <div class='ocr_carea' id='block_1_22' title="bbox 57 2124 1696 2207">
    <p class='ocr_par' dir='ltr' id='par_1_22' title="bbox 57 2124 1696 2207">
     <span class='ocr_line' id='line_1_22' title="bbox 57 2124 1696 2207; baseline -0.004 -24"><span class='ocrx_word' id='word_1_139' title='bbox 57 2140 330 2196; x_wconf 74' lang='lat' dir='ltr'><strong>sanctus,</strong></span> <span class='ocrx_word' id='word_1_140' title='bbox 363 2139 438 2196; x_wconf 89' lang='lat' dir='ltr'><strong>et,</strong></span> <span class='ocrx_word' id='word_1_141' title='bbox 463 2129 894 2201; x_wconf 78' lang='lat' dir='ltr'><strong>Hierosolymam</strong></span> <span class='ocrx_word' id='word_1_142' title='bbox 923 2129 1214 2207; x_wconf 85' lang='lat' dir='ltr'><strong>invisurus,</strong></span> <span class='ocrx_word' id='word_1_143' title='bbox 1250 2127 1471 2181; x_wconf 81' lang='lat' dir='ltr'><strong>Romam</strong></span> <span class='ocrx_word' id='word_1_144' title='bbox 1496 2124 1696 2203; x_wconf 20' lang='lat' dir='ltr'><strong>petiit...</strong></span> 
     </span>
    </p>
   </div>
   <div class='ocr_carea' id='block_1_23' title="bbox 69 2217 1674 2288">
    <p class='ocr_par' dir='ltr' id='par_1_23' title="bbox 69 2217 1674 2288">
     <span class='ocr_line' id='line_1_23' title="bbox 69 2217 1674 2288; baseline -0.002 -13"><span class='ocrx_word' id='word_1_145' title='bbox 69 2223 208 2288; x_wconf 86' lang='lat' dir='ltr'><strong>Qua</strong></span> <span class='ocrx_word' id='word_1_146' title='bbox 244 2232 428 2277; x_wconf 88' lang='lat' dir='ltr'><strong>tamen</strong></span> <span class='ocrx_word' id='word_1_147' title='bbox 455 2224 506 2277; x_wconf 92' lang='lat' dir='ltr'><strong>in</strong></span> <span class='ocrx_word' id='word_1_148' title='bbox 541 2223 675 2278; x_wconf 90' lang='lat' dir='ltr'><strong>urbe</strong></span> <span class='ocrx_word' id='word_1_149' title='bbox 701 2222 1042 2276; x_wconf 88' lang='lat' dir='ltr'><strong>mansitcum</strong></span> <span class='ocrx_word' id='word_1_150' title='bbox 1075 2219 1240 2275; x_wconf 81' lang='lat' dir='ltr'><strong>fratre</strong></span> <span class='ocrx_word' id='word_1_151' title='bbox 1274 2250 1344 2264; x_wconf 81' lang='lat'><strong>--</strong></span> <span class='ocrx_word' id='word_1_152' title='bbox 1373 2219 1425 2272; x_wconf 89' lang='lat' dir='ltr'><strong>in</strong></span> <span class='ocrx_word' id='word_1_153' title='bbox 1459 2217 1674 2273; x_wconf 86' lang='lat' dir='ltr'><strong>Christo</strong></span> 
     </span>
    </p>
   </div>
   <div class='ocr_carea' id='block_1_24' title="bbox 59 2310 1672 2384">
    <p class='ocr_par' dir='ltr' id='par_1_24' title="bbox 59 2310 1672 2384">
     <span class='ocr_line' id='line_1_24' title="bbox 59 2310 1672 2384; baseline -0.001 -19"><span class='ocrx_word' id='word_1_154' title='bbox 59 2323 139 2366; x_wconf 88' lang='lat' dir='ltr'><strong>ut</strong></span> <span class='ocrx_word' id='word_1_155' title='bbox 187 2314 414 2383; x_wconf 89' lang='lat' dir='ltr'><strong>quidam</strong></span> <span class='ocrx_word' id='word_1_156' title='bbox 460 2313 650 2369; x_wconf 88' lang='lat' dir='ltr'><strong>volunt</strong></span> <span class='ocrx_word' id='word_1_157' title='bbox 697 2311 812 2384; x_wconf 71' lang='grc'>(49)</span> <span class='ocrx_word' id='word_1_158' title='bbox 860 2343 930 2351; x_wconf 95' lang='lat'><strong>—-</strong></span> <span class='ocrx_word' id='word_1_159' title='bbox 978 2311 1282 2367; x_wconf 84' lang='lat' dir='ltr'><strong>Gaudentio</strong></span> <span class='ocrx_word' id='word_1_160' title='bbox 1317 2310 1672 2365; x_wconf 80' lang='lat' dir='ltr'><strong>monasticam</strong></span> 
     </span>
    </p>
   </div>
   <div class='ocr_carea' id='block_1_25' title="bbox 59 2393 1694 2475">
    <p class='ocr_par' dir='ltr' id='par_1_25' title="bbox 59 2393 1694 2475">
     <span class='ocr_line' id='line_1_25' title="bbox 59 2393 1694 2475; baseline 0.001 -22"><span class='ocrx_word' id='word_1_161' title='bbox 59 2403 247 2457; x_wconf 79' lang='lat' dir='ltr'><strong>vitam</strong></span> <span class='ocrx_word' id='word_1_162' title='bbox 272 2403 461 2458; x_wconf 84' lang='lat' dir='ltr'><strong>colens</strong></span> <span class='ocrx_word' id='word_1_163' title='bbox 497 2402 631 2475; x_wconf 85' lang='lat'><strong>(50).</strong></span> <span class='ocrx_word' id='word_1_164' title='bbox 665 2402 885 2458; x_wconf 86' lang='lat' dir='ltr'><strong>Bohemi</strong></span> <span class='ocrx_word' id='word_1_165' title='bbox 913 2409 1130 2472; x_wconf 84' lang='lat' dir='ltr'><strong>propter</strong></span> <span class='ocrx_word' id='word_1_166' title='bbox 1157 2400 1435 2456; x_wconf 87' lang='lat' dir='ltr'><strong>Adalherti</strong></span> <span class='ocrx_word' id='word_1_167' title='bbox 1471 2393 1694 2456; x_wconf 51' lang='lat' dir='ltr'><strong>disces;</strong></span> 
     </span>
    </p>
   </div>
   <div class='ocr_carea' id='block_1_26' title="bbox 61 2491 1674 2562">
    <p class='ocr_par' dir='ltr' id='par_1_26' title="bbox 61 2491 1674 2562">
     <span class='ocr_line' id='line_1_26' title="bbox 61 2491 1674 2562; baseline -0.003 -12"><span class='ocrx_word' id='word_1_168' title='bbox 61 2511 204 2550; x_wconf 85' lang='lat' dir='ltr'><strong>sum</strong></span> <span class='ocrx_word' id='word_1_169' title='bbox 239 2495 294 2547; x_wconf 91' lang='lat' dir='ltr'><strong>in</strong></span> <span class='ocrx_word' id='word_1_170' title='bbox 349 2493 552 2548; x_wconf 87' lang='lat' dir='ltr'><strong>rabiem</strong></span> <span class='ocrx_word' id='word_1_171' title='bbox 583 2492 752 2558; x_wconf 87' lang='lat' dir='ltr'><strong>versi,</strong></span> <span class='ocrx_word' id='word_1_172' title='bbox 813 2493 874 2546; x_wconf 67' lang='lat' dir='ltr'><strong>in‘</strong></span> <span class='ocrx_word' id='word_1_173' title='bbox 913 2493 1152 2562; x_wconf 81' lang='lat' dir='ltr'><strong>quinque</strong></span> <span class='ocrx_word' id='word_1_174' title='bbox 1207 2492 1404 2546; x_wconf 65' lang='lat' dir='ltr'><strong>fratres</strong></span> <span class='ocrx_word' id='word_1_175' title='bbox 1429 2491 1566 2562; x_wconf 83' lang='lat' dir='ltr'><strong>ejus,</strong></span> <span class='ocrx_word' id='word_1_176' title='bbox 1619 2499 1674 2545; x_wconf 91' lang='lat' dir='ltr'><strong>et</strong></span> 
     </span>
    </p>
   </div>
   <div class='ocr_carea' id='block_1_27' title="bbox 62 2582 1670 2654">
    <p class='ocr_par' dir='ltr' id='par_1_27' title="bbox 62 2582 1670 2654">
     <span class='ocr_line' id='line_1_27' title="bbox 62 2582 1670 2654; baseline -0.004 -13"><span class='ocrx_word' id='word_1_177' title='bbox 62 2586 356 2654; x_wconf 81' lang='lat' dir='ltr'><strong>germanis</strong></span> <span class='ocrx_word' id='word_1_178' title='bbox 384 2597 436 2640; x_wconf 89' lang='lat' dir='ltr'><strong>et</strong></span> <span class='ocrx_word' id='word_1_179' title='bbox 467 2585 650 2640; x_wconf 88' lang='lat' dir='ltr'><strong>latinis</strong></span> <span class='ocrx_word' id='word_1_180' title='bbox 704 2585 969 2647; x_wconf 89' lang='lat' dir='ltr'><strong>faventes,</strong></span> <span class='ocrx_word' id='word_1_181' title='bbox 1021 2599 1298 2654; x_wconf 82' lang='lat' dir='ltr'><strong>genusque</strong></span> <span class='ocrx_word' id='word_1_182' title='bbox 1320 2592 1376 2638; x_wconf 90' lang='lat' dir='ltr'><strong>et</strong></span> <span class='ocrx_word' id='word_1_183' title='bbox 1417 2582 1670 2654; x_wconf 85' lang='lat' dir='ltr'><strong>patriam,</strong></span> 
     </span>
    </p>
   </div>
   <div class='ocr_carea' id='block_1_28' title="bbox 63 2673 1672 2746">
    <p class='ocr_par' dir='ltr' id='par_1_28' title="bbox 63 2673 1672 2746">
     <span class='ocr_line' id='line_1_28' title="bbox 63 2673 1672 2746; baseline -0.004 -15"><span class='ocrx_word' id='word_1_184' title='bbox 63 2677 256 2732; x_wconf 87' lang='lat' dir='ltr'><strong>Lubic</strong></span> <span class='ocrx_word' id='word_1_185' title='bbox 295 2677 570 2746; x_wconf 84' lang='lat' dir='ltr'><strong>oppidum,</strong></span> <span class='ocrx_word' id='word_1_186' title='bbox 613 2691 673 2731; x_wconf 90' lang='lat' dir='ltr'><strong>se</strong></span> <span class='ocrx_word' id='word_1_187' title='bbox 717 2683 959 2740; x_wconf 89' lang='lat' dir='ltr'><strong>vertunt,</strong></span> <span class='ocrx_word' id='word_1_188' title='bbox 1019 2675 1224 2729; x_wconf 86' lang='lat' dir='ltr'><strong>incclas</strong></span> <span class='ocrx_word' id='word_1_189' title='bbox 1279 2673 1568 2739; x_wconf 87' lang='lat' dir='ltr'><strong>trucidant,</strong></span> <span class='ocrx_word' id='word_1_190' title='bbox 1619 2681 1672 2726; x_wconf 87' lang='lat' dir='ltr'><strong>et</strong></span> 
     </span>
    </p>
   </div>
   <div class='ocr_carea' id='block_1_29' title="bbox 61 2758 1669 2838">
    <p class='ocr_par' dir='ltr' id='par_1_29' title="bbox 61 2758 1669 2838">
     <span class='ocr_line' id='line_1_29' title="bbox 61 2758 1669 2838; baseline -0.002 -17"><span class='ocrx_word' id='word_1_191' title='bbox 61 2767 336 2838; x_wconf 75' lang='lat' dir='ltr'><strong>oppidum</strong></span> <span class='ocrx_word' id='word_1_192' title='bbox 382 2765 619 2822; x_wconf 78' lang='lat' dir='ltr'><strong>exurunt</strong></span> <span class='ocrx_word' id='word_1_193' title='bbox 665 2766 802 2837; x_wconf 78' lang='lat' dir='ltr'><strong>(5i).</strong></span> <span class='ocrx_word' id='word_1_194' title='bbox 852 2764 1094 2820; x_wconf 77' lang='lat' dir='ltr'><strong>Instante</strong></span> <span class='ocrx_word' id='word_1_195' title='bbox 1131 2758 1444 2835; x_wconf 83' lang='lat' dir='ltr'><strong>Moguntino</strong></span> <span class='ocrx_word' id='word_1_196' title='bbox 1488 2763 1669 2819; x_wconf 88' lang='lat' dir='ltr'><strong>archi-</strong></span> 
     </span>
    </p>
   </div>
   <div class='ocr_carea' id='block_1_30' title="bbox 64 2856 1672 2929">
    <p class='ocr_par' dir='ltr' id='par_1_30' title="bbox 64 2856 1672 2929">
     <span class='ocr_line' id='line_1_30' title="bbox 64 2856 1672 2929; baseline -0.004 -15"><span class='ocrx_word' id='word_1_197' title='bbox 64 2861 360 2929; x_wconf 77' lang='lat' dir='ltr'><strong>episcopo,</strong></span> <span class='ocrx_word' id='word_1_198' title='bbox 386 2857 540 2926; x_wconf 82' lang='lat' dir='ltr'><strong>eujus</strong></span> <span class='ocrx_word' id='word_1_199' title='bbox 570 2857 952 2928; x_wconf 80' lang='lat' dir='ltr'><strong>suﬁ‘raganeus</strong></span> <span class='ocrx_word' id='word_1_200' title='bbox 979 2867 1104 2912; x_wconf 90' lang='lat' dir='ltr'><strong>tunc</strong></span> <span class='ocrx_word' id='word_1_201' title='bbox 1139 2866 1257 2912; x_wconf 89' lang='lat' dir='ltr'><strong>erat</strong></span> <span class='ocrx_word' id='word_1_202' title='bbox 1281 2856 1591 2926; x_wconf 85' lang='lat' dir='ltr'><strong>Pragensis,</strong></span> <span class='ocrx_word' id='word_1_203' title='bbox 1615 2863 1672 2908; x_wconf 93' lang='lat' dir='ltr'><strong>et</strong></span> 
     </span>
    </p>
   </div>
   <div class='ocr_carea' id='block_1_31' title="bbox 65 2946 1670 3018">
    <p class='ocr_par' dir='ltr' id='par_1_31' title="bbox 65 2946 1670 3018">
     <span class='ocr_line' id='line_1_31' title="bbox 65 2946 1670 3018; baseline -0.002 -13"><span class='ocrx_word' id='word_1_204' title='bbox 65 2960 338 3005; x_wconf 89' lang='lat' dir='ltr'><strong>monente</strong></span> <span class='ocrx_word' id='word_1_205' title='bbox 385 2949 645 3006; x_wconf 81' lang='lat' dir='ltr'><strong>Pontifice</strong></span> <span class='ocrx_word' id='word_1_206' title='bbox 673 2951 931 3013; x_wconf 80' lang='lat' dir='ltr'><strong>maximo,</strong></span> <span class='ocrx_word' id='word_1_207' title='bbox 957 2949 1185 3018; x_wconf 80' lang='lat' dir='ltr'><strong>Pragam</strong></span> <span class='ocrx_word' id='word_1_208' title='bbox 1208 2964 1345 3004; x_wconf 91' lang='lat' dir='ltr'><strong>cum</strong></span> <span class='ocrx_word' id='word_1_209' title='bbox 1363 2946 1670 3003; x_wconf 80' lang='lat' dir='ltr'><strong>Gaudentio</strong></span> 
     </span>
    </p>
   </div>
   <div class='ocr_carea' id='block_1_32' title="bbox 59 3038 1667 3110">
    <p class='ocr_par' dir='ltr' id='par_1_32' title="bbox 59 3038 1667 3110">
     <span class='ocr_line' id='line_1_32' title="bbox 59 3038 1667 3110; baseline -0.004 -13"><span class='ocrx_word' id='word_1_210' title='bbox 59 3051 144 3097; x_wconf 83' lang='lat' dir='ltr'><strong>et</strong></span> <span class='ocrx_word' id='word_1_211' title='bbox 171 3041 288 3096; x_wconf 87' lang='lat' dir='ltr'><strong>aliis</strong></span> <span class='ocrx_word' id='word_1_212' title='bbox 343 3041 472 3096; x_wconf 88' lang='lat' dir='ltr'><strong>viris</strong></span> <span class='ocrx_word' id='word_1_213' title='bbox 501 3040 604 3110; x_wconf 90' lang='lat' dir='ltr'><strong>piis</strong></span> <span class='ocrx_word' id='word_1_214' title='bbox 651 3053 792 3095; x_wconf 87' lang='lat' dir='ltr'><strong>anno</strong></span> <span class='ocrx_word' id='word_1_215' title='bbox 819 3038 925 3094; x_wconf 71' lang='grc'>994</span> <span class='ocrx_word' id='word_1_216' title='bbox 967 3040 1286 3104; x_wconf 83' lang='lat' dir='ltr'><strong>revertitur;</strong></span> <span class='ocrx_word' id='word_1_217' title='bbox 1334 3039 1427 3094; x_wconf 89' lang='lat' dir='ltr'><strong>sed</strong></span> <span class='ocrx_word' id='word_1_218' title='bbox 1471 3039 1667 3093; x_wconf 86' lang='lat' dir='ltr'><strong>iterum</strong></span> 
     </span>
    </p>
   </div>
   <div class='ocr_carea' id='block_1_33' title="bbox 67 3130 1665 3205">
    <p class='ocr_par' dir='ltr' id='par_1_33' title="bbox 67 3130 1665 3205">
     <span class='ocr_line' id='line_1_33' title="bbox 67 3130 1665 3205; baseline -0.004 -14"><span class='ocrx_word' id='word_1_219' title='bbox 67 3137 270 3191; x_wconf 77' lang='lat' dir='ltr'><strong>stem</strong></span> <span class='ocrx_word' id='word_1_220' title='bbox 298 3135 553 3205; x_wconf 88' lang='lat' dir='ltr'><strong>relinquit</strong></span> <span class='ocrx_word' id='word_1_221' title='bbox 576 3143 630 3190; x_wconf 90' lang='lat' dir='ltr'><strong>et</strong></span> <span class='ocrx_word' id='word_1_222' title='bbox 653 3134 981 3204; x_wconf 80' lang='lat' dir='ltr'><strong>Hungariam</strong></span> <span class='ocrx_word' id='word_1_223' title='bbox 1010 3134 1168 3204; x_wconf 77' lang='lat' dir='ltr'><strong>petit,</strong></span> <span class='ocrx_word' id='word_1_224' title='bbox 1193 3133 1418 3189; x_wconf 88' lang='lat' dir='ltr'><strong>verbum</strong></span> <span class='ocrx_word' id='word_1_225' title='bbox 1463 3133 1556 3186; x_wconf 88' lang='lat' dir='ltr'><strong>Dei</strong></span> <span class='ocrx_word' id='word_1_226' title='bbox 1588 3130 1665 3202; x_wconf 92' lang='lat' dir='ltr'><strong>(id</strong></span> 
     </span>
    </p>
   </div>
   <div class='ocr_carea' id='block_1_34' title="bbox 67 3226 1664 3297">
    <p class='ocr_par' dir='ltr' id='par_1_34' title="bbox 67 3226 1664 3297">
     <span class='ocr_line' id='line_1_34' title="bbox 67 3226 1664 3297; baseline -0.001 -15"><span class='ocrx_word' id='word_1_227' title='bbox 67 3238 174 3283; x_wconf 79' lang='lat' dir='ltr'><strong>cst</strong></span> <span class='ocrx_word' id='word_1_228' title='bbox 196 3229 348 3282; x_wconf 89' lang='lat' dir='ltr'><strong>ritum</strong></span> <span class='ocrx_word' id='word_1_229' title='bbox 382 3227 627 3297; x_wconf 90' lang='lat' dir='ltr'><strong>latinum)</strong></span> <span class='ocrx_word' id='word_1_230' title='bbox 663 3227 736 3282; x_wconf 92' lang='lat' dir='ltr'><strong>ibi</strong></span> <span class='ocrx_word' id='word_1_231' title='bbox 767 3236 1126 3297; x_wconf 88' lang='lat' dir='ltr'><strong>promoturus.</strong></span> <span class='ocrx_word' id='word_1_232' title='bbox 1173 3228 1330 3281; x_wconf 72' lang='lat' dir='ltr'><strong>Anno</strong></span> <span class='ocrx_word' id='word_1_233' title='bbox 1368 3226 1664 3292; x_wconf 82' lang='lat' dir='ltr'><strong>insequenti</strong></span> 
     </span>
    </p>
   </div>
   <div class='ocr_carea' id='block_1_35' title="bbox 73 3319 1665 3392">
    <p class='ocr_par' dir='ltr' id='par_1_35' title="bbox 73 3319 1665 3392">
     <span class='ocr_line' id='line_1_35' title="bbox 73 3319 1665 3392; baseline -0.001 -16"><span class='ocrx_word' id='word_1_234' title='bbox 73 3322 146 3376; x_wconf 85' lang='lat' dir='ltr'><strong>in</strong></span> <span class='ocrx_word' id='word_1_235' title='bbox 187 3319 456 3374; x_wconf 73' lang='lat' dir='ltr'><strong>Poioniam</strong></span> <span class='ocrx_word' id='word_1_236' title='bbox 505 3335 689 3376; x_wconf 86' lang='lat' dir='ltr'><strong>meare</strong></span> <span class='ocrx_word' id='word_1_237' title='bbox 765 3335 825 3376; x_wconf 90' lang='lat' dir='ltr'><strong>se</strong></span> <span class='ocrx_word' id='word_1_238' title='bbox 867 3319 1099 3392; x_wconf 79' lang='lat' dir='ltr'><strong>accingit</strong></span> <span class='ocrx_word' id='word_1_239' title='bbox 1145 3319 1212 3374; x_wconf 89' lang='lat' dir='ltr'><strong>ad</strong></span> <span class='ocrx_word' id='word_1_240' title='bbox 1261 3319 1588 3375; x_wconf 87' lang='lat' dir='ltr'><strong>Bolizlavum</strong></span> <span class='ocrx_word' id='word_1_241' title='bbox 1625 3321 1665 3383; x_wconf 92' lang='lat' dir='ltr'><strong>I,</strong></span> 
     </span>
    </p>
   </div>
   <div class='ocr_carea' id='block_1_36' title="bbox 69 3409 1663 3481">
    <p class='ocr_par' dir='ltr' id='par_1_36' title="bbox 69 3409 1663 3481">
     <span class='ocr_line' id='line_1_36' title="bbox 69 3409 1663 3481; baseline 0 -17"><span class='ocrx_word' id='word_1_242' title='bbox 69 3409 228 3479; x_wconf 83' lang='lat' dir='ltr'><strong>apud</strong></span> <span class='ocrx_word' id='word_1_243' title='bbox 254 3409 535 3479; x_wconf 86' lang='lat' dir='ltr'><strong>quemjam</strong></span> <span class='ocrx_word' id='word_1_244' title='bbox 571 3411 848 3481; x_wconf 89' lang='lat' dir='ltr'><strong>alius,-qui</strong></span> <span class='ocrx_word' id='word_1_245' title='bbox 879 3421 1182 3480; x_wconf 87' lang='lat' dir='ltr'><strong>supererat,</strong></span> <span class='ocrx_word' id='word_1_246' title='bbox 1216 3411 1386 3465; x_wconf 90' lang='lat' dir='ltr'><strong>frater</strong></span> <span class='ocrx_word' id='word_1_247' title='bbox 1408 3411 1663 3480; x_wconf 78' lang='lat' dir='ltr'><strong>degebat;</strong></span> 
     </span>
    </p>
   </div>
   <div class='ocr_carea' id='block_1_37' title="bbox 71 3502 1666 3575">
    <p class='ocr_par' dir='ltr' id='par_1_37' title="bbox 71 3502 1666 3575">
     <span class='ocr_line' id='line_1_37' title="bbox 71 3502 1666 3575; baseline 0 -19"><span class='ocrx_word' id='word_1_248' title='bbox 71 3519 285 3572; x_wconf 78' lang='lat' dir='ltr'><strong>magno</strong></span> <span class='ocrx_word' id='word_1_249' title='bbox 316 3504 514 3556; x_wconf 86' lang='lat' dir='ltr'><strong>honore</strong></span> <span class='ocrx_word' id='word_1_250' title='bbox 543 3502 766 3559; x_wconf 73' lang='lat' dir='ltr'><strong>affectus</strong></span> <span class='ocrx_word' id='word_1_251' title='bbox 797 3505 934 3575; x_wconf 69' lang='lat'><strong>(5:2),</strong></span> <span class='ocrx_word' id='word_1_252' title='bbox 968 3515 1021 3558; x_wconf 89' lang='lat' dir='ltr'><strong>et</strong></span> <span class='ocrx_word' id='word_1_253' title='bbox 1069 3505 1345 3559; x_wconf 69' lang='lat' dir='ltr'><strong>Cracovia:</strong></span> <span class='ocrx_word' id='word_1_254' title='bbox 1402 3505 1666 3574; x_wconf 85' lang='lat' dir='ltr'><strong>aliquam-</strong></span> 
     </span>
    </p>
   </div>
   <div class='ocr_carea' id='block_1_38' title="bbox 77 3594 1665 3665">
    <p class='ocr_par' dir='ltr' id='par_1_38' title="bbox 77 3594 1665 3665">
     <span class='ocr_line' id='line_1_38' title="bbox 77 3594 1665 3665; baseline 0.003 -19"><span class='ocrx_word' id='word_1_255' title='bbox 77 3595 184 3646; x_wconf 80' lang='lat' dir='ltr'><strong>diu</strong></span> <span class='ocrx_word' id='word_1_256' title='bbox 240 3605 491 3660; x_wconf 79' lang='lat' dir='ltr'><strong>nzoratus,</strong></span> <span class='ocrx_word' id='word_1_257' title='bbox 546 3595 725 3665; x_wconf 83' lang='lat' dir='ltr'><strong>lingua</strong></span> <span class='ocrx_word' id='word_1_258' title='bbox 756 3596 1066 3660; x_wconf 78' lang='lat' dir='ltr'><strong>Bohemiia,</strong></span> <span class='ocrx_word' id='word_1_259' title='bbox 1094 3611 1253 3665; x_wconf 91' lang='lat' dir='ltr'><strong>quam</strong></span> <span class='ocrx_word' id='word_1_260' title='bbox 1292 3594 1498 3660; x_wconf 71' lang='lat' dir='ltr'><strong>ineolze,</strong></span> <span class='ocrx_word' id='word_1_261' title='bbox 1527 3594 1665 3662; x_wconf 85' lang='lat' dir='ltr'><strong>ejus-</strong></span> 
     </span>
    </p>
   </div>
   <div class='ocr_carea' id='block_1_39' title="bbox 75 3685 1694 3759">
    <p class='ocr_par' dir='ltr' id='par_1_39' title="bbox 75 3685 1694 3759">
     <span class='ocr_line' id='line_1_39' title="bbox 75 3685 1694 3759; baseline 0.001 -21"><span class='ocrx_word' id='word_1_262' title='bbox 75 3685 212 3738; x_wconf 81' lang='lat' dir='ltr'><strong>dem</strong></span> <span class='ocrx_word' id='word_1_263' title='bbox 238 3687 456 3756; x_wconf 73' lang='lat' dir='ltr'><strong>originis</strong></span> <span class='ocrx_word' id='word_1_264' title='bbox 484 3695 539 3740; x_wconf 81' lang='lat' dir='ltr'><strong>et</strong></span> <span class='ocrx_word' id='word_1_265' title='bbox 560 3687 812 3742; x_wconf 88' lang='lat' dir='ltr'><strong>Bohcmis</strong></span> <span class='ocrx_word' id='word_1_266' title='bbox 841 3698 953 3742; x_wconf 90' lang='lat' dir='ltr'><strong>tum</strong></span> <span class='ocrx_word' id='word_1_267' title='bbox 1000 3689 1220 3753; x_wconf 72' lang='lat' dir='ltr'><strong>subditi,</strong></span> <span class='ocrx_word' id='word_1_268' title='bbox 1253 3689 1385 3744; x_wconf 84' lang='lat' dir='ltr'><strong>satis</strong></span> <span class='ocrx_word' id='word_1_269' title='bbox 1405 3687 1666 3756; x_wconf 83' lang='lat' dir='ltr'><strong>intellige-</strong></span> <span class='ocrx_word' id='word_1_270' title='bbox 1692 3757 1694 3759; x_wconf 93' lang='lat'><em>_</em></span> 
     </span>
    </p>
   </div>
   <div class='ocr_carea' id='block_1_40' title="bbox 80 3779 1665 3850">
    <p class='ocr_par' dir='ltr' id='par_1_40' title="bbox 80 3779 1665 3850">
     <span class='ocr_line' id='line_1_40' title="bbox 80 3779 1665 3850; baseline -0.001 -19"><span class='ocrx_word' id='word_1_271' title='bbox 80 3779 245 3840; x_wconf 61' lang='lat' dir='ltr'><strong>lrant,</strong></span> <span class='ocrx_word' id='word_1_272' title='bbox 273 3779 490 3834; x_wconf 72' lang='lat' dir='ltr'><strong>verbum</strong></span> <span class='ocrx_word' id='word_1_273' title='bbox 520 3779 636 3844; x_wconf 86' lang='lat' dir='ltr'><strong>Dei,</strong></span> <span class='ocrx_word' id='word_1_274' title='bbox 664 3779 715 3835; x_wconf 92' lang='lat' dir='ltr'><strong>id</strong></span> <span class='ocrx_word' id='word_1_275' title='bbox 745 3791 823 3833; x_wconf 87' lang='lat' dir='ltr'><strong>cst</strong></span> <span class='ocrx_word' id='word_1_276' title='bbox 857 3779 1128 3850; x_wconf 85' lang='lat' dir='ltr'><strong>liturgiam</strong></span> <span class='ocrx_word' id='word_1_277' title='bbox 1160 3779 1404 3844; x_wconf 82' lang='lat' dir='ltr'><strong>latinam,</strong></span> <span class='ocrx_word' id='word_1_278' title='bbox 1436 3779 1665 3833; x_wconf 88' lang='lat' dir='ltr'><strong>docebat</strong></span> 
     </span>
    </p>
   </div>
   <div class='ocr_carea' id='block_1_41' title="bbox 78 3864 1659 3939">
    <p class='ocr_par' dir='ltr' id='par_1_41' title="bbox 78 3864 1659 3939">
     <span class='ocr_line' id='line_1_41' title="bbox 78 3864 1659 3939; baseline -0.001 -15"><span class='ocrx_word' id='word_1_279' title='bbox 78 3879 142 3924; x_wconf 75' lang='lat' dir='ltr'><strong>et</strong></span> <span class='ocrx_word' id='word_1_280' title='bbox 166 3868 388 3922; x_wconf 80' lang='lat' dir='ltr'><strong>officium</strong></span> <span class='ocrx_word' id='word_1_281' title='bbox 424 3869 755 3924; x_wconf 82' lang='lat' dir='ltr'><strong>exsolvcbat.</strong></span> <span class='ocrx_word' id='word_1_282' title='bbox 790 3869 996 3925; x_wconf 75' lang='lat' dir='ltr'><strong>Dehinc</strong></span> <span class='ocrx_word' id='word_1_283' title='bbox 1020 3864 1387 3926; x_wconf 87' lang='lat' dir='ltr'><strong>Guesneniam</strong></span> <span class='ocrx_word' id='word_1_284' title='bbox 1413 3884 1659 3939; x_wconf 81' lang='lat' dir='ltr'><strong>pergens,</strong></span> 
     </span>
    </p>
   </div>
   <div class='ocr_carea' id='block_1_42' title="bbox 81 3961 1659 4033">
    <p class='ocr_par' dir='ltr' id='par_1_42' title="bbox 81 3961 1659 4033">
     <span class='ocr_line' id='line_1_42' title="bbox 81 3961 1659 4033; baseline 0.003 -19"><span class='ocrx_word' id='word_1_285' title='bbox 81 3961 160 4014; x_wconf 88' lang='lat' dir='ltr'><strong>ibi</strong></span> <span class='ocrx_word' id='word_1_286' title='bbox 219 3963 424 4016; x_wconf 89' lang='lat' dir='ltr'><strong>fratrem</strong></span> <span class='ocrx_word' id='word_1_287' title='bbox 481 3963 697 4026; x_wconf 69' lang='lat' dir='ltr'><strong>relinit</strong></span> <span class='ocrx_word' id='word_1_288' title='bbox 759 3963 1142 4026; x_wconf 78' lang='lat' dir='ltr'><strong>Gaudentium,</strong></span> <span class='ocrx_word' id='word_1_289' title='bbox 1192 3973 1248 4016; x_wconf 90' lang='lat' dir='ltr'><strong>ut</strong></span> <span class='ocrx_word' id='word_1_290' title='bbox 1287 3963 1506 4033; x_wconf 86' lang='lat' dir='ltr'><strong>quidam</strong></span> <span class='ocrx_word' id='word_1_291' title='bbox 1565 3978 1659 4018; x_wconf 87' lang='lat' dir='ltr'><strong>vo-</strong></span> 
     </span>
    </p>
   </div>
   <div class='ocr_carea' id='block_1_43' title="bbox 76 4045 1661 4120">
    <p class='ocr_par' dir='ltr' id='par_1_43' title="bbox 76 4045 1661 4120">
     <span class='ocr_line' id='line_1_43' title="bbox 76 4045 1661 4120; baseline 0.003 -16"><span class='ocrx_word' id='word_1_292' title='bbox 76 4053 206 4104; x_wconf 86' lang='lat' dir='ltr'><strong>lunt</strong></span> <span class='ocrx_word' id='word_1_293' title='bbox 230 4049 363 4120; x_wconf 78' lang='lat'><strong>(55);</strong></span> <span class='ocrx_word' id='word_1_294' title='bbox 405 4052 492 4105; x_wconf 83' lang='lat' dir='ltr'><strong>alii</strong></span> <span class='ocrx_word' id='word_1_295' title='bbox 524 4053 667 4106; x_wconf 84' lang='lat' dir='ltr'><strong>enim</strong></span> <span class='ocrx_word' id='word_1_296' title='bbox 695 4052 1054 4108; x_wconf 81' lang='lat' dir='ltr'><strong>Gaudentium</strong></span> <span class='ocrx_word' id='word_1_297' title='bbox 1086 4053 1293 4108; x_wconf 79' lang='lat' dir='ltr'><strong>fidelem</strong></span> <span class='ocrx_word' id='word_1_298' title='bbox 1321 4054 1371 4108; x_wconf 88' lang='lat' dir='ltr'><strong>in</strong></span> <span class='ocrx_word' id='word_1_299' title='bbox 1411 4045 1661 4110; x_wconf 82' lang='lat' dir='ltr'><strong>omnibus</strong></span> 
     </span>
    </p>
   </div>
   <div class='ocr_carea' id='block_1_44' title="bbox 82 4142 1486 4216">
    <p class='ocr_par' dir='ltr' id='par_1_44' title="bbox 82 4142 1486 4216">
     <span class='ocr_line' id='line_1_44' title="bbox 82 4142 1486 4216; baseline 0.001 -20"><span class='ocrx_word' id='word_1_300' title='bbox 82 4142 249 4196; x_wconf 84' lang='lat' dir='ltr'><strong>rebus</strong></span> <span class='ocrx_word' id='word_1_301' title='bbox 276 4143 473 4196; x_wconf 89' lang='lat' dir='ltr'><strong>socium</strong></span> <span class='ocrx_word' id='word_1_302' title='bbox 508 4142 672 4198; x_wconf 85' lang='lat' dir='ltr'><strong>fuisse</strong></span> <span class='ocrx_word' id='word_1_303' title='bbox 699 4144 755 4198; x_wconf 81' lang='lat' dir='ltr'><strong>S.</strong></span> <span class='ocrx_word' id='word_1_304' title='bbox 782 4145 988 4198; x_wconf 84' lang='lat' dir='ltr'><strong>Adalbe</strong></span> <span class='ocrx_word' id='word_1_305' title='bbox 1004 4145 1068 4197; x_wconf 91' lang='lat' dir='ltr'><strong>rti</strong></span> <span class='ocrx_word' id='word_1_306' title='bbox 1103 4145 1322 4198; x_wconf 87' lang='lat' dir='ltr'><strong>tradunt</strong></span> <span class='ocrx_word' id='word_1_307' title='bbox 1353 4144 1486 4216; x_wconf 74' lang='grc'>(54).</span> 
     </span>
    </p>
   </div>
   <div class='ocr_carea' id='block_1_45' title="bbox 157 4232 1659 4305">
    <p class='ocr_par' dir='ltr' id='par_1_45' title="bbox 157 4232 1659 4305">
     <span class='ocr_line' id='line_1_45' title="bbox 157 4232 1659 4305; baseline 0.003 -19"><span class='ocrx_word' id='word_1_308' title='bbox 157 4232 399 4289; x_wconf 85' lang='lat' dir='ltr'><strong>Porussis</strong></span> <span class='ocrx_word' id='word_1_309' title='bbox 423 4250 602 4289; x_wconf 87' lang='lat' dir='ltr'><strong>veram</strong></span> <span class='ocrx_word' id='word_1_310' title='bbox 628 4235 785 4290; x_wconf 85' lang='lat' dir='ltr'><strong>fidem</strong></span> <span class='ocrx_word' id='word_1_311' title='bbox 811 4235 1222 4305; x_wconf 68' lang='lat' dir='ltr'><strong>praedicaturus,</strong></span> <span class='ocrx_word' id='word_1_312' title='bbox 1258 4252 1395 4292; x_wconf 89' lang='lat' dir='ltr'><strong>nave</strong></span> <span class='ocrx_word' id='word_1_313' title='bbox 1423 4252 1453 4291; x_wconf 89' lang='lat' dir='ltr'><strong>a</strong></span> <span class='ocrx_word' id='word_1_314' title='bbox 1483 4237 1659 4292; x_wconf 88' lang='lat' dir='ltr'><strong>Boliz-</strong></span> 
     </span>
    </p>
   </div>
   <div class='ocr_carea' id='block_1_46' title="bbox 80 4326 1698 4397">
    <p class='ocr_par' dir='ltr' id='par_1_46' title="bbox 80 4326 1698 4397">
     <span class='ocr_line' id='line_1_46' title="bbox 80 4326 1698 4397; baseline 0.002 -18"><span class='ocrx_word' id='word_1_315' title='bbox 80 4327 215 4394; x_wconf 82' lang='lat' dir='ltr'><strong>lavo</strong></span> <span class='ocrx_word' id='word_1_316' title='bbox 259 4326 485 4382; x_wconf 89' lang='lat' dir='ltr'><strong>donatus</strong></span> <span class='ocrx_word' id='word_1_317' title='bbox 515 4337 571 4383; x_wconf 91' lang='lat' dir='ltr'><strong>et</strong></span> <span class='ocrx_word' id='word_1_318' title='bbox 593 4327 661 4381; x_wconf 75' lang='lat'><strong>50</strong></span> <span class='ocrx_word' id='word_1_319' title='bbox 695 4327 955 4383; x_wconf 87' lang='lat' dir='ltr'><strong>militibus</strong></span> <span class='ocrx_word' id='word_1_320' title='bbox 1001 4329 1254 4397; x_wconf 89' lang='lat' dir='ltr'><strong>stipatus,</strong></span> <span class='ocrx_word' id='word_1_321' title='bbox 1285 4329 1517 4397; x_wconf 90' lang='lat' dir='ltr'><strong>primum</strong></span> <span class='ocrx_word' id='word_1_322' title='bbox 1570 4345 1659 4382; x_wconf 90' lang='lat' dir='ltr'><strong>nr-</strong></span> <span class='ocrx_word' id='word_1_323' title='bbox 1695 4352 1698 4356; x_wconf 92' lang='grc'><strong>·</strong></span> 
     </span>
    </p>
   </div>
   <div class='ocr_carea' id='block_1_47' title="bbox 79 4415 1656 4488">
    <p class='ocr_par' dir='ltr' id='par_1_47' title="bbox 79 4415 1656 4488">
     <span class='ocr_line' id='line_1_47' title="bbox 79 4415 1656 4488; baseline 0.002 -17"><span class='ocrx_word' id='word_1_324' title='bbox 79 4415 455 4471; x_wconf 86' lang='lat' dir='ltr'><strong>bcmGedanie</strong></span> <span class='ocrx_word' id='word_1_325' title='bbox 493 4415 739 4488; x_wconf 86' lang='lat' dir='ltr'><strong>(Danzig)</strong></span> <span class='ocrx_word' id='word_1_326' title='bbox 775 4418 980 4488; x_wconf 87' lang='lat' dir='ltr'><strong>petivit,</strong></span> <span class='ocrx_word' id='word_1_327' title='bbox 1013 4417 1100 4472; x_wconf 90' lang='lat' dir='ltr'><strong>ubi</strong></span> <span class='ocrx_word' id='word_1_328' title='bbox 1138 4434 1366 4488; x_wconf 85' lang='lat' dir='ltr'><strong>magnus</strong></span> <span class='ocrx_word' id='word_1_329' title='bbox 1396 4434 1656 4475; x_wconf 89' lang='lat' dir='ltr'><strong>numerus</strong></span> 
     </span>
    </p>
   </div>
   <div class='ocr_carea' id='block_1_48' title="bbox 1782 552 3363 630">
    <p class='ocr_par' dir='ltr' id='par_1_48' title="bbox 1782 552 3363 630">
     <span class='ocr_line' id='line_1_48' title="bbox 1782 552 3363 630; baseline -0.004 -19"><span class='ocrx_word' id='word_1_330' title='bbox 1782 559 2061 630; x_wconf 87' lang='lat' dir='ltr'><strong>plurimas,</strong></span> <span class='ocrx_word' id='word_1_331' title='bbox 2082 571 2296 610; x_wconf 85' lang='lat' dir='ltr'><strong>sacrum</strong></span> <span class='ocrx_word' id='word_1_332' title='bbox 2326 556 2719 611; x_wconf 86' lang='lat' dir='ltr'><strong>Germanorum</strong></span> <span class='ocrx_word' id='word_1_333' title='bbox 2741 555 2915 607; x_wconf 88' lang='lat' dir='ltr'><strong>lucum</strong></span> <span class='ocrx_word' id='word_1_334' title='bbox 2949 552 3260 622; x_wconf 54' lang='lat' dir='ltr'><strong>profanatis,</strong></span> <span class='ocrx_word' id='word_1_335' title='bbox 3294 554 3363 605; x_wconf 88' lang='lat' dir='ltr'><strong>ab</strong></span> 
     </span>
    </p>
   </div>
   <div class='ocr_carea' id='block_1_49' title="bbox 1784 643 3360 718">
    <p class='ocr_par' dir='ltr' id='par_1_49' title="bbox 1784 643 3360 718">
     <span class='ocr_line' id='line_1_49' title="bbox 1784 643 3360 718; baseline -0.006 -13"><span class='ocrx_word' id='word_1_336' title='bbox 1784 649 2045 705; x_wconf 88' lang='lat' dir='ltr'><strong>idolorum</strong></span> <span class='ocrx_word' id='word_1_337' title='bbox 2072 649 2350 702; x_wconf 90' lang='lat' dir='ltr'><strong>sacerdote</strong></span> <span class='ocrx_word' id='word_1_338' title='bbox 2378 657 2582 718; x_wconf 86' lang='lat' dir='ltr'><strong>septem</strong></span> <span class='ocrx_word' id='word_1_339' title='bbox 2631 646 2943 700; x_wconf 89' lang='lat' dir='ltr'><strong>vulneribus</strong></span> <span class='ocrx_word' id='word_1_340' title='bbox 2985 643 3209 697; x_wconf 79' lang='lat' dir='ltr'><strong>affectus</strong></span> <span class='ocrx_word' id='word_1_341' title='bbox 3241 653 3360 695; x_wconf 86' lang='lat' dir='ltr'><strong>tan-</strong></span> 
     </span>
    </p>
   </div>
   <div class='ocr_carea' id='block_1_50' title="bbox 1782 734 3363 807">
    <p class='ocr_par' dir='ltr' id='par_1_50' title="bbox 1782 734 3363 807">
     <span class='ocr_line' id='line_1_50' title="bbox 1782 734 3363 807; baseline -0.005 -12"><span class='ocrx_word' id='word_1_342' title='bbox 1782 741 1903 795; x_wconf 87' lang='lat' dir='ltr'><strong>dem</strong></span> <span class='ocrx_word' id='word_1_343' title='bbox 1957 739 2096 793; x_wconf 89' lang='lat' dir='ltr'><strong>diem</strong></span> <span class='ocrx_word' id='word_1_344' title='bbox 2152 737 2286 792; x_wconf 88' lang='lat' dir='ltr'><strong>obiit</strong></span> <span class='ocrx_word' id='word_1_345' title='bbox 2339 752 2648 807; x_wconf 89' lang='lat' dir='ltr'><strong>supremum</strong></span> <span class='ocrx_word' id='word_1_346' title='bbox 2690 752 2853 806; x_wconf 85' lang='lat' dir='ltr'><strong>prope</strong></span> <span class='ocrx_word' id='word_1_347' title='bbox 2890 734 3193 796; x_wconf 59' lang='lat' dir='ltr'><strong>Tenkideu,</strong></span> <span class='ocrx_word' id='word_1_348' title='bbox 3220 734 3363 802; x_wconf 88' lang='lat' dir='ltr'><strong>quod</strong></span> 
     </span>
    </p>
   </div>
   <div class='ocr_carea' id='block_1_51' title="bbox 1781 825 3363 890">
    <p class='ocr_par' dir='ltr' id='par_1_51' title="bbox 1781 825 3363 890">
     <span class='ocr_line' id='line_1_51' title="bbox 1781 825 3363 890; baseline -0.004 -6"><span class='ocrx_word' id='word_1_349' title='bbox 1781 830 1922 885; x_wconf 90' lang='lat' dir='ltr'><strong>inter</strong></span> <span class='ocrx_word' id='word_1_350' title='bbox 1961 829 2122 883; x_wconf 86' lang='lat' dir='ltr'><strong>urbes</strong></span> <span class='ocrx_word' id='word_1_351' title='bbox 2151 827 2517 882; x_wconf 88' lang='lat' dir='ltr'><strong>Fischhansen</strong></span> <span class='ocrx_word' id='word_1_352' title='bbox 2544 836 2601 881; x_wconf 89' lang='lat' dir='ltr'><strong>et</strong></span> <span class='ocrx_word' id='word_1_353' title='bbox 2628 827 2797 880; x_wconf 75' lang='lat' dir='ltr'><strong>I’illau</strong></span> <span class='ocrx_word' id='word_1_354' title='bbox 2832 828 2994 881; x_wconf 91' lang='lat' dir='ltr'><strong>situm</strong></span> <span class='ocrx_word' id='word_1_355' title='bbox 3016 837 3121 890; x_wconf 74' lang='lat' dir='ltr'><strong>est,</strong></span> <span class='ocrx_word' id='word_1_356' title='bbox 3151 825 3363 880; x_wconf 88' lang='lat' dir='ltr'><strong>decimo</strong></span> 
     </span>
    </p>
   </div>
   <div class='ocr_carea' id='block_1_52' title="bbox 1779 917 3362 987">
    <p class='ocr_par' dir='ltr' id='par_1_52' title="bbox 1779 917 3362 987">
     <span class='ocr_line' id='line_1_52' title="bbox 1779 917 3362 987; baseline -0.005 -9"><span class='ocrx_word' id='word_1_357' title='bbox 1779 922 2045 978; x_wconf 82' lang='lat' dir='ltr'><strong>Calendas</strong></span> <span class='ocrx_word' id='word_1_358' title='bbox 2093 921 2261 974; x_wconf 88' lang='lat' dir='ltr'><strong>Maias</strong></span> <span class='ocrx_word' id='word_1_359' title='bbox 2305 920 2429 973; x_wconf 87' lang='lat' dir='ltr'><strong>anni</strong></span> <span class='ocrx_word' id='word_1_360' title='bbox 2477 919 2598 974; x_wconf 87' lang='lat'>997.</span> <span class='ocrx_word' id='word_1_361' title='bbox 2639 919 2782 974; x_wconf 89' lang='lat' dir='ltr'><strong>Socii</strong></span> <span class='ocrx_word' id='word_1_362' title='bbox 2811 919 2952 987; x_wconf 90' lang='lat' dir='ltr'><strong>capti</strong></span> <span class='ocrx_word' id='word_1_363' title='bbox 2995 919 3232 986; x_wconf 84' lang='lat' dir='ltr'><strong>quidem,</strong></span> <span class='ocrx_word' id='word_1_364' title='bbox 3266 917 3362 971; x_wconf 87' lang='lat' dir='ltr'><strong>sed</strong></span> 
     </span>
    </p>
   </div>
   <div class='ocr_carea' id='block_1_53' title="bbox 1779 1009 3363 1085">
    <p class='ocr_par' dir='ltr' id='par_1_53' title="bbox 1779 1009 3363 1085">
     <span class='ocr_line' id='line_1_53' title="bbox 1779 1009 3363 1085; baseline -0.005 -15"><span class='ocrx_word' id='word_1_365' title='bbox 1779 1015 1989 1070; x_wconf 89' lang='lat' dir='ltr'><strong>remissi</strong></span> <span class='ocrx_word' id='word_1_366' title='bbox 2022 1013 2159 1085; x_wconf 81' lang='grc'>(55).</span> <span class='ocrx_word' id='word_1_367' title='bbox 2187 1011 2396 1082; x_wconf 91' lang='lat' dir='ltr'><strong>Corpus</strong></span> <span class='ocrx_word' id='word_1_368' title='bbox 2430 1026 2558 1066; x_wconf 84' lang='lat' dir='ltr'><strong>vero</strong></span> <span class='ocrx_word' id='word_1_369' title='bbox 2591 1011 2650 1066; x_wconf 88' lang='lat' dir='ltr'><strong>S.</strong></span> <span class='ocrx_word' id='word_1_370' title='bbox 2685 1012 2938 1083; x_wconf 77' lang='lat' dir='ltr'><strong>Martyris</strong></span> <span class='ocrx_word' id='word_1_371' title='bbox 2964 1010 3264 1065; x_wconf 87' lang='lat' dir='ltr'><strong>Bolizlavus</strong></span> <span class='ocrx_word' id='word_1_372' title='bbox 3289 1009 3308 1063; x_wconf 94' lang='lat' dir='ltr'><strong>l</strong></span> <span class='ocrx_word' id='word_1_373' title='bbox 3331 1023 3363 1062; x_wconf 91' lang='lat' dir='ltr'><strong>a</strong></span> 
     </span>
    </p>
   </div>
   <div class='ocr_carea' id='block_1_54' title="bbox 1779 1101 3438 1158">
    <p class='ocr_par' dir='ltr' id='par_1_54' title="bbox 1779 1101 3438 1158">
     <span class='ocr_line' id='line_1_54' title="bbox 1779 1101 3438 1158; baseline -0.004 -1"><span class='ocrx_word' id='word_1_374' title='bbox 1779 1101 2029 1158; x_wconf 83' lang='lat' dir='ltr'><strong>Porussis</strong></span> <span class='ocrx_word' id='word_1_375' title='bbox 2057 1103 2254 1156; x_wconf 89' lang='lat' dir='ltr'><strong>emisse</strong></span> <span class='ocrx_word' id='word_1_376' title='bbox 2300 1101 2550 1154; x_wconf 89' lang='lat' dir='ltr'><strong>traditur.</strong></span> <span class='ocrx_word' id='word_1_377' title='bbox 2596 1101 2813 1155; x_wconf 80' lang='lat' dir='ltr'><strong>Addunt</strong></span> <span class='ocrx_word' id='word_1_378' title='bbox 2849 1101 3107 1156; x_wconf 89' lang='lat' dir='ltr'><strong>barbaros</strong></span> <span class='ocrx_word' id='word_1_379' title='bbox 3153 1108 3360 1154; x_wconf 88' lang='lat' dir='ltr'><strong>tantum</strong></span> <span class='ocrx_word' id='word_1_380' title='bbox 3429 1131 3438 1143; x_wconf 66' lang='lat'><em>.</em></span> 
     </span>
    </p>
   </div>
   <div class='ocr_carea' id='block_1_55' title="bbox 1779 1190 3362 1265">
    <p class='ocr_par' dir='ltr' id='par_1_55' title="bbox 1779 1190 3362 1265">
     <span class='ocr_line' id='line_1_55' title="bbox 1779 1190 3362 1265; baseline -0.003 -17"><span class='ocrx_word' id='word_1_381' title='bbox 1779 1195 1986 1264; x_wconf 79' lang='lat' dir='ltr'><strong>argenti</strong></span> <span class='ocrx_word' id='word_1_382' title='bbox 2029 1193 2141 1265; x_wconf 75' lang='grc'>(56)</span> <span class='ocrx_word' id='word_1_383' title='bbox 2172 1193 2383 1261; x_wconf 91' lang='lat' dir='ltr'><strong>pondus</strong></span> <span class='ocrx_word' id='word_1_384' title='bbox 2415 1191 2736 1262; x_wconf 88' lang='lat' dir='ltr'><strong>postulasse.</strong></span> <span class='ocrx_word' id='word_1_385' title='bbox 2777 1192 2959 1261; x_wconf 88' lang='lat' dir='ltr'><strong>quanti</strong></span> <span class='ocrx_word' id='word_1_386' title='bbox 2995 1200 3135 1246; x_wconf 90' lang='lat' dir='ltr'><strong>esset</strong></span> <span class='ocrx_word' id='word_1_387' title='bbox 3176 1190 3362 1245; x_wconf 87' lang='lat' dir='ltr'><strong>Sancti</strong></span> 
     </span>
    </p>
   </div>
   <div class='ocr_carea' id='block_1_56' title="bbox 1779 1282 3366 1354">
    <p class='ocr_par' dir='ltr' id='par_1_56' title="bbox 1779 1282 3366 1354">
     <span class='ocr_line' id='line_1_56' title="bbox 1779 1282 3366 1354; baseline 0 -19"><span class='ocrx_word' id='word_1_388' title='bbox 1779 1295 1996 1350; x_wconf 79' lang='lat' dir='ltr'><strong>corpus,</strong></span> <span class='ocrx_word' id='word_1_389' title='bbox 2027 1293 2081 1339; x_wconf 87' lang='lat' dir='ltr'><strong>et</strong></span> <span class='ocrx_word' id='word_1_390' title='bbox 2107 1283 2368 1338; x_wconf 89' lang='lat' dir='ltr'><strong>miraculo</strong></span> <span class='ocrx_word' id='word_1_391' title='bbox 2395 1285 2610 1354; x_wconf 88' lang='lat' dir='ltr'><strong>perleve</strong></span> <span class='ocrx_word' id='word_1_392' title='bbox 2660 1284 2711 1338; x_wconf 90' lang='lat' dir='ltr'><strong>id</strong></span> <span class='ocrx_word' id='word_1_393' title='bbox 2763 1285 3034 1337; x_wconf 87' lang='lat' dir='ltr'><strong>inventum</strong></span> <span class='ocrx_word' id='word_1_394' title='bbox 3065 1283 3199 1352; x_wconf 84' lang='grc'>(57).</span> <span class='ocrx_word' id='word_1_395' title='bbox 3229 1282 3366 1338; x_wconf 87' lang='lat' dir='ltr'><strong>Cor-</strong></span> 
     </span>
    </p>
   </div>
   <div class='ocr_carea' id='block_1_57' title="bbox 1778 1373 3379 1445">
    <p class='ocr_par' dir='ltr' id='par_1_57' title="bbox 1778 1373 3379 1445">
     <span class='ocr_line' id='line_1_57' title="bbox 1778 1373 3379 1445; baseline 0.002 -19"><span class='ocrx_word' id='word_1_396' title='bbox 1778 1385 1877 1439; x_wconf 86' lang='lat' dir='ltr'><strong>pus</strong></span> <span class='ocrx_word' id='word_1_397' title='bbox 1907 1373 1958 1433; x_wconf 79' lang='lat' dir='ltr'><strong>in</strong></span> <span class='ocrx_word' id='word_1_398' title='bbox 2003 1373 2279 1428; x_wconf 85' lang='lat' dir='ltr'><strong>Poloniani</strong></span> <span class='ocrx_word' id='word_1_399' title='bbox 2310 1375 2511 1445; x_wconf 82' lang='lat' dir='ltr'><strong>ingenti</strong></span> <span class='ocrx_word' id='word_1_400' title='bbox 2561 1375 3051 1430; x_wconf 85' lang='lat' dir='ltr'><strong>ecclesiasticoruni</strong></span> <span class='ocrx_word' id='word_1_401' title='bbox 3078 1385 3132 1428; x_wconf 92' lang='lat' dir='ltr'><strong>et</strong></span> <span class='ocrx_word' id='word_1_402' title='bbox 3152 1374 3379 1430; x_wconf 70' lang='lat' dir='ltr'><strong>secula-1</strong></span> 
     </span>
    </p>
   </div>
   <div class='ocr_carea' id='block_1_58' title="bbox 1779 1464 3361 1536">
    <p class='ocr_par' dir='ltr' id='par_1_58' title="bbox 1779 1464 3361 1536">
     <span class='ocr_line' id='line_1_58' title="bbox 1779 1464 3361 1536; baseline 0.003 -20"><span class='ocrx_word' id='word_1_403' title='bbox 1779 1464 1981 1518; x_wconf 89' lang='lat' dir='ltr'><strong>riorum</strong></span> <span class='ocrx_word' id='word_1_404' title='bbox 2014 1465 2351 1520; x_wconf 87' lang='lat' dir='ltr'><strong>multitudine</strong></span> <span class='ocrx_word' id='word_1_405' title='bbox 2402 1466 2655 1536; x_wconf 88' lang='lat' dir='ltr'><strong>stipatum</strong></span> <span class='ocrx_word' id='word_1_406' title='bbox 2712 1467 2940 1520; x_wconf 86' lang='lat' dir='ltr'><strong>relatum</strong></span> <span class='ocrx_word' id='word_1_407' title='bbox 2987 1475 3088 1529; x_wconf 90' lang='lat' dir='ltr'><strong>est,</strong></span> <span class='ocrx_word' id='word_1_408' title='bbox 3121 1466 3361 1534; x_wconf 89' lang='lat' dir='ltr'><strong>atquein</strong></span> 
     </span>
    </p>
   </div>
   <div class='ocr_carea' id='block_1_59' title="bbox 1779 1555 3424 1628">
    <p class='ocr_par' dir='ltr' id='par_1_59' title="bbox 1779 1555 3424 1628">
     <span class='ocr_line' id='line_1_59' title="bbox 1779 1555 3424 1628; baseline 0.002 -20"><span class='ocrx_word' id='word_1_409' title='bbox 1779 1555 1909 1610; x_wconf 89' lang='lat' dir='ltr'><strong>urbe</strong></span> <span class='ocrx_word' id='word_1_410' title='bbox 1935 1555 2234 1611; x_wconf 86' lang='lat' dir='ltr'><strong>Gncsneusi</strong></span> <span class='ocrx_word' id='word_1_411' title='bbox 2270 1557 2499 1611; x_wconf 83' lang='lat' dir='ltr'><strong>maxima</strong></span> <span class='ocrx_word' id='word_1_412' title='bbox 2540 1573 2732 1628; x_wconf 90' lang='lat' dir='ltr'><strong>pompa</strong></span> <span class='ocrx_word' id='word_1_413' title='bbox 2763 1558 3064 1626; x_wconf 89' lang='lat' dir='ltr'><strong>depositum</strong></span> <span class='ocrx_word' id='word_1_414' title='bbox 3095 1567 3151 1610; x_wconf 92' lang='lat' dir='ltr'><strong>et</strong></span> <span class='ocrx_word' id='word_1_415' title='bbox 3193 1558 3358 1611; x_wconf 63' lang='lat' dir='ltr'><strong>honoo</strong></span> <span class='ocrx_word' id='word_1_416' title='bbox 3417 1559 3424 1566; x_wconf 80' lang='grc'><em>“</em></span> 
     </span>
    </p>
   </div>
   <div class='ocr_carea' id='block_1_60' title="bbox 1778 1645 3356 1718">
    <p class='ocr_par' dir='ltr' id='par_1_60' title="bbox 1778 1645 3356 1718">
     <span class='ocr_line' id='line_1_60' title="bbox 1778 1645 3356 1718; baseline 0.001 -18"><span class='ocrx_word' id='word_1_417' title='bbox 1778 1645 2176 1704; x_wconf 71' lang='grc' dir='ltr'><strong>τίῆρθηιὶεείηῖε</strong></span> <span class='ocrx_word' id='word_1_418' title='bbox 2208 1649 2498 1717; x_wconf 90' lang='lat' dir='ltr'><strong>sepultum.</strong></span> <span class='ocrx_word' id='word_1_419' title='bbox 2534 1649 2605 1702; x_wconf 92' lang='lat' dir='ltr'><strong>lbi</strong></span> <span class='ocrx_word' id='word_1_420' title='bbox 2647 1664 2768 1703; x_wconf 83' lang='lat' dir='ltr'><strong>mox</strong></span> <span class='ocrx_word' id='word_1_421' title='bbox 2816 1649 3198 1704; x_wconf 90' lang='lat' dir='ltr'><strong>miraculorum</strong></span> <span class='ocrx_word' id='word_1_422' title='bbox 3223 1663 3356 1718; x_wconf 81' lang='lat' dir='ltr'><strong>epe-</strong></span> 
     </span>
    </p>
   </div>
   <div class='ocr_carea' id='block_1_61' title="bbox 1780 1736 3378 1808">
    <p class='ocr_par' dir='ltr' id='par_1_61' title="bbox 1780 1736 3378 1808">
     <span class='ocr_line' id='line_1_61' title="bbox 1780 1736 3378 1808; baseline 0.003 -20"><span class='ocrx_word' id='word_1_423' title='bbox 1780 1736 1989 1790; x_wconf 85' lang='lat' dir='ltr'><strong>ratione</strong></span> <span class='ocrx_word' id='word_1_424' title='bbox 2022 1737 2260 1806; x_wconf 74' lang='lat' dir='ltr'><strong>reliquia:</strong></span> <span class='ocrx_word' id='word_1_425' title='bbox 2305 1738 2562 1808; x_wconf 87' lang='lat' dir='ltr'><strong>martyris</strong></span> <span class='ocrx_word' id='word_1_426' title='bbox 2619 1740 2758 1807; x_wconf 87' lang='lat' dir='ltr'><strong>apud</strong></span> <span class='ocrx_word' id='word_1_427' title='bbox 2787 1754 2977 1794; x_wconf 82' lang='lat' dir='ltr'><strong>omnes</strong></span> <span class='ocrx_word' id='word_1_428' title='bbox 3025 1737 3378 1793; x_wconf 85' lang='lat' dir='ltr'><strong>Christianos.</strong></span> 
     </span>
    </p>
   </div>
   <div class='ocr_carea' id='block_1_62' title="bbox 1706 1813 2377 1899">
    <p class='ocr_par' dir='ltr' id='par_1_62' title="bbox 1706 1813 2377 1899">
     <span class='ocr_line' id='line_1_62' title="bbox 1706 1813 2377 1899; baseline 0 -17"><span class='ocrx_word' id='word_1_429' title='bbox 1706 1813 1749 1871; x_wconf 72' lang='grc' dir='ltr'><strong><em>Β</em></strong></span> <span class='ocrx_word' id='word_1_430' title='bbox 1777 1826 2063 1882; x_wconf 68' lang='lat' dir='ltr'><strong>chebratre</strong></span> <span class='ocrx_word' id='word_1_431' title='bbox 2090 1838 2218 1884; x_wconf 83' lang='lat' dir='ltr'><strong>sunt</strong></span> <span class='ocrx_word' id='word_1_432' title='bbox 2245 1829 2377 1899; x_wconf 82' lang='grc'>(58).</span> 
     </span>
    </p>
   </div>
   <div class='ocr_carea' id='block_1_63' title="bbox 1847 1942 3279 2003">
    <p class='ocr_par' dir='ltr' id='par_1_63' title="bbox 1847 1942 3279 2003">
     <span class='ocr_line' id='line_1_63' title="bbox 1847 1942 3279 2003; baseline 0.003 -5"><span class='ocrx_word' id='word_1_433' title='bbox 1847 1942 1974 1998; x_wconf 70' lang='lat' dir='ltr'><strong>Car.</strong></span> <span class='ocrx_word' id='word_1_434' title='bbox 2017 1944 2151 2000; x_wconf 80' lang='lat' dir='ltr'><strong>XIII.</strong></span> <span class='ocrx_word' id='word_1_435' title='bbox 2179 1977 2250 1986; x_wconf 86' lang='lat'><strong>-——</strong></span> <span class='ocrx_word' id='word_1_436' title='bbox 2278 1946 2559 2000; x_wconf 78' lang='lat' dir='ltr'><strong>Clirobatia</strong></span> <span class='ocrx_word' id='word_1_437' title='bbox 2606 1965 2637 2000; x_wconf 93' lang='lat' dir='ltr'><strong>a</strong></span> <span class='ocrx_word' id='word_1_438' title='bbox 2681 1947 2949 2002; x_wconf 75' lang='lat' dir='ltr'><strong>Bolizlavo</strong></span> <span class='ocrx_word' id='word_1_439' title='bbox 2981 1949 3009 2002; x_wconf 86' lang='grc' dir='ltr'><strong><em>Ι</em></strong></span> <span class='ocrx_word' id='word_1_440' title='bbox 3039 1944 3279 2003; x_wconf 79' lang='lat' dir='ltr'><strong>suoacta.</strong></span> 
     </span>
    </p>
   </div>
   <div class='ocr_carea' id='block_1_64' title="bbox 1814 2035 3359 2102">
    <p class='ocr_par' dir='ltr' id='par_1_64' title="bbox 1814 2035 3359 2102">
     <span class='ocr_line' id='line_1_64' title="bbox 1814 2035 3359 2102; baseline 0.005 -16"><span class='ocrx_word' id='word_1_441' title='bbox 1814 2035 2124 2090; x_wconf 76' lang='lat' dir='ltr'><strong>.Bolizlavo</strong></span> <span class='ocrx_word' id='word_1_442' title='bbox 2174 2035 2291 2101; x_wconf 86' lang='lat' dir='ltr'><strong>Pio,</strong></span> <span class='ocrx_word' id='word_1_443' title='bbox 2342 2035 2702 2090; x_wconf 84' lang='lat' dir='ltr'><strong>Boheinorum</strong></span> <span class='ocrx_word' id='word_1_444' title='bbox 2750 2038 2905 2102; x_wconf 88' lang='lat' dir='ltr'><strong>duce,</strong></span> <span class='ocrx_word' id='word_1_445' title='bbox 2955 2047 3169 2093; x_wconf 90' lang='lat' dir='ltr'><strong>mortuo</strong></span> <span class='ocrx_word' id='word_1_446' title='bbox 3215 2053 3359 2093; x_wconf 88' lang='lat' dir='ltr'><strong>anno</strong></span> 
     </span>
    </p>
   </div>
   <div class='ocr_carea' id='block_1_65' title="bbox 1774 2122 3360 2197">
    <p class='ocr_par' dir='ltr' id='par_1_65' title="bbox 1774 2122 3360 2197">
     <span class='ocr_line' id='line_1_65' title="bbox 1774 2122 3360 2197; baseline 0.004 -19"><span class='ocrx_word' id='word_1_447' title='bbox 1774 2123 1898 2191; x_wconf 91' lang='lat'>999,</span> <span class='ocrx_word' id='word_1_448' title='bbox 1938 2125 2081 2179; x_wconf 86' lang='lat' dir='ltr'><strong>filius</strong></span> <span class='ocrx_word' id='word_1_449' title='bbox 2128 2124 2460 2192; x_wconf 86' lang='lat' dir='ltr'><strong>Bolizlavus,</strong></span> <span class='ocrx_word' id='word_1_450' title='bbox 2503 2122 2825 2197; x_wconf 84' lang='lat' dir='ltr'><strong>cognomine</strong></span> <span class='ocrx_word' id='word_1_451' title='bbox 2858 2129 3044 2191; x_wconf 77' lang='lat' dir='ltr'><strong>Rufus,</strong></span> <span class='ocrx_word' id='word_1_452' title='bbox 3080 2132 3360 2186; x_wconf 79' lang='lat' dir='ltr'><strong>consobri-</strong></span> 
     </span>
    </p>
   </div>
   <div class='ocr_carea' id='block_1_66' title="bbox 1774 2215 3355 2287">
    <p class='ocr_par' dir='ltr' id='par_1_66' title="bbox 1774 2215 3355 2287">
     <span class='ocr_line' id='line_1_66' title="bbox 1774 2215 3355 2287; baseline 0.004 -21"><span class='ocrx_word' id='word_1_453' title='bbox 1774 2228 1877 2269; x_wconf 89' lang='lat' dir='ltr'><strong>nus</strong></span> <span class='ocrx_word' id='word_1_454' title='bbox 1935 2215 2048 2287; x_wconf 78' lang='lat'><strong>(59)</strong></span> <span class='ocrx_word' id='word_1_455' title='bbox 2123 2217 2295 2270; x_wconf 91' lang='lat' dir='ltr'><strong>nostri</strong></span> <span class='ocrx_word' id='word_1_456' title='bbox 2362 2216 2632 2271; x_wconf 68' lang='lat' dir='ltr'><strong>Bolizlavi,</strong></span> <span class='ocrx_word' id='word_1_457' title='bbox 2676 2218 2916 2273; x_wconf 89' lang='lat' dir='ltr'><strong>Poloniei</strong></span> <span class='ocrx_word' id='word_1_458' title='bbox 2977 2220 3024 2273; x_wconf 91' lang='lat' dir='ltr'><strong>ei</strong></span> <span class='ocrx_word' id='word_1_459' title='bbox 3092 2219 3355 2276; x_wconf 89' lang='lat' dir='ltr'><strong>succedit.</strong></span> 
     </span>
    </p>
   </div>
   <div class='ocr_carea' id='block_1_67' title="bbox 1773 2307 3355 2382">
    <p class='ocr_par' dir='ltr' id='par_1_67' title="bbox 1773 2307 3355 2382">
     <span class='ocr_line' id='line_1_67' title="bbox 1773 2307 3355 2382; baseline 0.005 -23"><span class='ocrx_word' id='word_1_460' title='bbox 1773 2307 2076 2363; x_wconf 79' lang='lat' dir='ltr'><strong>Bolizlavus</strong></span> <span class='ocrx_word' id='word_1_461' title='bbox 2122 2319 2309 2364; x_wconf 88' lang='lat' dir='ltr'><strong>noster</strong></span> <span class='ocrx_word' id='word_1_462' title='bbox 2352 2318 2612 2364; x_wconf 75' lang='lat' dir='ltr'><strong>materna:</strong></span> <span class='ocrx_word' id='word_1_463' title='bbox 2645 2310 2827 2365; x_wconf 84' lang='lat' dir='ltr'><strong>forsan</strong></span> <span class='ocrx_word' id='word_1_464' title='bbox 2874 2312 2924 2366; x_wconf 91' lang='lat' dir='ltr'><strong>in</strong></span> <span class='ocrx_word' id='word_1_465' title='bbox 2966 2328 3132 2382; x_wconf 90' lang='lat' dir='ltr'><strong>regno</strong></span> <span class='ocrx_word' id='word_1_466' title='bbox 3179 2312 3355 2367; x_wconf 82' lang='lat' dir='ltr'><strong>Bche-</strong></span> 
     </span>
    </p>
   </div>
   <div class='ocr_carea' id='block_1_68' title="bbox 1775 2399 3354 2473">
    <p class='ocr_par' dir='ltr' id='par_1_68' title="bbox 1775 2399 3354 2473">
     <span class='ocr_line' id='line_1_68' title="bbox 1775 2399 3354 2473; baseline 0.003 -22"><span class='ocrx_word' id='word_1_467' title='bbox 1775 2399 1918 2452; x_wconf 90' lang='lat' dir='ltr'><strong>mico</strong></span> <span class='ocrx_word' id='word_1_468' title='bbox 1946 2400 2278 2456; x_wconf 69' lang='lat' dir='ltr'><strong>hmreditatis</strong></span> <span class='ocrx_word' id='word_1_469' title='bbox 2309 2401 2646 2456; x_wconf 62' lang='lat' dir='ltr'><strong>vindicanda!</strong></span> <span class='ocrx_word' id='word_1_470' title='bbox 2676 2415 2839 2457; x_wconf 85' lang='lat' dir='ltr'><strong>causa</strong></span> <span class='ocrx_word' id='word_1_471' title='bbox 2869 2412 2924 2457; x_wconf 91' lang='lat' dir='ltr'><strong>et</strong></span> <span class='ocrx_word' id='word_1_472' title='bbox 2950 2411 3206 2473; x_wconf 88' lang='lat' dir='ltr'><strong>capturus</strong></span> <span class='ocrx_word' id='word_1_473' title='bbox 3239 2403 3354 2457; x_wconf 89' lang='lat' dir='ltr'><strong>fru-</strong></span> 
     </span>
    </p>
   </div>
   <div class='ocr_carea' id='block_1_69' title="bbox 1771 2492 3361 2564">
    <p class='ocr_par' dir='ltr' id='par_1_69' title="bbox 1771 2492 3361 2564">
     <span class='ocr_line' id='line_1_69' title="bbox 1771 2492 3361 2564; baseline 0.004 -20"><span class='ocrx_word' id='word_1_474' title='bbox 1771 2499 1916 2544; x_wconf 77' lang='lat' dir='ltr'><strong>ctum</strong></span> <span class='ocrx_word' id='word_1_475' title='bbox 1943 2493 2164 2547; x_wconf 88' lang='lat' dir='ltr'><strong>seminis</strong></span> <span class='ocrx_word' id='word_1_476' title='bbox 2191 2509 2218 2546; x_wconf 88' lang='lat' dir='ltr'><strong>a</strong></span> <span class='ocrx_word' id='word_1_477' title='bbox 2245 2492 2446 2546; x_wconf 85' lang='lat' dir='ltr'><strong>Sancto</strong></span> <span class='ocrx_word' id='word_1_478' title='bbox 2481 2493 2777 2549; x_wconf 73' lang='lat' dir='ltr'><strong>Adalberm</strong></span> <span class='ocrx_word' id='word_1_479' title='bbox 2809 2496 2877 2548; x_wconf 89' lang='lat' dir='ltr'><strong>ibi</strong></span> <span class='ocrx_word' id='word_1_480' title='bbox 2919 2496 3115 2564; x_wconf 79' lang='lat' dir='ltr'><strong>Sparsi,</strong></span> <span class='ocrx_word' id='word_1_481' title='bbox 3155 2495 3361 2551; x_wconf 85' lang='lat' dir='ltr'><strong>invadit</strong></span> 
     </span>
    </p>
   </div>
   <div class='ocr_carea' id='block_1_70' title="bbox 1772 2579 3356 2657">
    <p class='ocr_par' dir='ltr' id='par_1_70' title="bbox 1772 2579 3356 2657">
     <span class='ocr_line' id='line_1_70' title="bbox 1772 2579 3356 2657; baseline 0.005 -23"><span class='ocrx_word' id='word_1_482' title='bbox 1772 2579 2154 2648; x_wconf 88' lang='lat' dir='ltr'><strong>Chrobatiam,</strong></span> <span class='ocrx_word' id='word_1_483' title='bbox 2210 2584 2356 2652; x_wconf 90' lang='lat' dir='ltr'><strong>capit</strong></span> <span class='ocrx_word' id='word_1_484' title='bbox 2401 2583 2720 2639; x_wconf 88' lang='lat' dir='ltr'><strong>Cracoviam</strong></span> <span class='ocrx_word' id='word_1_485' title='bbox 2773 2586 3010 2657; x_wconf 82' lang='lat' dir='ltr'><strong>regionis</strong></span> <span class='ocrx_word' id='word_1_486' title='bbox 3052 2597 3253 2657; x_wconf 82' lang='lat' dir='ltr'><strong>caput;</strong></span> <span class='ocrx_word' id='word_1_487' title='bbox 3299 2589 3356 2643; x_wconf 87' lang='lat' dir='ltr'><strong>in</strong></span> 
     </span>
    </p>
   </div>
   <div class='ocr_carea' id='block_1_71' title="bbox 1772 2676 3352 2749">
    <p class='ocr_par' dir='ltr' id='par_1_71' title="bbox 1772 2676 3352 2749">
     <span class='ocr_line' id='line_1_71' title="bbox 1772 2676 3352 2749; baseline 0.003 -22"><span class='ocrx_word' id='word_1_488' title='bbox 1772 2683 2095 2742; x_wconf 89' lang='lat' dir='ltr'><strong>potestatem</strong></span> <span class='ocrx_word' id='word_1_489' title='bbox 2141 2691 2293 2730; x_wconf 88' lang='lat' dir='ltr'><strong>suam</strong></span> <span class='ocrx_word' id='word_1_490' title='bbox 2335 2676 2538 2746; x_wconf 76' lang='lat' dir='ltr'><strong>redigit</strong></span> <span class='ocrx_word' id='word_1_491' title='bbox 2557 2676 2764 2733; x_wconf 77' lang='lat' dir='ltr'><strong>Silesia:</strong></span> <span class='ocrx_word' id='word_1_492' title='bbox 2800 2679 3094 2734; x_wconf 74' lang='lat' dir='ltr'><strong>maximam</strong></span> <span class='ocrx_word' id='word_1_493' title='bbox 3124 2687 3352 2749; x_wconf 87' lang='lat' dir='ltr'><strong>partem,</strong></span> 
     </span>
    </p>
   </div>
   <div class='ocr_carea' id='block_1_72' title="bbox 1774 2758 3356 2835">
    <p class='ocr_par' dir='ltr' id='par_1_72' title="bbox 1774 2758 3356 2835">
     <span class='ocr_line' id='line_1_72' title="bbox 1774 2758 3356 2835; baseline 0.002 -17"><span class='ocrx_word' id='word_1_494' title='bbox 1774 2764 2090 2830; x_wconf 82' lang='lat' dir='ltr'><strong>Moraviam,</strong></span> <span class='ocrx_word' id='word_1_495' title='bbox 2131 2766 2363 2835; x_wconf 82' lang='lat' dir='ltr'><strong>denique</strong></span> <span class='ocrx_word' id='word_1_496' title='bbox 2411 2761 2779 2833; x_wconf 72' lang='lat' dir='ltr'><strong>Slowakiam,</strong></span> <span class='ocrx_word' id='word_1_497' title='bbox 2804 2758 3115 2823; x_wconf 75' lang='lat' dir='ltr'><strong>Cracdviam</strong></span> <span class='ocrx_word' id='word_1_498' title='bbox 3148 2783 3356 2830; x_wconf 80' lang='lat' dir='ltr'><strong>,novain</strong></span> 
     </span>
    </p>
   </div>
   <div class='ocr_carea' id='block_1_73' title="bbox 1769 2853 3354 2925">
    <p class='ocr_par' dir='ltr' id='par_1_73' title="bbox 1769 2853 3354 2925">
     <span class='ocr_line' id='line_1_73' title="bbox 1769 2853 3354 2925; baseline 0.004 -18"><span class='ocrx_word' id='word_1_499' title='bbox 1769 2853 1920 2925; x_wconf 82' lang='lat' dir='ltr'><strong>regni</strong></span> <span class='ocrx_word' id='word_1_500' title='bbox 1969 2853 2154 2909; x_wconf 88' lang='lat' dir='ltr'><strong>sedem</strong></span> <span class='ocrx_word' id='word_1_501' title='bbox 2191 2853 2467 2910; x_wconf 74' lang='lat' dir='ltr'><strong>iii-medio</strong></span> <span class='ocrx_word' id='word_1_502' title='bbox 2519 2855 2705 2910; x_wconf 86' lang='lat' dir='ltr'><strong>finium</strong></span> <span class='ocrx_word' id='word_1_503' title='bbox 2770 2858 3162 2913; x_wconf 89' lang='lat' dir='ltr'><strong>constituturus</strong></span> <span class='ocrx_word' id='word_1_504' title='bbox 3190 2865 3193 2868; x_wconf 82' lang='lat'><strong><em>&#39;</em></strong></span> <span class='ocrx_word' id='word_1_505' title='bbox 3225 2874 3354 2915; x_wconf 86' lang='lat' dir='ltr'><strong>sua-</strong></span> 
     </span>
    </p>
   </div>
   <div class='ocr_carea' id='block_1_74' title="bbox 1769 2945 3064 3016">
    <p class='ocr_par' dir='ltr' id='par_1_74' title="bbox 1769 2945 3064 3016">
     <span class='ocr_line' id='line_1_74' title="bbox 1769 2945 3064 3016; baseline 0.002 -16"><span class='ocrx_word' id='word_1_506' title='bbox 1769 2961 1888 3000; x_wconf 90' lang='lat' dir='ltr'><strong>rum</strong></span> <span class='ocrx_word' id='word_1_507' title='bbox 1919 2945 2076 3016; x_wconf 82' lang='grc'>(60)..</span> <span class='ocrx_word' id='word_1_508' title='bbox 3061 2959 3064 2962; x_wconf 86' lang='lat'>&#39;</span> 
     </span>
    </p>
   </div>
   <div class='ocr_carea' id='block_1_75' title="bbox 1841 3034 3356 3109">
    <p class='ocr_par' dir='ltr' id='par_1_75' title="bbox 1841 3034 3356 3109">
     <span class='ocr_line' id='line_1_75' title="bbox 1841 3034 3356 3109; baseline 0.002 -19"><span class='ocrx_word' id='word_1_509' title='bbox 1841 3035 2008 3090; x_wconf 88' lang='lat' dir='ltr'><strong>Fama</strong></span> <span class='ocrx_word' id='word_1_510' title='bbox 2047 3034 2378 3091; x_wconf 89' lang='lat' dir='ltr'><strong>Polonorum</strong></span> <span class='ocrx_word' id='word_1_511' title='bbox 2428 3035 2692 3107; x_wconf 88' lang='lat' dir='ltr'><strong>principis</strong></span> <span class='ocrx_word' id='word_1_512' title='bbox 2740 3053 2862 3093; x_wconf 86' lang='lat' dir='ltr'><strong>mox</strong></span> <span class='ocrx_word' id='word_1_513' title='bbox 2905 3045 3074 3092; x_wconf 89' lang='lat' dir='ltr'><strong>totam</strong></span> <span class='ocrx_word' id='word_1_514' title='bbox 3113 3039 3356 3109; x_wconf 84' lang='lat' dir='ltr'><strong>pervolat</strong></span> 
     </span>
    </p>
   </div>
   <div class='ocr_carea' id='block_1_76' title="bbox 1770 3125 3356 3199">
    <p class='ocr_par' dir='ltr' id='par_1_76' title="bbox 1770 3125 3356 3199">
     <span class='ocr_line' id='line_1_76' title="bbox 1770 3125 3356 3199; baseline 0 -16"><span class='ocrx_word' id='word_1_515' title='bbox 1770 3137 1991 3183; x_wconf 90' lang='lat' dir='ltr'><strong>terram.</strong></span> <span class='ocrx_word' id='word_1_516' title='bbox 2025 3125 2152 3195; x_wconf 77' lang='lat' dir='ltr'><strong>Ejus</strong></span> <span class='ocrx_word' id='word_1_517' title='bbox 2186 3127 2502 3182; x_wconf 75' lang='lat' dir='ltr'><strong>afﬁnitatem</strong></span> <span class='ocrx_word' id='word_1_518' title='bbox 2546 3130 2768 3184; x_wconf 84' lang='lat' dir='ltr'><strong>maximi</strong></span> <span class='ocrx_word' id='word_1_519' title='bbox 2809 3136 2936 3183; x_wconf 92' lang='lat' dir='ltr'><strong>tunc</strong></span> <span class='ocrx_word' id='word_1_520' title='bbox 2968 3130 3226 3199; x_wconf 89' lang='lat' dir='ltr'><strong>temporis</strong></span> <span class='ocrx_word' id='word_1_521' title='bbox 3262 3146 3356 3198; x_wconf 87' lang='lat' dir='ltr'><strong>pe-</strong></span> 
     </span>
    </p>
   </div>
   <div class='ocr_carea' id='block_1_77' title="bbox 1771 3212 3356 3283">
    <p class='ocr_par' dir='ltr' id='par_1_77' title="bbox 1771 3212 3356 3283">
     <span class='ocr_line' id='line_1_77' title="bbox 1771 3212 3356 3283; baseline 0.002 -16"><span class='ocrx_word' id='word_1_522' title='bbox 1771 3223 1890 3268; x_wconf 90' lang='lat' dir='ltr'><strong>tunt</strong></span> <span class='ocrx_word' id='word_1_523' title='bbox 1912 3227 2090 3283; x_wconf 84' lang='lat' dir='ltr'><strong>reges.</strong></span> <span class='ocrx_word' id='word_1_524' title='bbox 2125 3212 2382 3268; x_wconf 91' lang='lat' dir='ltr'><strong>Sororem</strong></span> <span class='ocrx_word' id='word_1_525' title='bbox 2431 3212 2700 3283; x_wconf 85' lang='lat' dir='ltr'><strong>Sigridam</strong></span> <span class='ocrx_word' id='word_1_526' title='bbox 2740 3215 2793 3268; x_wconf 92' lang='lat' dir='ltr'><strong>in</strong></span> <span class='ocrx_word' id='word_1_527' title='bbox 2826 3214 3230 3268; x_wconf 90' lang='lat' dir='ltr'><strong>matrimonium</strong></span> <span class='ocrx_word' id='word_1_528' title='bbox 3264 3218 3356 3270; x_wconf 88' lang='lat' dir='ltr'><strong>dat</strong></span> 
     </span>
    </p>
   </div>
   <div class='ocr_carea' id='block_1_78' title="bbox 1770 3301 3406 3374">
    <p class='ocr_par' dir='ltr' id='par_1_78' title="bbox 1770 3301 3406 3374">
     <span class='ocr_line' id='line_1_78' title="bbox 1770 3301 3406 3374; baseline 0.004 -18"><span class='ocrx_word' id='word_1_529' title='bbox 1770 3301 1974 3369; x_wconf 84' lang='lat' dir='ltr'><strong>Snen&#39;o,</strong></span> <span class='ocrx_word' id='word_1_530' title='bbox 2007 3303 2282 3357; x_wconf 86' lang='lat' dir='ltr'><strong>Danorum</strong></span> <span class='ocrx_word' id='word_1_531' title='bbox 2319 3303 2456 3373; x_wconf 90' lang='lat' dir='ltr'><strong>regi,</strong></span> <span class='ocrx_word' id='word_1_532' title='bbox 2496 3303 2587 3372; x_wconf 92' lang='lat' dir='ltr'><strong>qui</strong></span> <span class='ocrx_word' id='word_1_533' title='bbox 2615 3303 2955 3357; x_wconf 86' lang='lat' dir='ltr'><strong>Britanniam</strong></span> <span class='ocrx_word' id='word_1_534' title='bbox 2987 3305 3152 3374; x_wconf 87' lang='lat' dir='ltr'><strong>cepit,</strong></span> <span class='ocrx_word' id='word_1_535' title='bbox 3182 3314 3236 3360; x_wconf 92' lang='lat' dir='ltr'><strong>et</strong></span> <span class='ocrx_word' id='word_1_536' title='bbox 3263 3309 3349 3361; x_wconf 90' lang='lat' dir='ltr'><strong>cui</strong></span> <span class='ocrx_word' id='word_1_537' title='bbox 3398 3354 3406 3363; x_wconf 93' lang='lat'><strong>.</strong></span> 
     </span>
    </p>
   </div>
   <div class='ocr_carea' id='block_1_79' title="bbox 1767 3391 3350 3464">
    <p class='ocr_par' dir='ltr' id='par_1_79' title="bbox 1767 3391 3350 3464">
     <span class='ocr_line' id='line_1_79' title="bbox 1767 3391 3350 3464; baseline 0.002 -17"><span class='ocrx_word' id='word_1_538' title='bbox 1767 3391 2180 3462; x_wconf 77' lang='lat' dir='ltr'><strong>genuit‘ﬁlium,</strong></span> <span class='ocrx_word' id='word_1_539' title='bbox 2219 3394 2487 3447; x_wconf 88' lang='lat' dir='ltr'><strong>Cauulum</strong></span> <span class='ocrx_word' id='word_1_540' title='bbox 2541 3393 2814 3464; x_wconf 85' lang='lat' dir='ltr'><strong>Magnum,</strong></span> <span class='ocrx_word' id='word_1_541' title='bbox 2865 3394 3160 3460; x_wconf 85' lang='lat' dir='ltr'><strong>Danorum,</strong></span> <span class='ocrx_word' id='word_1_542' title='bbox 3212 3395 3350 3451; x_wconf 86' lang='lat' dir='ltr'><strong>Nor-</strong></span> 
     </span>
    </p>
   </div>
   <div class='ocr_carea' id='block_1_80' title="bbox 1768 3483 3024 3555">
    <p class='ocr_par' dir='ltr' id='par_1_80' title="bbox 1768 3483 3024 3555">
     <span class='ocr_line' id='line_1_80' title="bbox 1768 3483 3024 3555; baseline 0.002 -20"><span class='ocrx_word' id='word_1_543' title='bbox 1768 3496 2053 3536; x_wconf 91' lang='lat' dir='ltr'><strong>manorum</strong></span> <span class='ocrx_word' id='word_1_544' title='bbox 2085 3491 2140 3534; x_wconf 83' lang='lat' dir='ltr'><strong>et</strong></span> <span class='ocrx_word' id='word_1_545' title='bbox 2163 3483 2640 3552; x_wconf 74' lang='lat' dir='ltr'><strong>Anglo-Saxonum</strong></span> <span class='ocrx_word' id='word_1_546' title='bbox 2685 3499 2862 3555; x_wconf 84' lang='lat' dir='ltr'><strong>regem</strong></span> <span class='ocrx_word' id='word_1_547' title='bbox 2889 3485 3024 3555; x_wconf 85' lang='grc'>(61).</span> 
     </span>
    </p>
   </div>
   <div class='ocr_carea' id='block_1_81' title="bbox 1837 3574 3344 3644">
    <p class='ocr_par' dir='ltr' id='par_1_81' title="bbox 1837 3574 3344 3644">
     <span class='ocr_line' id='line_1_81' title="bbox 1837 3574 3344 3644; baseline 0.001 -15"><span class='ocrx_word' id='word_1_548' title='bbox 1837 3575 1972 3629; x_wconf 85' lang='lat' dir='ltr'><strong>Filia</strong></span> <span class='ocrx_word' id='word_1_549' title='bbox 2021 3574 2304 3641; x_wconf 86' lang='lat' dir='ltr'><strong>Bolizlavi,</strong></span> <span class='ocrx_word' id='word_1_550' title='bbox 2363 3575 2516 3643; x_wconf 85' lang='lat' dir='ltr'><strong>cujus</strong></span> <span class='ocrx_word' id='word_1_551' title='bbox 2566 3591 2762 3630; x_wconf 88' lang='lat' dir='ltr'><strong>nomen</strong></span> <span class='ocrx_word' id='word_1_552' title='bbox 2825 3592 2928 3629; x_wconf 89' lang='lat' dir='ltr'><strong>non</strong></span> <span class='ocrx_word' id='word_1_553' title='bbox 2989 3584 3344 3644; x_wconf 84' lang='lat' dir='ltr'><strong>memoratur,</strong></span> 
     </span>
    </p>
   </div>
   <div class='ocr_carea' id='block_1_82' title="bbox 1767 3665 3345 3738">
    <p class='ocr_par' dir='ltr' id='par_1_82' title="bbox 1767 3665 3345 3738">
     <span class='ocr_line' id='line_1_82' title="bbox 1767 3665 3345 3738; baseline 0.003 -18"><span class='ocrx_word' id='word_1_554' title='bbox 1767 3668 1919 3722; x_wconf 90' lang='lat' dir='ltr'><strong>nubit</strong></span> <span class='ocrx_word' id='word_1_555' title='bbox 1950 3665 2302 3736; x_wconf 83' lang='lat' dir='ltr'><strong>Suatopluko,</strong></span> <span class='ocrx_word' id='word_1_556' title='bbox 2348 3668 2594 3737; x_wconf 83' lang='lat' dir='ltr'><strong>privigno</strong></span> <span class='ocrx_word' id='word_1_557' title='bbox 2630 3667 2931 3728; x_wconf 89' lang='lat' dir='ltr'><strong>Wladimiri</strong></span> <span class='ocrx_word' id='word_1_558' title='bbox 2964 3667 3162 3738; x_wconf 83' lang='lat' dir='ltr'><strong>Magni,</strong></span> <span class='ocrx_word' id='word_1_559' title='bbox 3203 3671 3345 3738; x_wconf 86' lang='lat' dir='ltr'><strong>regis</strong></span> 
     </span>
    </p>
   </div>
   <div class='ocr_carea' id='block_1_83' title="bbox 1771 3757 3344 3828">
    <p class='ocr_par' dir='ltr' id='par_1_83' title="bbox 1771 3757 3344 3828">
     <span class='ocr_line' id='line_1_83' title="bbox 1771 3757 3344 3828; baseline 0.001 -14"><span class='ocrx_word' id='word_1_560' title='bbox 1771 3761 2071 3814; x_wconf 75' lang='lat' dir='ltr'><strong>Itussorum</strong></span> <span class='ocrx_word' id='word_1_561' title='bbox 2113 3758 2422 3827; x_wconf 87' lang='lat' dir='ltr'><strong>nuperrime</strong></span> <span class='ocrx_word' id='word_1_562' title='bbox 2453 3759 2610 3828; x_wconf 91' lang='lat' dir='ltr'><strong>primi</strong></span> <span class='ocrx_word' id='word_1_563' title='bbox 2649 3757 3081 3814; x_wconf 71' lang='lat' dir='ltr'><strong>Not-marmorum</strong></span> <span class='ocrx_word' id='word_1_564' title='bbox 3119 3761 3172 3814; x_wconf 92' lang='lat' dir='ltr'><strong>in</strong></span> <span class='ocrx_word' id='word_1_565' title='bbox 3203 3759 3344 3815; x_wconf 81' lang='lat' dir='ltr'><strong>Bus-</strong></span> 
     </span>
    </p>
   </div>
   <div class='ocr_carea' id='block_1_84' title="bbox 1763 3850 3340 3925">
    <p class='ocr_par' dir='ltr' id='par_1_84' title="bbox 1763 3850 3340 3925">
     <span class='ocr_line' id='line_1_84' title="bbox 1763 3850 3340 3925; baseline 0.003 -21"><span class='ocrx_word' id='word_1_566' title='bbox 1763 3852 1840 3904; x_wconf 89' lang='lat' dir='ltr'><strong>sia</strong></span> <span class='ocrx_word' id='word_1_567' title='bbox 1873 3851 1939 3905; x_wconf 87' lang='lat' dir='ltr'><strong>ad</strong></span> <span class='ocrx_word' id='word_1_568' title='bbox 1984 3851 2142 3905; x_wconf 88' lang='lat' dir='ltr'><strong>fidem</strong></span> <span class='ocrx_word' id='word_1_569' title='bbox 2175 3850 2538 3906; x_wconf 84' lang='lat' dir='ltr'><strong>Christianam</strong></span> <span class='ocrx_word' id='word_1_570' title='bbox 2570 3851 2677 3906; x_wconf 91' lang='lat' dir='ltr'><strong>ritu</strong></span> <span class='ocrx_word' id='word_1_571' title='bbox 2707 3851 2897 3907; x_wconf 58' lang='lat' dir='ltr'><strong>Graeco</strong></span> <span class='ocrx_word' id='word_1_572' title='bbox 2929 3853 3173 3907; x_wconf 88' lang='lat' dir='ltr'><strong>conversi</strong></span> <span class='ocrx_word' id='word_1_573' title='bbox 3199 3854 3340 3925; x_wconf 79' lang='grc'>(62).</span> 
     </span>
    </p>
   </div>
   <div class='ocr_carea' id='block_1_85' title="bbox 1761 3960 3338 4034">
    <p class='ocr_par' dir='ltr' id='par_1_85' title="bbox 1761 3960 3338 4034">
     <span class='ocr_line' id='line_1_85' title="bbox 1761 3960 3338 4034; baseline 0 -16"><span class='ocrx_word' id='word_1_574' title='bbox 1761 3963 1890 4018; x_wconf 76' lang='lat' dir='ltr'><strong>CAP.</strong></span> <span class='ocrx_word' id='word_1_575' title='bbox 1932 3962 2071 4019; x_wconf 81' lang='lat' dir='ltr'><strong>XIV.</strong></span> <span class='ocrx_word' id='word_1_576' title='bbox 2109 3996 2180 4007; x_wconf 92' lang='lat'><strong>-</strong></span> <span class='ocrx_word' id='word_1_577' title='bbox 2214 3964 2336 4019; x_wconf 80' lang='lat' dir='ltr'><strong>Otto</strong></span> <span class='ocrx_word' id='word_1_578' title='bbox 2378 3960 2475 4016; x_wconf 86' lang='grc' dir='ltr'><strong>ΙΙΙ</strong></span> <span class='ocrx_word' id='word_1_579' title='bbox 2523 3961 2811 4034; x_wconf 71' lang='lat' dir='ltr'><strong>Gnesenom</strong></span> <span class='ocrx_word' id='word_1_580' title='bbox 2868 3965 3022 4019; x_wconf 73' lang='lat' dir='ltr'><strong>venit.</strong></span> <span class='ocrx_word' id='word_1_581' title='bbox 3070 3963 3338 4034; x_wconf 78' lang='lat' dir='ltr'><strong>Arcliiepi-</strong></span> 
     </span>
    </p>
   </div>
   <div class='ocr_carea' id='block_1_86' title="bbox 2032 4033 3301 4104">
    <p class='ocr_par' dir='ltr' id='par_1_86' title="bbox 2032 4033 3301 4104">
     <span class='ocr_line' id='line_1_86' title="bbox 2032 4033 3301 4104; baseline -0.002 -14"><span class='ocrx_word' id='word_1_582' title='bbox 2032 4051 2060 4064; x_wconf 60' lang='grc' dir='ltr'><strong>’ν</strong></span> <span class='ocrx_word' id='word_1_583' title='bbox 2135 4036 2275 4104; x_wconf 77' lang='lat' dir='ltr'><strong>scopi</strong></span> <span class='ocrx_word' id='word_1_584' title='bbox 2299 4043 2345 4088; x_wconf 84' lang='lat' dir='ltr'><strong>et</strong></span> <span class='ocrx_word' id='word_1_585' title='bbox 2372 4033 2595 4103; x_wconf 80' lang='lat' dir='ltr'><strong>episc0pi</strong></span> <span class='ocrx_word' id='word_1_586' title='bbox 2634 4035 2964 4088; x_wconf 84' lang='lat' dir='ltr'><strong>ordinantur.</strong></span> <span class='ocrx_word' id='word_1_587' title='bbox 3227 4051 3230 4053; x_wconf 92' lang='grc'>·</span> <span class='ocrx_word' id='word_1_588' title='bbox 3260 4033 3266 4034; x_wconf 51' lang='grc'><strong><em>⁷</em></strong></span> <span class='ocrx_word' id='word_1_589' title='bbox 3295 4055 3301 4058; x_wconf 88' lang='grc'>·</span> 
     </span>
    </p>
   </div>
   <div class='ocr_carea' id='block_1_87' title="bbox 1831 4141 3338 4218">
    <p class='ocr_par' dir='ltr' id='par_1_87' title="bbox 1831 4141 3338 4218">
     <span class='ocr_line' id='line_1_87' title="bbox 1831 4141 3338 4218; baseline 0.001 -16"><span class='ocrx_word' id='word_1_590' title='bbox 1831 4141 1956 4203; x_wconf 87' lang='lat' dir='ltr'><strong>Otto</strong></span> <span class='ocrx_word' id='word_1_591' title='bbox 1986 4148 2051 4202; x_wconf 82' lang='lat' dir='ltr'><strong>Iil</strong></span> <span class='ocrx_word' id='word_1_592' title='bbox 2098 4148 2395 4218; x_wconf 88' lang='lat' dir='ltr'><strong>Imperator</strong></span> <span class='ocrx_word' id='word_1_593' title='bbox 2417 4162 2480 4202; x_wconf 87' lang='lat' dir='ltr'><strong>ea</strong></span> <span class='ocrx_word' id='word_1_594' title='bbox 2514 4154 2831 4215; x_wconf 89' lang='lat' dir='ltr'><strong>tempestate</strong></span> <span class='ocrx_word' id='word_1_595' title='bbox 2854 4147 2906 4200; x_wconf 91' lang='lat' dir='ltr'><strong>in</strong></span> <span class='ocrx_word' id='word_1_596' title='bbox 2937 4147 3085 4201; x_wconf 89' lang='lat' dir='ltr'><strong>Italia</strong></span> <span class='ocrx_word' id='word_1_597' title='bbox 3117 4148 3338 4218; x_wconf 86' lang='lat' dir='ltr'><strong>degens,</strong></span> 
     </span>
    </p>
   </div>
   <div class='ocr_carea' id='block_1_88' title="bbox 1759 4235 3342 4306">
    <p class='ocr_par' dir='ltr' id='par_1_88' title="bbox 1759 4235 3342 4306">
     <span class='ocr_line' id='line_1_88' title="bbox 1759 4235 3342 4306; baseline -0.001 -14"><span class='ocrx_word' id='word_1_598' title='bbox 1759 4238 1990 4306; x_wconf 83' lang='lat' dir='ltr'><strong>miratus</strong></span> <span class='ocrx_word' id='word_1_599' title='bbox 2041 4249 2248 4293; x_wconf 90' lang='lat' dir='ltr'><strong>tantam</strong></span> <span class='ocrx_word' id='word_1_600' title='bbox 2277 4247 2332 4293; x_wconf 93' lang='lat' dir='ltr'><strong>et</strong></span> <span class='ocrx_word' id='word_1_601' title='bbox 2359 4235 2543 4291; x_wconf 90' lang='lat' dir='ltr'><strong>Sancti</strong></span> <span class='ocrx_word' id='word_1_602' title='bbox 2577 4235 2852 4290; x_wconf 83' lang='lat' dir='ltr'><strong>Adalbcrti</strong></span> <span class='ocrx_word' id='word_1_603' title='bbox 2891 4246 2940 4290; x_wconf 88' lang='lat' dir='ltr'><strong>et</strong></span> <span class='ocrx_word' id='word_1_604' title='bbox 2975 4237 3229 4292; x_wconf 84' lang='lat' dir='ltr'><strong>Bolizlavi</strong></span> <span class='ocrx_word' id='word_1_605' title='bbox 3261 4240 3342 4291; x_wconf 83' lang='lat' dir='ltr'><strong>fa-</strong></span> 
     </span>
    </p>
   </div>
   <div class='ocr_carea' id='block_1_89' title="bbox 1759 4333 3336 4405">
    <p class='ocr_par' dir='ltr' id='par_1_89' title="bbox 1759 4333 3336 4405">
     <span class='ocr_line' id='line_1_89' title="bbox 1759 4333 3336 4405; baseline 0.003 -22"><span class='ocrx_word' id='word_1_606' title='bbox 1759 4347 1901 4385; x_wconf 88' lang='lat' dir='ltr'><strong>mam</strong></span> <span class='ocrx_word' id='word_1_607' title='bbox 1954 4333 2345 4405; x_wconf 86' lang='lat' dir='ltr'><strong>gloriamque,</strong></span> <span class='ocrx_word' id='word_1_608' title='bbox 2403 4335 2696 4404; x_wconf 78' lang='lat' dir='ltr'><strong>cupiditate</strong></span> <span class='ocrx_word' id='word_1_609' title='bbox 2768 4335 2963 4403; x_wconf 73' lang='lat' dir='ltr'><strong>ltagrat</strong></span> <span class='ocrx_word' id='word_1_610' title='bbox 3021 4334 3104 4388; x_wconf 92' lang='lat' dir='ltr'><strong>vel</strong></span> <span class='ocrx_word' id='word_1_611' title='bbox 3171 4335 3336 4388; x_wconf 80' lang='lat' dir='ltr'><strong>Adal-</strong></span> 
     </span>
    </p>
   </div>
   <div class='ocr_carea' id='block_1_90' title="bbox 1760 4423 3338 4499">
    <p class='ocr_par' dir='ltr' id='par_1_90' title="bbox 1760 4423 3338 4499">
     <span class='ocr_line' id='line_1_90' title="bbox 1760 4423 3338 4499; baseline 0.003 -22"><span class='ocrx_word' id='word_1_612' title='bbox 1760 4423 1897 4479; x_wconf 90' lang='lat' dir='ltr'><strong>berti</strong></span> <span class='ocrx_word' id='word_1_613' title='bbox 1937 4423 2073 4495; x_wconf 81' lang='lat'><strong>(6&#39;5),</strong></span> <span class='ocrx_word' id='word_1_614' title='bbox 2117 4427 2200 4480; x_wconf 90' lang='lat' dir='ltr'><strong>vel</strong></span> <span class='ocrx_word' id='word_1_615' title='bbox 2259 4426 2510 4480; x_wconf 84' lang='lat' dir='ltr'><strong>Bolizlavi</strong></span> <span class='ocrx_word' id='word_1_616' title='bbox 2553 4427 2667 4499; x_wconf 75' lang='grc'>(6-1)</span> <span class='ocrx_word' id='word_1_617' title='bbox 2719 4427 2800 4482; x_wconf 91' lang='lat' dir='ltr'><strong>vel</strong></span> <span class='ocrx_word' id='word_1_618' title='bbox 2859 4427 3142 4496; x_wconf 87' lang='lat' dir='ltr'><strong>utriusque</strong></span> <span class='ocrx_word' id='word_1_619' title='bbox 3201 4428 3338 4482; x_wconf 84' lang='lat' dir='ltr'><strong>invi-</strong></span> 
     </span>
    </p>
   </div>
   <div class='ocr_carea' id='block_1_91' title="bbox 85 4507 2110 4586">
    <p class='ocr_par' dir='ltr' id='par_1_91' title="bbox 85 4507 2110 4586">
     <span class='ocr_line' id='line_1_91' title="bbox 85 4507 2110 4586; baseline 0.002 -24"><span class='ocrx_word' id='word_1_620' title='bbox 85 4507 438 4563; x_wconf 87' lang='lat' dir='ltr'><strong>barbarornm</strong></span> <span class='ocrx_word' id='word_1_621' title='bbox 470 4525 625 4564; x_wconf 89' lang='lat' dir='ltr'><strong>sacra</strong></span> <span class='ocrx_word' id='word_1_622' title='bbox 655 4509 996 4580; x_wconf 84' lang='lat' dir='ltr'><strong>baptismatis</strong></span> <span class='ocrx_word' id='word_1_623' title='bbox 1035 4510 1174 4564; x_wconf 85' lang='lat' dir='ltr'><strong>unda</strong></span> <span class='ocrx_word' id='word_1_624' title='bbox 1219 4510 1286 4565; x_wconf 91' lang='lat' dir='ltr'><strong>ab</strong></span> <span class='ocrx_word' id='word_1_625' title='bbox 1333 4525 1399 4564; x_wconf 92' lang='lat' dir='ltr'><strong>eo</strong></span> <span class='ocrx_word' id='word_1_626' title='bbox 1447 4511 1655 4567; x_wconf 89' lang='lat' dir='ltr'><strong>Iavatns</strong></span> <span class='ocrx_word' id='word_1_627' title='bbox 1687 4530 1732 4585; x_wconf 77' lang='grc' dir='ltr'>ι)</span> <span class='ocrx_word' id='word_1_628' title='bbox 1758 4513 1911 4567; x_wconf 90' lang='lat' dir='ltr'><strong>sendi</strong></span> <span class='ocrx_word' id='word_1_629' title='bbox 1941 4513 2075 4586; x_wconf 81' lang='lat'><strong>(65).</strong></span> <span class='ocrx_word' id='word_1_630' title='bbox 2096 4515 2110 4529; x_wconf 84' lang='lat'><strong><em>‘</em></strong></span> 
     </span>
    </p>
   </div>
   <div class='ocr_carea' id='block_1_92' title="bbox 77 4597 1649 4671">
    <p class='ocr_par' dir='ltr' id='par_1_92' title="bbox 77 4597 1649 4671">
     <span class='ocr_line' id='line_1_92' title="bbox 77 4597 1649 4671; baseline 0.003 -18"><span class='ocrx_word' id='word_1_631' title='bbox 77 4606 192 4653; x_wconf 88' lang='lat' dir='ltr'><strong>est.</strong></span> <span class='ocrx_word' id='word_1_632' title='bbox 220 4597 428 4664; x_wconf 84' lang='lat' dir='ltr'><strong>Deinde,</strong></span> <span class='ocrx_word' id='word_1_633' title='bbox 455 4600 640 4654; x_wconf 87' lang='lat' dir='ltr'><strong>eadem</strong></span> <span class='ocrx_word' id='word_1_634' title='bbox 672 4600 888 4670; x_wconf 76' lang='lat' dir='ltr'><strong>quidem</strong></span> <span class='ocrx_word' id='word_1_635' title='bbox 924 4615 1060 4653; x_wconf 88' lang='lat' dir='ltr'><strong>nave</strong></span> <span class='ocrx_word' id='word_1_636' title='bbox 1099 4600 1192 4654; x_wconf 88' lang='lat' dir='ltr'><strong>sed</strong></span> <span class='ocrx_word' id='word_1_637' title='bbox 1236 4599 1425 4655; x_wconf 91' lang='lat' dir='ltr'><strong>relicto</strong></span> <span class='ocrx_word' id='word_1_638' title='bbox 1460 4603 1649 4671; x_wconf 73' lang='lat' dir='ltr'><strong>praesi-</strong></span> 
     </span>
    </p>
   </div>
   <div class='ocr_carea' id='block_1_93' title="bbox 163 4708 854 4781">
    <p class='ocr_par' dir='ltr' id='par_1_93' title="bbox 163 4708 854 4781">
     <span class='ocr_line' id='line_1_93' title="bbox 163 4708 854 4781; baseline 0.012 -20"><span class='ocrx_word' id='word_1_639' title='bbox 163 4708 267 4781; x_wconf 47' lang='lat'><strong>(47)</strong></span> <span class='ocrx_word' id='word_1_640' title='bbox 301 4708 434 4781; x_wconf 83' lang='lat' dir='ltr'><strong>Ibid,</strong></span> <span class='ocrx_word' id='word_1_641' title='bbox 463 4711 730 4766; x_wconf 49' lang='grc' dir='ltr'><strong>εοι.⁴ιοδ.</strong></span> <span class='ocrx_word' id='word_1_642' title='bbox 768 4729 854 4781; x_wconf 70' lang='grc' dir='ltr'><strong>δεῖ.</strong></span> 
     </span>
    </p>
   </div>
   <div class='ocr_carea' id='block_1_94' title="bbox 163 4779 723 4848">
    <p class='ocr_par' dir='ltr' id='par_1_94' title="bbox 163 4779 723 4848">
     <span class='ocr_line' id='line_1_94' title="bbox 163 4779 723 4848; baseline 0.002 -16"><span class='ocrx_word' id='word_1_643' title='bbox 163 4779 268 4848; x_wconf 73' lang='lat' dir='ltr'><strong>(ts)</strong></span> <span class='ocrx_word' id='word_1_644' title='bbox 306 4779 433 4833; x_wconf 74' lang='lat' dir='ltr'><strong>uno.</strong></span> <span class='ocrx_word' id='word_1_645' title='bbox 457 4785 563 4836; x_wconf 90' lang='lat' dir='ltr'><strong>col.</strong></span> <span class='ocrx_word' id='word_1_646' title='bbox 600 4783 723 4835; x_wconf 76' lang='lat' dir='ltr'><strong>tuo.</strong></span> 
     </span>
    </p>
   </div>
   <div class='ocr_carea' id='block_1_95' title="bbox 162 4849 1010 4919">
    <p class='ocr_par' dir='ltr' id='par_1_95' title="bbox 162 4849 1010 4919">
     <span class='ocr_line' id='line_1_95' title="bbox 162 4849 1010 4919; baseline 0.007 -18"><span class='ocrx_word' id='word_1_647' title='bbox 162 4850 267 4919; x_wconf 68' lang='grc'>(49)</span> <span class='ocrx_word' id='word_1_648' title='bbox 311 4849 436 4919; x_wconf 83' lang='lat' dir='ltr'><strong>Vogt</strong></span> <span class='ocrx_word' id='word_1_649' title='bbox 462 4852 658 4906; x_wconf 86' lang='lat' dir='ltr'><strong>Gesch.</strong></span> <span class='ocrx_word' id='word_1_650' title='bbox 695 4852 1010 4907; x_wconf 82' lang='lat' dir='ltr'><strong>Prcussens.</strong></span> 
     </span>
    </p>
   </div>
   <div class='ocr_carea' id='block_1_96' title="bbox 163 4918 809 4990">
    <p class='ocr_par' dir='ltr' id='par_1_96' title="bbox 163 4918 809 4990">
     <span class='ocr_line' id='line_1_96' title="bbox 163 4918 809 4990; baseline 0.011 -21"><span class='ocrx_word' id='word_1_651' title='bbox 163 4918 266 4990; x_wconf 65' lang='lat'><strong>(50)</strong></span> <span class='ocrx_word' id='word_1_652' title='bbox 303 4918 525 4990; x_wconf 71' lang='grc' dir='ltr'><strong>[Μηθοη</strong></span> <span class='ocrx_word' id='word_1_653' title='bbox 551 4922 654 4976; x_wconf 92' lang='lat' dir='ltr'><strong>col.</strong></span> <span class='ocrx_word' id='word_1_654' title='bbox 688 4923 809 4976; x_wconf 83' lang='lat' dir='ltr'><strong>HD.</strong></span> 
     </span>
    </p>
   </div>
   <div class='ocr_carea' id='block_1_97' title="bbox 164 4988 833 5060">
    <p class='ocr_par' dir='ltr' id='par_1_97' title="bbox 164 4988 833 5060">
     <span class='ocr_line' id='line_1_97' title="bbox 164 4988 833 5060; baseline 0.001 -18"><span class='ocrx_word' id='word_1_655' title='bbox 164 4988 269 5060; x_wconf 80' lang='grc'>(51)</span> <span class='ocrx_word' id='word_1_656' title='bbox 304 4988 432 5044; x_wconf 68' lang='grc' dir='ltr'><strong>ΙιιίιῘ.</strong></span> <span class='ocrx_word' id='word_1_657' title='bbox 465 4991 568 5044; x_wconf 88' lang='lat' dir='ltr'><strong>col.</strong></span> <span class='ocrx_word' id='word_1_658' title='bbox 597 4993 716 5044; x_wconf 78' lang='grc'>115.</span> <span class='ocrx_word' id='word_1_659' title='bbox 749 5008 833 5060; x_wconf 75' lang='lat' dir='ltr'><strong>Si].</strong></span> 
     </span>
    </p>
   </div>
   <div class='ocr_carea' id='block_1_98' title="bbox 165 5059 838 5131">
    <p class='ocr_par' dir='ltr' id='par_1_98' title="bbox 165 5059 838 5131">
     <span class='ocr_line' id='line_1_98' title="bbox 165 5059 838 5131; baseline 0.003 -19"><span class='ocrx_word' id='word_1_660' title='bbox 165 5059 269 5131; x_wconf 70' lang='grc'>(52)</span> <span class='ocrx_word' id='word_1_661' title='bbox 306 5060 430 5131; x_wconf 73' lang='lat' dir='ltr'><strong>Ibid.</strong></span> <span class='ocrx_word' id='word_1_662' title='bbox 465 5061 571 5115; x_wconf 89' lang='lat' dir='ltr'><strong>col.</strong></span> <span class='ocrx_word' id='word_1_663' title='bbox 609 5062 732 5115; x_wconf 80' lang='grc'>115.</span> <span class='ocrx_word' id='word_1_664' title='bbox 757 5059 838 5131; x_wconf 81' lang='lat' dir='ltr'><strong>sq.</strong></span> 
     </span>
    </p>
   </div>
   <div class='ocr_carea' id='block_1_99' title="bbox 163 5129 1646 5203">
    <p class='ocr_par' dir='ltr' id='par_1_99' title="bbox 163 5129 1646 5203">
     <span class='ocr_line' id='line_1_99' title="bbox 163 5129 1646 5203; baseline 0.004 -20"><span class='ocrx_word' id='word_1_665' title='bbox 163 5130 267 5203; x_wconf 70' lang='grc'>(55)</span> <span class='ocrx_word' id='word_1_666' title='bbox 311 5129 424 5203; x_wconf 66' lang='lat' dir='ltr'><strong>Vita</strong></span> <span class='ocrx_word' id='word_1_667' title='bbox 453 5129 880 5203; x_wconf 35' lang='lat' dir='ltr'><strong>S.Adaloerli&#39;in</strong></span> <span class='ocrx_word' id='word_1_668' title='bbox 906 5134 1021 5187; x_wconf 75' lang='lat' dir='ltr'><strong>Act.</strong></span> <span class='ocrx_word' id='word_1_669' title='bbox 1050 5133 1299 5186; x_wconf 76' lang='lat' dir='ltr'><strong>Sanctor.</strong></span> <span class='ocrx_word' id='word_1_670' title='bbox 1324 5133 1410 5186; x_wconf 76' lang='grc'>23.</span> <span class='ocrx_word' id='word_1_671' title='bbox 1440 5134 1564 5203; x_wconf 74' lang='lat' dir='ltr'><strong>Apr.</strong></span> <span class='ocrx_word' id='word_1_672' title='bbox 1597 5151 1646 5203; x_wconf 81' lang='grc' dir='ltr'>ρ.</span> 
     </span>
    </p>
   </div>
   <div class='ocr_carea' id='block_1_100' title="bbox 89 5200 1652 5270">
    <p class='ocr_par' dir='ltr' id='par_1_100' title="bbox 89 5200 1652 5270">
     <span class='ocr_line' id='line_1_100' title="bbox 89 5200 1652 5270; baseline 0.003 -16"><span class='ocrx_word' id='word_1_673' title='bbox 89 5200 301 5270; x_wconf 13' lang='lat'><strong>185.7—</strong></span> <span class='ocrx_word' id='word_1_674' title='bbox 331 5200 556 5270; x_wconf 79' lang='lat' dir='ltr'><strong>Dlugosz</strong></span> <span class='ocrx_word' id='word_1_675' title='bbox 601 5201 702 5254; x_wconf 86' lang='lat' dir='ltr'><strong>col.</strong></span> <span class='ocrx_word' id='word_1_676' title='bbox 759 5203 876 5255; x_wconf 74' lang='grc'>113.</span> <span class='ocrx_word' id='word_1_677' title='bbox 915 5204 1024 5266; x_wconf 70' lang='grc' dir='ltr'><strong>υμιὶ</strong></span> <span class='ocrx_word' id='word_1_678' title='bbox 1052 5205 1162 5266; x_wconf 86' lang='lat' dir='ltr'><strong>jam</strong></span> <span class='ocrx_word' id='word_1_679' title='bbox 1211 5200 1558 5256; x_wconf 66' lang='lat' dir='ltr'><strong>Allillbl‘l‘ltliil</strong></span> <span class='ocrx_word' id='word_1_680' title='bbox 1597 5200 1652 5260; x_wconf 72' lang='lat' dir='ltr'><strong>et.</strong></span> 
     </span>
    </p>
   </div>
   <div class='ocr_carea' id='block_1_101' title="bbox 85 5269 1469 5341">
    <p class='ocr_par' dir='ltr' id='par_1_101' title="bbox 85 5269 1469 5341">
     <span class='ocr_line' id='line_1_101' title="bbox 85 5269 1469 5341; baseline 0 -15"><span class='ocrx_word' id='word_1_681' title='bbox 85 5269 428 5341; x_wconf 74' lang='lat' dir='ltr'><strong>Gaudentium</strong></span> <span class='ocrx_word' id='word_1_682' title='bbox 470 5272 901 5341; x_wconf 74' lang='lat' dir='ltr'><strong>archiepiscopos</strong></span> <span class='ocrx_word' id='word_1_683' title='bbox 931 5272 1272 5327; x_wconf 76' lang='lat' dir='ltr'><strong>Guesnenses</strong></span> <span class='ocrx_word' id='word_1_684' title='bbox 1299 5272 1469 5341; x_wconf 75' lang='lat' dir='ltr'><strong>facit).</strong></span> 
     </span>
    </p>
   </div>
   <div class='ocr_carea' id='block_1_102' title="bbox 164 5337 569 5407">
    <p class='ocr_par' dir='ltr' id='par_1_102' title="bbox 164 5337 569 5407">
     <span class='ocr_line' id='line_1_102' title="bbox 164 5337 569 5407; baseline 0.007 -16"><span class='ocrx_word' id='word_1_685' title='bbox 164 5339 268 5405; x_wconf 69' lang='lat' dir='ltr'><strong>(si)</strong></span> <span class='ocrx_word' id='word_1_686' title='bbox 317 5337 439 5407; x_wconf 78' lang='lat' dir='ltr'><strong>Vogt</strong></span> <span class='ocrx_word' id='word_1_687' title='bbox 473 5340 508 5393; x_wconf 93' lang='lat' dir='ltr'><strong>l.</strong></span> <span class='ocrx_word' id='word_1_688' title='bbox 535 5341 569 5394; x_wconf 85' lang='grc' dir='ltr'>ι.</span> 
     </span>
    </p>
   </div>
   <div class='ocr_carea' id='block_1_103' title="bbox 165 5409 1570 5480">
    <p class='ocr_par' dir='ltr' id='par_1_103' title="bbox 165 5409 1570 5480">
     <span class='ocr_line' id='line_1_103' title="bbox 165 5409 1570 5480; baseline 0.002 -20"><span class='ocrx_word' id='word_1_689' title='bbox 165 5409 266 5480; x_wconf 72' lang='lat'><strong>(55)</strong></span> <span class='ocrx_word' id='word_1_690' title='bbox 307 5409 513 5480; x_wconf 61' lang='lat' dir='ltr'><strong>{impr/1.</strong></span> <span class='ocrx_word' id='word_1_691' title='bbox 543 5411 578 5464; x_wconf 89' lang='grc' dir='ltr'>ι.</span> <span class='ocrx_word' id='word_1_692' title='bbox 617 5425 665 5462; x_wconf 88' lang='lat' dir='ltr'><strong>c.</strong></span> <span class='ocrx_word' id='word_1_693' title='bbox 697 5426 750 5479; x_wconf 74' lang='grc' dir='ltr'><strong>ιι.</strong></span> <span class='ocrx_word' id='word_1_694' title='bbox 790 5411 907 5465; x_wconf 73' lang='lat' dir='ltr'><strong>tos.</strong></span> <span class='ocrx_word' id='word_1_695' title='bbox 949 5411 1177 5479; x_wconf 72' lang='lat' dir='ltr'><strong>Dliigosz</strong></span> <span class='ocrx_word' id='word_1_696' title='bbox 1206 5411 1307 5464; x_wconf 75' lang='grc' dir='ltr'><strong>«ιοι.</strong></span> <span class='ocrx_word' id='word_1_697' title='bbox 1343 5413 1458 5466; x_wconf 85' lang='lat' dir='ltr'><strong>H9.</strong></span> <span class='ocrx_word' id='word_1_698' title='bbox 1492 5429 1570 5480; x_wconf 88' lang='lat' dir='ltr'><strong>sq.</strong></span> 
     </span>
    </p>
   </div>
   <div class='ocr_carea' id='block_1_104' title="bbox 163 5478 1644 5549">
    <p class='ocr_par' dir='ltr' id='par_1_104' title="bbox 163 5478 1644 5549">
     <span class='ocr_line' id='line_1_104' title="bbox 163 5478 1644 5549; baseline 0.004 -19"><span class='ocrx_word' id='word_1_699' title='bbox 163 5479 265 5547; x_wconf 78' lang='lat'><strong>(56)</strong></span> <span class='ocrx_word' id='word_1_700' title='bbox 303 5478 527 5547; x_wconf 63' lang='grc' dir='ltr'><strong>Βίης]οκ</strong></span> <span class='ocrx_word' id='word_1_701' title='bbox 555 5481 659 5534; x_wconf 91' lang='lat' dir='ltr'><strong>col.</strong></span> <span class='ocrx_word' id='word_1_702' title='bbox 684 5478 801 5534; x_wconf 70' lang='grc'>125.</span> <span class='ocrx_word' id='word_1_703' title='bbox 835 5498 949 5549; x_wconf 75' lang='lat' dir='ltr'><strong>seq.</strong></span> <span class='ocrx_word' id='word_1_704' title='bbox 1000 5478 1208 5543; x_wconf 21' lang='lat' dir='ltr'><strong>lii’epell.</strong></span> <span class='ocrx_word' id='word_1_705' title='bbox 1241 5499 1423 5534; x_wconf 78' lang='lat' dir='ltr'><strong>aurum</strong></span> <span class='ocrx_word' id='word_1_706' title='bbox 1459 5478 1644 5547; x_wconf 59' lang='lat' dir='ltr'><strong>habet,</strong></span> 
     </span>
    </p>
   </div>
   <div class='ocr_carea' id='block_1_105' title="bbox 89 5549 1643 5615">
    <p class='ocr_par' dir='ltr' id='par_1_105' title="bbox 89 5549 1643 5615">
     <span class='ocr_line' id='line_1_105' title="bbox 89 5549 1643 5615; baseline 0.006 -17"><span class='ocrx_word' id='word_1_707' title='bbox 89 5549 263 5604; x_wconf 72' lang='lat' dir='ltr'><strong>nescio</strong></span> <span class='ocrx_word' id='word_1_708' title='bbox 285 5564 342 5602; x_wconf 78' lang='lat' dir='ltr'><strong>ex</strong></span> <span class='ocrx_word' id='word_1_709' title='bbox 369 5561 475 5615; x_wconf 83' lang='lat' dir='ltr'><strong>quo</strong></span> <span class='ocrx_word' id='word_1_710' title='bbox 519 5550 635 5605; x_wconf 92' lang='lat' dir='ltr'><strong>loco</strong></span> <span class='ocrx_word' id='word_1_711' title='bbox 681 5551 945 5605; x_wconf 72' lang='lat' dir='ltr'><strong>effoderit.</strong></span> <span class='ocrx_word' id='word_1_712' title='bbox 971 5581 1038 5590; x_wconf 90' lang='grc'><strong>--</strong></span> <span class='ocrx_word' id='word_1_713' title='bbox 1064 5550 1257 5604; x_wconf 83' lang='lat' dir='ltr'><strong>Chron.</strong></span> <span class='ocrx_word' id='word_1_714' title='bbox 1293 5552 1454 5605; x_wconf 75' lang='lat' dir='ltr'><strong>Saxo.</strong></span> <span class='ocrx_word' id='word_1_715' title='bbox 1494 5556 1557 5605; x_wconf 82' lang='lat' dir='ltr'><strong>ad</strong></span> <span class='ocrx_word' id='word_1_716' title='bbox 1594 5573 1643 5608; x_wconf 89' lang='lat' dir='ltr'><strong>a.</strong></span> 
     </span>
    </p>
   </div>
   <div class='ocr_carea' id='block_1_106' title="bbox 91 5620 760 5676">
    <p class='ocr_par' dir='ltr' id='par_1_106' title="bbox 91 5620 760 5676">
     <span class='ocr_line' id='line_1_106' title="bbox 91 5620 760 5676; baseline -0.004 -4"><span class='ocrx_word' id='word_1_717' title='bbox 91 5621 194 5676; x_wconf 71' lang='grc'><strong>996</strong></span> <span class='ocrx_word' id='word_1_718' title='bbox 221 5636 234 5671; x_wconf 87' lang='lat'><strong>:</strong></span> <span class='ocrx_word' id='word_1_719' title='bbox 272 5637 288 5667; x_wconf 72' lang='grc' dir='ltr'>ι</span> <span class='ocrx_word' id='word_1_720' title='bbox 323 5620 450 5672; x_wconf 85' lang='lat' dir='ltr'><strong>tlttCC</strong></span> <span class='ocrx_word' id='word_1_721' title='bbox 473 5632 505 5672; x_wconf 89' lang='lat' dir='ltr'><strong>e</strong></span> <span class='ocrx_word' id='word_1_722' title='bbox 527 5623 703 5674; x_wconf 65' lang='lat' dir='ltr'><strong>tiblth.</strong></span> <span class='ocrx_word' id='word_1_723' title='bbox 744 5640 760 5669; x_wconf 80' lang='grc'>›</span> 
     </span>
    </p>
   </div>
   <div class='ocr_carea' id='block_1_107' title="bbox 165 5689 905 5759">
    <p class='ocr_par' dir='ltr' id='par_1_107' title="bbox 165 5689 905 5759">
     <span class='ocr_line' id='line_1_107' title="bbox 165 5689 905 5759; baseline 0.005 -21"><span class='ocrx_word' id='word_1_724' title='bbox 165 5689 266 5751; x_wconf 73' lang='grc'>(5⁸7)</span> <span class='ocrx_word' id='word_1_725' title='bbox 306 5689 524 5755; x_wconf 57' lang='lat' dir='ltr'><strong>Dirige}:</strong></span> <span class='ocrx_word' id='word_1_726' title='bbox 543 5691 644 5743; x_wconf 91' lang='lat' dir='ltr'><strong>col.</strong></span> <span class='ocrx_word' id='word_1_727' title='bbox 674 5691 791 5744; x_wconf 82' lang='grc'>128.</span> <span class='ocrx_word' id='word_1_728' title='bbox 824 5705 905 5759; x_wconf 72' lang='lat' dir='ltr'><strong>sq.</strong></span> 
     </span>
    </p>
   </div>
   <div class='ocr_carea' id='block_1_108' title="bbox 167 5759 692 5822">
    <p class='ocr_par' dir='ltr' id='par_1_108' title="bbox 167 5759 692 5822">
     <span class='ocr_line' id='line_1_108' title="bbox 167 5759 692 5822; baseline 0.008 -13"><span class='ocrx_word' id='word_1_729' title='bbox 167 5759 266 5822; x_wconf 80' lang='grc'>(58)</span> <span class='ocrx_word' id='word_1_730' title='bbox 290 5759 409 5810; x_wconf 77' lang='lat' dir='ltr'><strong>ibid.</strong></span> <span class='ocrx_word' id='word_1_731' title='bbox 439 5759 538 5812; x_wconf 78' lang='lat' dir='ltr'><strong>cui.</strong></span> <span class='ocrx_word' id='word_1_732' title='bbox 573 5761 692 5812; x_wconf 66' lang='grc'>127.</span> 
     </span>
    </p>
   </div>
   <div class='ocr_carea' id='block_1_109' title="bbox 164 5828 1632 5903">
    <p class='ocr_par' dir='ltr' id='par_1_109' title="bbox 164 5828 1632 5903">
     <span class='ocr_line' id='line_1_109' title="bbox 164 5828 1632 5903; baseline 0.01 -29"><span class='ocrx_word' id='word_1_733' title='bbox 164 5829 265 5899; x_wconf 63' lang='grc'>(59)</span> <span class='ocrx_word' id='word_1_734' title='bbox 302 5828 678 5900; x_wconf 70' lang='lat' dir='ltr'><strong>Adclbuldusp.</strong></span> <span class='ocrx_word' id='word_1_735' title='bbox 714 5831 834 5884; x_wconf 71' lang='grc' dir='ltr'><strong>ΗΟ.</strong></span> <span class='ocrx_word' id='word_1_736' title='bbox 874 5846 962 5902; x_wconf 84' lang='lat' dir='ltr'><strong>qui</strong></span> <span class='ocrx_word' id='word_1_737' title='bbox 1003 5847 1019 5881; x_wconf 76' lang='grc' dir='ltr'><strong><em>ι</em></strong></span> <span class='ocrx_word' id='word_1_738' title='bbox 1070 5843 1221 5902; x_wconf 65' lang='grc' dir='ltr'><strong>ηῳοδ</strong></span> <span class='ocrx_word' id='word_1_739' title='bbox 1255 5851 1270 5883; x_wconf 84' lang='grc'><strong>›</strong></span> <span class='ocrx_word' id='word_1_740' title='bbox 1318 5832 1508 5898; x_wconf 63' lang='lat' dir='ltr'><strong>habet,</strong></span> <span class='ocrx_word' id='word_1_741' title='bbox 1547 5849 1632 5903; x_wconf 88' lang='lat' dir='ltr'><strong>co,</strong></span> 
     </span>
    </p>
   </div>
   <div class='ocr_carea' id='block_1_110' title="bbox 1829 4603 3336 4679">
    <p class='ocr_par' dir='ltr' id='par_1_110' title="bbox 1829 4603 3336 4679">
     <span class='ocr_line' id='line_1_110' title="bbox 1829 4603 3336 4679; baseline 0.003 -21"><span class='ocrx_word' id='word_1_742' title='bbox 1829 4603 1940 4658; x_wconf 90' lang='lat' dir='ltr'><strong>Sub</strong></span> <span class='ocrx_word' id='word_1_743' title='bbox 1985 4604 2144 4660; x_wconf 86' lang='lat' dir='ltr'><strong>finem</strong></span> <span class='ocrx_word' id='word_1_744' title='bbox 2187 4606 2314 4661; x_wconf 88' lang='lat' dir='ltr'><strong>anni</strong></span> <span class='ocrx_word' id='word_1_745' title='bbox 2369 4607 2472 4663; x_wconf 85' lang='grc'><strong>999</strong></span> <span class='ocrx_word' id='word_1_746' title='bbox 2517 4606 2686 4661; x_wconf 77' lang='lat' dir='ltr'><strong>Roma</strong></span> <span class='ocrx_word' id='word_1_747' title='bbox 2722 4605 2994 4676; x_wconf 87' lang='lat' dir='ltr'><strong>profectus</strong></span> <span class='ocrx_word' id='word_1_748' title='bbox 3019 4607 3130 4679; x_wconf 86' lang='grc'>(66)</span> <span class='ocrx_word' id='word_1_749' title='bbox 3162 4609 3336 4662; x_wconf 84' lang='lat' dir='ltr'><strong>modia</strong></span> 
     </span>
    </p>
   </div>
   <div class='ocr_carea' id='block_1_111' title="bbox 1759 4713 3331 4786">
    <p class='ocr_par' dir='ltr' id='par_1_111' title="bbox 1759 4713 3331 4786">
     <span class='ocr_line' id='line_1_111' title="bbox 1759 4713 3331 4786; baseline 0.003 -20"><span class='ocrx_word' id='word_1_750' title='bbox 1759 4723 1818 4786; x_wconf 84' lang='lat' dir='ltr'><strong>ut</strong></span> <span class='ocrx_word' id='word_1_751' title='bbox 1840 4713 2078 4786; x_wconf 71' lang='lat' dir='ltr'><strong>videtur,</strong></span> <span class='ocrx_word' id='word_1_752' title='bbox 2103 4729 2291 4779; x_wconf 85' lang='lat' dir='ltr'><strong>sensu,</strong></span> <span class='ocrx_word' id='word_1_753' title='bbox 2320 4732 2430 4786; x_wconf 88' lang='lat' dir='ltr'><strong>quo</strong></span> <span class='ocrx_word' id='word_1_754' title='bbox 2462 4726 2702 4771; x_wconf 90' lang='lat' dir='ltr'><strong>nostrum</strong></span> <span class='ocrx_word' id='word_1_755' title='bbox 2731 4735 2748 4766; x_wconf 73' lang='grc' dir='ltr'>ι</span> <span class='ocrx_word' id='word_1_756' title='bbox 2779 4733 2934 4770; x_wconf 84' lang='lat' dir='ltr'><strong>neren</strong></span> <span class='ocrx_word' id='word_1_757' title='bbox 2965 4737 2980 4768; x_wconf 76' lang='grc' dir='ltr'>ι</span> <span class='ocrx_word' id='word_1_758' title='bbox 3011 4726 3064 4770; x_wconf 91' lang='lat' dir='ltr'><strong>et</strong></span> <span class='ocrx_word' id='word_1_759' title='bbox 3100 4735 3118 4767; x_wconf 71' lang='grc' dir='ltr'><strong><em>ι</em></strong></span> <span class='ocrx_word' id='word_1_760' title='bbox 3149 4719 3288 4770; x_wconf 70' lang='lat' dir='ltr'><strong>niére</strong></span> <span class='ocrx_word' id='word_1_761' title='bbox 3314 4738 3331 4770; x_wconf 73' lang='grc' dir='ltr'>ι</span> 
     </span>
    </p>
   </div>
   <div class='ocr_carea' id='block_1_112' title="bbox 1760 4784 3336 4854">
    <p class='ocr_par' dir='ltr' id='par_1_112' title="bbox 1760 4784 3336 4854">
     <span class='ocr_line' id='line_1_112' title="bbox 1760 4784 3336 4854; baseline 0.004 -18"><span class='ocrx_word' id='word_1_762' title='bbox 1760 4784 2025 4854; x_wconf 80' lang='lat' dir='ltr'><strong>latinitate</strong></span> <span class='ocrx_word' id='word_1_763' title='bbox 2052 4786 2211 4839; x_wconf 88' lang='lat' dir='ltr'><strong>medii</strong></span> <span class='ocrx_word' id='word_1_764' title='bbox 2243 4784 2352 4838; x_wconf 78' lang='lat' dir='ltr'><strong>aevi</strong></span> <span class='ocrx_word' id='word_1_765' title='bbox 2379 4803 2533 4854; x_wconf 73' lang='lat' dir='ltr'><strong>nepos</strong></span> <span class='ocrx_word' id='word_1_766' title='bbox 2561 4797 2613 4838; x_wconf 93' lang='lat' dir='ltr'><strong>et</strong></span> <span class='ocrx_word' id='word_1_767' title='bbox 2644 4789 2808 4854; x_wconf 74' lang='lat' dir='ltr'><strong>neptis</strong></span> <span class='ocrx_word' id='word_1_768' title='bbox 2835 4787 3168 4840; x_wconf 70' lang='lat' dir='ltr'><strong>dicebantur.</strong></span> <span class='ocrx_word' id='word_1_769' title='bbox 3202 4788 3336 4843; x_wconf 83' lang='lat' dir='ltr'><strong>Nam</strong></span> 
     </span>
    </p>
   </div>
   <div class='ocr_carea' id='block_1_113' title="bbox 1757 4852 3334 4926">
    <p class='ocr_par' dir='ltr' id='par_1_113' title="bbox 1757 4852 3334 4926">
     <span class='ocr_line' id='line_1_113' title="bbox 1757 4852 3334 4926; baseline 0.004 -20"><span class='ocrx_word' id='word_1_770' title='bbox 1757 4852 2249 4926; x_wconf 73' lang='lat' dir='ltr'><strong>BoleslausSzevus</strong></span> <span class='ocrx_word' id='word_1_771' title='bbox 2281 4852 2607 4926; x_wconf 80' lang='lat' dir='ltr'><strong>(fratricida)</strong></span> <span class='ocrx_word' id='word_1_772' title='bbox 2633 4852 2758 4926; x_wconf 17' lang='lat' dir='ltr'><strong>ierat</strong></span> <span class='ocrx_word' id='word_1_773' title='bbox 2791 4857 3070 4925; x_wconf 75' lang='lat' dir='ltr'><strong>utriusque</strong></span> <span class='ocrx_word' id='word_1_774' title='bbox 3108 4858 3334 4913; x_wconf 84' lang='lat' dir='ltr'><strong>Boleslai</strong></span> 
     </span>
    </p>
   </div>
   <div class='ocr_carea' id='block_1_114' title="bbox 1758 4924 3337 4992">
    <p class='ocr_par' dir='ltr' id='par_1_114' title="bbox 1758 4924 3337 4992">
     <span class='ocr_line' id='line_1_114' title="bbox 1758 4924 3337 4992; baseline 0.004 -16"><span class='ocrx_word' id='word_1_775' title='bbox 1758 4938 1921 4986; x_wconf 84' lang='lat' dir='ltr'><strong>avus;</strong></span> <span class='ocrx_word' id='word_1_776' title='bbox 1971 4924 2158 4978; x_wconf 87' lang='lat' dir='ltr'><strong>Polnni</strong></span> <span class='ocrx_word' id='word_1_777' title='bbox 2202 4924 2298 4992; x_wconf 81' lang='lat' dir='ltr'><strong>per</strong></span> <span class='ocrx_word' id='word_1_778' title='bbox 2349 4934 2575 4978; x_wconf 78' lang='lat' dir='ltr'><strong>matri-ni</strong></span> <span class='ocrx_word' id='word_1_779' title='bbox 2631 4924 3061 4991; x_wconf 79' lang='lat' dir='ltr'><strong>Dambrowkaiu,</strong></span> <span class='ocrx_word' id='word_1_780' title='bbox 3111 4927 3337 4983; x_wconf 79' lang='lat' dir='ltr'><strong>Boltrtni</strong></span> 
     </span>
    </p>
   </div>
   <div class='ocr_carea' id='block_1_115' title="bbox 1723 4995 2756 5063">
    <p class='ocr_par' dir='ltr' id='par_1_115' title="bbox 1723 4995 2756 5063">
     <span class='ocr_line' id='line_1_115' title="bbox 1723 4995 2756 5063; baseline 0.002 -17"><span class='ocrx_word' id='word_1_781' title='bbox 1723 5007 1855 5062; x_wconf 74' lang='lat' dir='ltr'><strong>per</strong></span> <span class='ocrx_word' id='word_1_782' title='bbox 1893 5002 2101 5063; x_wconf 77' lang='lat' dir='ltr'><strong>patrem</strong></span> <span class='ocrx_word' id='word_1_783' title='bbox 2144 4995 2441 5048; x_wconf 65' lang='lat' dir='ltr'><strong>lioleslaum</strong></span> <span class='ocrx_word' id='word_1_784' title='bbox 2479 4995 2756 5048; x_wconf 82' lang='lat' dir='ltr'><strong>Pudieum.</strong></span> 
     </span>
    </p>
   </div>
   <div class='ocr_carea' id='block_1_116' title="bbox 1830 5063 3333 5136">
    <p class='ocr_par' dir='ltr' id='par_1_116' title="bbox 1830 5063 3333 5136">
     <span class='ocr_line' id='line_1_116' title="bbox 1830 5063 3333 5136; baseline 0.005 -22"><span class='ocrx_word' id='word_1_785' title='bbox 1830 5063 2289 5136; x_wconf 14' lang='lat' dir='ltr'><strong>(607)7Kudluberk</strong></span> <span class='ocrx_word' id='word_1_786' title='bbox 2331 5065 2368 5118; x_wconf 89' lang='grc' dir='ltr'>Ι.</span> <span class='ocrx_word' id='word_1_787' title='bbox 2403 5082 2452 5134; x_wconf 90' lang='lat' dir='ltr'><strong>p.</strong></span> <span class='ocrx_word' id='word_1_788' title='bbox 2495 5065 2580 5120; x_wconf 84' lang='lat'>99.</span> <span class='ocrx_word' id='word_1_789' title='bbox 2609 5096 2692 5136; x_wconf 25' lang='lat' dir='ltr'><strong>—‘v</strong></span> <span class='ocrx_word' id='word_1_790' title='bbox 2711 5064 2906 5118; x_wconf 82' lang='lat' dir='ltr'><strong>Chron.</strong></span> <span class='ocrx_word' id='word_1_791' title='bbox 2947 5065 3150 5120; x_wconf 71' lang='lat' dir='ltr'><strong>Polon.</strong></span> <span class='ocrx_word' id='word_1_792' title='bbox 3178 5066 3236 5136; x_wconf 93' lang='lat' dir='ltr'><strong>(I.</strong></span> <span class='ocrx_word' id='word_1_793' title='bbox 3273 5068 3333 5136; x_wconf 91' lang='lat' dir='ltr'><strong>l.)</strong></span> 
     </span>
    </p>
   </div>
   <div class='ocr_carea' id='block_1_117' title="bbox 1757 5133 3330 5255">
    <p class='ocr_par' dir='ltr' id='par_1_117' title="bbox 1757 5133 3330 5255">
     <span class='ocr_line' id='line_1_117' title="bbox 1757 5133 3330 5255; baseline 0.004 -69"><span class='ocrx_word' id='word_1_794' title='bbox 1757 5133 1795 5187; x_wconf 96' lang='lat' dir='ltr'><strong>I.</strong></span> <span class='ocrx_word' id='word_1_795' title='bbox 1831 5135 1997 5255; x_wconf 39' lang='lat'><strong>[1.40.</strong></span> <span class='ocrx_word' id='word_1_796' title='bbox 2033 5164 2098 5173; x_wconf 87' lang='lat'><strong>——-</strong></span> <span class='ocrx_word' id='word_1_797' title='bbox 2131 5133 2347 5188; x_wconf 74' lang='lat' dir='ltr'><strong>Cosmus</strong></span> <span class='ocrx_word' id='word_1_798' title='bbox 2378 5133 2432 5204; x_wconf 82' lang='lat' dir='ltr'><strong>p.</strong></span> <span class='ocrx_word' id='word_1_799' title='bbox 2461 5137 2548 5189; x_wconf 81' lang='lat'><strong>66.</strong></span> <span class='ocrx_word' id='word_1_800' title='bbox 2576 5133 2875 5188; x_wconf 81' lang='lat' dir='ltr'><strong>—Dobner</strong></span> <span class='ocrx_word' id='word_1_801' title='bbox 2915 5137 2980 5188; x_wconf 89' lang='lat' dir='ltr'><strong>ad</strong></span> <span class='ocrx_word' id='word_1_802' title='bbox 3015 5133 3212 5206; x_wconf 80' lang='lat' dir='ltr'><strong>llagce.</strong></span> <span class='ocrx_word' id='word_1_803' title='bbox 3241 5133 3330 5192; x_wconf 77' lang='grc' dir='ltr'><strong>ιγ.</strong></span> 
     </span>
     <span class='ocr_line' id='line_1_118' title="bbox 1757 5220 3155 5255; baseline -0.008 0"><span class='ocrx_word' id='word_1_804' title='bbox 1757 5220 1808 5255; x_wconf 90' lang='lat' dir='ltr'><strong>n.</strong></span> <span class='ocrx_word' id='word_1_805' title='bbox 1877 5221 1964 5255; x_wconf 69' lang='grc' dir='ltr'>δ).</span> <span class='ocrx_word' id='word_1_806' title='bbox 3152 5241 3155 5244; x_wconf 88' lang='grc'><strong>.</strong></span> 
     </span>
    </p>
   </div>
   <div class='ocr_carea' id='block_1_118' title="bbox 1774 5220 3155 5256">
    <p class='ocr_par' dir='ltr' id='par_1_118' title="bbox 1774 5220 3155 5256">
     <span class='ocr_line' id='line_1_119' title="bbox 1774 5220 3155 5256; baseline -0.006 -4"><span class='ocrx_word' id='word_1_807' title='bbox 1774 5220 1808 5256; x_wconf 74' lang='grc'><strong>1.</strong></span> <span class='ocrx_word' id='word_1_808' title='bbox 1841 5220 1964 5256; x_wconf 66' lang='grc' dir='ltr'>(ΗΠ).</span> <span class='ocrx_word' id='word_1_809' title='bbox 3152 5241 3155 5244; x_wconf 95' lang='grc'><strong>.</strong></span> 
     </span>
    </p>
   </div>
   <div class='ocr_carea' id='block_1_119' title="bbox 1756 5220 3333 5340">
    <p class='ocr_par' dir='ltr' id='par_1_119' title="bbox 1756 5220 3333 5340">
     <span class='ocr_line' id='line_1_120' title="bbox 1756 5220 3333 5340; baseline 0.004 -15"><span class='ocrx_word' id='word_1_810' title='bbox 1756 5220 1808 5272; x_wconf 51' lang='grc' dir='ltr'><strong>ν’</strong></span> <span class='ocrx_word' id='word_1_811' title='bbox 1829 5220 1964 5340; x_wconf 33' lang='grc'><strong>(1111)⁸</strong></span> <span class='ocrx_word' id='word_1_812' title='bbox 1989 5271 2100 5325; x_wconf 81' lang='lat' dir='ltr'><strong>Vel.</strong></span> <span class='ocrx_word' id='word_1_813' title='bbox 2151 5272 2328 5327; x_wconf 80' lang='lat' dir='ltr'><strong>Schol.</strong></span> <span class='ocrx_word' id='word_1_814' title='bbox 2378 5274 2565 5327; x_wconf 77' lang='lat' dir='ltr'><strong>Adami</strong></span> <span class='ocrx_word' id='word_1_815' title='bbox 2615 5274 2793 5327; x_wconf 81' lang='lat' dir='ltr'><strong>Brem.</strong></span> <span class='ocrx_word' id='word_1_816' title='bbox 2842 5274 2930 5328; x_wconf 89' lang='grc'><strong>22.</strong></span> <span class='ocrx_word' id='word_1_817' title='bbox 2966 5286 3035 5315; x_wconf 90' lang='lat'><strong>—-’</strong></span> <span class='ocrx_word' id='word_1_818' title='bbox 3068 5241 3333 5331; x_wconf 76' lang='lat' dir='ltr'><strong>&#39;I&#39;lii&#39;elmar</strong></span> 
     </span>
    </p>
   </div>
   <div class='ocr_carea' id='block_1_120' title="bbox 1755 5342 3328 5404">
    <p class='ocr_par' dir='ltr' id='par_1_120' title="bbox 1755 5342 3328 5404">
     <span class='ocr_line' id='line_1_121' title="bbox 1755 5342 3328 5404; baseline 0.006 -10"><span class='ocrx_word' id='word_1_819' title='bbox 1755 5342 1791 5395; x_wconf 90' lang='lat' dir='ltr'><strong>l.</strong></span> <span class='ocrx_word' id='word_1_820' title='bbox 1827 5342 1955 5396; x_wconf 74' lang='lat' dir='ltr'><strong>VIII.</strong></span> <span class='ocrx_word' id='word_1_821' title='bbox 1993 5343 2292 5396; x_wconf 81' lang='lat' dir='ltr'><strong>Dalilmmm</strong></span> <span class='ocrx_word' id='word_1_822' title='bbox 2320 5344 2514 5398; x_wconf 81' lang='lat' dir='ltr'><strong>Gesch.</strong></span> <span class='ocrx_word' id='word_1_823' title='bbox 2549 5361 2599 5397; x_wconf 85' lang='lat' dir='ltr'><strong>v.</strong></span> <span class='ocrx_word' id='word_1_824' title='bbox 2628 5345 2848 5398; x_wconf 73' lang='lat' dir='ltr'><strong>Dantem.</strong></span> <span class='ocrx_word' id='word_1_825' title='bbox 2883 5346 2920 5399; x_wconf 96' lang='lat' dir='ltr'><strong>I.</strong></span> <span class='ocrx_word' id='word_1_826' title='bbox 2956 5345 3012 5400; x_wconf 90' lang='lat' dir='ltr'><strong>S.</strong></span> <span class='ocrx_word' id='word_1_827' title='bbox 3042 5348 3110 5403; x_wconf 82' lang='lat'><strong>89</strong></span> <span class='ocrx_word' id='word_1_828' title='bbox 3134 5358 3180 5403; x_wconf 88' lang='lat' dir='ltr'><strong>el</strong></span> <span class='ocrx_word' id='word_1_829' title='bbox 3213 5349 3328 5404; x_wconf 81' lang='grc'>100.</span> 
     </span>
    </p>
   </div>
   <div class='ocr_carea' id='block_1_121' title="bbox 1761 5412 2500 5481">
    <p class='ocr_par' dir='ltr' id='par_1_121' title="bbox 1761 5412 2500 5481">
     <span class='ocr_line' id='line_1_122' title="bbox 1761 5412 2500 5481; baseline 0.004 -18"><span class='ocrx_word' id='word_1_830' title='bbox 1761 5412 1971 5478; x_wconf 66' lang='lat' dir='ltr'><strong>“mne”.</strong></span> <span class='ocrx_word' id='word_1_831' title='bbox 2003 5415 2039 5468; x_wconf 92' lang='lat' dir='ltr'><strong>l.</strong></span> <span class='ocrx_word' id='word_1_832' title='bbox 2078 5430 2131 5481; x_wconf 78' lang='grc' dir='ltr'>ι).</span> <span class='ocrx_word' id='word_1_833' title='bbox 2164 5413 2282 5465; x_wconf 90' lang='grc'>110.</span> <span class='ocrx_word' id='word_1_834' title='bbox 2497 5414 2500 5418; x_wconf 75' lang='grc'><em>’</em></span> 
     </span>
    </p>
   </div>
   <div class='ocr_carea' id='block_1_122' title="bbox 1826 5483 3132 5549">
    <p class='ocr_par' dir='ltr' id='par_1_122' title="bbox 1826 5483 3132 5549">
     <span class='ocr_line' id='line_1_123' title="bbox 1826 5483 3132 5549; baseline 0.006 -15"><span class='ocrx_word' id='word_1_835' title='bbox 1826 5484 1936 5548; x_wconf 71' lang='grc'>(62)</span> <span class='ocrx_word' id='word_1_836' title='bbox 1977 5484 2160 5537; x_wconf 72' lang='lat' dir='ltr'><strong>Cultus</strong></span> <span class='ocrx_word' id='word_1_837' title='bbox 2187 5494 2291 5537; x_wconf 89' lang='lat' dir='ltr'><strong>ctc.</strong></span> <span class='ocrx_word' id='word_1_838' title='bbox 2322 5483 2585 5536; x_wconf 72' lang='lat' dir='ltr'><strong>T/iietmm&#39;</strong></span> <span class='ocrx_word' id='word_1_839' title='bbox 2612 5501 2660 5549; x_wconf 90' lang='lat' dir='ltr'><strong>p.</strong></span> <span class='ocrx_word' id='word_1_840' title='bbox 2690 5485 2818 5539; x_wconf 72' lang='grc'>259.</span> <span class='ocrx_word' id='word_1_841' title='bbox 2846 5486 2972 5540; x_wconf 67' lang='grc'>214.</span> <span class='ocrx_word' id='word_1_842' title='bbox 3007 5487 3132 5542; x_wconf 74' lang='grc'>265.</span> 
     </span>
    </p>
   </div>
   <div class='ocr_carea' id='block_1_123' title="bbox 1824 5554 3328 5626">
    <p class='ocr_par' dir='ltr' id='par_1_123' title="bbox 1824 5554 3328 5626">
     <span class='ocr_line' id='line_1_124' title="bbox 1824 5554 3328 5626; baseline 0.013 -32"><span class='ocrx_word' id='word_1_843' title='bbox 1824 5554 1936 5626; x_wconf 36' lang='grc' dir='ltr'><strong>(ξς-δ)</strong></span> <span class='ocrx_word' id='word_1_844' title='bbox 1975 5554 2287 5626; x_wconf 51' lang='lat' dir='ltr'><strong>[togati/nea!</strong></span> <span class='ocrx_word' id='word_1_845' title='bbox 2318 5556 2755 5626; x_wconf 62' lang='lat' dir='ltr'><strong>(Sinnmerslmrg</strong></span> <span class='ocrx_word' id='word_1_846' title='bbox 2791 5572 2896 5611; x_wconf 82' lang='lat' dir='ltr'><strong>scr.</strong></span> <span class='ocrx_word' id='word_1_847' title='bbox 2937 5574 3043 5612; x_wconf 85' lang='lat' dir='ltr'><strong>rer.</strong></span> <span class='ocrx_word' id='word_1_848' title='bbox 3081 5560 3236 5614; x_wconf 84' lang='lat' dir='ltr'><strong>Siles.</strong></span> <span class='ocrx_word' id='word_1_849' title='bbox 3264 5560 3328 5614; x_wconf 85' lang='grc'><strong>11.</strong></span> 
     </span>
    </p>
   </div>
   <div class='ocr_carea' id='block_1_124' title="bbox 1752 5623 2570 5692">
    <p class='ocr_par' dir='ltr' id='par_1_124' title="bbox 1752 5623 2570 5692">
     <span class='ocr_line' id='line_1_125' title="bbox 1752 5623 2570 5692; baseline 0.001 -19"><span class='ocrx_word' id='word_1_850' title='bbox 1752 5639 1802 5692; x_wconf 81' lang='lat' dir='ltr'><strong>p.</strong></span> <span class='ocrx_word' id='word_1_851' title='bbox 1835 5623 1950 5676; x_wconf 68' lang='grc'>25.)</span> <span class='ocrx_word' id='word_1_852' title='bbox 1988 5633 2041 5675; x_wconf 78' lang='lat' dir='ltr'><strong>rt</strong></span> <span class='ocrx_word' id='word_1_853' title='bbox 2079 5623 2330 5677; x_wconf 73' lang='lat' dir='ltr'><strong>Germani</strong></span> <span class='ocrx_word' id='word_1_854' title='bbox 2376 5623 2570 5675; x_wconf 72' lang='lat' dir='ltr'><strong>fontes.</strong></span> 
     </span>
    </p>
   </div>
   <div class='ocr_carea' id='block_1_125' title="bbox 1825 5693 2757 5761">
    <p class='ocr_par' dir='ltr' id='par_1_125' title="bbox 1825 5693 2757 5761">
     <span class='ocr_line' id='line_1_126' title="bbox 1825 5693 2757 5761; baseline 0.006 -17"><span class='ocrx_word' id='word_1_855' title='bbox 1825 5693 1938 5756; x_wconf 69' lang='lat' dir='ltr'><strong>(lii)</strong></span> <span class='ocrx_word' id='word_1_856' title='bbox 1981 5694 2160 5746; x_wconf 78' lang='lat' dir='ltr'><strong>I’oloui</strong></span> <span class='ocrx_word' id='word_1_857' title='bbox 2199 5695 2416 5760; x_wconf 72' lang='lat' dir='ltr'><strong>quidam</strong></span> <span class='ocrx_word' id='word_1_858' title='bbox 2447 5695 2757 5761; x_wconf 78' lang='lat' dir='ltr'><strong>scriptores.</strong></span> 
     </span>
    </p>
   </div>
   <div class='ocr_carea' id='block_1_126' title="bbox 1825 5762 3332 5839">
    <p class='ocr_par' dir='ltr' id='par_1_126' title="bbox 1825 5762 3332 5839">
     <span class='ocr_line' id='line_1_127' title="bbox 1825 5762 3332 5839; baseline 0.009 -28"><span class='ocrx_word' id='word_1_859' title='bbox 1973 5763 2250 5839; x_wconf 42' lang='lat' dir='ltr'><strong>(inﬂuat):</strong></span> <span class='ocrx_word' id='word_1_860' title='bbox 2273 5766 2358 5815; x_wconf 73' lang='grc'><strong>58.</strong></span> <span class='ocrx_word' id='word_1_861' title='bbox 2400 5762 2666 5839; x_wconf 30' lang='lat' dir='ltr'><strong>(stratiotici;</strong></span> <span class='ocrx_word' id='word_1_862' title='bbox 2698 5767 2732 5822; x_wconf 93' lang='lat' dir='ltr'><strong>I.</strong></span> <span class='ocrx_word' id='word_1_863' title='bbox 2760 5785 2808 5838; x_wconf 75' lang='grc' dir='ltr'><strong>ιν.</strong></span> <span class='ocrx_word' id='word_1_864' title='bbox 2844 5769 2933 5837; x_wconf 70' lang='grc'>95,</span> <span class='ocrx_word' id='word_1_865' title='bbox 2971 5770 3198 5839; x_wconf 72' lang='lat' dir='ltr'><strong>Di&#39;ugosz</strong></span> <span class='ocrx_word' id='word_1_866' title='bbox 3219 5777 3332 5826; x_wconf 79' lang='lat' dir='ltr'><strong>etc.</strong></span> 
     </span>
    </p>
   </div>
   <div class='ocr_carea' id='block_1_127' title="bbox 1827 5832 2624 5905">
    <p class='ocr_par' dir='ltr' id='par_1_127' title="bbox 1827 5832 2624 5905">
     <span class='ocr_line' id='line_1_128' title="bbox 1827 5832 2624 5905; baseline 0.003 -20"><span class='ocrx_word' id='word_1_867' title='bbox 1827 5834 1939 5905; x_wconf 73' lang='lat' dir='ltr'><strong>(iiii)</strong></span> <span class='ocrx_word' id='word_1_868' title='bbox 1984 5832 2192 5902; x_wconf 72' lang='lat' dir='ltr'><strong>Iio&#39;pc/I.</strong></span> <span class='ocrx_word' id='word_1_869' title='bbox 2236 5834 2268 5886; x_wconf 87' lang='lat' dir='ltr'><strong>l.</strong></span> <span class='ocrx_word' id='word_1_870' title='bbox 2306 5850 2354 5903; x_wconf 79' lang='grc' dir='ltr'><strong>ιι.</strong></span> <span class='ocrx_word' id='word_1_871' title='bbox 2396 5834 2513 5887; x_wconf 83' lang='lat' dir='ltr'><strong>HO.</strong></span> <span class='ocrx_word' id='word_1_872' title='bbox 2619 5841 2624 5846; x_wconf 91' lang='grc'><strong>’</strong></span> 
     </span>
    </p>
   </div>
  </div>
