3892 6318
40 342 166 403 ’ςῦϐῦ

1198 343 1255 399 S.
1295 342 1672 399 MATHILDIS
1701 342 1975 399 REGINA.
2008 354 2011 357 '

3167 342 3306 400 15το

39 459 148 521 aio;
171 466 290 507 nam
319 446 546 504 ecclesia
578 445 630 503 id
658 446 976 521 plerumque
1004 450 1297 522 haereticis,
1324 454 1602 509 rarissime
1631 458 1677 517 Α
1708 457 1868 521 simo,
1894 464 1953 509 ut
1981 454 2159 526 potius
2187 454 2361 510 verba
2395 454 2657 510 orationis
2689 453 2972 511 dominica:
2997 473 3008 508 :
3050 475 3067 508 ι
3103 455 3303 514 Panem

37 546 247 621 paganis
277 541 529 613 adhibet,
560 550 654 596 aut
681 543 945 599 adhibuit.

104 638 264 694 Nemo
315 633 530 689 inficias
582 633 679 689 ibit
728 636 779 688 in
824 636 1053 706 epistola
1086 648 1269 693 nostra
1321 640 1606 695 dicendurm

35 732 226 787 fuisse:
264 746 283 780 ι
321 727 389 781 ad
417 741 631 780 socrum
659 728 924 797 baptisma
970 732 1302 801 compellens
1336 752 1353 783 ι
1386 733 1467 787 vel
1501 734 1611 789 tale

36 823 177 891 quid,
210 831 385 891 atque,
418 828 474 873 ut
505 836 650 873 nunc.
677 834 764 874 res
798 834 857 875 se
896 821 1075 888 habet,
1110 823 1278 877 multo
1310 824 1608 894 simplicius

35 934 91 969 ea
126 916 283 970 verba
334 913 403 967 ad
445 914 587 982 ipsos
626 913 857 969 Polonos
902 923 955 969 et
990 916 1123 971 alios
1162 932 1349 972 eorum
1395 927 1611 988 sceptro

36 1004 322 1057 submissos
351 1002 575 1073 populos
608 1002 822 1069 referri,
866 1005 955 1073 qui
984 1004 1138 1075 jussu
1170 1008 1470 1076 principum
1502 1007 1610 1065 Po-

34 1097 180 1150 loniae
218 1094 503 1165 Misegonis
582 1104 633 1150 ct
679 1096 933 1151 Bolizlavi
962 1098 980 1152 Ι
1010 1097 1267 1168 baptizati
1310 1110 1467 1155 erant
1501 1100 1607 1155 ritu

34 1187 289 1251 llomano,
316 1198 493 1252 neque
525 1200 592 1239 eo
628 1185 806 1239 secius
833 1200 1082 1257 magnam
1116 1196 1322 1256 partem
1354 1198 1447 1242 aut
1478 1188 1608 1244 rilui

33 1275 534 1357 Slavtmieo-grteco.
569 1288 660 1331 aut
691 1290 904 1332 secreto
930 1280 1216 1348 genzilitati
1252 1280 1333 1334 vel
1367 1281 1609 1337 moribus

31 1368 299 1439 gentilium
331 1369 611 1433 favebant;
665 1385 891 1437 quorum
926 1386 1183 1427 numerus
1222 1389 1419 1443 parvus
1446 1374 1611 1431 fuisse

32 1460 229 1533 nequit.
264 1466 324 1513 ut
362 1467 481 1527 post
515 1460 616 1514 sub
643 1460 915 1531 Misi-gone
961 1461 998 1516 ll
1045 1472 1099 1517 et
1137 1466 1237 1519 sub
1281 1465 1547 1521 Casimiro
1590 1465 1610 1520 ι

30 1551 293 1621 apparuit.
334 1552 548 1608 Scimus
588 1552 874 1619 Bohemos,
917 1555 1042 1613 licet
1071 1557 1432 1627 Christianos,
1465 1560 1613 1615 anti—

28 1662 127 1711 quo
154 1659 486 1714 paganorum
510 1655 602 1699 aut
633 1646 941 1705 Grmcorum
996 1665 1146 1705 more
1174 1651 1404 1713 vixisse;
1448 1660 1609 1723 atque

29 1736 123 1789 hac
142 1735 528 1803 depravatione
549 1738 862 1808 episeOpnm
884 1756 1041 1795 suum
1074 1749 1320 1796 sanctum
1350 1741 1609 1795 Adalber-

29 1839 132 1881 tum
193 1828 473 1899 impulisse
523 1838 583 1882 ut
640 1832 964 1902 relinqueret
1016 1835 1195 1889 sedem
1245 1832 1605 1903 episcopalem
1643 1808 1688 1865 Β

25 1919 594 1994 Ρττιεειιςθιη,,ιρι·ιιιιιιι
623 1925 964 1993 quresiturus,
983 1926 1071 1981 ubi
1098 1924 1305 1995 gladius
1326 1926 1604 1997 principis,

26 2020 269 2065 recenter
299 2014 366 2067 ad
398 2028 607 2068 merum
661 2014 885 2069 latinum
942 2015 1104 2070 ritum
1144 2018 1413 2081 conversi,
1457 2026 1515 2072 ut
1554 2019 1606 2072 in

24 2100 289 2167 llungaria
326 2110 379 2156 et
417 2102 660 2169 Polonia,
692 2103 947 2173 episeOpo
977 2105 1178 2160 auxilio
1210 2104 1368 2161 foret.
1406 2137 1477 2147 —
1501 2105 1600 2163 No-

24 2192 198 2246 Iehant
255 2194 443 2263 igitur,
466 2194 626 2250 simili
668 2197 848 2261 modo,
874 2196 1085 2263 Poloni,
1127 2200 1436 2267 nuperrime
1479 2215 1612 2253 eon-

22 2288 176 2351 versi,
212 2287 272 2342 in
312 2289 745 2343 Christianorum
781 2290 1023 2344 ecclesiis
1055 2291 1267 2357 adesse,
1309 2307 1609 2362 eorumque

24 2378 150 2433 ritus
181 2378 610 2442 ecclesiasticos,
652 2392 981 2451 severasque
1024 2382 1170 2452 leges
1206 2383 1609 2453 pmnitentiales

22 2472 199 2539 sequi;
236 2471 499 2528 nolebant
530 2473 835 2543 relinquere
873 2474 1126 2544 antiquos
1157 2489 1337 2530 mores
1362 2475 1603 2545 religioni

22 2558 231 2626 Graece,
273 2560 438 2615 immo
478 2577 700 2633 paganze
745 2565 942 2620 mixtos
991 2573 1046 2619 et
1098 2564 1382 2619 obnoxios.
1416 2563 1607 2620 Verbis

20 2651 438 2716 przedicalorum
506 2669 611 2708 non
664 2657 1080 2726 corrigebautur.
1145 2655 1281 2711 Hinc
1337 2655 1483 2711 ferro
1538 2658 1605 2710 ad

20 2756 219 2796 orenam
276 2744 633 2815 Dotninicam,
678 2748 730 2804 id
765 2760 848 2805 est
905 2752 969 2805 ad
1004 2751 1222 2806 missam
1252 2751 1473 2806 latinam
1513 2767 1608 2807 eos

19 2834 284 2903 compulit
313 2835 630 2893 Bolizlavus.
684 2842 883 2896 Dentes
913 2843 1392 2909 abscindebantur,
1422 2843 1608 2898 Tbiet-

19 2940 159 2983 mare
192 2938 343 2983 teste
373 2929 543 3009 (303),
573 2932 620 2986 ei
652 2934 765 3002 qui,
813 2944 933 3004 post
970 2934 1456 3008 Septuagesimam,
1486 2951 1609 2990 car-

19 3035 127 3075 nem
158 3038 241 3076 ma
266 3023 574 3078 nducassct.
608 3023 738 3090 Quis
767 3027 938 3081 nescit
966 3043 1069 3097 qua
1099 3028 1183 3098 pia
1214 3029 1405 3085 fraude
1433 3030 1609 3086 eccle-

1712 547 2083 618 qnotidianum
2111 547 2176 603 da
2209 548 2363 603 nobis
2395 548 2554 603 hodie
2592 568 2609 600 ι
2651 549 2704 603 in
2747 559 2931 603 nostro
2966 548 3102 604 libro
3130 550 3307 606 adhuc

1714 642 2005 696 trahantur
2032 649 2086 697 et
2121 644 2199 697 sic
2224 641 2581 713 explicentur.
2622 639 2873 709 Legimus
2903 642 3044 696 enim
3090 641 3186 699 fol.
3212 643 3303 707 7t),

1712 749 1914 787 verso:
1960 751 1978 784 ι
2016 734 2151 789 Illud
2175 735 2317 804 quod
2350 734 2548 788 dicitur
2581 752 2599 783 ι
2636 733 2791 786 hodie
2827 749 2977 793 tuon
3019 730 3306 805 possumus

1714 824 2040 893 generaliter
2064 825 2268 880 referre
2301 825 2365 877 ad
2402 840 2595 895 corpus
2630 835 2684 879 et
2709 825 3030 894 sanguinem
3071 824 3307 890 Domini,

1714 915 1839 984 quia
1868 925 1993 971 sunt
2030 916 2184 979 tales,
2225 914 2315 984 qni
2349 931 2454 969 non
2502 924 2727 986 possunt
2758 914 2989 985 quotidie
3018 915 3307 968 communi-

1715 1024 1853 1071 care,
1885 1018 1974 1061 aut
2003 1007 2180 1077 aliqua
2210 1007 2477 1060 discordia
2519 1016 2701 1060 contra
2745 1004 3049 1075 proximum
3077 1019 3307 1055 comma-

1714 1098 1900 1164 culati,
1929 1110 2018 1152 aut
2052 1097 2352 1152 uocturnali
2401 1096 2728 1167 coinquinati
2769 1095 3077 1165 pollutione.
3118 1092 3309 1147 Homi-

1713 1206 1810 1245 nes
1840 1199 1986 1253 sunt,
2019 1206 2123 1245 non
2157 1197 2381 1261 possunt
2409 1204 2530 1245 esse
2555 1204 2770 1259 semper
2799 1188 2992 1258 parati.
3032 1205 3050 1238 ι

1772 1281 1923 1347 Quod
1946 1280 1987 1334 si
2007 1281 2129 1351 quis
2157 1277 2544 1334 nihilhominus
2565 1276 2828 1333 Porussos
2858 1275 3143 1329 his'verbis
3168 1273 3302 1327 indi—

1714 1385 1864 1427 catos
1889 1386 2012 1426 esse
2038 1370 2170 1437 vult,
2188 1371 2239 1427 id
2264 1370 2370 1425 alio
2393 1385 2558 1426 sensu
2582 1385 2711 1441 esse
2729 1367 2955 1424 deberet
2986 1369 3304 1422 earumdem

1713 1466 2024 1519 verborum.
2053 1462 2210 1518 Modo
2238 1462 2366 1517 mihi
2389 1461 2691 1531 exemplum
2712 1460 2922 1525 all‘erat,
2949 1474 3058 1529 quo
3078 1477 3097 1509 ι
3122 1459 3188 1512 ad
3204 1474 3297 1513 cm-

1714 1575 1834 1611 nam
1855 1558 2176 1611 dominicam
2204 1556 2507 1625 compellere
2532 1575 2550 1607 ι
2575 1554 2667 1609 tali
2690 1570 2854 1608 sensu
2883 1552 3183 1608 adhibitum
3209 1550 3301 1607 sit.

1716 1650 1866 1706 Tunc
1893 1648 2105 1706 facilius
2118 1649 2256 1705 foret
2276 1646 2864 1713 convincerelectores,
2890 1653 3011 1716 post
3027 1642 3304 1700 Adalberti

1718 1743 1861 1799 inter
1876 1742 2137 1799 Porussos
2152 1742 2493 1815 martyrium,
2512 1739 2635 1795 huic
2649 1740 2851 1796 nationi
2871 1738 3070 1793 bellum
3096 1738 3302 1792 illatum

1712 1848 1875 1890 essea
1891 1833 2184 1890 Bolizlavo.
2198 1834 2366 1901 Quam
2385 1848 2497 1889 rem
2515 1834 2890 1888 demonstrare
2916 1846 3060 1885 nunc
3080 1829 3305 1885 omnino

1712 1925 1961 1995 despero.
1978 1925 2200 1979 Plurimi
2231 1926 2448 1995 quidem
2466 1935 2681 1980 autores
2704 1932 2950 1991 narrant,
2980 1939 3008 1976 a
3033 1921 3305 1977 Bolizlavo

1711 2014 1979 2070 Porussos
2014 2016 2270 2072 subactos
2316 2032 2460 2082 esse,
2492 2016 2587 2071 sed
2631 2017 2852 2072 totidem
2891 2014 3093 2069 verbis.
3131 2012 3306 2067 Immo

1713 2106 1816 2159 alia
1846 2117 1931 2162 est
1960 2107 2201 2173 traditio,
2225 2124 2329 2178 qua
2350 2109 2521 2163 sancti
2546 2108 2820 2164 Adalberti
2841 2122 3055 2175 corpus,
3089 2116 3303 2175 aequato

1712 2202 1918 2268 argenti
1954 2200 2192 2271 pondere
2219 2201 2360 2271 apud
2385 2199 2647 2256 Porussos
2673 2202 2815 2257 illico
2860 2208 2982 2270 post
3012 2199 3129 2269 eius
3160 2212 3307 2252 mar-

1715 2291 1912 2362 tyrium
1935 2301 2191 2362 emptmn
2235 2291 2375 2347 foret
2423 2308 2453 2346 a
2485 2292 2776 2347 Bolizlavo.
2833 2292 3002 2346 Nimis
3048 2289 3308 2361 prodigus

1713 2380 1901 2436 fuisset
1932 2381 2018 2437 ille
2047 2381 2185 2447 Rex,
2215 2382 2258 2437 si
2292 2380 2484 2437 vindex
2533 2382 2763 2436 subactis
2808 2382 3014 2451 populis
3045 2395 3141 2449 pro
3181 2394 3306 2434 cor-

1712 2487 1842 2540 pore
1862 2470 2041 2527 delicti
2074 2480 2284 2527 tantum
2306 2472 2511 2540 argenti
2538 2471 2791 2527 solveret.
2819 2471 3013 2525 Restat
3037 2470 3216 2541 igitur,
3245 2479 3302 2523 ut

1711 2575 1917 2634 partem
1960 2566 2314 2622 Porussorum
2377 2566 2460 2621 vel
2511 2567 2793 2620 minimam
2845 2566 2910 2619 ad
2962 2564 3300 2619 occidentem

1712 2660 1859 2725 (nam
1887 2656 1952 2711 de
1981 2656 2221 2712 Gedania
2253 2659 2367 2726 ipsa
2397 2672 2500 2710 non
2537 2654 2794 2728 constat),
2843 2657 2909 2710 ad
2940 2655 3300 2717 occidentem,

1712 2746 1955 2815 inquam,
1981 2761 2191 2812 versus,
2223 2763 2250 2799 a
2294 2746 2563 2801 Bolizlavo
2610 2747 2841 2802 fortasse
2888 2745 3047 2799 annis
3086 2744 3191 2799 996
3223 2742 3305 2796 vel

1710 2838 1815 2892 998
1842 2837 2120 2892 subactam
2152 2852 2273 2892 esse
2316 2848 2641 2904 statuamus,
2676 2840 2710 2893 i.
2757 2855 2806 2892 e.
2840 2838 2920 2893 vel
2970 2845 3094 2892 ante
3143 2834 3315 2893 Adnl—.

1709 2933 1849 2988 herti
1897 2942 2160 2997 mortem,
2207 2943 2265 2988 ut
2321 2933 2615 3004 ltmpellius
2661 2942 2869 2998 censet,
2911 2932 2996 2985 vel
3045 2931 3307 2986 continuo

1710 3035 1851 3096 post.

19 3114 91 3167 sia
141 3116 216 3168 uti
280 3114 488 3178 debuit,
535 3126 590 3171 ut
639 3116 943 3173 Saturnalia
985 3119 1199 3190 aliaque
1250 3122 1390 3177 festa
1446 3123 1606 3180 rebus
1634 3154 1676 3212 ο
1782 3118 2070 3173 Utcunque.
2099 3114 2231 3181 erit,
2261 3116 2303 3171 si
2334 3115 2694 3171 Pornssorum
2725 3129 2850 3184 pars
2882 3120 3013 3167 tunc
3037 3110 3101 3166 ad
3146 3110 3307 3165 Chri-

21 3204 350 3263 Christianis
390 3207 721 3277 applicando,
785 3212 985 3266 sensim
1038 3213 1349 3284 sensimque
1396 3215 1607 3269 animas

22 3314 349 3369 paganorum
377 3311 433 3357 et
459 3315 637 3356 mores
666 3303 732 3355 ab
761 3302 1059 3358 idololatria
1095 3313 1256 3373 atque
1289 3320 1317 3358 a
1349 3303 1609 3359 falsorum

22 3390 235 3444 deorum
270 3392 419 3445 cultu
448 3393 512 3447 ad
548 3409 733 3447 verum
767 3394 935 3448 Deum
974 3395 1247 3449 verteret?
1270 3395 1401 3463 Quis
1436 3398 1612 3451 nescit

21 3496 177 3550 quam
205 3483 367 3554 longa
400 3485 559 3540 fuerit
587 3486 841 3542 arborum
870 3488 913 3541 si
944 3503 1049 3542 non
1079 3489 1344 3551 adoratio,
1373 3496 1428 3542 at
1453 3504 1614 3544 vene-

21 3574 151 3626 ratio
184 3583 393 3638 tamen,
427 3577 566 3645 apud
609 3578 833 3648 populos
870 3578 921 3632 in
953 3578 1229 3632 hodiernis
1250 3579 1608 3635 Porussorurn

21 3664 174 3717 terris
204 3658 539 3730 habitantes,
571 3683 668 3736 per
703 3668 896 3723 srecnla
948 3669 1175 3741 aliquot,
1220 3679 1502 3740 postquam
1541 3672 1609 3727 ad

21 3753 213 3808 Christi
273 3756 436 3810 tidem
496 3759 744 3814 conversi
802 3760 997 3817 erant?
1061 3761 1215 3832 Saepe
1272 3762 1609 3820 miraeulosis

21 3843 345 3902 Sanctorum
379 3848 726 3919 imaginibus,
756 3867 891 3921 quas
924 3852 1042 3917 viri,
1078 3868 1262 3909 revera
1290 3854 1485 3917 sancti,
1520 3840 1631 3923 pia-

23 3931 201 3990 Fraude
226 3937 282 3991 in
310 3937 395 3993 bis
421 3940 707 3999 arboribus
740 3942 1093 4009 incluserant,
1120 3944 1383 3999 memoria
1416 3944 1611 3999 adora-

24 4026 172 4084 ;ionis
204 4030 463 4086 arbormn
494 4032 732 4102 ipsarum
772 4036 973 4090 sensim
1022 4036 1332 4107 sensimque
1360 4040 1605 4095 evanuit.

23 4118 147 4184 Quis
173 4123 376 4191 nescit,
402 4122 636 4180 Hussitis
660 4127 712 4179 in
753 4126 1007 4183 Bohemia
1041 4129 1263 4186 calicem
1290 4147 1606 4190 concessum

24 4225 129 4267 esse
159 4215 230 4271 ab
275 4214 507 4271 ecclesia
541 4217 784 4273 Romana
829 4232 1018 4278 contra
1061 4238 1221 4278 usum
1269 4225 1608 4296 generalem?

23 4302 249 4361 Tantum
294 4324 425 4363 vero
450 4310 622 4377 abest,
662 4323 721 4369 ut
758 4315 861 4369 illis
908 4318 1238 4388 temporibus
1273 4338 1291 4370 ι
1327 4335 1481 4375 caena
1510 4322 1606 4376 do-

24 4396 210 4452 ninica
252 4418 272 4452 ι
318 4400 424 4455 alio
466 4416 626 4459 sensu
678 4405 1054 4473 adhiberetur,
1107 4425 1269 4479 quam
1322 4410 1605 4482 simplicis-

1633 4494 1685 4553 D

25 4552 235 4692 36530:.)
257 4555 545 4692 1Téliietmar
570 4575 621 4628 p.
644 4559 902 4615 217-248.
938 4561 995 4628 (Ι.
1029 4561 1158 4615 VIII.
1188 4578 1240 4616 e.
1268 4563 1324 4616 ἓ.
1354 4562 1508 4619 Pertz
1538 4561 1602 4618 V.

84 4696 241 4771 {594)
270 4696 609 4771 Aristoteles.
630 4702 897 4759 Πολιτικῶν
922 4702 981 4755 Α.
1008 4702 1091 4755 eti.
1123 4701 1603 4771 ΒιδΙιΙιιιΓὶ.ρ.1252.
1632 4758 1635 4761 .

25 4764 109 4815 ‘nl.
142 4766 202 4848 ἐ,
233 4782 286 4848 v.
340 4767 431 4821 20.
482 4777 635 4826 πᾶσα
662 4775 761 4848 γὰρ
817 4775 947 4827 οἰκία
986 4774 1317 4844 βασιὴύιται
1360 4764 1462 4829 ιςπό
1518 4781 1607 4830 τοῦ

25 4856 47 4885 τ
51 4837 407 4909 progredienti,

53 4906 63 4984 ς
159 4906 417 4962 Totidem
465 4907 580 4966 fere
622 4912 804 4966 verbis
858 4912 1143 4982 antiquum
1192 4916 1383 4983 poema
1417 4913 1607 4969 Slavo-

26 4990 197 5030 'NCIII'II
222 4994 235 5030 Ζ

308 5048 444 5101 wsak
475 5059 525 5103 ot
553 5053 665 5104 διιέὶ
693 5052 857 5106 celedi
888 5051 1145 5108 voievodi.

308 5120 525 5190 quisque
548 5122 603 5191 in
634 5139 731 5175 sua
759 5122 964 5188 familia
1009 5134 1199 5191 regnat

454 5206 505 5243 ν.
539 5190 778 5266 Ιξιιῑιορίδ
824 5190 1261 5266 Krelodwnrskv,
1301 5196 1495 5266 \vydan
1537 5196 1605 5250 od

556 5259 835 5386 lV)V:Eait|‘lavva
883 5260 1091 5333 Hanky,
1125 5259 1399 5320 waraz'e
1444 5265 1601 5332 l835,

592 5370 605 5382 .
676 5347 721 5385 ι.

78 5396 201 5453 Vox
234 5414 413 5481 grazea
455 5347 702 5481 βασιίλεέὗς
730 5410 852 5481 nata
884 5416 1007 5481 esse
1032 5403 1308 5481 videtur_e_
1328 5420 1460 5481 voce
1506 5407 1607 5481 βας

27 5470 516 5548 ιοηιιεηιιοιιιίιιιιξ,
548 5483 602 5526 et
623 5472 764 5548 ἴλευς
794 5473 833 5527 i.
865 5488 912 5548 e_.
941 5474 1091 5548 ξλιως
1119 5475 1399 5548 propitius,
1430 5470 1524 5548 ita',
1548 5487 1607 5531 ut

27 5538 271 5615 ξασιλσύς
302 5540 414 5595 fere
439 5543 578 5615 idem
620 5544 710 5601 sit.
753 5544 897 5615 quod
932 5538 1261 5599 Germanum
1288 5564 1301 5598 :
1331 5545 1609 5615 Gnadiger’

32 5610 169 5688 lerr.
217 5620 325 5688 Bag-
363 5613 508 5688 enint
550 5623 739 5688 extare
761 5610 976 5688 videtur
1005 5615 1057 5668 in
1081 5616 1454 5688 comparativo
1478 5610 1599 5688 ger-

32 5679 219 5759 ianico
248 5681 448 5759 hesser
468 5682 1019 5759 (best);_tumi_n_voce
1047 5679 1339 5759 abverbi:ili
1366 5679 1601 5759 ﬁtrlfass,

28 5749 237 5819 enique
264 5749 334 5805 in
361 5749 491 5807 voce
514 5749 830 5823 provinciali
860 5753 1119 5811 Rhenana
1143 5766 1195 5810 et
1217 5750 1413 5811 Batava
1444 5757 1595 5821 Buss,

1714 3212 1944 3268 stianam
1967 3227 2229 3269 conversa
2257 3220 2339 3265 est
2366 3210 2544 3273 tidem,
2567 3216 2737 3271 certe,
2763 3221 2868 3260 non
2895 3205 2964 3261 ita
2994 3203 3161 3259 multo
3183 3214 3311 3273 post

1716 3307 1817 3361 sub
1877 3306 2147 3377 Miscgone
2198 3302 2220 3357 l
2262 3316 2450 3357 omnes
2504 3301 2617 3357 fere
2673 3299 3028 3356 deseruerunt
3078 3296 3304 3351 verbum

1717 3396 1831 3452 Dei.

1714 3509 1844 3564 Car.
1870 3509 2107 3564 XXXIV.
2135 3539 2207 3549 ——
2235 3506 2535 3561 Bolizlavus
2565 3502 2592 3557 1
2637 3505 2753 3568 jam
2782 3519 2873 3556 rex
2900 3499 3162 3555 nominari
3210 3515 3305 3568 po-

1794 3591 1951 3642 terat,
1980 3590 2253 3649 antequam
2281 3578 2343 3631 ab
2374 3576 2562 3631 Ottone
2587 3570 2681 3649 Il
2714 3574 3039 3649 t'uviseretur.
3066 3570 3131 3623 In
3162 3571 3307 3638 γεδέα

1787 3651 2042 3720 dignitate
2066 3642 2189 3703 usus
2219 3659 2264 3703 el
2293 3652 2487 3700 abusus
2516 3647 2747 3699 omnium
2772 3642 3105 3714 pepulerunt.

1786 3761 2113 3818 lncunabnla
2157 3760 2396 3818 omnium
2436 3757 2753 3829 populorum
2808 3755 2964 3811 nobis
3004 3754 3317 3825 ostendunt~

1714 3853 2157 3927 patremlamlias
2209 3866 2328 3906 esse
2395 3850 2773 3919 sacerdotem,
2820 3847 3182 3919 legislalorem
3243 3855 3303 3900 et

1706 3946 1969 4014 iudicem,
1993 3945 2094 4009 vel,
2126 3954 2186 3999 ut
2214 3960 2320 3998 uno
2361 3944 2528 3999 verbo
2576 3943 2773 4004 dicam.
2819 3956 3001 4013 regem
3039 3939 3297 4005 familiar;

1707 4040 1832 4111 jure
1880 4037 2111 4092 naturali
2144 4037 2199 4092 in
2250 4036 2503 4100 infantes,
2540 4037 2709 4092 abusn
2749 4034 2985 4107 (nonnisi
3037 4033 3303 4100 humano)

1713 4130 1765 4186 in
1795 4130 2029 4185 adultos.
2063 4126 2179 4199 lpse
2209 4128 2430 4198 despola
2480 4142 2641 4182 omne
2675 4125 2784 4195 jus,
2832 4140 3046 4181 omnem
3078 4124 3308 4178 liberta-

1711 4234 1818 4279 tem
1841 4224 1941 4279 sibi
1973 4222 2071 4278 soli
2104 4222 2288 4287 habet,
2311 4230 2367 4275 et
2396 4220 2565 4275 ceteri
2587 4219 2890 4283 ——-femina,
2922 4217 3072 4272 liberi
3106 4216 3307 4287 (servi)

1708 4315 2003 4370 —nullius
2028 4312 2168 4383 juris
2193 4320 2349 4378 sunt;
2398 4311 2545 4367 omni
2594 4311 2742 4366 enim
2787 4310 3037 4366 libertate
3084 4317 3294 4364 carent.

1710 4406 2107 4464 Paterfamilias
2134 4406 2193 4461 τὸ
2224 4406 2475 4462 πολιτικὸν
2505 4408 2628 4469 ζῶον
2672 4404 2926 4459 absorbet
2964 4399 3130 4473 (ὅθι).
3172 4399 3310 4465 Ejus.

1718 4563 1768 4617 id
1797 4577 1847 4614 e.
1872 4560 2090 4614 Meister
2137 4560 2272 4614 artis
2307 4556 2585 4629 cujusdam
2616 4556 2841 4626 peritus,
2885 4552 3087 4629 sodalis
3115 4552 3297 4629 cujus-

1716 4633 1836 4685 dam
1864 4630 2076 4700 collegii
2119 4624 2387 4698 opilieum'
2424 4628 2520 4700 vel
2542 4624 2802 4696 patronus
2834 4626 3113 4700 opilicum.
3159 4624 3297 4700 l_l_ine

1716 4694 2032 4770 imperator'
2060 4694 2252 4756 Petrus
2279 4701 2294 4753 Ι
2320 4700 2432 4753 sive
2475 4694 2718 4770 Magnus,
2764 4707 3051 4764 postquam
3081 4694 3295 4770 in‘llol-

1715 4764 1892 4825 Ian-dia
1944 4773 2362 4825 architecturam
2394 4768 2638 4822 navalem
2670 4769 2861 4822 doctus
2888 4774 3025 4824 erat.
3060 4764 3160 4818 sibi
3193 4780 3295 4822 no-

1721 4857 1836 4897 men
1866 4841 2026 4897 Peter
2053 4841 2156 4897 Bas
2178 4840 2253 4907 (id
2284 4849 2365 4894 est
2392 4837 2609 4892 Meister
2634 4836 2814 4907 Peter)
2845 4835 3063 4907 indidit.
3092 4835 3301 4889 Extare

1712 4914 1878 4967 etiam
1910 4911 2121 4966 videtur
2149 4905 2202 4965 in
2237 4924 2365 4963 voce
2404 4906 2713 4978 germanica
2754 4906 2838 4960 die
2865 4905 3024 4978 Base,
3058 4921 3177 4978 qua:
3205 4906 3295 4978 hic

1714 4993 2065 5038 materteram
2120 4981 2199 5034 vel
2246 4976 2489 5043 amitam,
2537 4977 2646 5033 illic
2683 4979 2762 5046 (ut
2789 4978 2929 5048 apud
2958 4976 3303 5048 humerum):

1713 5068 1955 5127 sororem
1989 5051 2283 5127 patruelem
2310 5048 2393 5104 vel
2420 5049 2798 5127 consobrinam
2826 5046 3139 5127 signiﬁcare
3168 5061 3298 5101 ere-

1714 5124 1881 5190 ditur,
1912 5117 2150 5194 proprie_
2178 5131 2357 5194 tamen
2405 5119 2488 5194 _nil
2515 5119 2816 5194 signiﬁcat,
2848 5117 2951 5194 n_isi
2990 5136 3007 5167 ‹
3030 5117 3242 5194 bonum,
3269 5136 3293 5167 ι

1722 5211 1743 5244 ι
1772 5186 2024 5247 amatam:
2047 5210 2064 5242 ι
2110 5189 2262 5245 Unde
2301 5186 2614 5259 Latinorum
2641 5189 2827 5244 amita.
2863 5186 3157 5259 Ruina/tom
3192 5186 3289 5259 lat.

1717 5261 2099 5335 Synonyiniclt.
2124 5256 2398 5335 ep.__185.’),
2424 5271 2568 5335 tom.
2598 5259 2659 5335 ll,
2689 5276 2738 5329 p.
2774 5260 2897 5335 ﬁl}.
2925 5256 3321 5335 _Zusatr.e_No..

1718 5328 1855 5397 104;
1894 5328 2484 5396 (Amitapdlandschu
2530 5345 2549 5385 .'
2597 5328 2765 5385 Antou
2823 5328 3063 5390 Muhmc;
3136 5328 3290 5381 Vest.

1718 5405 1875 5458 Ama.
1926 5400 2154 5461 Muller;
2206 5402 2372 5455 dalter
2418 5401 2555 5455 auch
2594 5402 2814 5453 Ammer
2840 5430 2909 5438 —
2941 5419 2955 5447 ι
2982 5399 3033 5451 la
3072 5400 3236 5452 bonne
3266 5419 3289 5449 ›

1716 5475 1837 5528 addi
1881 5472 2060 5543 debet.
2102 5472 2362 5540 Sequitur
2410 5471 2591 5543 lingua
2618 5470 2937 5543 germanica
2994 5467 3207 5543 Mil/une
3235 5481 3290 5524 et

1716 5544 1853 5598 Base
1895 5542 2019 5610 jure
2066 5539 2298 5609 quodam
2351 5539 2727 5597 confundif—
2756 5539 2936 5595 Monet
2968 5556 3052 5591 me
3081 5539 3295 5610 anticus

1713 5609 2061 5683 doctissimus
2087 5612 2414 5679 Bethmann,
2442 5628 2599 5683 posse
2620 5626 2805 5683 vocem
2841 5610 3085 5683 βασιλεὺς
3105 5628 3139 5683 ιι
3159 5609 3294 5671 Eant

1714 5702 1811 5756 per
1840 5681 2317 5756 basalderivatam
2355 5680 2684 5756 esserect-te
2706 5682 2757 5736 in
2785 5680 3292 5756 P_l_nygiu_nr_lingna
3316 5732 3323 5737 ,

1717 5749 1894 5827 rt‘gt‘nt
1928 5755 2113 5825 βά).)ην
2141 5751 2263 5809 audi
2294 5762 2398 5810 etc.
2432 5753 2709 5811 Calculnm
2747 5749 2978 5821 adjicere
3010 5752 3133 5807 huic
3163 5766 3295 5804 seu»
