3892 6318
44 344 137 399 377
1161 328 1218 383 S.
1262 323 1630 383 MATlllLDlS
1668 324 1944 381 REGINA.

3125 314 3264 384 15:8

37 471 118 511 uase
164 454 215 507 in
271 446 520 505 oratione
573 445 854 503 Dominica
903 458 1151 516 magnam
1193 444 1570 512 antiquitatem
1599 443 1648 503 Α
1678 440 1934 507 Salomo;
1962 449 2014 495 et
2030 456 2218 511 passus
2242 459 2262 493 ι
2293 440 2335 497 Ν
2358 458 2407 496 ιη
2438 443 2699 499 habemus
2724 440 2923 515 Regem
2951 442 3256 501 nisiczesa-

37 547 149 599 .lere
172 540 475 602 videantur,
504 547 681 593 tamen
712 536 1025 595 facillimum
1048 534 1175 600 erit,
1192 534 1573 589 demonstrare

38 633 215 689 osdem
240 646 345 685 non
378 644 593 699 semper
620 629 808 684 iisdem
838 643 963 683 usos
998 642 1120 684 esse
1144 626 1333 681 titulis.

78 722 229 779 Bussi
284 736 415 777 sane
458 720 646 776 Czaris
672 721 888 777 nomine
938 720 1020 775 usi
1045 728 1170 775 sunt
1196 737 1208 773 :
1239 718 1371 773 falso
1397 727 1578 773 tamen

37 812 131 867 llud
159 828 187 865 a
217 809 426 865 Caesare
447 810 711 881 originem
743 811 977 875 trahere,
999 819 1056 866 et
1082 808 1433 865 Wladimirus
1463 808 1576 864 Μο-

37 903 299 959 iomaehus
332 900 401 956 ab
426 902 753 970 imperatore
802 900 1398 971 Constantinopolitano
1426 915 1581 956 acce.

37 994 147 1046 iisse
169 1006 289 1044 eum
319 990 579 1045 honorem
608 1006 638 1045 a
669 990 988 1060 quibusdam
1021 991 1219 1046 dicitur
1240 991 1409 1063 (552).
1432 990 1583 1046 Wlo-

37 1085 244 1138 lomirns
303 1081 528 1150 Magnus
583 1099 797 1154 quoque
859 1100 963 1139 non
1016 1084 1203 1140 Czaris
1271 1099 1466 1138 nomen
1514 1085 1582 1137 al)

38 1176 193 1228 isdem
225 1173 452 1242 accepit.
484 1182 541 1227 ut
560 1174 778 1243 quidam
802 1174 988 1230 volunt
1014 1174 1181 1244 (555),
1198 1174 1291 1229 sed
1311 1175 1580 1235 Βασιλέως.

38 1266 278 1319 'ohannes
332 1264 395 1319 lll
432 1266 813 1332 Basiliewitch,
838 1270 928 1338 qui
958 1268 1264 1323 libertatem
1292 1268 1585 1323 vindicavit

38 1358 110 1411 .ibi
134 1366 185 1411 et
213 1356 427 1423 Russis,
480 1373 539 1413 se
582 1374 831 1430 magnum
866 1361 1055 1415 ducem
1087 1360 1385 1415 nominavit
1411 1360 1579 1430 (554).

37 1447 173 1502 "ilius
216 1457 397 1502 autem
448 1449 563 1519 ejus
610 1451 839 1505 Basilius
893 1451 1079 1506 Czaris
1129 1467 1327 1508 nomen
1374 1465 1587 1523 semper

38 1542 120 1592 ere
144 1538 240 1593 sibi
268 1537 481 1602 indidit,
520 1547 578 1593 ut
604 1540 824 1595 dubium
849 1541 941 1605 sit,
968 1552 1152 1596 utrum
1188 1542 1291 1597 tale
1313 1543 1442 1613 quid
1466 1544 1579 1614 jam

37 1640 166 1683 mtea
206 1628 411 1684 factum
463 1629 555 1696 sit,
584 1646 651 1685 an
698 1646 727 1685 a
768 1631 996 1688 devictis
1020 1630 1233 1687 Tataris
1264 1644 1319 1688 et
1355 1650 1407 1688 m
1431 1648 1585 1689 suam

37 1720 264 1773 litionem
305 1718 565 1784 redactis,
621 1722 763 1791 apud
792 1736 927 1792 quos
962 1719 1145 1777 σιω-ιε
1176 1738 1370 1779 nomen
1404 1723 1456 1779 in
1488 1740 1585 1778 usu

1686 545 1820 596 rem,
1857 550 1876 584 ι
1909 547 2004 603 per
2034 531 2172 587 Csar
2218 543 2271 589 et
2324 532 2520 588 Kessar
2552 535 2878 605 exprimitur
2901 535 3068 605 (560).
3102 535 3266 591 Extat

1689 633 2091 678 monumentum
2120 622 2461 681 Slavonicum
2500 625 2553 679 in
2578 624 3063 698 Kalbensteinberg
3092 642 3263 697 prope

1684 714 2071 786 Weissenburg
2113 714 2428 788 (Nordgau),
2484 718 2626 785 quod
2654 717 2850 787 publici
2874 715 3017 786 juris
3040 718 3162 772 fecit
3190 716 3259 771 Μ.

1683 805 1766 861 Jo.
1812 806 1970 862 Alex.
2023 807 2352 872 Doederlein,
2407 808 2585 865 tabula
2630 810 2875 879 quaedam
2900 810 3043 879 picta
3077 809 3263 864 Sancti

1685 899 1953 955 Pbeodori
1982 899 2142 955 Ducis
2166 916 2288 954 eum
2312 900 2755 971 inscriptionibus
2787 901 3090 957 Slavonieis
3120 903 3266 958 litte-

1686 989 1764 1043 ris
1790 987 2006 1060 Cyrilli;
2044 987 2198 1055 cujus
2249 989 2513 1059 originem
2562 990 2673 1061 ipse
2729 991 3012 1047 Russicam
3042 1009 3183 1058 esse,
3214 1004 3268 1049 ct

1686 1095 1991 1151 anonymus
2031 1080 2083 1135 in
2124 1080 2349 1149 epistola
2376 1082 2566 1145 latina,
2589 1082 2828 1152 ejusdem
2860 1086 3119 1154 temporis
3148 1100 3268 1139 esse

1686 1170 1905 1240 conjicit
1933 1187 2056 1227 cum
2080 1171 2380 1244 Menologio
2413 1172 2602 1227 Graeco
2631 1174 2705 1242 (id
2730 1183 2812 1230 est
2840 1177 2968 1229 anni
3004 1178 3115 1230 fere
3138 1175 3265 1241 984,

1688 1280 1815 1331 non,
1863 1273 1922 1319 ut
1957 1263 2227 1319 Baronius
2282 1264 2549 1330 voluerat,
2584 1266 2711 1319 anni
2758 1266 2886 1338 885)
2938 1260 3107 1337 (561).
3141 1266 3269 1321 Mihi

1689 1372 1837 1423 vero,
1889 1365 1950 1411 ut
2003 1355 2255 1422 Baronio,
2311 1356 2510 1413 saeculo
2574 1373 2680 1412 uno
2728 1358 3007 1428 antiquius
3059 1358 3271 1423 videtur

1688 1448 2068 1520 Menologium.
2108 1448 2244 1504 Nam
2291 1449 2437 1504 nulla
2487 1449 2628 1503 inest
2674 1448 2845 1519 figura
2896 1446 3080 1518 junior
3105 1463 3268 1516 quam

1688 1541 1801 1598 Leo
1865 1541 2219 1612 philosophus
2269 1539 2496 1610 ejusque
2528 1555 2682 1594 uxor.
2710 1540 2853 1595 Idem
2882 1540 2949 1594 de
2972 1538 3147 1593 tabula
3172 1538 3273 1593 hac

1691 1649 1906 1690 censeo.
1952 1633 2150 1689 Milites
2198 1634 2435 1703 quidem,
2490 1633 2688 1702 quibus
2735 1632 2967 1702 stipatus
3017 1632 3271 1701 princeps

1692 1733 1794 1791 est,
1836 1724 2093 1780 simillimi
2117 1732 2243 1779 sunt
2269 1721 2619 1785 Normannis,
2649 1736 2785 1790 quos
2806 1717 3079 1774 Matlnldis
3111 1718 3272 1773 Flau-

37 1819 146 1873 erat,
176 1820 515 1880 assumptum
554 1812 624 1865 sit
666 1827 885 1867 nomen.
935 1811 1237 1882 Imperator
1271 1813 1588 1868 Maximilia-
1621 1793 1663 1850 Β
1694 1812 1841 1867 drica
1867 1812 1920 1867 in
1950 1821 2128 1883 tapete
2151 1811 2514 1867 Normannica
2572 1809 2943 1880 Bojocassensi
2983 1809 3270 1877 expressit.

40 1916 113 1955 IIIS
148 1898 217 1954 ob
260 1899 566 1956 simultates
611 1900 754 1955 inter
790 1916 852 1958 se
892 1911 947 1957 et
987 1901 1241 1968 Polonos,
1294 1911 1352 1956 ut
1384 1903 1588 1959 [iussos

37 1992 213 2046 imicos
266 1991 357 2047 vel
405 1992 581 2048 socios
628 1993 876 2058 haberet,
939 2009 1044 2048 non
1086 2003 1379 2050 cunctatus
1411 2005 1509 2061 est,
1534 2009 1590 2051 et

40 2084 178 2138 atino
202 2080 432 2139 Cwsaris
458 2084 610 2138 titulo
641 2085 894 2140 Basilium
944 2085 1253 2154 honoravit,
1277 2102 1486 2153 errore,
1528 2098 1587 2144 ut

37 2174 239 2239 ddetur,
262 2190 453 2230 eorum
478 2177 793 2248 p0pulorum
819 2177 1255 2246 Slavonicorum,
1284 2183 1373 2251 qui
1402 2181 1589 2237 Czaris

38 2282 200 2321 nomen
228 2276 324 2321 aut
366 2268 676 2339 abjecerant
706 2280 798 2325 aut
834 2270 1177 2340 ignorabant,
1202 2281 1255 2326 et
1280 2288 1430 2344 reges
1458 2290 1586 2329 suos

37 2358 158 2420 irol,
205 2356 335 2413 Kral
392 2359 476 2413 vel
505 2359 655 2414 Krail
696 2369 822 2416 tunc
858 2371 1008 2417 certe
1040 2362 1387 2418 nominabant
1417 2364 1586 2436 (555).

46 2469 71 2502 n
98 2465 411 2506 successore
439 2449 681 2519 ejusdem
706 2451 950 2509 .lohanne
976 2452 1090 2517 lV.,
1112 2454 1431 2525 cognomine
1456 2456 1588 2512 Ter-

37 2542 169 2605 'ibi|i,
197 2541 469 2611 iactantia
500 2544 743 2614 quaedam
782 2544 834 2599 in
860 2545 1029 2601 titulis
1054 2546 1395 2603 assumendis
1422 2562 1588 2619 appa-

37 2643 113 2700 ἐι,
137 2642 293 2705 atque
315 2631 552 2688 Caesaris
602 2635 1016 2704 imperatorisve
1046 2651 1240 2692 nomen
1278 2649 1333 2693 et
1358 2638 1590 2708 insignia

37 2721 270 2779 affectata.
290 2723 721 2796 Quadruplicem
751 2724 975 2781 Gzarem
1004 2742 1063 2782 se
1092 2728 1226 2783 dixit
1247 2728 1589 2798 (Russornm,

37 2814 219 2882 lasani,
245 2817 567 2882 Astracani,
608 2816 857 2887 Siherize)
883 2826 937 2873 et
958 2818 1233 2873 dominum
1259 2819 1591 2875 Karthalini-

37 2923 191 2961 :orum
245 2918 301 2963 et
361 2908 773 2963 Grusinicorum
806 2909 1075 2970 Czarium.
1115 2920 1221 2964 etc.
1252 2912 1422 2981 (556).
1449 2911 1592 2967 Idem

38 2998 227 3067 imagini
252 3013 363 3052 suae
392 2997 571 3066 pictzc,
604 2998 765 3053 editze
789 3012 931 3054 anno
960 2998 1119 3067 1551,
1154 3016 1342 3056 versus
1364 3017 1596 3071 sequen-

37 3102 98 3143 tes
126 3088 336 3144 inscribi
360 3088 529 3157 jussit
552 3107 566 3143 :

120 3178 410 3235 Russorum
440 3179 549 3234 Rex
578 3190 626 3236 et
660 3181 911 3238 Dominus
939 3200 1076 3249 sum,
1104 3183 1229 3254 jure
1248 3188 1451 3253 paterni

119 3268 439 3341 Sanguinis;
462 3270 682 3342 Imperii
706 3274 885 3328 titulos
907 3292 937 3328 a
960 3275 1163 3330 nemine
1183 3276 1367 3347 quavis

120 3361 379 3418 Mercatus
411 3380 562 3435 prece
587 3365 664 3417 vel
692 3366 859 3433 pretio
888 3380 908 3419 :
935 3382 1026 3419 nec
1047 3364 1245 3434 legibus
1278 3365 1399 3420 ullis

123 3454 370 3510 Subditus
403 3456 646 3521 alterius,
671 3455 760 3510 sed
783 3454 989 3511 Christo
1020 3455 1262 3511 credulus
1285 3456 1376 3510 uni

124 3546 494 3603 Emendicatos
522 3549 644 3602 aliis
669 3565 920 3618 aspernor
947 3549 1173 3613 honores,
1193 3548 1365 3619 (557).

87 3637 138 3691 lu
169 3638 363 3694 s:eculo
396 3638 646 3708 sequenti
672 3637 829 3709 legati
858 3636 1053 3708 Belgia:
1072 3636 1414 3701 Michaelem,
1443 3647 1591 3693 sato-

1692 1905 2067 1961 Architectura
2098 1919 2313 1976 quoque
2352 1911 2435 1959 est
2472 1903 2767 1977 Byzantina
2800 1902 2981 1973 (arcus
3001 1902 3142 1956 enim
3169 1917 3276 1957 non

1689 1996 2031 2052 acuminatas
2055 2008 2137 2053 est
2160 1997 2212 2051 in
2239 1995 2454 2066 portis),
2487 2005 2540 2050 et
2564 1995 2791 2049 turrium
2824 2004 2962 2050 tecta
2995 1993 3272 2049 Orientem

1689 2085 1843 2141 slent
1897 2086 2046 2155 (nam
2102 2096 2291 2142 ventre
2331 2102 2526 2156 magno
2579 2084 2857 2155 utrimque
2879 2099 3041 2139 arcus
3090 2084 3278 2139 leviter

1689 2176 2028 2232 acuminatus
2050 2175 2188 2231 infra
2212 2175 2566 2243 extenditur),
2588 2176 2681 2242 ita,
2707 2184 2764 2230 ut
2786 2175 3067 2247 hucusque
3090 2176 3271 2231 omnia

1692 2265 1885 2323 Russis
1936 2269 2283 2333 conveniant,
2312 2267 2396 2323 vel
2428 2266 2719 2323 Slavonieo
2767 2268 2986 2339 pepulo,
3026 2268 3118 2339 qui
3168 2284 3272 2322 non

1691 2359 1919 2415 multum
1951 2361 2169 2417 abesset
2197 2377 2224 2413 a
2257 2357 2746 2429 ConstantinOpoli.
2776 2359 2845 2413 At
2867 2358 3042 2414 forma
3065 2358 3274 2413 radiata

1691 2466 1908 2506 csronm
1934 2450 2295 2520 imperatoria:
2326 2449 2453 2504 illud
2484 2450 2706 2504 omnino
2744 2458 2907 2504 vetat.
2946 2448 3140 2503 Notum
3162 2459 3267 2512 est,

1693 2541 1872 2597 nullas
1948 2551 2133 2597 extare
2191 2541 2581 2612 lmpcratorum
2630 2539 2868 2595 Orientis
2911 2540 3191 2611 imagines,
3226 2540 3278 2594 iu

1694 2633 1891 2703 quibus
1913 2649 2117 2689 corona
2148 2634 2357 2688 radiata
2381 2634 2471 2696 sit,
2500 2643 2647 2689 certe
2671 2632 2845 2687 nullas
2874 2644 2993 2702 post
3015 2633 3276 2688 saeculum

1694 2735 1945 2795 quartum
1979 2742 2100 2783 mra:
2119 2726 2451 2790 christianae,
2478 2725 2583 2779 nisi
2609 2725 2662 2783 in
2695 2724 2910 2781 feminis
2932 2725 3105 2795 (562).
3138 2723 3275 2779 Nam

1695 2815 1873 2886 imago
1906 2815 2253 2871 Constantini
2285 2815 2368 2871 Vl.
2399 2830 2430 2871 a
2460 2814 2639 2871 Leone
2677 2830 2815 2886 papa
2849 2814 3032 2871 Romae
3064 2817 3206 2871 facta
3243 2832 3273 2870 a

1696 2922 1757 2963 re
1791 2907 1963 2963 aliena
1992 2918 2095 2965 est.

1766 2995 1823 3051 In
1859 2996 2151 3052 Germania
2183 3006 2365 3055 tamen
2422 2998 2542 3053 talis
2571 3014 2767 3054 corona
2798 3000 3033 3054 occurrit
3071 3002 3272 3057 smculo

1699 3103 1862 3151 nono,
1891 3088 2100 3143 decimo
2120 3075 2174 3143 et
2207 3089 2526 3154 undecimo;
2573 3100 2627 3144 et
2657 3090 2928 3146 simillima
2954 3091 3170 3160 quidem
3195 3102 3283 3149 est

1700 3192 1897 3230 corona
1950 3178 2173 3247 antiqua
2224 3178 2633 3247 imperatorum.
2669 3176 3040 3250 Norimbergm
3061 3196 3282 3253 conser-

1699 3275 1846 3331 vata,
1896 3282 2016 3336 quae
2059 3267 2237 3321 Caroli
2281 3266 2457 3339 Magni
2487 3283 2607 3324 esse
2656 3269 2873 3339 dicitur,
2916 3273 3010 3327 sed
3049 3273 3281 3329 Conradi

1700 3368 1894 3427 nomen
1934 3354 2118 3410 addito
2176 3356 2229 3411 in
2279 3358 2622 3413 semicirculo
2659 3360 2924 3428 superiori
2959 3362 3279 3433 inscriptum

1700 3443 1805 3500 fert
1852 3446 2023 3517 (565).
2072 3446 2219 3503 Talis
2248 3458 2330 3504 est
2356 3449 2603 3519 omnino,
2636 3461 2863 3521 excepto
2899 3456 3167 3523 superiori
3197 3470 3285 3515 se.-

1702 3535 2001 3615 micirculo,
2031 3552 2134 3590 una
2170 3553 2387 3593 corona:
2410 3540 2601 3611 figura,
2639 3555 2799 3608 quam
2843 3545 3113 3612 expressit
3144 3546 3283 3611 Doe-

1699 3627 1904 3682 derlein
1950 3642 2004 3697 p.
2055 3627 2159 3696 80,
2206 3645 2480 3699 quamque
2523 3631 2822 3702 imperator
2865 3631 3109 3689 Licinius
3152 3634 3281 3701 fert,

37 3744 129 3781 rem
167 3739 414 3793 auensm
468 3727 661 3783 domus
700 3726 1000 3797 lmperialis
1026 3726 1329 3793 hodiernae,
1358 3728 1592 3798 quadru-

1702 3719 1914 3791 iubens,
1954 3721 2121 3791 virgis
2149 3730 2203 3775 et
2226 3720 2457 3776 fustibus
2489 3724 2622 3777 caedi
2651 3721 3029 3790 Theodorum;
3062 3726 3113 3780 in
3138 3722 3284 3781 eete-

42 3820 201 3875 ilicem
232 3819 445 3892 Keyser
472 3818 900 3891 (imperatorem)
929 3819 1170 3873 fecerunt
1194 3817 1364 3889 (558).

86 3912 209 3966 lllud
231 3928 362 3968 vero
395 3927 600 3968 nomen
655 3927 761 3966 non
793 3911 1090 3967 Bassorum
1123 3912 1283 3966 modo
1308 3919 1403 3966 aut
1430 3909 1596 3966 Tata-

37 4020 216 4067 'orum,
238 4019 424 4074 neque
450 4002 612 4058 medii
640 4003 740 4057 aevi
774 4012 1005 4067 tantum,
1031 4001 1125 4057 sed
1153 4003 1593 4074 antiquissimum

38 4110 75 4147 .n
104 4093 318 4149 Oriente
347 4108 578 4160 regnum
625 4107 819 4149 nomen
849 4090 1015 4146 fuisse
1051 4090 1205 4146 facile
1228 4091 1594 4147 demonstrari

38 4194 207 4240 iotest.
239 4186 470 4242 Occurit
500 4185 643 4239 enim
672 4185 725 4238 in
753 4183 1063 4239 nominibus
1084 4181 1408 4239 Nehukadne
1436 4183 1596 4251 Gzar,

37 4275 487 4347 Sabopala-Czar,
537 4274 1049 4347 Tiglatphile-Czar,
1099 4274 1463 4331 Baltha-Gzar
1486 4286 1594 4331 cet.

43 4366 184 4438 559).
237 4368 499 4425 Occurrit
542 4368 870 4423 inversione
904 4366 1191 4422 bibliorum
1225 4366 1530 4430 Slavonica,
1568 4382 1598 4421 a

1701 3810 1776 3867 ris
1818 3826 1949 3867 vero
1993 3812 2235 3882 ejusdem
2288 3811 2476 3882 figuris
2529 3813 2770 3885 vulgaris
2824 3814 3033 3875 radiata
3084 3833 3283 3873 corona

1700 3917 1889 3974 regum
1931 3903 2015 3959 vel
2057 3905 2448 3974 imperatorum
2486 3904 2794 3961 Germania:
2839 3918 3281 3976 repraesentata”.

1699 3993 1939 4063 Apparet
1968 3993 2155 4065 igitur,
2201 3994 2349 4050 illam
2397 3995 2631 4051 tabulam
2672 4010 2704 4050 a
2746 3997 2945 4067 populo
2976 3997 3282 4066 Slavonico,

1700 4084 2006 4142 Germania:
2039 4087 2373 4158 limitropho,
2416 4087 2618 4144 factam
2642 4103 2783 4145 esse.
2815 4089 2968 4157 Quod
3006 4092 3051 4146 si
3082 4093 3134 4146 in
3172 4109 3287 4148 me-

1704 4179 1935 4233 moriam
1972 4193 2311 4246 revocamus,
2357 4192 2545 4249 gentes
2579 4179 2899 4236 Slavonicas
2931 4181 3167 4239 Sorabos
3189 4185 3282 4254 qui

1706 4282 1813 4322 non
1844 4268 2043 4324 diversi
2069 4277 2226 4324 erant
2255 4285 2284 4324 a
2313 4270 2522 4335 Serhis,
2549 4282 2652 4327 cet.
2679 4287 2773 4327 eas
2795 4275 2962 4342 ipsas,
2985 4275 3074 4330 ubi
3104 4274 3282 4330 tabula

1703 4374 1845 4413 nunc
1859 4369 2028 4424 extat,
2046 4361 2292 4430 regiones
2303 4362 2430 4417 olim
2447 4364 2857 4436 tcnuisse(564);
2878 4365 2955 4419 vel
2968 4365 3161 4423 saltem
3179 4378 3286 4421 ma”-

40 4459 196 4514 nultis
244 4459 605 4532 Hieronymo,
654 4458 722 4513 ab
755 4459 876 4513 aliis
910 4457 1269 4513 veresimilius
1306 4456 1592 4513 S.Metho-

1703 4464 1864 4517 gnum
1882 4449 2131 4505 Moravia:
2150 4467 2372 4523 regnum
2400 4470 2503 4509 non
2528 4456 2751 4511 multum
2776 4457 3138 4524 abfuisse,uhi
3158 4476 3283 4515 san-

38 4546 124 4614 lio,
180 4549 473 4606 Slavorum
534 4548 611 4621 (in
643 4549 888 4605 Moravia
921 4558 976 4603 et
1003 4547 1287 4617 Bohemia)
1330 4548 1597 4619 apostolo,

37 4640 235 4719 .ributa.
290 4641 527 4714 Legitur
566 4642 620 4696 in
661 4642 763 4697 hac
791 4642 1040 4697 versione
1070 4640 1207 4696 Czar
1230 4639 1425 4720 David,
1463 4639 1602 4695 Czar

38 4832 165 4887 'eges
190 4815 325 4892 Kral
350 4819 627 4892 dicuntur.
658 4821 873 4889 Zingari
901 4820 987 4876 vel
1019 4820 1070 4875 in
1105 4821 1357 4892 Hispania
1387 4822 1603 4878 hodier-

43 4905 84 4939 ta
117 4890 357 4947 reginam
387 4890 669 4947 nominant
702 4892 877 4946 Krali.

88 4958 230 5035 (552)
262 4959 682 5035 genealogiapx
713 4960 910 5017 Annal.
964 4960 1121 5017 Russ.
1157 4963 1477 5034 composita,
1512 4979 1576 5034 ap

37 5026 227 5095 Sholin,
257 5026 522 5095 Coloniat'.

91 5094 236 5172 (555)
260 5094 573 5172 Anonymus
610 5099 952 5157 Florentinus
995 5096 1061 5157 de
1099 5102 1214 5157 reb.
1245 5102 1604 5159 bioScov'iticis

37 5202 70 5221 ”’
91 5169 233 5312 ἔξω
262 5239 413 5312 Otto,
444 5241 484 5297 1.
514 5242 551 5298 ι.
583 5258 639 5312 ρ.
669 5242 759 5297 ει.

112 5307 237 5379 555)
264 5310 436 5376 Idem,
479 5307 608 5369 ibid'.
675 5330 681 5335 -
1248 5376 1249 5379 χ

96 5376 236 5451 (556)
261 5383 435 5436 Adam
466 5381 726 5448 Olearius,
764 5383 867 5437 lter
888 5382 1121 5438 Moscov.
1148 5398 1196 5451 p.
1229 5376 1318 5436 25.

37 5532 63 5585 ρ
94 5447 236 5571 (ig?)
289 5452 699 5522 Sigismundus,
748 5465 1042 5508 comment.
1110 5447 1215 5542 rer.
1269 5452 1601 5511 Moscovitie.

96 5587 237 5660 (558)
267 5591 487 5667 Αἱέέιηα
524 5591 565 5645 1.
606 5593 694 5667 10.
740 5609 797 5661 p.
844 5593 1001 5648 1045.
1034 5594 1188 5648 Alter
1219 5593 1426 5667 Russen
1461 5594 1603 5667 Κρυ-

37 5659 521 5731 ιεζ.ρ.-.....ίΚεψετ
551 5673 629 5718 tot
656 5659 854 5727 Caéan,
884 5667 1149 5719 Astraeau
1178 5666 1315 5719 ende
1345 5659 1600 5721 Sibirien.

98 5716 239 5802 (359)
268 5716 519 5787 Haec'est
565 5716 1601 5804 eademeteam,simiam;
1642 5752 1645 5753 ί
1700 5752 1706 5757 ·

1706 4549 1825 4593 rtus
1849 4536 2151 4596 Methodius
2178 4544 2614 4615 archiepiscopus
2652 4547 2959 4603 Welehradi
2992 4548 3280 4621 (Ilradish)

1703 4632 1941 4698 Sedens,
1993 4644 2197 4703 septem
2242 4636 2523 4708 episcopos
2564 4639 2877 4694 Slavonieos
2932 4641 3175 4697 subditos
3229 4644 3282 4697 in

1704 4912 1824 4951 eum
1856 4896 2055 4952 Bonum
2080 4896 2331 4955 viserem.

1799 4966 1926 5043 §§(_l)
1950 4965 2097 5043 Quo,
2130 4970 2162 5023 1.
2182 4970 2233 5043 1.
2268 4986 2320 5040 p.
2348 4971 2437 5043 25.
2562 5042 2567 5043 ί
3006 5042 3009 5043 ν
3148 5040 3151 5043 Α

1800 5037 1925 5105 561)
1947 5036 2014 5091 M.
2045 5036 2126 5091 δυ.
2165 5036 2317 5095 Alex.
2349 5042 2673 5096 Doederlein.
2724 5042 3039 5105 Slavonisclt
3070 5040 3290 5103 Russis-

1876 5091 2206 5231 fieiligthum
2240 5091 2446 5167 ὶῆἰιῐοὶί
2461 5091 2537 5167 in
2553 5091 3290 5204 ⁷ὶίἑὶιιξέιῖιρἰὶὶὶῖ”ἱῆιὶἓὶὶῐ›ἕιῖε

1777 5247 1925 5320 (73762)
1959 5246 2153 5320 Ultima
2180 5265 2377 5305 corona
2410 5253 2612 5307 radiata
2649 5253 2703 5308 in
2727 5253 2857 5310 viris
2902 5264 2988 5311 est
3024 5255 3289 5320 Constan-

1709 5318 1807 5396 ti_ni
1832 5318 2385 5396 ll.,.iap._Bandurium,
2414 5341 2457 5377 ιι.
2473 5322 2791 5396 _Malliot(et
2813 5324 3029 5396 Martio)
3056 5326 3149 5379 Ret
3169 5318 3289 5380 her-

1707 5390 1839 5467 clues
1878 5404 1973 5467 sur
2016 5389 2094 5442 les
2117 5393 2548 5467 _costu_mes_d_es
2587 5389 2807 5467 ancients
2852 5389 3101 5467 peoples,
3138 5397 3290 5454 ParLs

1708 5459 2014 5531 «θορών.
2045 5460 2147 5513 vol.
2178 5460 2216 5514 l.
2250 5462 2321 5531 pl.
2347 5462 2459 5517 LV.
2478 5461 2576 5518 No.
2604 5463 2658 5517 4.
2852 5459 2871 5466 ’
2960 5459 2977 5467 ·
3062 5470 3063 5473 γ

1779 5526 1926 5601 (565)
1951 5528 2121 5601 Quam
2162 5526 2417 5586 coronam
2459 5550 2766 5601 expressam
2816 5535 2985 5593 habes
3022 5538 3075 5592 in
3115 5537 3285 5592 libro:

2034 5597 2343 5672 Kroenungs
2367 5596 2607 5657 Diarium
2634 5603 2825 5661 Kaiser
2848 5606 3023 5663 Franz
3048 5607 3087 5663 l.
3119 5604 3287 5663 Frclt.

1855 5709 1868 5723 .
1923 5686 1955 5723 υ
1981 5708 1995 5723 .

1855 5709 1868 5723 ο
1902 5686 1995 5723 101.

1781 5738 1929 5810 (554)
1957 5738 2191 5809 Spruner
2216 5742 2365 5797 Atlas
2398 5759 2483 5800 n0.
2526 5744 2607 5801 1‘2.

1705 4828 2021 4902 Bassorum,
2049 4827 2253 4902 opinio,
2281 4846 2439 4898 quam
2468 4846 2678 4886 mecum
2701 4834 3138 4902 communicavit,
3166 4820 3287 4891 cum
