3892 6318
754 260 873 271 .--η

60 286 210 354 17.81

1389 298 1427 353 S
1490 297 1863 353 MA'I‘IIILDlS
1907 297 2183 352 llE‘JlNA.

3236 302 3375 360 1382

58 397 420 473 lebrabatur,
448 398 740 475 jamrecte
767 408 877 476 ipse
904 406 1199 477 limpellius
1230 406 1361 461 vidit
1390 409 1558 477 (575).
1593 408 1689 460 At-
1720 410 1760 465 Α
1798 427 1813 458 ι
1854 407 2126 461 Genitoti;
2158 407 2362 477 regula,
2396 424 2609 479 semper
2657 410 2757 465 sibi
2805 411 3107 482 prcpositos
3153 416 3377 472 auderet

62 511 268 556 tamen
301 500 430 554 illud
470 511 675 554 tantum
705 500 769 553 de
799 500 1005 570 integra
1035 498 1263 552 formula
1292 517 1303 551 :
1340 516 1358 549 ‹
1395 502 1594 553 amicus
1636 512 1681 553 et

57 593 261 645 socius
320 589 499 659 pepuli
549 589 772 643 Romani
828 611 846 641 ι
904 590 1327 661 intelligendum.
1390 590 1524 644 Nam
1582 607 1680 645 vox

66 705 89 734 ‹
131 685 351 740 amicus
398 692 452 737 et
501 684 679 749 socius
711 702 727 733 ι
765 681 1023 737 Ottonnm
1078 698 1293 752 quoque
1348 684 1682 751 temporibus

56 779 323 847 politica,
363 787 421 831 nt
465 780 538 830 ita
589 777 785 840 dicam,
840 777 1234 847 significatione
1270 778 1568 831 adhibitum
1600 787 1682 831 est

58 870 146 925 de
176 871 241 925 iis
273 868 505 939 populis,
532 869 623 938 qui
655 884 721 922 ne
751 868 972 922 minimo
999 869 1217 938 quidem
1244 870 1519 923 servitutis
1553 869 1682 939 jugo

57 964 303 1018 olmoxii
332 963 557 1032 imperio
589 962 694 1032 (vel
726 960 1057 1016 Francorum
1095 961 1279 1032 regno)
1318 970 1494 1015 erant.
1530 961 1619 1015 Sit:
1652 979 1679 1015 a

64 1053 418 1110 \Vidukindo
460 1054 617 1123 primi
675 1053 961 1119 Saxones,
1021 1054 1354 1108 Francorum
1413 1055 1571 1108 amici
1630 1065 1684 1107 et

58 1146 216 1201 socii
258 1157 446 1200 contra
480 1144 786 1214 Thuringos
837 1145 1187 1198 nominantur
1215 1142 1385 1212 (576).
1428 1143 1684 1212 Sequitur

60 1248 133 1292 et
164 1253 232 1292 ex
260 1238 360 1291 hac
391 1253 451 1292 re
486 1238 685 1305 regiam
718 1236 969 1290 Bolizlavi
1002 1236 1315 1306 dignitatem
1347 1237 1414 1290 ab
1448 1235 1682 1305 Impera-

65 1337 205 1381 tore
237 1327 459 1397 (Ottone
501 1326 586 1398 111)
620 1340 739 1380 esse
767 1326 1140 1394 approbatum.
1169 1324 1514 1379 Thietmarus
1546 1327 1680 1395 ipse,

61 1418 334 1486 quamvis
361 1418 495 1470 iram
522 1417 608 1470 vix
633 1416 683 1469 in
708 1428 926 1487 pectore
958 1416 1179 1476 claudit,
1208 1416 1249 1471 si
1279 1433 1401 1470 cum
1426 1416 1682 1470 attentius

62 1509 306 1579 legeris.
345 1509 437 1562 tibi
465 1511 693 1577 prodere
725 1508 997 1562 videbitur
1018 1508 1218 1561 invitus
1248 1507 1406 1576 hujus
1436 1508 1509 1560 rei
1548 1508 1684 1561 veri-

59 1597 575 1666 1atem.'Nouagies
608 1598 721 1652 fere
764 1599 831 1653 de
877 1597 1199 1653 Boiizlavol
1241 1590 1567 1652 mentionem
1612 1598 1685 1651 fa-

66 1692 158 1745 cit
185 1708 200 1755 ;
232 1699 286 1747 et
314 1694 560 1761 scxagies
588 1691 804 1761 quidem
852 1692 1028 1746 sexies
1078 1708 1198 1745 cum
1230 1690 1548 1760 simpliciter
1577 1690 1680 1744 Bo-

69 1783 343 1837 lizlavum
398 1783 542 1837 nullo
587 1783 829 1853 epitheto
874 1786 1118 1854 apposito
1167 1784 1447 1850 nominat;
1508 1784 1685 1838 decres

67 1875 276 1930 decem
318 1885 372 1928 et
409 1876 624 1945 quidem
670 1876 753 1930 bis
796 1876 862 1929 ad
918 1892 967 1929 a.
1009 1876 1146 1930 1018
1192 1876 1348 1929 I’ertz
1383 1875 1443 1929 ν.
1474 1892 1528 1945 p.
1559 1876 1682 1931 861.

62 1966 184 2018 lin.
215 1964 251 2018 2
274 1972 329 2020 et
358 1966 412 2031 9,
444 1965 526 2020 bis
562 1966 901 2036 simpliciter,
957 1965 1241 2022 Miseconis
1293 1966 1482 2031 filium,
1521 1968 1687 2022 semel

70 2058 371 2123 Polemon,
410 2068 489 2114 ter
522 2059 804 2115 Seniorcm
844 2060 1156 2130 (Seignenr)
1190 2079 1202 2115 :
1236 2070 1291 2114 at
1320 2076 1431 2115 rem
1459 2062 1681 2117 miram!

72 2149 259 2202 semel
293 2149 381 2219 (ad
428 2167 478 2202 a.
523 2150 663 2205 100i
705 2151 849 2220 eum)
887 2160 1041 2206 vocat
1094 2152 1275 2206 ducem
1334 2152 1688 2207 adulterinum

62 2241 273 2311 (Pertz
305 2259 355 2312 p.
389 2241 513 2297 808.
556 2242 650 2296 lin.
684 2241 773 2310 15)
822 2243 905 2297 bis
955 2242 1044 2307 (ad
1075 2242 1314 2311 11.1001)
1352 2241 1559 2297 leonem
1600 2260 1689 2297 ru-

75 2335 347 2402 gientem,
387 2334 551 2387 semel
585 2353 601 2386 ι
639 2348 983 2404 arrogantem
1008 2356 1025 2386 ι
1047 2336 1122 2405 (p.
1153 2335 1283 2390 807.
1314 2336 1348 2389 l.
1384 2337 1496 2405 55),
1523 2338 1688 2391 semel

81 2423 628 2493 inﬂatumsuperbiae
659 2426 1102 2496 magnanimitate
1132 2427 1207 2495 (p.
1242 2428 1365 2481 808.
1400 2427 1477 2497 1),
1519 2427 1688 2482 semel

76 2516 182 2585 (ad
215 2532 264 2569 a.
294 2514 452 2585 1012)
479 2516 770 2584 superbum
802 2517 1252 2585 triumphatoretu
1277 2518 1349 2584 (p.
1377 2517 1480 2572 529
1512 2517 1545 2569 l.
1572 2517 1685 2586 52),

81 2606 260 2661 semel
288 2606 375 2677 (ad
406 2623 457 2661 a.
494 2606 654 2676 1005)
721 2606 1042 2662 Polenorom
1086 2618 1351 2663 rectorem
1381 2610 1457 2677 (p.
1486 2608 1606 2663 799.
1650 2609 1685 2661 l.

87 2697 173 2767 ὁ).
206 2694 321 2751 Jam
350 2699 415 2751 ad
440 2713 492 2751 a.
523 2697 662 2753 1002
699 2712 821 2751 eum
869 2699 1006 2767 patri
1038 2698 1338 2769 (Misecoui)
1371 2700 1524 2769 longe
1556 2699 1689 2754 infe-

93 2790 296 2841 riorem
341 2802 462 2843 esse
501 2788 652 2852 dicit,
693 2788 889 2856 quibus
927 2787 1087 2844 rebus
1123 2788 1197 2842 nil
1238 2788 1380 2848 aliud
1421 2790 1690 2843 indicatur

86 2894 256 2947 quam
287 2895 411 2934 eum
456 2880 883 2951 lmperatoribus
932 2881 1112 2935 minus
1154 2881 1445 2935 obnoxium
1500 2882 1684 2936 fuisse.

90 2974 177 3027 Ad
208 2989 256 3027 a.
288 2974 421 3029 1016
453 2973 801 3029 'lbietmarus
831 2973 1085 3029 Cesarem
1117 2975 1309 3043 carpit,
1354 2975 1517 3044 quod,
1565 2974 1689 3029 licet

1791 519 1808 550 ι
1847 500 1897 551 in
1929 499 2316 568 subjectioucm
2363 501 2622 569 paulatim
2669 502 2974 567 detrahere,
3010 504 3379 572 vilissimoque

1791 609 1809 641 ι
1849 593 2073 659 pecnnie
2105 594 2430 645 transeuntis
2461 595 2730 648 inescatos
2758 609 2880 648 amo
2903 596 3108 665 (hamo)
3138 596 3189 648 in
3221 597 3381 649 seri-io

1791 704 1808 734 ι
1847 685 1973 736 tutis
2004 682 2360 752 libertatisque
2395 687 2776 740 detrimentum
2816 702 3027 756 capere.
3070 707 3088 740 ι

1856 774 2076 829 Gladius
2103 775 2169 827 al)
2195 776 2393 830 Ottonc
2415 777 2663 841 donatus,
2683 794 2840 847 quem
2868 778 3053 832 Poloni
3082 798 3099 830 ε
3133 781 3380 833 Szcrzcr-

1786 865 1873 917 bec
1910 885 1927 917 ι
1964 864 2309 920 nominabant
2340 908 2352 929 ,
2394 881 2608 934 semper
2649 878 2902 937 tanquam
2942 870 3029 923 res
3066 878 3249 923 sancta
3293 885 3380 922 as-

1789 966 2037 1011 SCI'VMIIS
2067 965 2167 1010 est.
2200 956 2418 1011 Litteris
2447 957 2721 1027 inscriptis
2760 975 2911 1013 suam
2940 960 3203 1030 originem
3227 958 3382 1015 Otto-

1786 1049 2045 1102 nicusem
2082 1051 2295 1104 tradere
2340 1058 2394 1103 et
2436 1050 2690 1105 sacculum
2742 1053 3081 1107 undecimum
3137 1053 3378 1107 redolete

1786 1148 2009 1193 narrant
2044 1140 2211 1211 (578).
2249 1140 2632 1210 Imperatorem
2670 1158 2883 1211 semper
2924 1142 3127 1198 ensifer
3162 1154 3380 1199 secutus

1785 1239 1906 1294 est;
1944 1241 1999 1283 ut
2027 1233 2236 1300 pictura
2267 1234 2423 1287 docet
2450 1236 2673 1302 antiqua
2700 1234 2817 1289 libri
2848 1236 3194 1307 Manuscripti
3222 1239 3381 1292 Dom—

1786 1322 2151 1391 nitonis,qn;c
2178 1324 2427 1379 Ottouem
2454 1326 2596 1378 sistit
2625 1326 2873 1396 Mrgnmn
2898 1342 3123 1396 corpora
3153 1327 3380 1381 Sancto—

1787 1436 1905 1474 rum
1957 1422 2336 1489 quorundam,
2390 1422 2573 1477 Λιιοηί
2631 1422 2929 1479 Marchioni
2992 1423 3237 1478 Thuscia:
3287 1416 3382 1478 do-

1788 1522 2006 1566 nantem
2038 1512 2207 1582 (570).

1786 1626 1912 1682 (ΖΜ).
1944 1625 2204 1679 XXXVII.
2232 1658 2302 1667 --
2330 1625 2533 1680 Corona
2566 1628 2619 1680 iu
2654 1627 2856 1695 pictura
2889 1639 3067 1679 nostra
3103 1637 3177 1679 ex!
3218 1627 3249 1695 ἰ)
3271 1627 3380 1679 sius

1857 1698 2063 1750 coruum
2111 1697 2361 1750 Ultanum
2403 1697 2687 1767 exetttplur.
2744 1699 2948 1749 (lorum:
3005 1696 3381 1767 Lottgoburdoo

1861 1785 1974 1837 rum
2006 1785 2134 1821 nova
2158 1768 2327 1836 forma
2359 1768 2410 1820 in
2434 1768 2619 1836 sigillis
2651 1766 2921 1821 Ortonam.

1859 1877 2202 1931 Examinanti
2253 1879 2380 1932 mihi
2426 1877 2613 1933 sedulo
2659 1878 2889 1933 formam
2934 1878 3377 1934 vestimentormu

1786 1970 2012 2039 pietur-.2
2041 1968 2161 2023 libri
2207 1971 2402 2035 nostri,
2436 1972 2511 2039 (v.
2545 1971 2633 2039 lig.
2663 1970 2738 2039 1.)
2783 1986 3004 2036 corona,
3030 1986 3132 2039 qua
3181 1970 3381 2038 Misch

1790 2064 1901 2117 Rex
1928 2072 2154 2116 ornatus
2185 2073 2290 2123 cst,
2322 2063 2649 2131 singularem
2675 2063 2943 2133 quandam
2973 2062 3379 2116 similizudinem

1789 2156 1987 2210 habere
2032 2157 2146 2210 visa
2204 2164 2288 2209 est
2328 2171 2449 2209 cum
2502 2156 2691 2209 formis
2746 2170 3107 2219 coronarum,
3160 2159 3278 2224 qua-
3330 2157 3382 2207 ἰι

1789 2249 1977 2319 sigillis
2008 2248 2266 2304 Otlouum
2296 2258 2609 2301 occurrunt.

1860 2338 2205 2393 Przeczweant
2248 2348 2446 2401 autem,
2501 2352 2721 2392 necesse
2750 2348 2854 2404 est,
2900 2338 2959 2403 ii,
3007 2338 3095 2406 qui
3148 2338 3247 2392 has
3296 2352 3383 2391 res

1791 2429 2179 2499 sphragisticas
2221 2428 2566 2496 investigant,
2618 2444 2685 2482 ne
2734 2429 3053 2497 quibusdam
3091 2427 3294 2497 figuris,
3326 2436 3384 2479 ut

1791 2520 1844 2575 in
1890 2520 2050 2576 editis
2104 2519 2488 2589 diplomatibus
2537 2521 2893 2584 exhibentur,
2946 2520 3165 2573 nimiam
3224 2521 3380 2574 fidem

1791 2615 2102 2668 adhibeant.
2134 2612 2266 2666 Nam
2318 2631 2422 2665 non
2460 2614 2616 2667 modo
2660 2612 2877 2679 artifex,
2916 2613 3022 2669 illis
3056 2609 3385 2683 temporibus

1793 2704 2149 2759 rudissimam.
2185 2705 2413 2757 formam
2458 2704 2674 2772 imagini
2720 2705 2771 2758 in
2816 2703 2921 2773 pila
2971 2703 3050 2758 vel
3096 2704 3384 2775 sphragide

1792 2796 1961 2861 dedit,
1993 2795 2085 2849 sed
2115 2795 2286 2866 sigilla
2316 2808 2454 2848 (:81'113
2502 2795 2765 2864 impressa
2804 2794 3118 2863 plerumque
3152 2795 3386 2865 pessime

1791 2898 2106 2943 censet-rata
2142 2898 2288 2954 sunt,
2318 2902 2491 2955 neque
2520 2888 2653 2942 satis
2680 2895 2871 2942 exacte
2917 2887 3227 2955 recognosci
3259 2903 3385 2956 pos-

1790 2990 1936 3047 Sunt,
1960 2982 2062 3035 nisi
2085 2998 2113 3034 a
2142 2981 2293 3045 viris,
2321 2979 2373 3033 in
2400 2980 2483 3034 bis
2515 2981 2673 3033 rebus
2700 2979 2938 3033 maxime
2960 2979 3149 3033 versis.
3183 2979 3384 3033 Dehinc

91 3069 422 3125 Bolizlavnm
446 3072 515 3125 ad
537 3071 833 3125 servitutem
857 3086 1007 3123 suam
1031 3085 1162 3140 pace
1183 3079 1388 3123 tantum
1410 3085 1684 3133 concessa,
1716 3111 1756 3167 Ο
1792 3073 1993 3127 nostris
2044 3074 2359 3141 plerumque
2410 3070 2744 3138 temporibus
2790 3069 2846 3131 ii,
2899 3068 2991 3137 qui
3037 3067 3158 3121 talia
3210 3069 3383 3138 sigilla

94 3174 399 3234 promptum
431 3173 483 3219 et
509 3164 715 3218 lidelem
752 3158 952 3218 habere
978 3165 1261 3233 pottdsset,
1293 3165 1344 3219 id
1384 3174 1559 3219 tamen
1591 3184 1685 3219 ne-

93 3256 320 3325 glexerit
348 3257 423 3326 (p.
455 3256 581 3312 815.
608 3256 702 3310 litt.
731 3256 843 3326 57).
875 3257 954 3309 Ad
988 3272 1039 3309 a.
1074 3255 1210 3312 1018
1240 3255 1585 3311 Thietmarus
1610 3259 1687 3312 ait

94 3348 423 3404 ltolizlavum
457 3350 644 3404 eodem
687 3349 805 3403 loco
847 3349 1099 3402 habuisse
1136 3348 1517 3416 Imperatorem
1552 3349 1687 3405 Ger-

96 3434 375 3497 manicum
399 3459 460 3497 ac
500 3443 886 3512 Imperatorem
922 3440 1572 3508 Constantinopolitannm
1610 3445 1684 3511 (p.

88 3534 192 3588 871
226 3534 317 3587 lin.
361 3535 469 3602 11).
501 3534 700 3588 Passus
727 3550 856 3587 vero
883 3531 1180 3586 Tbietmari
1223 3532 1313 3601 qui
1351 3533 1416 3586 ad
1446 3543 1684 3587 nostrain

95 3642 209 3679 rem
240 3627 471 3680 maxime
498 3625 676 3680 faCerc
703 3625 935 3691 videtur,
966 3633 1047 3678 est
1081 3623 1133 3677 in
1163 3623 1282 3677 libri
1317 3624 1487 3692 quinti
1514 3625 1689 3694 capite

93 3726 249 3772 sexto
276 3719 422 3787 (577)
446 3718 535 3772 ubi
574 3726 812 3770 mutatas
840 3731 962 3771 esse
999 3715 1144 3770 vices
1172 3731 1199 3767 a
1239 3714 1506 3769 Bolizlavo
1534 3716 1686 3780 dicit,

94 3812 197 3874 sic,
223 3820 279 3864 ut
302 3826 399 3879 pro
430 3812 689 3866 servitute
715 3808 1039 3863 Polonorum
1069 3809 1330 3879 principis
1356 3825 1485 3880 erga
1519 3810 1685 3880 impc-

94 3902 238 3955 iium
274 3902 353 3956 vel
388 3902 561 3957 Duces
590 3912 643 3957 et
675 3886 1019 3977 marehioues
1058 3902 1333 3967 Saxonize,
1374 3903 1685 3957 servitutem

96 3994 289 4046 horum
312 4009 438 4064 erga
466 3994 790 4049 Bolizlavum
820 4006 1000 4050 natam
1032 4009 1151 4048 esse
1181 3994 1441 4064 deploret.
1465 4010 1483 4044 ι
1508 3994 1641 4060 Hoc,
1662 4012 1680 4047 ι

97 4083 198 4146 ait,
230 4102 248 4132 ε
284 4085 781 4141 animadvertentes
812 4086 1007 4149 nostri,
1034 4085 1214 4139 verbis
1253 4086 1531 4140 credidere
1555 4086 1687 4154 pha-

102 4194 121 4225 ι
170 4174 375 4239 leratis,
408 4186 463 4231 et
494 4177 775 4233 inhoneste
812 4179 966 4249 quasi
1015 4179 1082 4232 ad
1130 4178 1428 4243 domimun,
1458 4179 1523 4232 ad
1551 4194 1685 4232 enu-

102 4281 122 4314 c
170 4265 287 4317 dem
326 4265 572 4334 profecti,
612 4267 873 4321 honorem
912 4268 1153 4320 innatum
1196 4267 1586 4337 supplicatione
1635 4279 1688 4322 et

103 4371 122 4403 ι
161 4354 357 4424 injusta
398 4358 659 4412 servitute
691 4358 994 4411 mutabant.
1029 4357 1197 4422 Quam
1245 4359 1424 4426 inique
1472 4374 1690 4427 compa-

104 4463 123 4493 ι
167 4447 313 4499 randi
345 4458 471 4501 sunt
501 4457 876 4502 anteceSsores
919 4447 1090 4502 nostri
1129 4456 1180 4500 ct
1225 4448 1680 4516 contemperales!
1719 4483 1766 4539 ο

104 4556 122 4585 ι
172 4537 393 4592 Viveute
422 4540 638 4609 egregio
676 4538 897 4592 lloddne
935 4537 1289 4609 (Mart-Ilione)
1322 4546 1473 4607 pater
1511 4539 1685 4604 istius,

104 4646 122 4677 ι
165 4628 359 4684 Miseco
385 4632 625 4696 domum,
654 4647 758 4701 qua
802 4646 924 4684 eum
964 4645 1085 4684 esse
1133 4617 1355 4695 sciebat,
1384 4632 1692 4684 crusiuatus

105 4742 123 4773 ι
163 4726 377 4780 crusina
404 4735 487 4781 est
512 4726 680 4781 vestis
721 4726 1005 4780 Slavorum
1048 4725 1292 4793 pellicea)
1340 4724 1561 4786 intrare,
1606 4721 1690 4777 VtI

106 4831 124 4863 ι
159 4829 223 4870 eo
251 4827 569 4889 assurgente
610 4832 886 4887 nunquam
933 4816 1260 4887 prcsump-it
1299 4816 1508 4871 sedere.
1547 4815 1688 4868 Dens

106 4928 123 4956 ι
161 4907 428 4979 indulgeat
464 4910 788 4980 imperatori,
818 4909 960 4979 quod
991 4909 1335 4964 tributarium
1360 4907 1564 4963 faciens
1596 4908 1688 4962 do-

108 5016 125 5050 t
165 5001 394 5060 mitium.
442 5002 511 5056 ad
556 5002 661 5057 hoc
711 5015 947 5058 unquam
999 4999 1208 5054 eleuarit
1273 5006 1357 5059 ut,
1398 4998 1562 5051 oblita
1604 4998 1685 5050 sui

172 5130 320 5204 (575)
352 5130 546 5204 Rmpell
570 5133 604 5186 I.
631 5133 668 5186 1.
694 5150 744 5204 p.
774 5133 894 5186 111.
926 5149 946 5159 '

172 5203 318 5275 (576)
344 5199 631 5273 Wiilulting
660 5199 765 5258 Res
796 5212 931 5275 gest.
980 5201 1185 5263 Saxon.
1215 5200 1254 5255 1.
1300 5216 1417 5270 cap.
1447 5201 1498 5263 9,
1542 5199 1600 5252 10
1633 5208 1688 5253 et

105 5274 174 5326 11·
226 5271 424 5337 (Pertz.
456 5274 516 5327 ν.
554 5271 610 5341 ι).
641 5274 788 5341 118.)

176 5343 321 5427 (577)
348 5339 613 5398 '1'ltietmar
652 5345 745 5399 lib.
772 5339 836 5399 γ.
886 5359 935 5398 c.
993 5345 1026 5397 6
1094 5343 1250 5397 I’ertz
1276 5343 1338 5397 ν.
1394 5358 1443 5409 p.
1490 5339 1685 5427 105.

100 5414 717 5552 2⁷(5ῗ8ί).Ναγιιδεεωὲει
747 5485 873 5539 hist.
906 5484 1099 5537 narod.
1147 5481 1315 5552 polsIt.
1348 5481 1434 5535 IV.
1465 5496 1516 5549 p.
1561 5480 1676 5535 158.

197 5484 319 5551 578)
349 5482 717 5538 Naruscewiez
747 5485 873 5539 hist.
906 5484 1099 5537 narod.
1147 5482 1315 5552 polsIt.
1348 5482 1434 5535 IV.
1465 5496 1516 5549 p.
1561 5482 1676 5535 158.

173 5482 320 5676 (579)
369 5552 611 5623 Origines
645 5554 964 5625 Guelplticw.
1016 5554 1079 5607 Τ.
1124 5556 1163 5608 1.
1198 5554 1329 5606 Tah.
1369 5552 1453 5605 Ill.
1512 5552 1578 5604 ad
1631 5566 1683 5620 p.

104 5624 322 5835 402580;
362 5695 472 5764 Sig.
497 5696 621 5748 anni
646 5695 773 5759 916,
804 5695 856 5748 in
888 5696 1235 5752 Monumemis
1256 5693 1429 5749 Boicis
1459 5692 1564 5747 vol.
1592 5676 1658 5745 X1

178 5764 291 5834 (581
363 5764 474 5835 Sig.
506 5781 590 5835 ap.
625 5765 883 5820 Shauuat.

178 5764 322 5835 (581)
363 5764 474 5837 Sig.
506 5781 590 5837 ap.
625 5765 883 5820 Shauuat.

1789 3164 1883 3217 atri
1943 3162 2210 3225 incidunt,
2242 3177 2309 3215 ex
2351 3176 2471 3225 suo,
2523 3169 2574 3213 ut
2612 3159 2689 3223 fit,
2735 3158 2962 3214 arbitrio
3006 3157 3387 3231 addunt,qu

1790 3260 2104 3321 nuncupant
2139 3259 2480 3312 ornamenta,
2515 3248 2597 3302 vel
2629 3247 2731 3301 alia
2770 3261 3051 3319 Spernunt.

1859 3341 1989 3408 Qua:
2014 3341 2266 3395 feruntur
2291 3338 2522 3393 Com-adi
2553 3342 2711 3408 primi
2758 3343 2899 3409 regis
2929 3342 3126 3411 sigilla,
3175 3351 3263 3395 aut
3295 3358 3382 3397 ra-

1788 3434 1988 3488 diatam
2021 3433 2319 3502 simplicem
2370 3431 2656 3499 duplamve
2688 3434 2882 3489 tribus
2926 3434 3177 3490 crucibus
3221 3451 3383 3489 onm-

1792 3536 1897 3580 tam
1930 3525 2101 3597 (580),
2133 3534 2226 3579 aut
2254 3524 2500 3578 diadema
2531 3525 2602 3593 (id
2634 3533 2717 3579 est
2754 3525 3042 3595 circulum)
3073 3527 3243 3580 tribus
3286 3529 3382 3580 tri-

1788 3616 1931 3670 foliis
1985 3600 2126 3687 (qua:
2180 3614 2290 3669 lilia
2353 3615 2653 3685 nominant)
2706 3616 2853 3687 (581)
2900 3616 3158 3685 praebent.
3216 3616 3381 3686 Cujus

1790 3707 1942 3763 liliati
1984 3707 2302 3763 diadematis
2338 3707 2616 3777 exemplar
2649 3710 2851 3779 Optime
2891 3716 3268 3765 conservatum
3302 3711 3381 3763 ot”-

1790 3800 1895 3855 fert
1928 3801 2094 3872 figura
2126 3802 2268 3870 picta
2302 3800 2463 3872 Regis
2493 3799 2769 3867 cujusdam
2794 3800 3089 3871 Anglorum
3122 3801 3173 3856 in
3195 3803 3380 3858 codice

1790 3895 2154 3965 Mannscripto
2184 3895 2454 3949 Saxonico
2501 3892 2777 3958 Psalterii,
2813 3901 3036 3947 exorato
3081 3892 3133 3947 in
3182 3894 3380 3949 smcnlo

1789 3987 2096 4050 undecimo,
2121 3995 2174 4041 et
2198 3986 2453 4055 inscripto
2482 3983 2733 4039 Tiberius
2768 3983 2829 4039 (Ζ.
2867 3982 2930 4037 VI
2955 3982 3127 4054 (582).

1862 4077 2272 4132 IleuricusRex
2326 4077 2377 4129 in
2418 4075 2611 4145 sigillis
2654 4090 2910 4129 coronam
2948 4075 3053 4128 fert
3091 4083 3178 4128 aut
3217 4074 3378 4129 simili

1791 4170 1949 4224 modo
1970 4167 2191 4222 liliatam
2218 4166 2389 4235 (585),
2415 4176 2508 4220 aut
2534 4165 2800 4220 radiatam
2829 4163 3000 4234 (581),
3027 4173 3121 4217 aut
3148 4164 3378 4233 denique

1790 4262 2036 4316 diadema
2066 4258 2289 4328 simplex
2326 4274 2447 4313 cum
2482 4271 2646 4312 cruce
2668 4257 2723 4310 in
2752 4256 2929 4309 medio
2951 4256 3126 4325 capite
3148 4255 3374 4319 elevata,

1790 4369 1908 4423 qua:
1929 4352 2200 4422 quomodo
2222 4366 2430 4403 annexa
2456 4350 2544 4412 sit,
2571 4346 2810 4417 dignosci
2837 4346 3021 4414 nequit
3048 4344 3217 4415 (585).

1863 4442 1918 4496 In
1945 4440 2151 4495 Ottouis
2183 4439 2359 4505 Magni
2395 4437 2582 4507 sigillis
2615 4436 2993 4505 distinguenda
3022 4444 3145 4488 sunt
3168 4433 3379 4489 Ottonis

1792 4530 2087 4586 Germania:
2114 4534 2247 4600 regis
2277 4528 2422 4598 (ante
2445 4544 2493 4580 a.
2520 4526 2668 4595 96'2.)
2694 4541 2723 4579 a
2748 4523 2935 4595 sigillis
2976 4514 3188 4578 Ottonis
3212 4524 3379 4594 inzpe-

1784 4618 2030 4687 ratoris;
2061 4620 2145 4674 illa
2179 4628 2272 4674 aut
2306 4618 2550 4672 tLiadcma
2594 4617 2794 4670 habent
2827 4612 2976 4683 (586)
3008 4622 3099 4667 an.
3121 4628 3319 4667 corona
3346 4632 3377 4668 η

1812 4711 2016 4768 iliatam
2041 4710 2188 4785 (587)
2218 4711 2268 4765 in
2292 4719 2520 4777 utroque
2546 4707 2797 4761 vexillum
2830 4707 3034 4776 regiqu
3058 4705 3245 4759 dextra
3274 4704 3379 4756 fer-

1792 4814 1899 4859 tur.
1924 4802 2264 4872 lmpcratoris
2292 4816 2417 4854 vero
2453 4798 2665 4854 Ottonis
2705 4796 2873 4869 sigilla
2912 4811 3104 4853 novam
3138 4795 3379 4865 pra-bent

1791 4895 2019 4952 formam
2045 4894 2210 4965 (588).
2240 4893 2315 4964 (v.
2344 4892 2429 4962 ηε.
2476 4892 2528 4946 0.
2567 4890 2674 4945 tab.
2719 4900 2886 4944 nostr.
2924 4889 3119 4947 Dextra
3163 4889 3380 4942 innixos

1789 4998 1873 5044 est
1895 4989 2185 5058 Imperator
2219 4997 2431 5055 seeptro
2477 4984 2713 5051 cuidam,
2748 4984 2791 5038 si
2828 4998 2935 5037 non
2960 4984 3181 5051 antiquo
3206 4982 3376 5050 (580),

1862 5120 2008 5190 (580)
2048 5118 2241 5190 Strutt,
2282 5108 2939 5190 11o_rdagA_ngeI.Cynuan
2967 5113 3011 5168 1.
3040 5113 3127 5186 frg.
3160 5112 3333 5190 XIX.-

1860 5180 2239 5262 (333)_Erath,
2273 5187 2393 5242 cod.
2432 5180 2654 5254 diploiu.
2693 5180 3232 5255 Quedlinbnrgénsis,
3257 5185 3368 5256 Sig.

1790 5260 1915 5317 anui
1950 5260 2075 5315 955.

1883 5332 2008 5397 581)
2049 5326 2180 5382 Gotz
2203 5326 2583 5397 Kaisersiegel.

1883 5333 1985 5384 581
2049 5333 2180 5382 Gotz
2204 5333 2569 5397 Kaisersiegel.

1806 5444 1808 5448 ι
1861 5333 2010 5470 (58911
2050 5398 2161 5470 Sig.
2194 5415 2281 5467 ap.
2304 5397 2569 5470 Sltanuat.

1860 5467 2010 5543 (585)
2052 5467 2239 5543 Erat/1,
2276 5469 2325 5521 1.
2359 5469 2393 5543 Ι.
2417 5468 2516 5543 sig.
2546 5483 2596 5522 a.
2623 5467 2749 5543 961.

1857 5535 2005 5614 (587)
2042 5539 2243 5608 Zylles,
2301 5535 2541 5593 defensio
2592 5537 2820 5593 abbatiae
2868 5535 3054 5595 Sancti
3094 5538 3370 5605 Maximini

1882 5614 1946 5663 15
1976 5624 2031 5663 et
2064 5614 2145 5663 18.
2179 5612 2276 5663 sia.
2302 5624 2349 5662 a.
2381 5607 2506 5663 955.

1833 5611 1946 5666 .15
1976 5611 2031 5666 et
2064 5614 2145 5664 18.
2179 5612 2276 5666 εἰει.
2302 5624 2349 5662 a.
2381 5611 2506 5663 955.

1793 5630 1845 5677 p.
1882 5630 1946 5666 ta
1976 5630 2031 5666 et
2064 5630 2145 5664 ιδ.
2179 5630 2219 5664 sn
2242 5630 2276 5661 ι.
2302 5630 2349 5662 a.
2382 5630 2506 5663 auo.
2684 5670 2687 5673 η

1807 5688 1817 5695 ’
1862 5685 2007 5754 (588)
2050 5680 2197 5754 orig.
2227 5630 2445 5754 auelplt.
2478 5678 2599 5749 (sig.
2636 5695 2682 5732 a.
2716 5677 2841 5749 970)
2870 5687 2999 5754 tom.
3120 5693 3172 5754 ρ.
3208 5681 3259 5734 7.

1861 5748 2005 5826 (580)
2049 5748 2277 5805 Μίιίιιιιιι
2303 5748 2490 5805 leviter
2518 5748 2847 5804 armatorum
2884 5753 2984 5807 sub
3024 5748 3131 5803 tiae
3156 5750 3367 5819 Imperii
