3892 6318
79 283 223 342 1585

1321 286 1378 341 S.
1408 286 1776 343 MATIIILDIS
1808 287 2059 343 IlEGINA

3207 282 3348 341 1386

75 421 211 475 Car.
250 416 767 489 XXXVIII.-—Nova
797 425 852 473 tn
880 434 1047 489 regem
1079 420 1251 473 unctio
1270 436 1362 489 per
1388 420 1672 488 archiepis-
1699 414 1747 471 Α
1844 397 2018 455 Simili
2051 399 2235 465 mOJoo
2286 400 2410 455 dum
2447 409 2598 469 Ρηίθν
2626 400 2868 466 Vivebat,
2910 397 3113 469 msego
3151 398 3236 489 ωε
3266 399 3349 454 νει

145 506 343 557 capum
374 488 719 542 Gnesnensent
755 490 895 557 facta
924 488 1034 543 esse
1060 488 1282 554 videtur,
1310 490 1591 557 apostolico
1616 491 1669 543 id

144 560 436 628 probante;
465 559 561 626 ﬁlii
581 576 686 613 una
703 569 785 625 ;et
808 560 1055 613 tributum
1074 557 1268 614 Sancto
1288 557 1444 614 Petro
1465 561 1668 614 datum.

145 670 517 727 Nihilominus
546 671 846 728 Bolizlavus
868 672 933 739 I.,
958 687 1248 744 antequam
1283 688 1316 729 e
1353 673 1460 727 vita
1487 673 1671 728 deces-

72 765 147 819 sit
174 779 327 819 anno
358 764 517 829 l025,
550 774 842 822 coronatus
867 775 976 831 est;
1010 776 1064 821 et
1099 780 1260 835 supra
1279 766 1387 836 jam
1414 765 1667 830 vidimus,

74 856 125 909 id
160 872 231 911 ne
265 872 297 911 a
329 856 591 926 Rtepellio
621 858 837 927 quidem
884 859 1066 929 negari
1111 857 1278 930 (408).
1315 858 1403 922 At,
1437 857 1666 926 inquies,

71 950 116 1003 si
149 949 267 1018 jam
298 948 414 1019 ipse
441 950 587 1020 regia
619 958 736 1004 erat
769 949 1062 1020 dignitate;
1104 950 1150 1004 si
1186 949 1328 1004 ultro
1367 949 1436 1003 ab
1474 948 1670 1004 Ottone

72 1054 280 1093 corona
315 1040 493 1109 regia,
540 1040 718 1111 gladio
745 1050 799 1094 et
843 1050 1054 1111 sceptro
1083 1041 1367 1113 insignitus
1390 1048 1504 1095 erat
1532 1055 1547 1093 :
1584 1054 1669 1094 se-

71 1131 253 1184 cunda
285 1130 371 1184 vel
406 1131 563 1185 tertia
608 1132 961 1186 coronatione
1012 1146 1117 1186 non
1163 1130 1374 1199 egebat.
1412 1159 1483 1169 -—
1514 1128 1667 1183 Nunc

71 1222 278 1292 aliquid
305 1224 487 1278 dicere
508 1222 726 1277 videris.
751 1223 1001 1277 Attamen
1033 1222 1357 1285 cavendum,
1390 1237 1458 1276 ne
1488 1222 1667 1291 Specie

69 1312 318 1382 quadam
348 1312 661 1366 illudamur.
694 1310 809 1365 Non
847 1325 969 1366 rara
1008 1320 1134 1365 sunt
1168 1308 1536 1365 coronationis
1583 1324 1667 1361 re-

67 1402 259 1470 petita:
285 1400 571 1470 exempla;
600 1414 718 1470 qua:
767 1407 922 1454 tanto
960 1399 1156 1469 saepius
1199 1407 1525 1461 occurrunt,
1558 1412 1666 1466 quo

68 1488 248 1559 magis
272 1503 344 1545 ea
375 1490 633 1560 dignitas,
665 1505 733 1544 ne
761 1489 844 1545 vel
892 1490 1019 1544 hinc
1058 1489 1141 1543 vel
1185 1488 1335 1542 illinc
1381 1487 1434 1541 in
1474 1487 1667 1542 discri-

69 1595 194 1634 men
230 1589 482 1645 vocetur,
518 1581 810 1635 verendum
841 1589 944 1634 est.
975 1580 1065 1635 Sic
1094 1579 1349 1651 Pipinus,
1380 1589 1532 1654 pater
1559 1578 1665 1634 Ca-

66 1673 165 1727 roli
200 1672 411 1744 Magni,
462 1673 513 1727 in
541 1671 743 1742 Campo
777 1671 973 1727 Martio
1007 1687 1038 1727 a
1079 1672 1308 1727 Francis
1345 1671 1579 1737 electus,
1609 1680 1666 1726 et

1775 498 1857 544 ter
1884 489 2117 545 comitiis
2138 489 2472 546 Germanicis
2500 490 2700 546 invitus
2725 490 3040 561 plerumque
3069 488 3262 555 adfuit,
3296 499 3352 545 et

1774 581 2079 652 bomagium
2111 581 2380 651 quoddam
2413 582 2614 637 iterare
2642 590 2864 637 coactus
2907 580 3007 636 fuit
3044 580 3217 649 (414).
3269 579 3350 638 Ob

1774 674 1825 730 id
1877 675 2048 745 ipsum
2097 674 2280 729 unctio
2326 674 2731 746 Archiepiscopi
2797 674 3153 741 Polonorum,
3226 688 3350 730 cum

1771 766 1966 820 summi
1991 765 2268 820 Pontiﬁcis
2288 768 2675 836 approbatione
2699 774 2755 821 et
2782 765 3156 822 assistentibus
3180 767 3355 820 omni-

1770 857 1873 913 bus
1900 858 2140 912 omnium
2172 858 2489 926 populorum
2530 868 2784 914 recenter
2838 858 3188 914 subactorum
3233 873 3351 913 ma-

1769 949 2020 1019 gnatilms
2065 947 2311 1003 facienda
2341 958 2478 1002 erat.
2529 948 2723 1004 Nostra
2768 950 2992 1020 epistola
3023 948 3353 1003 dedicatur-ia

1770 1040 2077 1110 signiﬁcare
2104 1040 2334 1104 videtur,
2362 1039 2711 1109 Misegonem,
2732 1038 2845 1108 jam
2872 1050 3025 1109 patre
3059 1038 3233 1092 adlmc
3265 1039 3349 1091 in-

1772 1140 1854 1185 tcr
1883 1132 2032 1185 vivos
2062 1132 2311 1201 (legente,
2347 1145 2527 1200 regem
2566 1130 2767 1186 factum
2805 1131 2968 1185 fuisse
2992 1131 3207 1184 nomine
3237 1139 3353 1183 tan-

1771 1228 1905 1285 tmn,
1938 1235 2043 1274 non
2078 1221 2277 1275 omine.
2323 1218 2455 1273 Nam
2490 1220 2629 1273 linea
2661 1220 2815 1274 tertia
2854 1219 3111 1289 legimus;
3152 1238 3169 1270 ι
3209 1218 3355 1293 ριιοτ

1770 1300 1913 1365 niam
1954 1311 2047 1365 tibi
2103 1311 2280 1365 divina
2337 1311 2513 1382 gratia
2566 1310 2771 1383 regium
2824 1327 3009 1363 nomen
3056 1310 3258 1381 pariter
3296 1320 3351 1365 et

1766 1402 2012 1455 honorent
2043 1401 2323 1456 concessit.
2354 1420 2371 1452 ι

1841 1490 2036 1546 Notum
2076 1501 2190 1557 est,
2239 1491 2596 1561 Stephanum,
2630 1492 2918 1562 llungarizn
2953 1491 3248 1561 principem
3271 1533 3285 1556 ,
3319 1508 3348 1547 a

1779 1581 2006 1638 Summo
2036 1581 2296 1637 Pontiﬁce
2322 1598 2578 1638 coronam
2609 1584 2900 1652 accepisse.
2952 1581 3158 1635 Nullam
3189 1583 3353 1653 igitur

1768 1690 1985 1728 causam
2014 1675 2249 1743 reperio,
2289 1691 2385 1728 cur
2418 1674 2577 1728 talem
2626 1688 2883 1728 coronam
2927 1674 2995 1728 ab
3042 1674 3351 1744 Apostolieo

68 1765 262 1835 clupeo
287 1765 537 1819 elevatus
564 1764 736 1835 (409),
770 1774 919 1820 certe
960 1763 1072 1832 jam
1117 1765 1229 1820 Rex
1261 1774 1379 1821 erat
1421 1765 1661 1820 Franco-
1699 1760 1738 1819 Β
1770 1765 2054 1821 Benedicto
2089 1766 2221 1820 V'Ill.
2263 1775 2355 1821 aut
2383 1764 2589 1820 Joanne
2616 1764 2734 1819 XX.
2770 1774 3017 1835 negatam
3048 1765 3159 1836 regi
3190 1765 3349 1821 Polo-

64 1871 216 1922 rum;
267 1866 515 1912 attamen
557 1872 620 1912 ea
648 1857 913 1912 electione
947 1867 1232 1913 contentus
1262 1874 1367 1913 non
1394 1868 1537 1913 erat.
1589 1857 1665 1913 Ne

62 1949 357 2005 Zachariae
383 1950 621 2019 quidem,
647 1950 842 2004 summi
870 1948 1150 2005 Pontiﬁcis
1185 1965 1281 2020 per
1322 1950 1530 2006 litteras
1566 1967 1662 2021 ap-

69 2041 327 2109 probatio
377 2042 478 2096 sibi
532 2039 831 2095 sulliciebat
860 2040 1044 2111 (MO);
1093 2055 1122 2093 a
1155 2041 1357 2095 Sancto
1385 2039 1665 2095 Bonitacio

64 2130 458 2185 Suessionihus
472 2144 608 2184 novo
623 2130 726 2183 ritu
747 2144 840 2185 rex
854 2139 1145 2183 coronatus
1161 2138 1321 2198 atque
1344 2136 1538 2182 unctus
1553 2138 1659 2182 est.

61 2221 246 2291 Neque
283 2222 424 2276 illud
453 2221 553 2277 sibi
589 2221 721 2276 satis
744 2222 916 2276 visum
934 2229 1038 2277 est.
1069 2220 1224 2285 Nam,
1250 2235 1412 2289 quum
1439 2218 1665 2289 Stepha«

60 2327 162 2368 nus
191 2311 276 2379 lI.,
312 2312 503 2381 Papa,
541 2313 591 2366 in
616 2311 949 2366 Francorum
980 2327 1145 2382 regno
1179 2310 1425 2379 Pipinum
1460 2310 1662 2364 invise-

67 2417 166 2469 ret,
200 2405 375 2461 tertio
420 2404 536 2459 loco
569 2404 681 2474 ipse
715 2403 939 2474 Pipinus
980 2404 1060 2473 (ut
1092 2403 1308 2457 videtur
1350 2401 1661 2472 imperator)

67 2512 169 2551 una
216 2512 344 2551 cum
379 2510 551 2551 uxore
599 2496 923 2562 Bertha:,et
969 2494 1062 2548 ﬁlii
1113 2508 1267 2565 reges
1317 2494 1561 2549 coronati
1603 2500 1664 2547 et

68 2591 214 2643 unt-Ii
255 2598 389 2644 sunt
418 2589 501 2661 (41
521 2592 588 2659 1).

136 2680 309 2736 Filius
354 2696 487 2736 vero
528 2680 753 2736 Carolus
794 2679 1017 2751 Magnus
1057 2680 1278 2750 insuper
1308 2680 1392 2735 vel
1423 2689 1660 2751 quatuor

66 2774 277 2828 vicibus
305 2784 601 2828 coronatus
629 2782 712 2829 est
745 2773 914 2843 (“2).

140 2864 364 2920 Duabus
397 2864 567 2935 igitur
596 2864 936 2935 pntissimttm
966 2864 1127 2920 rebus
1153 2864 1362 2924 ductus.
1392 2862 1533 2917 hanc
1559 2862 1658 2916 ite-

67 2970 214 3010 rasse
244 2955 664 3011 coronationem
696 2956 910 3010 videtur
958 2954 1292 3019 Bolizlavus;
1326 2954 1528 3020 altera,
1566 2962 1652 3019 ut,

67 3056 357 3116 antequam
389 3048 702 3113 moriretur,
726 3054 1056 3115 praecaveret
1076 3046 1433 3112 defectiones;
1457 3045 1650 3111 altera,

64 3145 142 3199 ut,
175 3140 285 3191 ritu
317 3153 459 3193 novo
484 3137 786 3206 potentiam
815 3147 869 3191 et
895 3138 1181 3203 honorem,
1217 3133 1379 3207 regite
1407 3136 1654 3207 dignitati

66 3225 279 3293 insitas,
307 3227 574 3297 augendo,
602 3226 741 3281 ﬁlios
760 3242 887 3281 suos
917 3226 1167 3281 fortiores
1192 3225 1439 3281 redderet
1468 3235 1656 3281 contra

66 3318 446 3390 imperatores,
477 3327 531 3374 et
560 3327 750 3373 contra
769 3358 783 3383 ,
808 3333 972 3388 quam
1005 3318 1320 3383 nominant,
1348 3316 1654 3373 Szlachtam

62 3412 137 3479 (id
184 3423 270 3468 est
328 3412 564 3477 milites,
616 3410 701 3466 vel
745 3410 913 3476 cives,
964 3410 1049 3465 vel
1102 3409 1330 3482 nobiles)
1390 3409 1657 3465 libertatis

64 3506 522 3559 amantissimam.

132 3594 446 3648 Bolizlavus
475 3593 587 3648 suis
611 3591 900 3663 ipsissimis
923 3591 1093 3649 oculis
1118 3592 1200 3647 bis
1236 3591 1464 3656 viderat,
1490 3605 1653 3661 quam

63 3687 348 3742 abusivam
398 3686 851 3758 signiﬁcationem
892 3694 945 3740 et
987 3685 1289 3755 Imperator
1318 3693 1370 3739 et
1397 3682 1653 3738 Germani

64 3778 368 3848 adjicerent
424 3794 534 3833 suae
576 3777 877 3849 praesentia:
923 3778 977 3831 in
1028 3787 1296 3832 conventu
1348 3774 1653 3845 principum

63 3871 401 3937 Germanite;
434 3885 709 3940 nunquam
738 3869 849 3924 l'ere
881 3868 1038 3935 fecit,
1069 3884 1190 3939 quae
1231 3867 1299 3922 ab
1322 3865 1653 3936 Imperatore

64 3963 162 4032 ipsi
195 3973 454 4034 tanquam
488 3964 645 4017 militi
675 3962 1100 4032 imperarentur;
1141 3968 1196 4017 et
1223 3958 1314 4015 tali
1361 3958 1650 4014 conventui

64 4054 302 4110 adfuisse
326 4054 571 4126 pudebat
599 4069 777 4125 regem
802 4053 970 4126 (M3).

130 4208 387 4279 Ejusdem
417 4208 747 4279 Wladimirii
779 4207 1030 4265 vexillum
1051 4247 1065 4271 ,
1091 4213 1470 4279 conservatum
1508 4205 1649 4279 Gru-

63 4276 185 4360 sini'
210 4296 381 4362 prope
437 4278 844 4349 Novogorodam
865 4320 879 4343 ,
912 4279 964 4331 in
993 4293 1098 4347 quo
1127 4276 1242 4361 ej‘us
1272 4277 1449 4346 imago
1477 4278 1644 4346 picta,

60 4351 201 4402 edita
241 4352 373 4405 Ibld.
404 4350 468 4405 Il.
502 4365 555 4419 p.
592 4351 712 4416 107,
743 4359 881 4404 teste
908 4347 1114 4419 iStrahl
1141 4347 1561 4419 hesclt._pl_tussl.
1602 4348 1641 4401 Ι.

62 4432 113 4484 p.
154 4391 450 4491 ὅδὲ-’ίῇᾏῶ
484 4391 881 4489 ίπεχέιῆῃὴιντῖ
904 4417 1268 4491 Berolinensis
1304 4417 1647 4491 bibliothecae

62 4490 219 4558 regite
248 4486 446 4562 deest).
497 4491 638 4545 ldetn
665 4486 1187 4562 Strahliusmagnos
1218 4487 1383 4562 duces
1413 4486 1513 4562 has
1542 4502 1645 4562 _co-

62 4557 220 4631 ranas
251 4572 346 4615 aut
378 4557 478 4616 hos
502 4562 671 4631 pileos
698 4559 957 4631 (uoluam)
994 4572 1059 4612 ne
1092 4558 1143 4611 in
1171 4557 1404 4631 ecclesia
1426 4557 1643 4625 quidem

61 4627 373 4702 deposuisse
402 4627 573 4702 (teste
598 4627 884 4702 WoSskres
913 4629 1103 4684 chron.
1132 4643 1173 4682 ι.
1202 4628 1327 4695 205)
1361 4637 1562 4684 monet.

128 4699 275 4769 (408)
316 4699 453 4771 Cap.
484 4699 609 4771 xx,
638 4700 703 4754 Νι
732 4702 786 4754 2.

130 4765 274 4841 (409)
313 4765 513 4825 Annal.
575 4769 874 4841 Bertt’niant’
930 4766 997 4841 ad
1050 4782 1105 4823 a.
1154 4765 1277 4820 750.
1339 4784 1358 4841 ς
1420 4765 1644 4834 Pipintts

57 4837 344 4894 secundum
369 4857 566 4895 morem
590 4838 919 4893 Francorum
949 4837 1152 4907 electus
1178 4846 1263 4892 est
1292 4837 1356 4891 ad
1388 4851 1589 4907 regem.
1618 4856 1637 4887 ι

129 4909 275 4980 (410)
313 4911 508 4965 Annal.
534 4908 790 4975 Fuldens,
812 4908 1004 4963 Annal.
1032 4906 1316 4961 Loiselt'ant'
1345 4917 1397 4963 et
1426 4906 1645 4961 Lauria-

59 4975 349 5028 flamenses.

96 4994 349 5034 0131613883.

132 5050 277 5122 (ω)
317 5052 448 5122 Cap.
484 5048 721 5103 xxxw.
757 5048 823 5102 No
860 5047 941 5101 ιε).

130 5108 276 5189 (112)
317 5108 557 5174 Primum
605 5130 757 5189 patre
810 5122 1043 5183 vivente,
1096 5130 1238 5172 anno
1265 5108 1389 5182 755,
1435 5130 1465 5170 a
1515 5113 1657 5175 Ste-,

61 5188 233 5253 pltano
261 5207 430 5254 papa;

134 5207 161 5239 ε,
300 5210 307 5219 .
417 5207 428 5217 .

129 5207 430 5314 εἶ’ίῇιιέῗῗιῗᾶ
473 5269 623 5329 patre
668 5259 872 5315 electus
897 5268 985 5324 est
1013 5257 1349 5329 Francorum
1390 5270 1548 5329 Amore
1588 5266 1643 5329 et

60 5339 367 5400 coronatus.
394 5326 617 5400 Att—dor.
648 5333 834 5384 incert.
867 5329 1117 5400 Chronici
1148 5344 1237 5400 ap.
1271 5328 1355 5400 Dn
1377 5326 1574 5400 (literne
1594 5327 1637 5381 I.

64 5411 110 5462 ι).
138 5398 244 5471 ῥόο
274 5420 285 5453 :
323 5421 339 5452 ι
376 5399 597 5471 Pipiuus
620 5404 621 5407 “
645 5416 734 5455 rex
777 5402 1022 5463 moritur,
1050 5396 1109 5454 et
1146 5399 1292 5459 ﬁlius
1311 5396 1545 5455 Carolus
1587 5407 1655 5461 et.

68 5482 85 5511 ‹
130 5466 552 5541 Carolomatmus
582 5472 850 5541 eliguntur
880 5472 929 5524 in
963 5485 1143 5539 regno.
1172 5489 1200 5541 ρ
1291 5537 1304 5541 Α
1354 5526 1359 5529 Α

129 5538 316 5593 Annal.
349 5537 683 5594 Laurisham'.
717 5537 785 5595 ad
811 5558 861 5594 a.
902 5537 1049 5594 708E
1090 5559 1108 5590 ι
1148 5537 1374 5594 Carolus
1397 5547 1453 5593 et
1474 5537 1640 5591 Caro-

69 5618 88 5651 ι
134 5604 408 5666 lomaunns
455 5627 722 5667 consensu
775 5612 1017 5666 omnium
1076 5610 1410 5664 Francorum
1460 5606 1639 5679 Reges

72 5688 88 5721 ι
130 5682 312 5732 creati.
349 5698 368 5730 ›

130 5742 458 5813 ﬂgiti/tardus
489 5752 583 5805 vit.
612 5750 791 5807 Caroli
817 5751 993 5823 magni
1030 5766 1077 5807 c.
1109 5750 1171 5805 5:
1202 5770 1219 5803 ί
1242 5748 1461 5815 Franci,
1487 5747 1634 5823 facto

401 5870 663 5929 Pyrum,
722 5866 875 5928 CLI.

1768 1875 1961 1914 norum
2014 1875 2136 1914 esse
2165 1858 2427 1924 dixerim;
2464 1858 2619 1914 modo
2661 1873 2780 1911 eam
2826 1856 3116 1926 rogaverit.
3174 1855 3347 1911 Occa-

1767 1950 1973 2004 sionem
2002 1949 2262 2014 oblatam,
2289 1964 2513 2019 regnum
2551 1948 2788 2003 Polonize
2826 1948 3140 2001 immediate
3168 1947 3350 2002 cathe-

1767 2042 1876 2097 drae
1903 2042 2087 2097 Sancti
2116 2042 2259 2098 Petri
2280 2042 2573 2114 obligandi,
2606 2057 2714 2097 non
2738 2040 3073 2112 repudiasset
3095 2040 3351 2095 Summus

1765 2130 2032 2188 Pontifex.

1840 2224 2003 2280 Vetus
2024 2223 2267 2295 quaedam
2293 2222 2432 2293 apud
2459 2221 2690 2278 Polonos
2710 2230 2794 2277 est
2819 2219 3066 2287 traditio,
3090 2221 3142 2277 id
3173 2222 3348 2293 ipsum

1767 2315 1968 2371 factum
2025 2331 2145 2372 esse
2192 2315 2365 2388 (“5).
2411 2314 2563 2371 Adde
2605 2330 2725 2371 eam
2785 2314 2954 2369 fuisse
3007 2315 3349 2370 occasionem

1766 2408 2248 2479 simplicissimum,
2300 2407 2558 2463 tributum
2615 2406 2802 2461 Sancti
2836 2403 2983 2461 Petri
3027 2405 3084 2459 in
3127 2403 3349 2460 Polouia

1766 2498 2081 2553 instituendi
2112 2517 2124 2552 :
2170 2513 2289 2568 qua:
2322 2513 2438 2562 res,
2486 2511 2659 2565 neque
2687 2505 2847 2550 antea
2868 2535 2883 2561 ,
2916 2509 3093 2565 neque
3130 2503 3348 2566 postea,

1766 2588 1905 2643 facta
1932 2602 2051 2643 esse
2080 2597 2284 2659 potest;
2320 2602 2424 2641 non
2450 2595 2634 2651 antea,
2666 2594 2885 2655 propter
2911 2570 3351 2640 Christianorum

1758 2680 2108 2735 solitudinem
2141 2688 2196 2734 et
2224 2680 2632 2734 conversionem
2668 2687 2943 2733 recentem
2975 2676 3044 2732 ad
3079 2676 3241 2731 ritum
3276 2676 3354 2731 la-

1766 2754 1958 2839 tinum,
1998 2782 2090 2827 aut
2120 2772 2189 2827 ad
2218 2772 2522 2838 Christum;
2557 2787 2663 2826 non
2710 2780 2901 2843 postea
2949 2769 3092 2841 quod
3124 2769 3349 2827 historia

1761 2865 2011 2921 Casimiri
2064 2881 2127 2918 ex
2159 2864 2487 2920 monasterio
2514 2864 2861 2919 Cluniacensi
2895 2865 3141 2932 remissi,
3172 2866 3348 2936 impo-

1761 2958 1958 3027 sitique
2006 2972 2127 3011 eam
2176 2955 2245 3011 ob
2296 2971 2409 3010 rem
2442 2953 2626 3009 tributi
2679 2971 2707 3009 a
2760 2955 3006 3025 plurimis
3057 2954 3349 3010 falsissima

1758 3056 1980 3118 putatur
2009 3046 2176 3118 (416).
2206 3045 2386 3116 Neque
2422 3047 2584 3100 etiam
2615 3045 2848 3099 dubitari
2884 3053 3096 3116 potest,
3127 3047 3256 3117 quin
3290 3044 3350 3099 il-

1685 3119 1728 3178 (ἶ
1760 3139 1849 3193 Iud
1886 3139 2169 3204 tributum,
2206 3152 2235 3190 a
2263 3148 2417 3207 patre
2446 3145 2738 3206 antequam
2786 3137 3099 3202 moriretur,
3134 3133 3351 3190 Polonis

1760 3230 2100 3299 impositum,
2165 3229 2216 3281 in
2276 3228 2617 3289 hominibus,
2671 3242 2924 3297 magnam
2992 3235 3201 3297 partem
3254 3241 3349 3280 ore

1757 3318 2090 3385 cbristianis,
2123 3317 2285 3373 corde
2330 3316 2641 3389 gentilibus,
2681 3325 2773 3370 aut
2802 3314 3346 3383 Crteco-Slavonicis,

1758 3410 1943 3466 odium
1975 3423 2094 3463 eam
2121 3409 2174 3463 in
2208 3410 2519 3480 religionem
2552 3408 2763 3463 auxerit
2792 3407 2961 3479 (417).
3004 3407 3180 3475 Quum
3214 3423 3347 3479 ergo

1756 3502 1872 3558 huic
1908 3503 2127 3556 traditio
2165 3502 2304 3556 miro
2332 3508 2594 3572 congruat
2638 3499 2797 3553 modo
2842 3514 2963 3553 cum
3001 3498 3343 3570 Chrouogra-

1756 3594 1989 3665 phorum
2008 3608 2393 3663 germanorum
2423 3592 2631 3656 notitia,
2655 3590 2787 3645 mihi
2816 3590 3033 3661 quidem
3060 3607 3089 3645 a
3118 3590 3348 3646 veritate

1756 3695 1962 3741 remota
1994 3699 2115 3740 esse
2140 3700 2243 3739 non
2273 3685 2506 3739 videtur.

1823 3777 2018 3844 Adde,
2076 3792 2266 3832 omnes
2336 3774 2745 3831 incertiludines
2811 3775 2950 3847 apud
3016 3773 3344 3845 posteriores

1752 3877 2048 3946 scriptores
2081 3874 2240 3929 facile
2285 3873 2433 3929 nasci
2465 3874 2726 3945 potuisse,
2759 3889 2923 3944 quum
2970 3873 3215 3928 viderent
3267 3882 3346 3927 tot

1754 3971 1891 4026 tradi
1918 3971 2322 4037 coronationes,
2361 3986 2521 4047 unam
2553 3980 2730 4024 autem
2758 3970 3130 4025 tantummolo
3154 3985 3337 4024 veram

1750 4078 1873 4120 esse
1914 4080 2075 4134 posse
2123 4072 2431 4120 censerent.
2482 4062 2863 4119 Coronationis
2905 4064 2973 4131 ab
3005 4052 3351 4132 Intperatore

1754 4241 1775 4274 ι
1822 4221 2135 4304 solemniter
2176 4222 2758 4304 generalinconventu;
2804 4219 2992 4273 ambos
3038 4216 3139 4272 sibi
3181 4230 3336 4287 reges

1754 4312 1773 4345 ‹
1815 4294 2169 4355 constituunt,
2198 4309 2260 4346 ea
2288 4292 2615 4354 conditione,
2639 4301 2745 4346 etc.
2781 4308 2802 4342 ι

1817 4363 1876 4417 5ο
1906 4363 2098 4417 Fratre
2127 4362 2523 4416 Carolomanno
2553 4376 2717 4431 regno
2755 4360 3041 4415 abdicente
3069 4357 3151 4412 vel
3189 4373 3338 4411 mor-

1750 4443 1861 4500 tuo,
1900 4433 2105 4488 electus
2131 4447 2348 4501 quoque
2384 4439 2469 4486 est
2517 4446 2610 4486 rex
2659 4431 2801 4484 illius
2839 4431 3011 4500 regni,
3044 4437 3337 4501 coronatus

1748 4514 1805 4559 et
1835 4500 2436 4578 unctus,_tuundtuario
2469 4512 2666 4578 t_a_men.
2700 4511 2759 4578 u_t
2780 4501 3017 4578 videtur,
3048 4500 3247 4578 modo.“
3292 4542 3295 4545 ,
3342 4538 3345 4547 ρ

1820 4572 2014 4627 Annal.
2046 4571 2265 4626 Melana.
2297 4575 2362 4626 ad
2392 4588 2446 4626 a.
2476 4572 2570 4626 771
2609 4591 2621 4624 :
2660 4590 2679 4622 ι
2711 4571 2776 4625 Et
2798 4572 3080 4638 primates,
3108 4568 3198 4638 qui
3224 4567 3337 4622 fueu-

1754 4662 1772 4696 t
1818 4654 1941 4697 runt
1978 4642 2208 4698 rCaroli
2239 4642 2440 4707 Manni,
2476 4661 2493 4693 t
2532 4651 2804 4697 unxerunt
2829 4640 3087 4695 donmum
3116 4638 3334 4695 Carlutn

1752 4731 1771 4765 ι
1815 4729 1976 4785 super
2001 4711 2388 4785 sejtrliegem.
2422 4731 2438 4764 ο

1816 4779 1897 4839 4υ⁷
1922 4784 2033 4838 Ilex
2071 4779 2178 4854 (vel
2219 4779 2575 4851 Imperator?)
2606 4780 3087 4851 Langobardorum
3122 4787 3336 4835 creatus

1744 4863 1847 4909 eSl.

1816 4925 1873 4979 5ο
1908 4923 2206 4979 Imperator
2238 4923 2608 4978 Romanorum
2650 4937 2678 4975 a
2722 4920 2947 4976 Summo
2984 4918 3249 4975 Pontiﬁce
3280 4928 3340 4975 et

1747 4994 1949 5064 Populo
1992 4994 2255 5049 llomano.
2507 5063 2531 5064 η
2614 5062 2623 5064 _
2768 5030 2882 5064 ____;
2940 5024 2967 5064 _'

1816 5058 1964 5136 (415)
1994 5064 2055 5118 ν.
2106 5066 2238 5134 Cap.
2271 5064 2385 5118 XV.
2416 5065 2471 5118 5.
2502 5063 2565 5128 5;
2595 5062 2726 5134 Cap.
2767 5061 2903 5115 XVI.
2940 5060 3029 5115 Νο.
3056 5060 3123 5114 14
3148 5069 3206 5116 et
3232 5058 3341 5126 lli;

1780 5145 1796 5189 1
1829 5137 1959 5191 Cat).
1992 5134 2172 5188 XVIII.
2204 5136 2300 5188 Nn.
2336 5135 2385 5188 1.
3328 5162 3329 5165 η

1744 5145 1796 5189 et
1829 5142 1959 5189 Cat).
1994 5142 2172 5188 XVIII.
2204 5142 2300 5188 ΝΟ.
2336 5142 2385 5188 1.
3328 5162 3352 5175 η»

1829 5151 1959 5203 ως).
1994 5151 2172 5221 λγιμ.
2204 5151 2300 5217 tvo;
2336 5151 2385 5188 ι.
3080 5200 3091 5221 1

1813 5206 1962 5274 (tu)
1990 5204 2053 5274 ν.
2086 5206 2217 5274 cap.
2250 5205 2390 5259 ut.
2424 5203 2523 5258 No.
2556 5200 3136 5274 12.Cap.AXVIII.AI\-.
3164 5202 3223 5274 _l.

1813 5268 1963 5347 (415)
2026 5268 2181 5328 Petri
2233 5275 2480 5328 Dnminni
2530 5276 2666 5347 vita
2695 5268 3091 5347 Sillotnualdi
3219 5268 3326 5333 λε.

1742 5342 2113 5414 διέιιυηοέρ.
2146 5347 2340 5399 histor.
2376 5360 2619 5411 germau.
2653 5345 2691 5397 l.
2725 5343 2850 5397 267.
2882 5344 3082 5396 Annot.
3117 5342 3207 5396 4‘2.
3256 5382 3257 5385 η
3323 5372 3335 5397 ς

1813 5415 1960 5485 (416)
2002 5415 2231 5485 lloepell,
2266 5414 2963 5479 Nobiliori,Nurnscewicz,
2992 5429 3042 5465 v.
3072 5428 3289 5485 supra»;

1814 5484 1962 5558 (M7)
2001 5503 2018 5536 ι
2070 5484 2396 5558 Ilirhenzam
2430 5488 2647 5558 avaram
2678 5498 2953 5558 novasque
2981 5484 3217 5558 rationes
3233 5497 3332 5558 ego

1745 5576 1765 5607 ‹
1811 5552 1995 5628 gentia:
2028 5557 2270 5625 pecunia:
2292 5557 2691 5626 exquirentem.
2729 5574 2748 5609 ι
2789 5552 3005 5609 Cramer
3035 5553 3120 5609 Ill.
3147 5569 3205 5624 .p.
3233 5552 3324 5607 57.

1742 5626 1994 5681 Miecltov.
2020 5629 2079 5681 Il.
2117 5642 2166 5681 c.
2197 5627 2281 5681 15.
2592 5638 2595 5643 ·
2993 5659 2997 5663 .
3322 5656 3324 5659 ,

1803 5638 1994 5683 16011012.
2020 5638 2079 5681 ΙΙ.
2117 5642 2166 5681 C.
2197 5638 2281 5682 ιο.
2592 5638 2595 5643 ’
2993 5659 2997 5663 .
3322 5656 3325 5659 ,

2933 5859 3009 5921 34
