3892 6318
109 456 240 517 I395

120 591 136 624 ι
171 570 323 621 unius
375 557 554 614 uxoris
587 560 677 607 aut
724 548 1054 607 concubina,
1103 551 1155 594 ut

119 676 135 710 ι
167 649 527 722 conjunctione
551 653 817 698 con'eutua
849 658 868 692 ι
898 635 1071 706 (452).

181 712 399 797 Ροίθηιι
436 735 601 803 igitur
630 740 920 798 antequam
953 717 1352 778 matrimonium
1380 712 1544 767 iniret
1562 722 1683 763 cum

113 835 266 896 Rixa,
297 845 327 884 e
369 824 669 883 concubina
701 819 1031 876 Bolizlavum
1067 811 1333 882 iuniorem
1371 813 1688 876 procreasse

118 925 308 993 alisego
333 919 396 975 II.
426 914 752 972 Novercales
795 919 943 967 artes
971 924 1003 963 a
1049 903 1282 962 secunda
1312 900 1508 954 femina
1539 905 1684 950 stru-

111 1025 222 1070 ctas
244 986 384 1066 vesse
411 1005 790 1080 primogenito,
817 1010 973 1056 vetus
1002 1005 1086 1053 est
1125 995 1266 1065 apud
1293 986 1684 1046 Kadlubekium

111 1079 425 1161 conservata
468 1099 561 1155 sed
597 1095 738 1152 male
765 1091 1036 1148 intellecta
1074 1086 1294 1144 traditio
1321 1082 1492 1154 (455).
1522 1079 1580 1133 ιιι
1622 1091 1684 1132 ea

114 1211 169 1250 re
197 1191 269 1247 nil
300 1189 536 1246 alienum
585 1201 616 1241 a
662 1183 940 1262 hominum
983 1187 1178 1235 natura
1218 1175 1392 1230 video.
1424 1170 1594 1225 Immo
1633 1166 1685 1220 id

111 1281 212 1341 illis
238 1280 593 1351 temporibus,
618 1285 676 1331 ut
703 1257 826 1330 aliis
852 1273 1051 1327 factum
1077 1276 1180 1324 est.
1209 1264 1453 1323 Vidimus
1493 1257 1690 1314 Ludol-

109 1375 289 1442 phum,
323 1350 539 1427 Ottonis
574 1366 750 1438 Magni
793 1379 860 1420 ex
907 1361 1103 1417 Editha
1135 1353 1588 1429 primogenitum,
1619 1350 1688 1403 ab

108 1439 396 1520 hdelheide
437 1475 667 1518 noverca
695 1499 708 1524 ,
740 1471 859 1526 quae
899 1453 1067 1523 ipsius
1100 1450 1264 1505 filium
1297 1445 1546 1502 Ottonem
1574 1439 1686 1512 (ΙΙ.)

112 1573 273 1623 regno
295 1555 624 1616 destinabat,
660 1550 816 1606 malis
842 1546 1094 1602 omnibus
1119 1541 1393 1596 affectum.

175 1648 272 1714 Qui
304 1645 472 1716 igitur
497 1642 798 1698 Bolizlav'us
825 1637 1035 1708 junior,
1075 1643 1136 1689 ut
1173 1633 1374 1694 ferunt,
1424 1639 1693 1689 novercae,

114 1737 162 1790 id
192 1745 274 1791 est
304 1735 488 1798 Rixaz,
515 1742 754 1802 ereptus,
784 1727 1111 1784 monasterio
1134 1721 1459 1779 erudiendus
1485 1727 1540 1772 et
1565 1717 1695 1771 edu-

109 1827 309 1884 candus
356 1835 444 1882 est
493 1825 744 1880 traditus.
804 1819 981 1876 Nihilo
1028 1817 1206 1872 secius
1254 1822 1433 1866 tamen
1481 1808 1696 1862 animus

109 1935 230 1974 eum
259 1919 324 1972 ad
351 1916 730 1989 paganismum
763 1926 856 1967 seu
897 1908 1179 1965 ecclesiam
1231 1896 1694 1960 Graeco-Slavoai-

111 2024 226 2062 eam
274 1988 465 2062 tulisse
507 2005 740 2059 videtur.
785 2001 951 2071 Cujus
980 1998 1056 2053 rei
1090 1993 1394 2066 exemplum
1427 1999 1606 2047 exstat
1641 1988 1692 2042 in

112 2097 470 2163 Godescalco,
498 2095 842 2151 Venedorum
877 2105 1024 2162 rege,
1051 2089 1164 2160 qui,
1193 2085 1318 2140 licet
1344 2098 1479 2154 puer
1499 2081 1553 2136 in
1583 2094 1696 2135 mo-

111 2190 345 2245 nasterio
402 2189 689 2252 educatus,
751 2195 930 2240 tamen
961 2181 1069 2237 dux
1112 2193 1226 2234 sua:
1267 2175 1444 2248 gentis
1479 2187 1699 2244 paganae

111 2291 293 2337 contra
319 2279 667 2337 Christianos
693 2277 894 2340 evasit;
928 2275 1098 2328 donec
1135 2269 1324 2325 melior
1350 2281 1513 2323 causa
1543 2266 1596 2319 in
1631 2279 1696 2318 eo

111 2373 396 2428 victoriam
426 2376 751 2442 reportaret.
788 2367 972 2421 Potest
995 2377 1211 2434 quoque
1243 2357 1545 2413 Bolizlavus
1575 2354 1702 2410 huic

111 2476 448 2533 paganorum
490 2468 598 2516 cet.
631 2457 857 2514 factioni
908 2452 1124 2519 favisse,
1158 2465 1264 2522 qua
1294 2449 1469 2505 fretus
1496 2447 1699 2517 regiam

113 2551 435 2622 dignitatem
464 2552 876 2622 adipisceretur.

186 2641 282 2699 Hic
328 2643 516 2712 itaque
563 2639 870 2695 Bulizlavus
899 2636 1107 2706 junior,
1135 2643 1289 2704 patre
1320 2631 1556 2695 vivente,
1581 2645 1701 2685 eum

114 2734 282 2788 fratre
304 2734 487 2788 adhuc
517 2731 739 2803 parvulo
783 2729 1020 2784 adfuisse
1067 2726 1282 2782 videtur
1335 2723 1476 2778 bello
1516 2722 1706 2776 Pome-

115 2841 265 2881 rano.
300 2825 460 2895 Sat-pe
488 2834 613 2880 tunc
643 2823 795 2878 liberi
829 2821 1157 2891 principum,
1201 2817 1328 2871 licet
1357 2815 1590 2886 parvuli,
1621 2824 1704 2870 ta-

117 2933 236 2972 men
282 2926 400 2970 toto
433 2929 658 2985 corpore
694 2910 1090 2982 cataphractati
1129 2907 1283 2964 bellis
1316 2904 1706 2970 interfuerunt,

116 3017 208 3061 aut
237 3008 452 3064 bellicis
488 3009 540 3061 in
573 3007 732 3061 rebus
761 3005 1173 3060 exercebantur.
1224 2997 1340 3054 Non
1395 2999 1555 3052 modo
1603 2997 1706 3051 Ca-

118 3097 293 3163 rolus,
336 3097 481 3153 filius
512 3097 688 3152 Caroli
726 3095 922 3166 Magni,
959 3094 1012 3148 in
1057 3092 1193 3148 bello
1221 3102 1406 3147 contra
1440 3091 1707 3154 Saxones,

121 3191 352 3245 militum
408 3206 558 3245 more
605 3199 846 3243 armatus
895 3186 1182 3242 admodum
1235 3200 1369 3255 puer
1398 3182 1704 3252 exemplum

120 3283 460 3338 fortitudinis
500 3281 676 3348 dedit;
708 3281 800 3336 sed
848 3281 963 3350 ipse.
990 3277 1218 3334 Carolus
1249 3277 1475 3347 Magnus
1501 3274 1712 3330 decimo

121 3378 283 3431 tertio
317 3376 498 3430 aetatis
524 3391 693 3437 anno,
717 3388 840 3428 cum
870 3372 1085 3427 obviam
1123 3370 1277 3424 fieret
1306 3383 1457 3438 papte
1480 3365 1713 3436 Stepha-

121 3483 191 3521 no
216 3467 306 3530 ιι..
337 3481 477 3534 equo
501 3463 798 3517 vehebatur
836 3477 864 3513 a
910 3460 1088 3527 capite
1119 3459 1183 3512 ad
1220 3458 1356 3511 imos
1383 3456 1545 3526 pedes
1570 3454 1714 3509 ferro

123 3552 523 3614 circumdatus,
551 3551 728 3621 gentis
753 3565 863 3604 sua:
894 3547 1163 3602 bellicosa:
1193 3548 1371 3600 vivum
1401 3553 1455 3600 et
1497 3542 1716 3615 graphi-

123 3659 250 3698 cum
285 3642 587 3711 exemplar.
615 3640 833 3695 Poterat
862 3639 1024 3709 igitur
1054 3637 1472 3693 Pomeranorum
1499 3634 1716 3690 rebellis

123 3733 233 3786 dux
264 3730 596 3785 Bolizlavum
631 3741 686 3785 et
717 3729 938 3783 fratrem
968 3727 1294 3783 Casimirum
1327 3727 1392 3780 ad
1437 3736 1714 3782 certamen

125 3822 404 3892 singulare
441 3836 767 3891 provocare;
807 3833 983 3888 neque
1031 3827 1212 3873 tamen
1266 3832 1474 3887 magna:
1528 3816 1719 3871 fuisset

127 3913 470 3980 prudentiae,
499 3911 628 3966 illud
673 3911 992 3966 concedere.
1041 3908 1221 3976 Quare
1272 3908 1469 3963 factum
1518 3917 1631 3971 est,
1661 3915 1720 3961 ut

126 4004 256 4058 Bela
289 4003 598 4074 Hungarus,
623 4019 809 4058 eorum
838 4012 1019 4072 partes
1048 4001 1365 4069 suscipiens,
1395 4001 1567 4054 victor
1591 4015 1717 4056 eva-

132 4095 283 4149 serit.
302 4095 460 4162 Quod
496 4094 800 4164 Iloepellius
831 4102 1013 4148 monet
1039 4094 1106 4148 de
1126 4091 1543 4147 anachronismo
1571 4106 1715 4147 mor-

133 4188 202 4241 tis
250 4185 349 4238 Sii
385 4184 673 4255 Stephani,
711 4185 764 4239 id
827 4184 1035 4239 minimi
1086 4183 1248 4254 pretii
1295 4198 1416 4239 esse
1465 4183 1717 4238 dixerim.

128 4275 392 4331 Poterant
419 4277 564 4332 enim
596 4286 721 4331 ante
749 4284 978 4330 mortem
1006 4275 1103 4329 Sti
1139 4272 1406 4345 Stephani
1443 4275 1715 4331 exulasse.

133 4365 320 4438 Neque
356 4367 411 4422 id
443 4377 646 4437 negant
665 4367 956 4438 scriptores
980 4366 1154 4437 (454).

130 4499 258 4557 CAP.
293 4500 479 4556 XLIII.
500 4532 573 4543 —
608 4500 805 4568 Misego
837 4499 901 4554 11
942 4499 1148 4570 infelix,
1193 4516 1296 4554 non
1329 4501 1468 4570 quod
1501 4501 1722 4556 imbellis

199 4584 335 4646 erat,
362 4571 455 4626 sed
485 4573 626 4646 quod
652 4571 842 4646 malta:
869 4587 986 4646 una
1011 4572 1239 4639 undique
1278 4571 1460 4646 [tostae
1481 4571 1719 4646 habebat.
1753 4587 1801 4646 D

201 4641 380 4710 Regna
403 4639 652 4706 expulsus
693 4639 1104 4710 Pragm-ntisere
1125 4640 1398 4695 eunuchus
1422 4640 1504 4710 ﬁt.
1534 4639 1720 4695 Subita

203 4709 449 4766 valetudo
478 4721 525 4766 et
548 4727 688 4765 mors
719 4709 840 4781 (454
872 4709 942 4781 ’.)
1057 4719 1064 4724 ’

209 4823 418 4897 Misego
452 4825 568 4880 Rex
618 4841 648 4879 a
688 4826 960 4896 plerisque
997 4823 1326 4880 Polonorum
1366 4825 1722 4897 scriptoribus

136 4918 370 5021 imbellis
400 4917 568 4972 fuisse
600 4918 849 4973 traditur.
881 4915 1080 4987 Optimi
1117 4932 1245 4973 vero
1275 4917 1326 4972 id
1367 4927 1582 4991 negant.
1618 4919 1727 4975 Cu-

131 5010 221 5078 jus
264 5012 344 5067 rei
400 5011 705 5068 testimonia
732 5021 857 5068 sunt
903 5010 1106 5077 omnia,
1155 5025 1274 5081 quae
1317 5026 1423 5064 una
1467 5010 1728 5066 sustinuit.

213 5206 366 5276 (£52)
404 5207 656 5287 Laurent.
685 5208 875 5264 Sui-ius
901 5206 1154 5262 collectio
1191 5204 1472 5262 concilior.
1506 5207 1724 5261 univer-

142 5278 244 5331 sal.
276 5277 346 5332 T.
372 5279 413 5332 l.
443 5295 498 5332 n.
529 5278 650 5332 522.

216 5347 367 5418 (455)
405 5346 488 5402 Cf.
520 5346 846 5418 eap.XXIV.
874 5347 1075 5402 Anuot.
1100 5348 1154 5402 I.

215 5417 367 5487 (454)
407 5417 656 5487 Dlugosz.
687 5419 720 5468 Ι.
757 5417 794 5472 1.

213 5485 342 5559 (454
367 5485 528 5559 ’λαις
555 5503 675 5556 cap.
697 5487 1083 5559 XXI.—XXV.

206 5556 368 5629 (455)
393 5556 590 5629 Gallus
612 5574 664 5625 p.
690 5557 779 5629 δι.
801 5559 876 5614 cf.
908 5575 1095 5629 supra.
1125 5558 1257 5628 Cap.
1292 5556 1433 5612 XXI.
1460 5557 1580 5611 init.

241 5627 366 5696 456)
410 5628 576 5682 Manu
597 5630 650 5685 8.
675 5628 798 5682 572.

147 5783 180 5836 Ρ
215 5695 373 5815 (illm.
407 5698 606 5754 Bohleu
630 5700 726 5756 das
746 5697 1086 5762 altelndien.
1127 5697 1384 5769 Kénigsb.
1415 5695 1571 5754 1850.
1602 5705 1640 5752 ι.
1665 5697 1724 5752 ιι.

187 5803 368 5912 ’(ὶῖπ)
399 5839 630 5895 -οιοιιοικ
662 5841 772 5896 Sic.
799 5839 836 5892 l.
859 5839 945 5893 γε.

1374 422 1434 477 s.
1466 406 1850 474 MATIIILDIS
1877 401 2130 460 neeum
2163 367 2166 370 ’

1198 540 1243 594 ei
1289 531 1578 607 placuerit,
1612 527 1680 582 sit
1713 522 1756 578 Α
1784 517 1942 574 bella.
1969 515 2049 571 0b
2076 529 2196 568 eam
2230 515 2400 582 ipsam
2441 522 2551 562 rem
2599 499 2865 557 infelicior
2889 504 3007 550 erat
3034 503 3220 564 patre,
3268 493 3365 566 ιιιξὶ

3225 375 3363 432 ιδοι

1784 609 2028 680 singulos
2068 607 2252 661 hostes
2281 603 2579 658 devicerat.
2609 595 2762 651 Adde
2805 592 2986 647 odium
3031 601 3364 659 paganorum

1780 676 1898 776 jam
1934 703 2046 772 jam
2098 699 2152 753 in
2197 695 2545 752 rebellionem
2600 693 2950 755 erupturmn;
3002 680 3138 734 adde
3181 676 3367 731 fratris

1786 771 2042 869 '(Ottonis)
2083 789 2433 846 ambitionem
2474 781 2819 840 iudefessam.
2853 775 2992 842 Quid
3042 774 3272 838 mirum,
3323 771 3365 826 si

1785 891 1960 945 virtus
1989 883 2210 942 Polonis
2242 881 2448 937 defuit?

1856 979 2008 1044 Otto,
2037 977 2151 1045 eius
2181 974 2372 1035 frater,
2399 970 2706 1040 Ilungaros,
2751 974 2810 1018 ut
2849 962 3082 1022 videtur,
3133 955 3371 1012 secundo

1787 1077 1907 1132 loco
1940 1071 2221 1134 excitavit,
2265 1067 2356 1138 qui
2387 1065 2490 1120 sibi
2521 1065 2654 1133 ipsis
2683 1078 2788 1116 non
2817 1057 2998 1114 Ottoni
3030 1053 3370 1110 Provinciam

1789 1168 2146 1237 abripuerunt
2212 1157 2563 1217 Slowakiam.
2613 1152 2832 1207 Bohe‘mi
2884 1150 3073 1204 eadem
3126 1143 3372 1198 faciendo

1787 1279 1912 1318 cum
1965 1256 2368 1315 marchionibus
2422 1267 2576 1307 suam
2623 1249 2852 1318 quisque
2901 1243 3135 1299 Polonize
3165 1249 3371 1310 partem

1791 1367 2114 1424 recuperare
2165 1350 2267 1404 nisi
2326 1356 2474 1401 sunt.
2527 1341 2779 1398 Proxima
2821 1337 3021 1391 tuendo
3067 1333 3120 1387 in
3154 1330 3371 1395 marcis,

1792 1447 2082 1520 longinqua
2136 1442 2190 1497 in
2242 1439 2479 1495 Moravia
2526 1431 2785 1503 Misegoni
2835 1425 3149 1499 negligenda
3199 1430 3374 1484 erant,

1792 1541 2076 1599 Conradus
2109 1537 2321 1593 tandem
2353 1534 2465 1588 Rex
2495 1540 2550 1586 et
2585 1528 2710 1585 Otto
2739 1524 2899 1581 simul
2933 1520 3246 1576 invadentes
3291 1529 3379 1569 re-

1795 1637 1972 1705 liquas
2025 1631 2349 1688 Polonorum
2395 1636 2588 1690 terras,
2637 1621 2725 1675 ille
2746 1634 2843 1689 per
2871 1615 3105 1678 Marcas,
3147 1610 3235 1664 hic
3282 1622 3380 1677 per

1796 1697 2111 1783 Bohemiam
2164 1723 2267 1778 iter
2316 1716 2598 1779 facientes,
2645 1707 2902 1779 Misegoni
2952 1703 2994 1759 II
3041 1711 3099 1758 et
3146 1697 3381 1754 Polonia:

1799 1819 2001 1876 exitum
2031 1815 2318 1887 parabant.
2348 1805 2632 1864 Conradus
2660 1809 2784 1873 post
2817 1797 3118 1853 cessionem
3147 1787 3382 1844 Lusat—iae

1798 1928 1828 1967 a
1870 1883 2144 1981 Misegbne
2197 1904 2358 1970 facta,
2397 1913 2547 1956 arma
2593 1892 2840 1965 deponit;
2885 1899 2942 1943 at
2991 1883 3158 1941 nihilo
3199 1893 3381 1936 tamen

1797 2004 1974 2062 secius
2012 1977 2268 2056 fraterna:
2312 1993 2614 2065 ﬂagrabant
2649 1989 2763 2043 irae.
2816 1983 2940 2040 Otto
3002 1977 3236 2034 factione
3289 1989 3384 2043 pa-

1799 2111 1957 2168 gana,
1983 2109 2075 2150 seu
2101 2083 2622 2148 Gmco-Slavoniea,
2655 2090 2712 2135 ut
2737 2078 2966 2138 videtur,
3005 2072 3190 2134 fultus,
3216 2081 3383 2136 regno

1800 2157 2006 2259 potitus
2043 2192 2146 2240 est.
2184 2180 2382 2236 Frater
2409 2176 2612 2242 Misego
2648 2172 2854 2242 ejectus
2906 2165 3136 2234 Pragam
3185 2157 3381 2229 pergit,

1802 2257 2222 2348 hospitalitatem
2245 2269 2495 2337 Bf-etislai
2526 2266 2774 2337 petitum.
2813 2260 2918 2316 Sed
2964 2274 2993 2312 a
3034 2257 3168 2310 duce
3197 2261 3384 2307 contu-

1803 2343 1979 2427 meliis
2009 2367 2260 2424 omnibus
2285 2364 2536 2420 affectum
2569 2358 2772 2414 ferunt.
2808 2353 3030 2410 Ulturus
3061 2362 3183 2418 qua:
3215 2361 3244 2398 a
3282 2343 3387 2397 Bo-

1805 2466 1995 2519 Iizlavo
2022 2461 2238 2532 Magno,
2275 2467 2430 2528 patre
2462 2450 2768 2522 Misegonis,
2801 2447 2857 2502 in
2899 2442 3229 2500 Bolizlavum
3273 2427 3397 2491 ηιμ

1808 2556 1940 2622 fum,
1970 2526 2241 2608 Bobeiniae
2271 2526 2502 2610 Ducem,
2542 2547 2756 2612 patrata
2804 2536 3046 2597 fuerant,
3094 2526 3392 2597 Bia-ligans

1806 2621 1933 2702 eum
1962 2662 1980 2694 ι
2018 2659 2114 2714 per
2161 2639 2496 2695 traditionem
2542 2633 2709 2702 cepit,
2751 2639 2796 2683 et
2846 2625 3095 2699 genitalia
3140 2621 3274 2692 ejus,
3331 2635 3392 2673 ne

1814 2757 1832 2790 ι
1867 2738 2074 2809 gignere
2097 2742 2288 2805 posset,
2321 2727 2560 2798 corrigiis
2583 2723 2827 2780 astrinxit
2861 2719 3031 2791 (455).
3067 2735 3085 2769 ι

1879 2806 2010 2897 Quae
2034 2841 2195 2882 causa
2216 2823 2348 2880 mihi
2387 2821 2552 2876 fuisse
2589 2817 2801 2872 videtur
2825 2812 2941 2880 ejus
2973 2809 3163 2865 mortis
3197 2806 3408 2860 imma--

1812 2895 1966 2976 tura}.
2009 2918 2204 2973 Fratre
2242 2915 2386 2971 enim
2433 2910 2630 2968 Ottone
2668 2922 2697 2961 a
2731 2903 3163 2961 Christianorum
3196 2895 3397 2950 latino-

1812 3027 1930 3067 rum
1958 3009 2138 3064 forsan
2188 3006 2425 3062 factione
2455 3019 2576 3075 quae
2614 3010 2726 3056 tum
2768 2998 2820 3052 in
2865 2996 2954 3050 illa
2983 2991 3215 3046 Polonia:
3245 2995 3399 3058 parte

1805 3103 1919 3174 jam
1950 3099 2223 3171 potentior
2245 3095 2408 3151 fuisse
2432 3094 2666 3156 videtur,
2693 3096 2915 3148 necato;
2946 3083 3150 3152 Misego
3173 3091 3397 3150 regnum

1815 3197 2033 3268 quidem
2067 3189 2441 3261 recuperavit;
2474 3196 2550 3251 at,
2579 3198 2685 3238 non
2717 3181 2790 3236 ita
2835 3177 3004 3232 multo
3031 3182 3182 3245 post,
3210 3170 3404 3226 morbo

1815 3266 1966 3361 gravi
2012 3285 2260 3347 afﬂictus,
2304 3291 2379 3346 et,
2433 3294 2528 3348 per
2576 3276 2780 3346 aliquot
2829 3283 3044 3327 menses
3084 3266 3403 3338 plerumque

1817 3397 2026 3445 amens,
2060 3379 2348 3433 defunctus
2377 3381 2478 3428 est.

1885 3474 2040 3530 Illum
2075 3469 2293 3527 modum
2323 3463 2580 3538 genital'a
2615 3456 2980 3528 astringendi,
3021 3447 3404 3523 amputandive

1816 3564 2274 3636 antiquissimum,
2293 3559 2567 3616 veteribus
2590 3554 2732 3609 Indis
2753 3551 2922 3620 (456),
2937 3546 3208 3620 Ᾱίεγριίἰε
3231 3542 3406 3614 (457).

1819 3657 2186 3726 Romanisque
2207 3651 2355 3726 (458)
2396 3665 2461 3706 ac
2497 3646 2789 3703 Germanis
2836 3641 2982 3714 (459)
3021 3648 3236 3704 notum,
3264 3636 3407 3690 inter

1819 3751 2016 3808 Slavos
2045 3748 2387 3805 Christianos
2421 3752 2533 3798 tum
2559 3740 2738 3796 adhuc
2761 3730 3187 3800 invaluissejam
3220 3727 3409 3784 Thiet-

1819 3859 2004 3900 marus
2033 3840 2255 3897 tradidit
2283 3836 2454 3907 (MO).

1818 3939 1949 3995 CAP.
1980 3934 2164 3990 XLIV.
2197 3961 2262 3973 —
2300 3929 2435 3983 Rixa
2458 3935 2622 3996 potest
2641 3923 2813 3996 triave;
2850 3917 3070 3973 Polonia
3097 3913 3337 3996 exultasse
3357 3920 3407 3965 et

1887 3988 2262 4077 prioriqrtidem
2293 4017 2412 4077 eum
2453 3988 2567 4068 filio
2611 3993 2892 4057 Casimirn,
2935 3988 3192 4058 posterior
3230 3993 3404 4038 autem

1892 4069 2057 4132 tilium
2070 4069 2425 4147 praecessisse.
3154 4092 3156 4094 -
3286 4069 3287 4072 ‘

1891 4169 2059 4226 Nemo
2079 4169 2356 4236 hucusque
2382 4162 2541 4218 [lixae
2555 4155 2662 4214 fata
2689 4156 3038 4224 investigatis,
3053 4149 3417 4221 qnzcstionem

1821 4263 2014 4328 movit,
2045 4275 2166 4332 quae
2211 4235 2404 4313 fuisset
2433 4270 2550 4310 sors
2589 4250 2750 4321 hujus
2790 4246 3011 4317 Reginae
3058 4239 3283 4310 ejusque
3310 4235 3404 4290 lilii

1820 4331 2098 4418 Casimiri,
2123 4367 2292 4422 quum
2322 4348 2524 4418 Misego
2552 4344 2614 4398 II.
2645 4359 2676 4398 e
2703 4341 2888 4410 Regno
2915 4334 3151 4392 Poloniae
3179 4331 3405 4400 ejicere-

1825 4458 1932 4502 tur.
1961 4446 2090 4500 Mihi
2121 4442 2341 4512 quidem
2372 4439 2512 4495 Rixa
2543 4437 2594 4491 in
2627 4434 2849 4490 Polonia
2895 4428 3160 4485 mansisse
3187 4423 3415 4479 minime

1829 4541 2062 4594 videtur.
2100 4536 2235 4589 Nam
2266 4535 2312 4588 si
2343 4533 2528 4596 hanc,
2562 4527 2996 4584 Christianorum
3029 4517 3313 4573 fautricem
3353 4514 3408 4568 in

1829 4626 2470 4696 monasteriis.refugium
2493 4620 2764 4676 invenisse
2793 4625 3035 4672 statuere
3063 4612 3163 4675 vis,
3189 4622 3411 4670 moneo,

1828 4741 1896 4781 ne
1925 4735 1978 4781 te
2005 4722 2191 4794 fugiat,
2225 4717 2552 4773 monasteria
2583 4715 2718 4783 ipsa,
2748 4709 3028 4770 ecclesias,
3064 4698 3415 4776 presbyteros

1829 4818 1880 4873 in
1916 4816 2152 4870 maximo
2183 4810 2498 4867 discrimine
2552 4805 2736 4860 fuisse.
2793 4801 3061 4856 Incertam
3111 4797 3179 4852 de
3228 4793 3410 4850 mariti

1831 4912 2030 4973 reditu,
2061 4923 2184 4964 cum
2223 4905 2332 4960 filio
2375 4905 2426 4958 in
2456 4897 2805 4956 Germaniam
2857 4895 2962 4950 iter
3008 4893 3221 4955 fecisse,
3247 4903 3408 4944 vere-

1828 5003 2160 5060 simillhuum
2203 5009 2306 5054 est.
2336 5017 2354 5050 ι
2379 4997 2648 5052 Barbaros
2675 4991 2962 5047 Slavorum
2993 4996 3220 5059 pertaesa
3251 4983 3411 5048 ritus.

1897 5199 2060 5327 938).
2085 5196 2277 5252 Horat.
2314 5195 2354 5249 I.
2385 5194 2504 5248 Sat.
2522 5189 2577 5245 2.
2602 5206 2655 5245 v.
2674 5187 2764 5244 45.

1944 5285 2086 5324 coms
2114 5266 2329 5320 Novella
2359 5264 2450 5322 52.

1944 5264 2086 5324 conis
2114 5266 2329 5320 Novella
2359 5264 2450 5322 52.

1898 5321 2050 5410 ἵζειν)
2074 5337 2183 5410 Lg;
2213 5321 2378 5410 salio.
2412 5335 2532 5410 Em.
2563 5333 2669 5388 Tit.
2698 5327 2893 5410 agt-xi.
2914 5323 3066 5410 c._‘I._8
3091 5330 3148 5410 et
3170 5322 3268 5390 I9;
3286 5321 3411 5410 kx

1829 5394 1952 5479 ιιῑξιζ
1977 5394 2199 5479 ram.
2220 5403 2618 5479 ;_Lex_5\_pglor.
2649 5400 2928 5479 ςινγρτιει.
2957 5397 3064 5479 Tit.
3096 5395 3178 5479 ν..
3198 5394 3406 5479 0145-7;

1829 5465 1948 5536 ιε’(
1969 5477 2202 5536 Frision.
2223 5465 2340 5532 'Tit.
2373 5465 2576 5529 xxiet
2596 5474 2733 5529 Add.
2765 5470 2851 5531 ιι.;
2874 5469 2982 5523 Lex
3007 5467 3138 5522 επ.
3162 5465 3200 5520 ι.
3232 5466 3412 5536 15¢—

1831 5535 1939 5607 Lex
1967 5535 2140 5606 Alcm.
2173 5549 2233 5604 L.
2256 5545 2418 5601 LXV.
2441 5562 2491 5601 c.
2521 5544 2611 5599 28.
2638 5553 2694 5598 et
2717 5551 2974 5608 tanquam
2997 5551 3157 5604 poena
3196 5535 3323 5608 furti
3357 5535 3408 5588 in

1829 5622 2030 5705 terriplo
2059 5623 2198 5705 apud
2247 5617 2520 5705 Ifrisiones
2549 5613 2776 5705 gentiles
2805 5613 2947 5705 inter
2964 5607 3327 5705 ‘Irﬂubacham
3355 5613 3410 5660 et

1828 5679 2465 5777 κνεεέςειειιὲηίῐιτξοιοηιεεε
2496 5679 2932 5777 ’ἓξ-..ξύειιῦἀά
2964 5679 3122 5777 “.2.
3143 5709 3333 5777 ...

1902 5743 2355 5837 (imitantium
2375 5759 2412 5817 I.
2441 5743 2492 5816 «1-.
2519 5773 2574 5830 p.
2602 5755 2727 5813 247'.
2763 5755 2839 5826 (ν.
2867 5767 2986 5822 cap.
3012 5743 3372 5822 prmedena.)
