3892 6318
535 231 670 281 1595

1726 232 2012 288 ΑΡῘἚΧῙ).
2059 233 2144 289 Μ)
2170 232 2344 290 ΒᾹΞΟ.
2375 235 2420 291 Χ

3585 243 3678 299 1596

526 313 674 398 venit
703 344 769 398 ad
790 343 1176 415 imperatorem
1207 347 1538 413 Conradnm,
1572 368 1590 402 ι
1622 359 1682 404 ιιι
1710 351 1785 404 ait
1816 351 2104 407 .Vonachus
2137 360 2179 416 Α
2209 358 2262 402 et
2295 348 2497 403 foedere
2518 346 2738 416 iunctus
2768 347 3014 405 Conrado
3035 348 3346 420 Imperatori
3371 350 3679 425 Russonmque

523 439 996 497 Brunvvillercnsis
1025 443 1197 514 (Ml).
1231 443 1453 498 Poterat
1487 443 1649 514 igitur
1684 442 1818 498 nixa
1847 462 1969 502 cum
1998 447 2107 500 tilio

520 532 802 586 tioloniam
842 533 1010 590 adire.
1046 534 1134 588 ubi
1169 543 1295 590 tunc
1328 536 1496 589 frater
1519 533 1635 602 ejus
1656 538 1894 593 nomlnm
1931 538 2108 593 archi-

519 627 801 693 episcopus
832 624 904 694 (in
928 641 1030 694 qua
1065 641 1124 679 re
1158 625 1454 682 Monachus
1491 629 1577 683 ille
1613 625 1874 685 honorem
1917 617 2126 701 postea.

519 725 825 769 assecutum
851 715 962 782 jam
1015 716 1325 787 exprimit),
1356 719 1450 773 sed
1483 728 1608 775 tunc
1652 719 1832 776 forsan
1863 721 2105 777 ecclesia:

516 805 846 861 cathelralis
864 809 1188 874 canonicos;
1215 810 1304 864 ubi
1329 807 1485 865 soror
1503 807 1664 866 Beata
1694 813 1804 878 Ida,
1830 814 2102 870 abbatissa

519 896 830 949 monasterii
865 896 1081 953 Sanctae
1105 898 1287 954 Maria:
1315 900 1369 954 in
1399 899 1664 971 Capitolio
1695 913 1843 967 erat;
1882 918 1944 959 ea
1984 903 2102 972 ejus

515 986 711 1054 patria,
741 1001 818 1041 ea
846 987 1137 1043 Parentnm
1168 990 1326 1046 sedes
1355 1009 1370 1045 :-
1409 1008 1533 1047 nam
1563 1003 1802 1049 castrum
1831 994 2102 1068 Tomberg

515 1091 622 1144 quo
647 1077 782 1133 hanc
803 1077 976 1134 lucem
999 1080 1230 1148 primum
1250 1082 1402 1148 vidit,
1427 1099 1530 1138 non
1548 1084 1703 1156 longe
1727 1085 2096 1160 aberat(442).

515 1170 630 1224 Non
661 1171 850 1240 procul
885 1173 952 1227 ab
983 1171 1116 1228 urbe
1162 1173 1385 1239 Colonia
1428 1177 1668 1246 quinque
1719 1178 1852 1232 alias
1882 1193 2099 1235 sorores

514 1259 817 1324 abbatissas
848 1263 1098 1318 habebat.
1135 1264 1209 1318 lbi
1235 1265 1397 1336 igitur
1433 1266 1484 1321 in
1517 1270 1848 1324 monasterio
1880 1268 2096 1328 Sanctae

515 1351 721 1409 Ursul:e
742 1356 811 1408 ob
834 1353 996 1409 aliam
1021 1355 1260 1426 reginam
1288 1356 1509 1413 fundato
1533 1361 1795 1430 optimum
1825 1361 2090 1432 refugium

513 1444 842 1510 inveniebat,
867 1456 921 1501 et
947 1445 1217 1504 invenisse
1247 1448 1481 1518 diploma
1507 1458 1735 1506 testatur
1763 1451 1932 1527 (445).

549 1563 552 1565 λ
584 1537 879 1609 Postquam
909 1550 1085 1596 autem
1117 1543 1346 1598 mari-tus
1369 1543 1648 1600 Poloniam
1693 1560 1974 1615 reversus,
2004 1563 2092 1603 so-

511 1628 643 1684 lium
685 1631 891 1701 regium
941 1644 1390 1704 recuperaverat,
1435 1636 1566 1691 nihil
1629 1637 1927 1708 impedivit,
1981 1654 2090 1710 quo

510 1721 692 1777 minus
717 1722 852 1778 Rixa
888 1723 1056 1779 filium
1081 1726 1270 1780 eodem
1301 1729 1605 1783 reduceret.

552 1859 554 1862 ,
581 1813 792 1869 Mortuo
814 1824 994 1871 autem
1023 1817 1243 1884 marito,
1273 1819 1436 1885 Rixa,
1463 1820 1708 1875 ecclesiae
1727 1820 1908 1879 latinae
1935 1823 1985 1878 id
2010 1833 2094 1880 est

509 1900 853 1959 Germanicas
899 1905 1294 1971 amantissima,
1332 1924 1429 1977 per
1456 1909 1618 1965 breve
1649 1911 1880 1980 spatium
1926 1914 2092 1968 tutrix

509 1992 602 2048 lilii
625 1995 899 2063 Casimiri,
927 1997 1107 2052 odium
1147 1998 1502 2054 inveteratum
1537 2001 1931 2070 indigenarum,
1957 2019 2093 2073 quos

509 2093 564 2150 et,
595 2084 706 2154 ipsa
743 2085 960 2152 oderat,
1013 2087 1166 2158 prior
1206 2088 1261 2142 in
1299 2103 1358 2144 se
1399 2089 1568 2144 solam
1606 2092 1788 2146 vertit.
1843 2093 2095 2148 Exulavit

507 2175 674 2244 igitur
703 2178 944 2234 secundo
975 2177 1092 2234 loco
1121 2178 1237 2238 sola
1273 2181 1342 2235 ad
1384 2179 1609 2236 fratrem
1654 2197 1796 2237 nunc
1825 2183 2095 2253 archiepi-

506 2281 727 2338 scopum
751 2268 1146 2327 Colonieusem.
1179 2270 1246 2328 Et
1282 2273 1384 2331 hac
1423 2273 1638 2342 quidem
1667 2276 1784 2330 vice
1807 2274 1948 2330 filius
1968 2291 2090 2331 eam

506 2370 631 2412 mox
647 2367 879 2414 secutus
906 2373 1026 2415 esse
1048 2361 1286 2416 videtur.

577 2445 672 2506 Sic
711 2463 900 2526 omnes
942 2451 1262 2513 traditiones
1308 2453 1513 2522 optime
1564 2454 1868 2524 quadrant;
1919 2471 2092 2526 neque

505 2534 614 2591 ulla
641 2537 694 2615 in
726 2538 827 2622 hac
854 2555 912 2596 re
940 2555 1226 2612 superesse
1256 2543 1468 2600 videtur
1501 2544 1806 2602 dimcultas.

507 2671 639 2750 Cap,
673 2674 843 2750 XLV.
865 2705 938 2718 --
964 2677 1265 2733 Bolizlavus
1286 2681 1476 2750 jnnior
1503 2683 1722 2750 paganis
1755 2698 1846 2735 seu
1877 2680 2093 2738 Graeco—

577 2745 1124 2819 Slavmtirisimtisns,
1155 2745 1316 2818 ejecta
1342 2745 1512 2819 fratre
1536 2745 1813 2814 C'asimiro,
1843 2752 1956 2807 Rea:
1984 2753 2092 2806 Ρο-

579 2817 822 2886 lonornm
849 2818 938 2886 ﬁt;
962 2819 1050 2872 sed
1081 2817 1202 2873 mea:
1235 2837 1265 2873 a
1298 2817 1612 2874 Christianis
1651 2821 1852 2878 Latinis
1894 2824 2090 2876 occidi-

577 2895 684 2940 tur.
719 2883 946 2941 Polo'nia
990 2889 1188 2953 divisa;
1225 2889 1517 2949 Christiani
1558 2891 1733 2944 Latini
1771 2889 2089 2946 Casimirunt

491 3004 496 3010 .
571 2968 836 3023 revocant,
853 2956 1023 3021 Gragci
1036 2969 1126 3012 aut
1151 2961 1344 3031 pagani
1362 2961 1506 3015 breve
1519 2977 1610 3030 per
1625 2961 1852 3031 spatium
1878 2961 1932 3015 Μ
1938 2964 2088 3016 aslao

575 3037 802 3081 utuntur
825 3045 963 3100 rege.

549 3131 787 3196 Mortuo
815 3140 1110 3213 Misegone,
1154 3141 1319 3199 factio
1344 3158 1680 3215 paganorum
1717 3129 1951 3200 secunda
1979 3145 2098 3200 vice

505 3240 669 3301 caput
697 3231 852 3297 tollit,
882 3241 956 3300 et,
986 3233 1191 3304 Regina
1217 3233 1355 3289 Rixa
1393 3250 1424 3290 e
1465 3250 1632 3307 regno
1659 3235 1832 3306 pulsa,
1868 3235 2094 3291 Bnlizla-

503 3337 630 3377 vum
654 3322 926 3391 iuniorem
963 3325 1378 3396 primogenitum
1402 3365 1417 3391 ,
1445 3326 1538 3381 sed
1569 3342 1638 3380 cx
1673 3325 1774 3379 alia
1821 3341 1991 3380 uxore
2014 3324 2097 3379 vel

502 3413 719 3486 pellice,
757 3415 948 3480 ducem
977 3426 1158 3484 nacta,
1206 3427 1391 3486 aperte
1421 3433 1540 3486 qua!
1572 3417 1702 3472 velit
1729 3419 2093 3483 demonstrat;

501 3507 792 3577 expellitur
814 3509 1110 3565 Casimirus
1143 3525 1259 3574 rex,
1288 3503 1649 3578 monasteria,
1675 3510 1920 3564 ecclesiae
1945 3525 2095 3565 com-

502 3587 683 3666 buSta,‘
709 3601 1018 3659 sacerdotes
1051 3602 1320 3667 trucidati,
1357 3601 1718 3657 ethristiani
1749 3601 1892 3657 ferro
1919 3602 2092 3671 petiti.

502 3691 810 3747 liOliZlavuts
854 3696 1001 3765 regia
1051 3694 1675 3765 in'Polonos,dignitate
1712 3694 1926 3758 fruitur,
1955 3695 2096 3747 anti-

503 3798 667 3846 quam
704 3784 932 3850 fortasse
961 3785 1263 3839 libertatem
1296 3785 1490 3854 pepulo
1512 3785 1594 3839 vel
1621 3785 1934 3855 proceribus
1975 3784 2096 3838 red-

504 3867 667 3942 didit,
692 3881 767 3937 et,
800 3889 923 3930 cum
947 3875 1143 3928 ceteris
1173 3874 1334 3930 rebus
1362 3875 1568 3943 latinis,
1599 3876 1822 3931 latinum
1851 3893 1870 3926 ι
1901 3876 2033 3945 regis
2070 3893 2089 3926 ι

504 3977 701 4026 nomen
730 3961 993 4032 abiecisse
1023 3964 1252 4017 videtur.
1295 3965 1456 4019 Certe
1487 3979 1517 4018 a
1550 3947 1820 4035 plerisque
1863 3965 2091 4037 scripto-

503 4053 656 4128 ribus
684 4071 790 4124 non
831 4055 974 4124 inter
1019 4042 1344 4116 Polonorum
1388 4070 1546 4125 reges
1592 4063 1942 4118 muneratur,
1982 4054 2112 4109 sive-

501 4147 646 4217 quod
684 4147 888 4219 regium
925 4163 1118 4203 nomen
1171 4163 1276 4202 non
1331 4143 1678 4211 assnmserit,
1712 4146 1827 4201 sive
1872 4145 2014 4215 quod
2065 4161 2098 4204 a

502 4240 799 4309 christiana
842 4239 1006 4294 latina
1039 4239 1142 4294 lide
1183 4239 1487 4294 defecisset.
1517 4237 1634 4292 Non
1673 4236 1875 4307 profuit
1915 4244 2092 4292 tamen

501 4347 591 4398 ea,
615 4345 948 4400 quaecunque
978 4329 1142 4385 fuerit
1165 4329 1398 4398 dignitas
1429 4328 1727 4393 Bolizlavo;
1769 4315 1894 4381 nam
1938 4325 2094 4380 Chri-

2210 441 2319 511 regi
2341 440 2606 506 Jaroslao,
2635 443 2756 512 post
2785 441 2981 497 bellum
3001 441 3678 502 'cruentissimutnetitmtna

2208 531 2380 587 victor
2418 533 2595 587 evadit
2640 532 2857 598 Maslai;
2906 532 3217 596 Poloniam,
3261 531 3305 586 si
3343 546 3436 587 non
3477 543 3680 598 totam,ut

2207 636 2326 677 eam
2348 636 2479 677 avus
2499 621 2804 676 Botizlavus
2829 621 2867 675 I.
2899 621 3279 685 constituerat,
3303 620 3494 687 saltem,
3513 634 3560 676 ut
3579 636 3682 682 ante:

2206 711 2404 782 fuerat,
2433 714 2534 770 sibi
2561 714 2818 770 subdidit.

2205 825 2331 882 Car.
2372 824 2556 881 XLVI.
2585 823 2966 880 —Crudelitas
3026 821 3492 891 Polonortmtitttnc
3517 829 3685 891 temporis

2273 897 2476 966 eadem,
2506 913 2624 966 qum
2649 905 2951 966 ceterorum
2976 892 3310 966 populorum.
3521 890 3684 966 Baiani,

2273 961 2540 1036 (lungari',
2565 966 2728 1034 Dani,
2757 961 3077 1029 Nomanm',
3103 961 3686 1032 Germani—Odyssea:

2273 1035 2490 1091 Sklavc.

2270 1125 2494 1182 Plurimi
2542 1123 2849 1182 Germanias
2899 1121 3194 1194 scriptores
3242 1121 3510 1178 criminose
3547 1122 3687 1188 deum,

2199 1218 2365 1273 immo
2397 1217 2867 1273 criminationibus
2895 1223 3124 1271 onerant
3161 1214 3392 1269 Polonos
3421 1226 3528 1268 tunc
3551 1224 3690 1285 tempe-

2199 1307 2274 1363 ris
2297 1322 2592 1376 eornmque
2615 1321 2790 1378 reges,
2818 1303 3082 1360 barbaros
3109 1319 3206 1360 eos
3235 1320 3356 1360 esse
3383 1305 3690 1373 deprzcdalores

2195 1397 2472 1452 facientes.
2505 1414 2526 1451 ι
2554 1396 2772 1466 Miseco,
2803 1413 2821 1446 ι
2849 1394 2922 1449 ait
2942 1394 3398 1466 Chronographns
3421 1391 3558 1458 Saxo,
3587 1393 3691 1448 «Dux

2194 1488 2570 1546 Polonornmi
2625 1488 2792 1544 falsus
2845 1487 3198 1554 christianus,
3247 1485 3518 1546 homicida,
3564 1498 3690 1554 lyram

2194 1598 2314 1638 nus.
2334 1621 2348 1638 .
2365 1621 2381 1638 .
2396 1599 2416 1640 .·
2432 1623 2445 1637 .
2462 1621 2477 1638 .
2497 1623 2511 1636 .
2529 1621 2544 1636 .
2577 1581 2722 1637 Talis
2746 1590 2976 1650 estergo
3003 1579 3114 1634 Rex
3136 1578 3408 1640 Mesecbo,
3435 1578 3533 1630 hare
3550 1576 3690 1630 viarum

2123 1703 2168 1761 Β
2197 1689 2416 1730 suarum
2465 1673 2866 1736 abhominanda
2898 1671 3245 1745 simplicitas,
3299 1669 3409 1724 haec
3458 1668 3692 1721 innocentia

2194 1766 2530 1837 dampnanda
2545 1765 2775 1840 puritas,
2805 1763 2920 1820 lucc
2937 1762 3170 1831 justitia,
3199 1761 3317 1816 lucc
3342 1759 3466 1812 fides
3490 1756 3692 1810 falsissinn

2193 1860 2309 1931 eius
2339 1860 2771 1917 Christianitatis.
2813 1857 2885 1914 'Si
2921 1872 3049 1928 ergo
3076 1857 3218 1922 Rex,
3261 1869 3426 1926 quare
3467 1852 3637 1922 przedo?
3665 1853 3692 1905 si

2195 1953 2441 2023 simplex,
2475 1967 2644 2022 quare
2669 1949 3122 2020 apostropbusisi
3145 1947 3514 2015 ﬁdelis,quare
3526 1953 3694 2012 apostau

2195 2061 2259 2102 ac
2299 2045 2594 2118 tyrannus?
2622 2043 2760 2113 Quid
2791 2043 2910 2105 tibi,
2941 2051 3166 2099 eruenta
3212 2039 3390 2103 belua,
3413 2035 3564 2105 regale
3583 2051 3691 2089 orna-

2195 2147 2434 2192 mentum
2460 2137 2514 2195 in
2541 2150 2742 2193 corona
2761 2144 2816 2189 et
2840 2135 3024 2193 lancea
3048 2131 3348 2187 deaurata?
3367 2143 3478 2199 qua:
3498 2125 3697 2181 consentio

2194 2227 2394 2283 Christi
2424 2243 2544 2283 cum
2575 2225 2778 2280 Belial?
2835 2224 2966 2292 Qua:
2999 2218 3050 2278 te
3100 2221 3314 2278 tumide
3343 2227 3491 2274 vexat
3523 2215 3691 2280 vesania,

2194 2319 2317 2373 utin
2349 2333 2572 2388 regnum
2600 2316 2859 2371 Romana:
2875 2314 3092 2368 virtutis
3119 2320 3330 2366 temere
3354 2310 3557 2364 duceres
3573 2305 3695 2358 arma?

2195 2409 2370 2476 Quod,
2397 2423 2560 2478 quam
2613 2408 2707 2462 tibi
2746 2407 2819 2462 sit
2853 2405 3248 2476 periculosum,
3305 2412 3414 2456 tum
3461 2415 3562 2455 sero
3582 2397 3694 2466 perci-

2193 2501 2326 2572 pies,
2352 2515 2473 2556 cum
2509 2500 2584 2555 ttti
2619 2498 2862 2554 imbelles
2902 2497 3134 2571 plurima
3196 2493 3526 2550 multitudine
3546 2489 3694 2546 armati.

2193 2594 2400 2649 nostris
2446 2592 2584 2648 bella
2615 2589 2909 2646 scientibus
2941 2588 3105 2646 immo
3135 2595 3194 2643 et
3225 2584 3547 2645 facientibus,
3577 2595 3617 2638 ut
3647 2585 3697 2637 di-

2193 2683 2281 2755 gni
2320 2691 2463 2748 sunt,
2492 2689 2840 2738 conterentur
2862 2679 3031 2747 (4H).

2266 2774 2394 2842 Quae
2429 2772 2672 2829 convicia
2699 2771 2742 2826 si
2789 2769 3164 2839 componimus
3197 2783 3325 2823 cum
3369 2782 3553 2822 summa
3595 2765 3695 2820 laude

2196 2865 2488 2928 Mathildis,
2541 2865 2708 2919 risum
2767 2871 2950 2917 tenere
3002 2875 3107 2915 non
3148 2874 3460 2929 possumus,
3504 2868 3550 2912 et
3570 2857 3694 2910 huma-

2195 2974 2319 3013 nant
2353 2965 2599 3012 naturam
2645 2953 3006 3024 deploramus,
3040 2968 3162 3022 quae
3199 2966 3330 3006 raro
3383 2951 3580 3005 veritate
3614 2962 3694 3000 co:-

2121 3061 2165 3123 C
2200 3061 2366 3116 tenta,
2398 3051 2599 3121 ubique
2634 3050 2963 3120 superlativa
3009 3051 3228 3120 qumrit.
3282 3049 3529 3104 Caeterum
3555 3044 3694 3096 dicens

2199 3143 2682 3213 Chronographunt
2737 3140 3005 3197 Saxonem
3074 3140 3410 3210 respomlcre
3475 3132 3692 3205 przefationi

2199 3235 2551 3290 Mathildinae.
2613 3235 2669 3289 Si
2701 3249 2810 3304 quo
2861 3247 3098 3302 unquam
3129 3232 3185 3286 in
3227 3232 3365 3292 viro,
3411 3239 3542 3284 certe
3565 3227 3604 3279 in
3634 3226 3694 3276 hoc

2199 3325 2468 3397 Misegone
2504 3340 2667 3380 aurea
2690 3316 3038 3380 medidcritas
3069 3322 3282 3394 Optima
3308 3331 3408 3377 est.

2269 3417 2539 3485 Quantum
2573 3417 2762 3471 attinet
2809 3417 2876 3470 ad
2908 3416 3028 3470 illas
3053 3414 3388 3470 Polonornm
3432 3406 3693 3481 depradatio-

2199 3526 2294 3565 nos
2352 3519 2407 3564 et
2458 3494 2825 3575 incursiones;
2891 3509 3027 3579 proh
3053 3508 3251 3563 dolor!
3311 3507 3567 3561 verissima
3611 3500 3693 3552 dixit

2198 3601 2652 3670 Cbronograpbus
2689 3609 2799 3663 :at,
2845 3600 2976 3668 quid
3033 3600 3101 3653 dc
3147 3599 3307 3652 asino
3367 3597 3606 3650 faciamus.
3638 3589 3692 3655 qui

2197 3696 2406 3749 asinum
2449 3693 2646 3750 fricat?
2683 3692 2884 3748 Omnes
2921 3691 3099 3762 populi
3145 3700 3278 3745 tunc
3309 3689 3488 3743 eodem
3520 3681 3693 3739 bilielnnt

2195 3785 2407 3854 poculo.
2437 3785 2665 3839 Paratur
2713 3783 2908 3838 bellum
2951 3798 2979 3834 a
3010 3790 3193 3853 gente,
3246 3781 3427 3852 gloria:
3469 3788 3518 3832 et
3551 3773 3693 3828 diviti:-

2197 3889 2315 3928 rum
2358 3873 2580 3943 cupida;
2613 3871 2940 3926 invaduntur
2967 3870 3102 3926 fines
3153 3870 3469 3940 populorum
3494 3862 3687 3934 proximo-

2196 3981 2346 4030 rum;
2389 3981 2604 4026 aurum,
2640 3974 2947 4034 argentum,
2979 3963 3247 4032 pecudes,
3279 3977 3366 4015 res
3410 3959 3613 4028 pretiosa!
3637 3964 3691 4003 α-

2198 4058 2443 4128 piuntur,
2481 4059 2672 4115 domus
2711 4058 3130 4120 comburuntur,
3155 4055 3256 4109 viri
3283 4053 3467 4108 armati
3492 4047 3557 4103 vel
3586 4041 3691 4097 armis

2196 4150 2304 4218 apti
2361 4148 2661 4212 etedttntnr,
2700 4146 2914 4200 femina:
2959 4145 3235 4199 violantnr
3275 4155 3331 4199 et
3366 4144 3414 4197 in
3460 4137 3689 4195 servitute

2195 4240 2480 4309 rapiuntur
2519 4253 2642 4293 cum
2700 4237 2980 4302 masculis,
3011 4237 3103 4306 qui
3157 4238 3396 4291 nondum
3443 4245 3569 4286 arma
3603 4225 3692 4280 ferre

2194 4331 2402 4397 valent;
2437 4331 2650 4384 tandem
2693 4345 2755 4385 ea
2787 4339 2945 4384 teme
2973 4344 3125 4399 pars,
3155 4344 3280 4398 qua)
3332 4329 3514 4381 intacta
3542 4316 3688 4375 mansit.

501 4424 664 4494 stiani
698 4423 844 4484 latini
889 4424 940 4477 in
987 4422 1076 4479 illo
1104 4422 1246 4478 civili
1273 4422 1499 4476 tumultu
1529 4429 1674 4476 certe
1713 4435 1837 4475 mox
1862 4421 2095 4475 victores
2123 4401 2170 4462 ι)
2200 4423 2456 4480 tributum
2488 4422 2786 4492 pollicetur.
2829 4421 3044 4476 Abeunt
3088 4421 3436 4489 prredatores,
3465 4413 3690 4470 dividuntur

501 4513 754 4573 maximat
781 4512 1015 4582 Polonirc
1037 4513 1206 4582 partis
1227 4499 1536 4566 evaSerunt.
1561 4509 1861 4564 Bolizlavns
1883 4509 2094 4564 occisus

501 4612 560 4659 et
605 4602 826 4668 Polonia
864 4603 1039 4668 divisa
1080 4611 1197 4666 est,
1249 4603 1301 4657 iu
1342 4601 1748 4670 meridionalem
1819 4601 2094 4670 (christia-

500 4693 719 4764 ttamve)
751 4702 958 4763 partem
1010 4701 1064 4753 et
1109 4692 1159 4747 in
1213 4693 1691 4768 septentrionalem
1719 4691 2093 4770 (paganamve)

500 4788 577 4843 ita
625 4793 685 4857 ut
735 4784 841 4858 illa:
891 4783 1192 4853 similitates
1244 4775 1386 4848 inter
1435 4784 1693 4849 ecclesias
1745 4782 1992 4853 Latinarn
2040 4790 2098 4836 ct

503 4878 750 4934 Graecam
777 4875 922 4942 veris
953 4877 1178 4948 paganis
1209 4885 1417 4930 tantum
1445 4874 1763 4944 profuerint.
1795 4872 1918 4928 llznc
1956 4872 2096 4926 Mns-

503 4969 651 5033 lautu
679 4969 975 5040 quendam,
1004 4968 1420 5039 subpiucernam
1461 4966 1747 5037 Misegonis
1775 4965 1866 5030 ll.,
1901 4965 2096 5035 princi-

502 5077 630 5134 pem
659 5061 744 5116 vel
789 5075 968 5132 regem
1017 5060 1343 5132 proclamat;
1392 5058 1480 5130 illa
1530 5072 1680 5130 vero,
1712 5057 1762 5133 id
1801 5067 1881 5122 est
1929 5055 2095 5110 latina

505 5169 638 5225 pars
664 5153 995 5224 aliquamdiu
1025 5161 1235 5208 vastata
1258 5160 1312 5206 et
1339 5150 1478 5205 bello
1514 5150 1653 5220 civili
1682 5158 1736 5205 et
1763 5166 1791 5203 a
1819 5149 2094 5212 Bobcmis,

505 5246 726 5305 tandem
746 5254 971 5310 revocat
998 5244 1344 5311 Qasimirum.
1375 5243 1497 5310 Qui,
1530 5243 1581 5296 in
1622 5241 1899 5302 Poloniam
1926 5241 2095 5306 redux

574 5382 732 5452 (Mi)
759 5384 858 5453 Ap.
888 5382 1242 5453 lenerumin
1281 5380 1406 5453 hist.
1437 5378 1606 5453 Palat.
1640 5394 1692 5447 p.
1720 5377 1818 5453 26l
1853 5377 1917 5453 AA.

583 5445 735 5525 (44⁸2)
767 5445 1016 5524 Tomberg
1038 5445 1202 5524 prope
1228 5451 1539 5509 lilteinbacb
1569 5451 1620 5504 in
1644 5445 1868 5518 antiquo
1893 5445 2094 5514 Ducatu

511 5526 915 5665 δυ’ὶῧῖςὲεῗξιήετ
960 5593 1158 5665 llistor.
1201 5591 1348 5665 Atlas
1398 5591 1484 5665 Νξ.
1680 5599 1732 5665 el
1779 5586 1944 5665 patris
1991 5587 2092 5640 mei

515 5672 687 5752 dignte
721 5661 1034 5731 inetur-arias.
1068 5664 1188 5720 .lob.
1224 5663 1383 5718 Peter
1435 5662 1644 5716 Det/tier
1701 5661 1948 5730 Beitr'age
2000 5674 2096 5712 zur

2197 4513 2389 4584 spolia,
2428 4528 2496 4567 ne
2527 4512 2702 4566 dicam
2759 4511 2992 4580 rapintc;
3019 4520 3074 4565 et
3111 4512 3196 4566 bis
3239 4509 3412 4564 onusti
3446 4505 3604 4562 milites
3627 4498 3687 4550 do-

2197 4621 2343 4659 mum
2377 4604 2621 4669 reduces,
2655 4612 2819 4674 capnt
2847 4604 2915 4658 ad
2940 4603 3118 4659 sidera
3147 4602 3363 4675 tollunt,
3389 4607 3533 4668 atque
3553 4587 3687 4648 familia

2197 4704 2251 4749 et
2279 4695 2480 4756 divitiis
2509 4696 2676 4758 aucti,
2707 4709 2984 4767 generosa:
3013 4694 3201 4765 stirpis
3240 4694 3393 4764 origo
3415 4691 3554 4752 fiunt;
3577 4684 3685 4738 donec

2198 4787 2297 4856 iPSi
2330 4804 2359 4840 ει
2392 4787 2708 4848 fortioribus
2763 4796 2859 4842 aut
2905 4785 3238 4843 felicioribus
3299 4783 3525 4839 finitimis
3557 4771 3684 4831 similia

2199 4875 2446 4930 tolerant.
2477 4877 2676 4940 TotaDG‘
2711 4876 2736 4932 ὁ
2761 4878 2964 4948 τλήμων
2993 4878 3212 4950 πόλεμος
3233 4877 3543 4949 agnitum.

2269 4967 2358 5022 Sic
2393 4969 2546 5022 (iussi
2575 4983 2762 5024 omnes
2807 4953 3070 5023 ﬁnitimos
3119 4951 3343 5038 populos
3369 4977 3422 5020 et
3461 4964 3683 5017 Gravorum

2199 5061 2480 5130 imperium
2509 5076 2648 5135 saepe
2674 5061 2962 5135 deprzedati
3005 5068 3152 5126 sunt,
3180 5059 3480 5126 incolasque
3507 5052 3547 5106 in
3567 5043 3680 5102 serti-

2201 5136 2368 5205 tutem
2407 5152 2507 5206 sub
2548 5133 2702 5205 basta
2730 5133 3112 5204 vendiderunt.

2271 5243 2362 5298 Sic
2407 5243 2664 5298 Baltemos
2717 5243 2950 5298 vidimus
3010 5258 3133 5297 cum
3181 5241 3440 5316 Bfetislao
3487 5224 3679 5288 Poloniam

2198 5384 2395 5447 Gesch.
2426 5385 2478 5437 d.
2512 5383 2730 5437 Krciscs
2760 5381 3064 5451 Bcrgheim.
3099 5353 3236 5434 κε)ιή
3266 5378 3416 5433 ιεδδ.
3445 5367 3582 5451 ιιερᾷιτ

2271 5422 2418 5523 (σι-ιδ)
2447 5454 2576 5507 Vide
2606 5469 2790 5520 supra.
2820 5422 2939 5520 cii).
2968 5450 3156 5507 xxw.
3293 5422 3456 5521 ωηιιῖ
3474 5422 3676 5495 Hirrum}-

2272 5520 2422 5593 (444⁷)
2463 5524 2754 5591 Chronogr.
2787 5523 2934 5576 Saxo
2965 5523 3029 5574 ad
3061 5537 3110 5593 ξι.
3146 5520 3297 5575 1050.

2181 5593 2185 5597 ’
2271 5591 2353 5655 (ἶίύ
2388 5595 2576 5654 Annal.
2613 5593 2776 5665 Saxo.
2814 5593 2881 5649 ad
2909 5609 2956 5646 tt.
2993 5591 3152 5647 105.0.
