3892 6318
45 388 65 440 1
75 381 171 443 387

1329 379 1386 433 Β.
1432 379 1800 434 MATlliLlllS
1831 379 2105 434 REGINA.

3097 397 3104 404 '
3150 384 3287 440 I398

45 479 298 557 vastantes
323 497 428 568 igni
455 507 508 552 et
541 496 704 558 ferro,
748 495 912 550 immo
951 495 1245 565 spoliantes
1305 494 1596 550 ChriStiani
1631 510 1673 562 Λ
1707 511 1790 549 ms
1841 495 2142 548 humaniori
2197 495 2353 549 modo
2409 499 2622 551 tractati
2675 499 2895 561 fuerint,
2949 507 3007 551 nt
3052 487 3285 568 potiusa

47 590 460 647 Christianorum
489 588 763 643 ecclesias.

112 679 195 733 Sic
236 677 473 745 Hnngnri
509 676 811 747 depopulati
839 685 962 731 sunt
990 692 1129 746 saepe
1157 677 1522 740 Germaniam,
1551 686 1603 731 et

44 773 241 847 populis
281 769 580 825 Slavonicis
607 770 839 840 pessime
888 771 968 825 usi
1001 780 1125 824 sunt
1155 769 1327 840 (HS).

111 865 198 921 Sic
245 861 381 915 Doni
409 860 462 914 in
511 859 784 916 Britannia
829 860 1053 932 singulis
1099 860 1212 916 fere
1244 862 1402 916 annis
1422 861 1602 915 omnia

50 956 412 1026 spoliaverunt.
993 1009 995 1012 .

108 1047 194 1103 Sic
237 1044 573 1102 Normannos
610 1046 664 1100 in
702 1046 952 1102 omnibus
994 1045 1221 1116 Europae
1249 1045 1412 1101 terris
1440 1060 1606 1116 popu-

41 1137 290 1191 labundos
315 1137 439 1206 quis
467 1137 684 1208 nescit?
792 1121 796 1125 ”

105 1227 282 1297 Neque
330 1229 376 1283 is
410 1244 526 1284 mos
551 1229 753 1285 nostris
787 1229 1119 1296 temporibus
1153 1229 1360 1283 alienus
1385 1239 1488 1284 est.

101 1304 337 1391 L0ngum
363 1331 445 1375 est
473 1336 814 1385 enumerare,
843 1337 980 1391 quas
1022 1320 1275 1376 Germani
1322 1330 1448 1374 tunc
1477 1331 1610 1374 tem-

37 1414 175 1485 poris
206 1421 258 1466 et
283 1412 444 1466 medii
478 1413 574 1466 aevi
630 1413 912 1468 Slavorum
947 1415 1158 1483 populis
1190 1414 1436 1482 injurias,
1480 1430 1608 1468 con-

38 1504 275 1560 tumelias
305 1504 667 1574 pertidiasque
695 1506 994 1560 intulerint.

99 1596 187 1652 Sic
234 1594 514 1651 Saxonum
559 1612 774 1663 nomen,
809 1596 1140 1652 Widukindo
1174 1606 1329 1661 teste,
1361 1613 1388 1651 a
1419 1599 1608 1652 cultel-

35 1690 110 1748 lis.
141 1687 340 1759 quibus
363 1689 766 1744 trucidaverunt
806 1689 1109 1756 Thuringos
1143 1690 1348 1745 nobiles
1386 1691 1450 1743 ad
1481 1707 1611 1745 con-

31 1781 200 1834 cilium
230 1788 478 1842 vocatos,
513 1780 776 1850 originem
813 1779 978 1832 trahit
1004 1777 1173 1846 (Ηϐ).
1219 1778 1316 1833 Sic
1345 1779 1610 1833 llenricus

1707 600 1898 655 magno
1929 600 2152 636 numero
2201 586 2482 638 Slavornm
2526 588 2576 639 iu
2631 587 2946 640 servitutem
3007 599 3292 656 raptorqu

1706 682 1866 742 atque
1893 689 1920 725 a
1945 673 2062 726 diro
2097 672 2253 725 tnodo
2276 688 2368 726 eos
2391 673 2662 726 laboribus
2696 683 2748 726 et
2775 674 3007 729 miseriis
3034 672 3286 729 crucian-

1705 763 1782 826 di,
1835 777 2059 824 servus,
2111 759 2160 812 id
2210 772 2293 814 est
2371 762 2719 831 mancipium,
2769 763 2820 816 in
2877 763 3128 816 omnibus
3177 765 3290 815 fere

1709 854 1983 922 hodiernis
2008 852 2204 924 linguis
2221 853 2708 907 denominationcm
2728 851 3169 926 Sklave,esclave
3182 843 3288 906 etc.

1707 947 2000 1017 acceperit.
2050 944 2214 1014 Cujus
2247 945 2523 999 infortunii
2552 945 2790 1016 gentium
2824 944 3107 999 Slavorum
3137 947 3287 1002 testi-

1709 1037 1948 1092 monium
2004 1036 2419 1090 involunlarium
2486 1046 2665 1090 exstat
2720 1037 2859 1106 apud
2918 1035 3290 1090 Thietmarum

1708 1129 1798 1197 qui
1830 1137 1977 1183 certe
2017 1127 2232 1183 Polonis
2288 1125 2432 1180 nullo
2479 1116 2637 1182 modo
2677 1128 2908 1192 favebat,
2960 1143 3098 1198 quos
3146 1128 3293 1182 tardi

1712 1223 1816 1273 r;tu
1848 1218 1982 1272 asini
2013 1218 2354 1286 castigandos
2389 1217 2484 1271 ait.
2529 1218 2578 1272 Is
2605 1219 2886 1273 ecclesiam
2916 1235 3071 1273 suam
3105 1220 3172 1274 ab
3198 1218 3294 1275 Ot-

1713 1320 1834 1365 tone
1879 1309 2107 1364 divisam
2139 1309 2447 1380 deplorans;
2483 1329 2501 1362 ι
2537 1309 2709 1377 Nunc,
2740 1330 2758 1362 ι
2793 1311 2892 1373 ait,
2926 1330 2942 1362 ι
2978 1313 3156 1364 omnia
3208 1329 3299 1364 no-

1711 1412 1878 1455 stram
1927 1403 2074 1470 prius
2104 1401 2387 1457 ecclesiam
2438 1402 2777 1472 respicientia
2807 1403 2976 1458 divisa
3023 1412 3150 1458 sunt
3199 1404 3302 1458 mi-
3365 1413 3368 1416 '

1711 1493 2038 1556 scrabiliter.
2087 1491 2386 1547 Slavonica:
2442 1493 2832 1554 ritnfamilim,
2885 1509 3005 1563 qua:
3044 1503 3297 1547 accusata

1713 1583 2071 1638 venumlamlo
2108 1584 2433 1653 dispergitur
2461 1604 2477 1634 ι
2507 1583 2674 1653 (452).
2729 1585 2995 1640 Cancrum
3051 1587 3301 1638 maxima:

1716 1674 2030 1744 ignorauiize
2063 1674 2221 1734 foret.
2265 1676 2308 1729 si
2339 1675 2461 1742 quis
2487 1685 2729 1745 negaret,
2762 1683 2971 1728 veteres
3003 1674 3302 1730 Germanos

1713 1766 1963 1829 Caesaris,
2005 1765 2200 1830 Taciti,
2239 1766 2492 1832 aliorum,
2518 1776 2572 1821 et
2622 1767 2942 1836 pralsertim,
2981 1777 3036 1819 nt
3073 1768 3124 1821 in
3174 1767 3303 1834 legi-

30 1884 216 1939 auceps
253 1868 500 1924 latrones
555 1869 810 1939 colligens
862 1869 914 1922 in
945 1868 1254 1923 suburbano
1305 1869 1608 1923 Merselmr-

1722 1856 1838 1920 bus,
1869 1872 2003 1924 quas
2022 1857 2208 1910 dicunt
2236 1856 2612 1922 barbarorum,
2643 1858 2714 1912 id.
2749 1872 2798 1910 e.
2831 1857 3132 1922 Saxonum,
3159 1857 3304 1910 Thu-
3345 1900 3350 1906 .

27 1959 184 2030 giensi
219 1957 423 2013 locavit
475 1957 634 2012 terris
675 1968 727 2011 et
777 1959 1023 2012 domilms
1072 1958 1172 2012 sibi
1225 1957 1516 2020 concessis,
1550 1973 1612 2010 ea

25 2053 352 2118 conditione,
384 2063 444 2107 ut
479 2052 758 2106 latrocinia
815 2061 1020 2106 tantum
1068 2051 1119 2104 in
1163 2051 1352 2104 Slavos
1381 2065 1601 2104 exerce-

23 2152 136 2196 rent
163 2142 350 2211 (447).
404 2141 513 2197 Lex
564 2143 840 2197 Saxonum
873 2142 1032 2195 medii
1079 2141 1177 2194 :cvi
1209 2139 1613 2211 (Sachsenspie-

21 2233 118 2302 gel)
138 2232 392 2287 ofﬁcium
425 2234 686 2288 militibus
710 2231 936 2300 imponit
966 2246 1296 2294 marcarnm,
1321 2241 1380 2285 ut
1401 2246 1495 2300 per
1518 2247 1612 2286 sex

23 2323 394 2379 hebdomadas
425 2324 477 2378 in
509 2339 653 2378 annu
679 2340 708 2376 ιι
742 2323 932 2377 Slavos
955 2337 1175 2391 quoquo
1204 2323 1362 2376 modo
1390 2325 1611 2385 adeant,

28 2426 77 2468 et
123 2415 288 2486 figura
355 2413 483 2470 huic
539 2413 640 2484 legi
689 2414 932 2482 adpicta,
990 2428 1058 2466 ne
1108 2428 1298 2466 sensus
1359 2412 1612 2468 lectorem

33 2507 216 2577 fugiat,
239 2506 525 2579 pacificos.
547 2508 904 2575 sedentesque
931 2515 1038 2560 tres
1056 2504 1267 2564 Slavos.
1295 2505 1610 2571 Bohemum,

31 2594 281 2650 Polonum
331 2606 390 2650 et
427 2595 722 2659 Venedum,
760 2594 1034 2663 exprimit,
1082 2610 1219 2662 quos
1250 2594 1405 2649 miles
1445 2595 1611 2658 Saxo,

27 2703 54 2739 a
89 2689 265 2757 capite
296 2688 368 2742 ad
401 2686 562 2754 pedes
614 2687 1080 2756 cataphractatus,
1120 2684 1364 2739 vulnerat
1405 2702 1467 2741 ac
1497 2695 1613 2740 tru-

27 2782 162 2840 cidat
189 2784 366 2853 (N8).
400 2783 491 2838 Sic
533 2782 676 2837 Gero
728 2781 942 2851 triginta
992 2780 1287 2836 nobiliores
1330 2780 1613 2836 Slavornm

28 2878 91 2931 ad
130 2893 188 2932 se
217 2884 382 2930 vocat
421 2874 520 2929 sub
566 2873 744 2943 specie
790 2871 1029 2943 hospitii,
1060 2882 1115 2927 et
1165 2870 1471 2928 vinulentos
1502 2884 1615 2927 tru-

27 2968 166 3023 cidat
195 2967 373 3038 (“9).

95 3059 332 3115 Ilistoria
393 3059 640 3114 ordinum
695 3060 1026 3129 equestrium
1093 3058 1510 3115 Teutonicorum
1559 3067 1613 3113 et

27 3152 412 3207 Limnicorum
481 3152 891 3206 innumerabilia
941 3151 1101 3206 olfcrt
1150 3150 1612 3222 deprwdatinuum

25 3242 292 3312 exempla.
318 3243 436 3308 Quo
479 3242 678 3296 factum
725 3251 826 3306 est,
852 3251 909 3296 ut
963 3241 1028 3296 ad
1077 3242 1220 3295 hunc
1265 3255 1432 3308 usque
1472 3241 1612 3294 diem

25 3331 285 3386 Germani
320 3331 460 3385 male
488 3333 708 3383 audiant
745 3331 884 3399 apud
931 3345 1120 3384 omnes
1167 3329 1486 3383 Slavonicas
1521 3344 1617 3382 na-

27 3423 222 3475 tiones.
259 3419 374 3473 Vox
427 3435 612 3474 eorum
647 3419 882 3481 Niemcz,
922 3419 972 3472 id
1016 3428 1096 3473 est
1121 3417 1442 3483 Germanus,
1471 3433 1620 3472 eam-

23 3515 144 3568 dem
189 3513 548 3582 originariam
584 3511 746 3566 habet
804 3511 1270 3582 significationem,
1301 3526 1420 3580 qua:
1445 3526 1618 3581 grteca

22 3626 121 3662 \ox
169 3609 455 3681 ϐάρϐαρος.
509 3606 826 3660 Slavonicus
867 3605 1012 3661 enim
1061 3613 1163 3668 est,
1217 3604 1307 3674 qui
1354 3604 1617 3674 loquitur;

24 3701 250 3754 Niemcz
287 3715 416 3752 vero
455 3697 708 3764 hebetus,
747 3697 838 3766 qui
866 3696 1010 3765 loqui
1038 3696 1231 3750 nescit.
1285 3693 1418 3750 Cum
1455 3696 1620 3766 igitur

24 3795 167 3846 inter
194 3791 470 3855 convicia,
502 3790 698 3859 quibus
729 3789 977 3842 nationes
1006 3802 1068 3842 se
1099 3787 1328 3842 invicem
1367 3798 1616 3854 onerant,

21 3884 169 3940 Italis
200 3903 220 3936 ι
243 3885 283 3937 il
318 3883 571 3937 tedescho
601 3882 833 3935 barbaro
863 3900 881 3931 ι
917 3879 1056 3934 idem
1089 3878 1202 3932 fere
1234 3879 1303 3932 sit
1332 3894 1396 3933 ac
1423 3879 1622 3933 somni-

22 3978 269 4040 enlosus,
313 3976 431 4029 sine
482 3975 586 4028 ulla
637 3973 837 4043 ingenii
889 3973 1042 4036 dote;
1092 3969 1281 4032 Gallis,
1340 3970 1621 4038 plumbeus

21 4068 257 4138 (plump)
304 4080 470 4120 vorax
514 4074 568 4119 et
609 4063 842 4133 crapulae
891 4063 1124 4124 deditus,
1182 4069 1274 4113 attt
1306 4061 1372 4125 (si
1403 4059 1617 4113 fortuna

19 4157 192 4228 favet)
221 4156 360 4228 aegri
396 4155 655 4219 somniis;
693 4166 749 4209 et
785 4153 971 4224 Anglis
1000 4151 1346 4222 nugigerulus
1387 4167 1400 4205 :
1429 4149 1620 4203 Slavo-

16 4250 156 4304 nica.
186 4258 386 4320 gentes
423 4247 604 4302 odium
637 4246 993 4301 inveteratum
1023 4245 1112 4299 vix
1140 4244 1191 4298 in
1216 4252 1431 4314 pectore
1465 4240 1617 4297 clau-

18 4343 156 4396 dunt
195 4340 387 4413 (450);
420 4340 618 4410 quippe
675 4337 872 4408 quibus
924 4337 1230 4394 Germanus
1271 4345 1325 4390 et
1367 4335 1618 4391 Diabolus

14 4435 243 4489 Omnino
267 4434 414 4488 idem
437 4441 519 4486 est
539 4431 710 4499 (451).

1716 1947 2015 2018 ringorum,
2049 1947 2376 2012 Fris'onum,
2405 1950 2848 2012 Alemannornm,
2873 1949 3300 2018 Bajuvariorum,

1717 2036 1975 2091 Francor.
2005 2036 2227 2106 Ripuar.
2259 2048 2313 2093 et
2343 2038 2635 2100 Saliorum,
2664 2037 3129 2108 Burgunliomnn,
3164 2038 3305 2092 Lon-

1719 2129 2075 2197 gobardorum
2088 2173 2099 2191 ,
2117 2130 2586 2198 Οηιιηειτιξιοτιιιιι,
2615 2129 2909 2195 \"isigodto.
2927 2138 3080 2183 umet
3108 2128 3306 2200 Anglu-

1717 2233 1977 2272 saxoaum
2005 2229 2314 2277 occurrunt.
2347 2220 2609 2274 barbaros
2631 2234 2770 2274 esse.

1716 2375 1844 2428 Car.
1891 2373 2089 2429 XLVII.
2125 2373 2318 2428 —Cur
2355 2375 2627 2460 Mitt/cilius
2649 2378 2803 2460 [tunc
2827 2375 3016 2431 librum
3049 2378 3118 2430 ad
3148 2377 3304 2432 Mise-

2267 2463 2448 2517 gonem
2482 2458 2700 2501 miserit.

1790 2580 1991 2652 liegum
2020 2580 2324 2636 Germania:
2348 2582 2572 2636 multmn
2607 2583 2888 2647 intererat,
2927 2582 3150 2638 latinam
3175 2599 3308 2653 pron

1717 2686 1912 2742 pagare
1939 2673 2136 2741 ubique
2177 2680 2232 2726 et
2281 2672 2606 2727 confirmare
2667 2669 2979 2727 ecclesiam.
3025 2673 3128 2728 l’er
3179 2692 3301 2728 eam

1720 2771 1886 2817 totum
1918 2778 2029 2820 suae
2051 2765 2628 2834 imperatoriaeditioni
2653 2767 2883 2822 subdere
2913 2774 3070 2822 terra:
3092 2768 3304 2830 orbem,

1717 2866 1812 2910 aut
1846 2857 2037 2910 saltem
2055 2872 2216 2926 quam
2247 2857 2506 2927 plurimas
2529 2857 2716 2912 Grmco
2748 2858 3059 2927 imperatori
3096 2859 3307 2930 eripere

1717 2950 2024 3020 provincias
2056 2945 2567 3022 nitebanturtiﬁt'i).
2612 2951 2746 3007 llinc
2781 2953 2854 3006 illi
2891 2953 3051 3008 toties
3094 2943 3303 3022 repetiti

1717 3053 1966 3108 conatus,
2003 3043 2197 3098 latinos
2251 3044 2534 3115 episcopos
2584 3046 2634 3099 in
2688 3045 2872 3099 liiovia
2913 3058 2968 3100 et
3004 3047 3194 3101 Rosia
3225 3048 3324 3101 ino.

1716 3135 1992 3190 stitucndi.
2029 3135 2328 3190 Bolizlavus
2365 3138 2498 3206 ipse,
2529 3152 2666 3190 novo
2699 3137 2802 3190 ritu
2835 3137 3040 3202 fretus,
3072 3139 3305 3209 impera--

1663 3235 1686 3253 λ
1723 3227 1856 3282 toris
1885 3227 2110 3282 aemulus
2137 3237 2191 3281 et
2223 3228 2276 3280 in
2307 3228 2407 3280 hac
2440 3243 2497 3281 re
2533 3227 2727 3294 fuerat,
2767 3226 2892 3282 licet
2923 3228 3148 3282 frustra.

1792 3315 1966 3383 Quum
1996 3317 2157 3388 igitur
2185 3317 2457 3372 Mathildis
2496 3330 2678 3372 nostra
2731 3333 2886 3374 soror
2915 3332 3061 3375 esset
3113 3319 3311 3378 (Sisciae.

1722 3409 2105 3477 imperatricis;
2151 3410 2289 3464 forte
2339 3409 2540 3463 tnonita
2571 3425 2599 3462 a
2651 3409 2900 3464 Conrado
2935 3426 3079 3478 rege,
3111 3411 3306 3466 librmn

1721 3497 2032 3554 Carolinum
2071 3500 2377 3568 liturgicum
2417 3501 2638 3555 Ordinis
2686 3499 2936 3566 Romani,
2976 3501 3302 3569 Splendidis—

1721 3591 1858 3646 simo
1924 3591 2218 3661 exemplari
2283 3592 2501 3653 confici,
2554 3593 2784 3646 etnnlem
2842 3593 3027 3662 figuris
3088 3609 3307 3664 quoque

1720 3682 1880 3752 pictis
1910 3690 2070 3752 atque
2095 3683 2320 3753 epistola
2357 3683 2657 3736 adulatoria
2686 3684 2866 3737 ornari
2893 3684 3074 3754 jussit.

1793 3775 2047 3829 Additum
2092 3790 2305 3844 quoque
2335 3775 2584 3829 eamdem
2625 3776 2695 3828 ob
2740 3789 2958 3830 causam
2999 3776 3306 3847 symbolum

1723 3866 2076 3935 apostolicum
2112 3865 2334 3918 latinum
2379 3879 2500 3918 cum
2527 3865 2862 3931 expositione
2904 3864 3143 3933 ejusdem
3185 3867 3309 3922 inde

1723 3974 1750 4010 a
1787 3956 1912 4010 folio
1951 3956 2019 4010 75
2069 3964 2216 4010 recto
2247 3955 2313 4008 ad
2364 3953 2550 4009 folimn
2592 3956 2659 4008 76
2709 3971 2946 4010 versum.
3001 3957 3074 4011 lbi
3122 3960 3304 4012 statim

1725 4045 1876 4119 initio
1907 4044 2076 4108 illum,
2109 4061 2268 4114 quem
2308 4044 2562 4109 diximus,
2617 4045 2778 4100 linem
2833 4032 3170 4104 demonstrat.
3223 4051 3309 4104 his

1724 4138 1942 4192 verbis:
1978 4157 1994 4186 ι
2022 4136 2336 4207 Symbolum
2381 4151 2542 4206 grece
2584 4136 2748 4192 latine
2802 4137 3036 4191 conlatio
3070 4140 3184 4193 sive
3235 4141 3310 4195 si-

1727 4249 1744 4279 ι
1768 4246 1928 4300 gnum
1966 4229 2047 4283 vel
2083 4229 2358 4282 indicium.
2420 4228 2706 4284 Indicium.
2762 4229 2884 4297 quia
2934 4229 3004 4283 ihi
3040 4225 3309 4303 indicatur

1727 4339 1745 4372 ι
1786 4322 1916 4376 lich
1973 4329 2175 4374 sancta:
2208 4339 2225 4372 ι
2261 4309 2791 4389 trinit:~.tis,qualiter
2843 4321 3102 4374 debeatur
3159 4324 3305 4378 credi
3365 4379 3369 4384 ,

1721 4421 1873 4480 pater
1900 4411 2189 4480 ingenitus.
2227 4411 2364 4464 tilius
2390 4410 2625 4480 genitus.
2663 4428 2680 4460 ι
2715 4409 2937 4483 spiritus
2987 4422 3210 4479 sanctus
3241 4416 3306 4468 ub

88 4525 336 4580 Tantum
369 4538 502 4578 vero.
523 4521 695 4586 abest,
719 4529 778 4576 ut
805 4520 1086 4576 Slavorum
1119 4520 1298 4589 populi
1334 4536 1362 4574 a
1392 4519 1613 4573 Germa.

1723 4517 1943 4573 utroque
1970 4505 2266 4574 procedens.
2299 4523 2316 4554 ι

85 4699 249 4773 (445)
292 4693 492 4750 Nestor
537 4695 598 4750 11.
629 4710 683 4766 p.
732 4694 834 4750 116
857 4725 880 4736 -
903 4694 1002 4748 H7
1059 4693 1185 4761 (ed.
1241 4691 1616 4762 Schnlwzer.)

85 4767 332 4824 Roenefl.
365 4783 421 4824 ι).
451 4767 540 4819 51.

85 4770 332 4828 nomn.
365 4783 421 4828 ι).
451 4770 540 4819 51.

87 4783 332 4838 lioepett.
365 4783 421 4839 p.
451 4783 540 4819 Ol.

87 4845 248 4913 (446)
291 4837 586 4913 Widttlsind
614 4835 660 4913 1Ζ
691 4835 743 4913 7_.
780 4835 934 4890 Pcrtz
980 4835 1041 4889 γ.
1074 4833 1349 4913 p.__§_l8_:"r
1382 4833 1621 4913 Fuerunt

15 4903 201 4968 autern
230 4903 294 4966 et
322 4911 415 4980 qui
444 4911 546 4964 hoc
579 4923 608 4980 ξι
637 4906 872 4980 [amittere
905 4921 1099 4980 nomen
1129 4904 1234 4958 illis
1259 4903 1617 4980 (Saxonibus)

17 4985 256 5040 inditum
293 4971 532 5036 tradant.
568 4976 780 5034 Cultelli
835 4977 977 5030 enim
1027 4985 1208 5029 nostra
1258 4971 1434 5043 lngua
1485 4971 1618 5025 Salis

17 5057 311 5116 dicuntur,
355 5050 584 5119 ideoque
610 5050 854 5116 Saxones
883 5054 1240 5114 nuncupatos,
1262 5047 1354 5114 qui
1390 5043 1620 5098 cultellis

18 5135 231 5178 tantam
263 5119 667 5175 multitudinem
701 5120 983 5174 fudissent.
1022 5135 1040 5167 ι

88 5194 247 5262 (447)
289 5188 582 5262 [νίάιιιίίηά
621 5190 680 5262 ll.
714 5206 762 5262 c.
797 5185 1057 5262 3._(l’ert‘z
1087 5184 1147 5237 V.
1181 5200 1234 5253 p.
1258 5183 1402 5262 438).

90 5255 565 5335 (448)_Teutselte
620 5255 970 5335 Denkm'aler,
1023 5255 1462 5335 hei-ausgegehen
1491 5269 1616 5335 .von

15 5323 242 5398 liait,v.'
272 5330 438 5391 Babo.
469 5329 781 5393 Eitenbenz,
807 5330 957 5382 Mone
1003 5325 1110 5381 und
1141 5323 1355 5398 Weber.
1383 5323 1611 5398 |._Lieft_'.

15 5393 208 5459 Bilder
259 5417 386 5456 zum
420 5399 646 5456 Saecbs.
703 5400 994 5454 Laud-und
1044 5395 1371 5452 Lehnrecht.
1405 5395 1523 5450 'l‘af.‘
1573 5393 1613 5448 1.
1669 5413 1672 5416 ·

1644 5509 1647 5512 .
1721 5467 1970 5533 scriptor.
2004 5467 2042 5518 Ι.
2071 5481 2122 5532 p.
2157 5464 2299 5518 5:35:
2333 5465 2414 5536 Eg
2421 5466 2501 5520 sic
2532 5468 2583 5518 in
2614 5481 2840 5534 persona
2875 5465 3053 5520 Caroli
3077 5465 3300 5536 (Magni)

17 5477 110 5528 lia.
153 5475 247 5528 15.

56 5491 247 5612 sithi}
285 5540 578 5612 Widukind
613 5540 673 5612 ιι.
706 5541 827 5612 on.

290 5609 581 5684 ipsissilnis
617 5611 862 5684 MerkeLi
888 5610 1122 5684 _}'erbis
1172 5610 1222 5662 itt
1269 5607 1438 5662 libro:
1476 5623 1493 5656 ι
1527 5605 1618 5660 Dic

18 5681 217 5750 Letten
243 5701 262 5730 ι
299 5681 386 5750 ed.
421 5681 568 5750 Lips.
606 5683 761 5736 1800.
807 5698 857 5748 p.
887 5681 976 5734 '56.

93 5749 269 5805 Keine
328 5748 520 5808 Natioit
580 5753 713 5805 wird
765 5768 866 5803 von
917 5751 1011 5804 der
1060 5751 1262 5802 nmleru
1311 5763 1372 5801 so
1426 5749 1615 5800 nas-ht-

18 5821 191 5892 heilig
224 5822 573 5892 beurtbrilet,
606 5823 684 5877 als
719 5823 805 5878 die
832 5821 1119 5876 'l‘eutsche.
1157 5821 1226 5875 Es
1255 5821 1322 5873 ist
1353 5819 1615 5874 bekattot-

1724 4691 2006 4764 lich‘nicht
2031 4691 2185 4763 lange
2215 4693 2346 4760 (ιιιιά
2373 4692 2652 4764 gescltieht
2676 4691 2945 4764 vielleicht
2975 4693 3306 4763 nocb),dass

1722 4764 1818 4815 der
1839 4762 2092 4818 Italianer
2120 4761 2234 4818 sich
2267 4761 2425 4818 mutor
2448 4765 2572 4823 dem
2601 4761 2904 4822 Teutschen
2937 4764 3093 4818 einen
3121 4761 3309 4819 'sebla-
3363 4791 3366 4796 -

1723 4834 1918 4904 frigen,
1971 4835 2319 4899 talentlosen;
2353 4835 2465 4888 der.
2500 4833 2768 4904 Frauzose
2816 4833 2974 4888 ein'en
3029 4836 3304 4903 pinnipen,

1723 4903 2120 4976 ungesitteten;
2150 4905 2330 4958 —der
2365 4903 2670 4976 Englander
2709 4905 2870 4976 einen
2916 4905 3306 4976 pedantisclten

1725 4973 2010 5044 Mensehen
2038 4975 2331 5029 vorstellte.
2362 4975 2468 5028 Der
2502 4973 2696 5044 [insse
2719 4975 2894 5042 belegt
2922 4976 3084 5044 jedcn
3110 4975 3309 5029 faselu-

1720 5043 1846 5118 den,
1871 5043 2175 5118 a_tfelitirt_en
2197 5045 2343 5118 Ther
2368 5043 2466 5099 mit
2485 5044 2609 5118 dem
2625 5042 2874 5118 .Nieutcz,
2889 5042 3013 5118 und,
3029 5047 3126 5100 der
3151 5045 3309 5118 Lette

1723 5117 1828 5168 und
1877 5115 2046 5169 Esthe
2102 5115 2419 5169 hezeichuet
2468 5111 2656 5183 damit‘
2703 5113 2832 5167 alles
2887 5114 3301 5183 llochmt'ithige,

1721 5185 1954 5257 tieizige,
1982 5185 2254 5257 IAi‘osltalte,
2275 5181 2776 5257 miteiuemWOHe
2796 5183 2926 5241 alles
2949 5181 3262 5257 Gchassigé.
3282 5207 3298 5238 ι

1791 5253 1938 5322 (151)
1981 5253 2343 5324 Maciejowsky
2375 5255 2408 5305 Ι.
2442 5269 2492 5308 e.

1790 5325 1937 5394 (459.)
1967 5324 2232 5394 Thietmar
2259 5341 2311 5392 p.
2340 5324 2464 5378 515.

1791 5393 2276 5463 (455⁷)(31ινοιιὶεωι
2335 5395 2605 5449 Mintlense
2645 5394 2898 5464 (Meibom
2957 5411 3064 5450 rer.
3124 5411 3296 5464 germ.

1718 5537 2009 5606 dominium
2052 5537 2230 5587 mundi
2262 5536 2329 5587 ad
2375 5534 2697 5606 Teutonicos
2724 5538 2992 5606 pervenit;
3029 5551 3151 5590 nam
3192 5534 3302 5606 ipsi

1719 5605 1906 5658 habent
1961 5607 2187 5676 regimen
2235 5606 2435 5676 ratione
2487 5605 2754 5660 Ecclesiw.
2807 5605 2958 5661 Unde
3013 5605 3300 5676 imperium

1722 5692 1822 5747 nam
1863 5686 1935 5728 est
1967 5673 2105 5744 apud
2137 5673 2369 5735 Grtrros,
2419 5675 2544 5729 licet
2593 5676 2663 5729 ibi
2697 5677 2844 5746 largo
2873 5673 3300 5747 nomine'appcl-

1721 5745 1858 5796 letor
1928 5747 2243 5816 inqu-ratur,
2288 5747 2410 5816 quia
2473 5757 2620 5800 extra
2686 5745 2953 5804 ecciesiam
3012 5745 3297 5818 Imperium

1719 5833 1818 5869 "0!!
1848 5829 1916 5870 L‘Sl
1927 5858 1938 5870 ο
