1946 3159
4 213 1631 237 W

595 265 677 286 ANNO
700 265 813 287 DOHINI
837 266 933 289 DCCCC
940 268 987 289 ιο.

104 324 535 427 JOANNES
580 348 898 456 SMERA
937 353 1538 465 PQLOVECIUS

494 559 762 613 NOTlTlA
810 535 1156 638 ιιιδΤὸΒΙρΑ

367 664 451 699 Cava,
468 664 632 701 Scriptorum
645 665 878 694 ecclesiasticarum
892 668 1003 696 historia
1015 668 1155 703 litteraria,
1167 678 1193 707 p.
1203 671 1265 700 509.

723 736 889 746 —_

35 795 153 824 Joannes
167 795 261 824 Smera
274 797 441 830 Polovecius.
457 800 569 829 natione
586 801 700 835 Russus,
713 802 788 830 Wla-
801 794 825 824 Α
844 803 981 838 religionis
999 803 1150 833 cultoribus
1165 805 1311 833 certiorem
1332 806 1458 834 reddidit.
1476 807 1504 834 ln
1525 807 1635 835 Grreco-

4 841 91 869 dimiri
114 843 185 878 regis
208 843 330 871 medicus
351 849 378 871 et
398 846 500 879 rhetor,
519 846 618 874 claruit
634 854 705 874 anno
726 847 788 875 990.

4 886 75 914 Inter
102 888 250 922 scriptores
272 889 471 919 ecclesiasticos
493 891 581 919 locum
611 892 706 926 habet,
735 901 788 921 non

4 932 71 966 quod
93 932 167 967 plura
189 938 249 968 post
273 942 302 962 se
321 935 429 970 reliquit
445 937 585 972 opuscula,
611 943 701 966 exstat
716 940 789 966 enim

4 985 55 1005 non
72 979 122 1006 nisi
138 979 252 1013 epistola
276 981 366 1014 unica,
383 982 431 1009 sed
454 983 488 1010 oh
511 983 674 1018 singularem
689 985 727 1012 rei
741 993 791 1013 no-

4 1023 122 1051 vitatem.
138 1024 316 1053 Wladimirus
331 1034 472 1061 supremus
486 1027 636 1055 Russorum
653 1029 789 1064 princeps,

4 1069 129 1104 religione
145 1070 412 1105 gentilis.llelenam,
427 1072 498 1104 sive,
510 1077 539 1100 ut
550 1073 594 1100 alii
608 1078 715 1107 vocant,
731 1075 788 1102 An»

4 1124 74 1148 tam,
88 1115 176 1144 Basilii
184 1121 209 1143 et
220 1116 389 1144 Constantini
403 1118 595 1152 imperatorum
611 1119 730 1148 Orientis
744 1128 791 1148 so-

4 1167 98 1191 'orem,
112 1161 137 1189 in
160 1169 272 1189 uxorem
291 1163 375 1201 duztit.
395 1163 452 1197 Qua
468 1164 612 1192 occasione
632 1165 789 1201 religionem

4 1205 181 1234 Ihristiauam
200 1207 340 1242 amplexus
360 1212 412 1240 est,
437 1213 466 1236 et
486 1209 565 1237 Russi
589 1210 614 1236 in
632 1210 788 1238 Grzecorum

4 1252 67 1280 'itus
77 1252 247 1281 transferunt.
262 1254 400 1282 Antevero
413 1263 493 1290 quam
502 1256 560 1283 haec
569 1256 789 1289 lierent,Wladi-

4 1297 96 1330 uirus,
108 1297 238 1325 idolorum
253 1300 334 1327 cultui
349 1301 438 1328 adhuc
450 1301 575 1335 deditus,
590 1302 616 1329 in
632 1302 720 1330 varias
734 1311 793 1337 qua:

4 1350 55 1369 um
87 1342 212 1377 vigebant
238 1344 382 1380 religiones
410 1346 549 1381 inquirere
568 1348 670 1382 cmpit,
700 1349 790 1376 missis

4 1387 184 1422 ndequaque
200 1389 270 1416 hanc
291 1390 317 1416 in
342 1398 398 1417 rem
412 1392 641 1426 exploratoribus.
663 1393 792 1420 Instanti-

6 1440 50 1460 us
69 1432 277 1467 Mahumetanis,
290 1434 397 1461 illorum
414 1436 516 1463 cultum
531 1437 605 1464 velut
619 1436 719 1464 imdum
737 1442 793 1465 tur-

4 1486 115 1513 emque
127 1480 293 1515 contemptui
306 1481 408 1508 habuit.
423 1481 450 1508 In
462 1482 618 1510 Graecorum
632 1483 788 1519 religionem

4 1525 194 1560 ropendebat.
223 1525 281 1560 Quo
307 1535 373 1555 vero
401 1528 485 1556 tutius
509 1530 689 1564 procederet,
716 1531 790 1558 misit

4 1578 131 1599 )annem
156 1576 277 1600 nostrum
303 1574 349 1608 qui
366 1574 456 1601 varias
472 1575 597 1610 regiones
620 1582 787 1611 peragraret,

4 1626 84 1653 aque
98 1618 130 1646 de
144 1620 269 1647 omnibus
290 1621 436 1648 certiorem
453 1622 565 1650 laceret.
578 1623 724 1658 Peragrata
739 1624 790 1651 ita-

4 1672 47 1691 ue
71 1663 218 1698 Pannonia,
234 1666 340 1700 Servia,
364 1666 500 1702 Bulgaria,
525 1668 621 1703 Mysia,
637 1676 788 1703 magnoque

9 1716 154 1736 ramorum
170 1711 294 1745 imperio,
315 1712 470 1744 Antiochia,
497 1712 707 1748 Hierosolymis,
728 1717 789 1747 tan-

4 1764 58 1783 em
78 1756 183 1782 devertit
196 1756 222 1783 in
233 1757 412 1792 Egyptum,et
427 1758 597 1786 Alexandria:
612 1759 656 1786 diu
670 1766 790 1786 commo-

4 1805 78 1827 atus
93 1804 143 1831 est,
158 1808 236 1827 sacro
256 1801 364 1828 lavacro
386 1802 422 1829 ibi
446 1802 578 1830 initiatus.
592 1803 631 1830 Ex
654 1803 705 1831 hac
724 1804 790 1831 urbe

4 1848 112 1874 ittcras
132 1846 165 1873 ad
178 1846 367 1874 Wladimirum
383 1848 468 1881 dedit,
483 1849 581 1883 quibus
593 1856 653 1876 eum
666 1849 699 1876 de
711 1849 793 1877 variis

842 856 902 876 rum
916 856 1005 876 mores
1023 853 1051 876 et
1065 849 1189 877 instituta
1209 851 1300 878 aerius
1322 851 1471 884 invehitur,
1486 859 1634 887 eorumque

842 894 948 921 ruinam
957 898 985 921 et
996 894 1109 922 exitium
1122 895 1157 922 ob
1167 895 1357 928 idololatriam,
1366 896 1531 931 hypocrisin,
1540 904 1636 932 supcr-

841 939 925 973 biam,
938 939 1127 968 crudelitatem
1142 940 1249 975 aliaque
1260 940 1325 967 vitia
1341 941 1480 976 prtedicit;
1495 941 1633 969 ultimam-

842 993 895 1019 que
911 989 1018 1020 genlem
1034 984 1175 1012 Judaieam
1193 986 1227 1013 ad
1245 986 1394 1013 doctrinam
1409 985 1509 1014 Christi
1522 994 1636 1014 conver-

843 1030 963 1057 tendam.
987 1030 1095 1057 Claudit
1121 1031 1228 1058 litteras
1253 1031 1296 1058 his
1321 1030 1510 1058 Wladimirum
1534 1023 1635 1058 verbis.

844 1075 971 1110 Ideoque,
987 1084 1002 1102 ο
1014 1084 1070 1108 γεω,
1088 1084 1140 1103 non
1155 1075 1213 1102 licet
1229 1076 1277 1103 tibi
1289 1076 1420 1110 suscipere
1435 1082 1520 1104 mores
1534 1081 1558 1103 et
1575 1076 1638 1103 reli-

841 1121 945 1154 gionem
961 1120 1092 1148 ercam.
1111 1120 1159 1148 Sin
1174 1129 1234 1148 vero
1253 1130 1310 1149 eam
1323 1122 1482 1156 susceperis,
1500 1130 1546 1157 ego
1562 1122 1596 1148 ad
1613 1126 1637 1148 te

844 1175 978 1202 nunquam
998 1167 1164 1201 proﬁciscar,
1191 1167 1236 1194 sed
1263 1168 1305 1194 Itic
1327 1167 1490 1194 obdormiens
1505 1168 1637 1202 judicium

844 1211 909 1239 Filii
927 1211 978 1239 Dei
991 1213 1156 1247 exspectabo.
1172 1212 1288 1248 Scripsit
1304 1213 1375 1239 hanc
1389 1212 1530 1247 epistolam
1547 1212 1637 1247 lingua

844 1257 996 1294 Bulgarica,
1016 1259 1043 1285 in
1060 1258 1160 1286 tabulis
1177 1259 1268 1290 aereis,
1284 1258 1382 1286 litteris
1406 1258 1512 1286 ferreis.
1527 1257 1637 1284 Tabula:

847 1306 875 1334 in
894 1306 1062 1333 monasterio
1085 1305 1236 1333 Salvatoris
1251 1304 1458 1336 Prtemislicnsi,
1475 1311 1527 1331 non
1544 1303 1638 1338 procul

845 1359 860 1378 a
872 1352 959 1379 veteri
971 1350 1118 1383 Sambore,
1130 1351 1297 1378 delituerant
1308 1350 1340 1377 ad
1353 1357 1452 1376 annum
1461 1356 1546 1383 usque
1557 1348 1638 1380 1567,

844 1405 898 1432 quo
913 1397 1036 1424 Andreas
1051 1396 1236 1432 Kolodynsky,
1250 1396 1411 1423 ’Russorum
1426 1395 1568 1427 diaconus,
1592 1401 1639 1421 eas

846 1443 873 1470 in
887 1449 1042 1471 sermonem
1061 1441 1205 1470 Russicum
1221 1447 1250 1470 et
1263 1442 1419 1469 Polonicum
1436 1440 1583 1469 transtulit.
1600 1440 1639 1467 Ex

845 1488 985 1520 Polonico,
1005 1496 1050 1515 an.
1070 1488 1152 1520 1677,
1174 1488 1273 1515 Latine
1290 1487 1373 1515 vertit
1387 1486 1549 1514 Benedictus
1566 1484 1638 1511 Wis-

843 1533 1143 1561 sowatiusNersionem
1151 1533 1242 1568 ejnsin
1251 1532 1338 1559 lucem
1351 1531 1462 1566 protulit
1475 1530 1592 1557 Sandius
1605 1530 1634 1556 in

843 1580 958 1613 Append.
967 1579 1001 1605 ad
1011 1578 1081 1605 Hist.
1088 1578 1170 1609 Each,
1179 1586 1206 1612 p.
1214 1578 1243 1604 6i
1251 1597 1257 1603 .
1267 1576 1495 1604 ExindeAndreas
1503 1575 1634 1610 Wenger-

843 1624 916 1651 scius
936 1624 964 1650 in
980 1623 1098 1658 Append.
1112 1624 1147 1650 ad
1159 1623 1231 1650 Hist.
1248 1622 1348 1649 Eccles.
1369 1622 1483 1656 provinc.
1502 1620 1636 1651 Soluente,

843 1677 870 1704 p.
888 1669 951 1697 499.
968 1668 1026 1696 Non
1043 1676 1156 1703 parvam
1176 1668 1240 1695 huic
1261 1667 1380 1702 epistola:
1395 1667 1482 1694 lucem
1498 1665 1637 1692 all‘undo-nt

843 1714 1011 1742 Miechowita
1034 1714 1107 1742 Hist.
1133 1708 1299 1741 Polonﬁlib.
1317 1721 1348 1747 tt,
1373 1721 1432 1747 cap.
1456 1714 1482 1743 5,
1500 1712 1546 1738 fol.
1570 1711 1634 1739 990.

845 1761 990 1789 Cromerus
1009 1761 1046 1788 De
1074 1761 1148 1795 Orig.
1174 1766 1199 1787 et
1222 1760 1298 1788 rebus
1319 1759 1397 1795 gestis
1419 1758 1513 1793 I’glon.
1536 1758 1583 1784 lib.
1597 1765 1637 1789 Ill,

845 1816 874 1843 p.
890 1809 935 1842 51,
952 1812 982 1836 ut
996 1809 1065 1836 alios
1081 1808 1196 1835 mittam.

4 1903 1635 1920 —_—____—______—_____—___—__——-

392 1962 719 2019 SMERE
760 1963 1251 2020 POLOVECII

690 2056 949 2095 EPISTULA

95 2132 193 2197 AD
224 2133 767 2200 WLADIMIRUM
802 2135 1232 2199 RUSSORUM
1280 2134 1551 2198 REGEM

426 2231 563 2267 (SANDIUS,
576 2230 693 2266 Append.
708 2230 742 2256 ad
759 2229 902 2256 Historiam
917 2229 1131 2262 ecclesiasticam,
1145 2237 1172 2265 p.
1194 2229 1253 2265 6|.)

758 2287 898 2296 _————-

435 2349 841 2395 APOGRAPHUM
879 2348 1194 2394 EPISTOLIE

32 2423 126 2456 Quam
147 2425 250 2459 scripsit
269 2429 420 2459 explorator
436 2433 481 2451 seu
501 2425 608 2451 nuntius
630 2424 800 2453 Wladimiri.
825 2424 938 2458 supremi
960 2423 1102 2450 Rnssorum
1120 2423 1260 2458 principis,
1281 2422 1635 2459 Alexandriardt'gyptiaca,

4 2460 67 2485 irra
84 2467 185 2485 annum
204 2459 266 2489 990,
286 2465 400 2493 tempore
410 2468 461 2494 quo
480 2459 572 2486 Russia
586 2460 700 2486 nondum
722 2460 878 2494 baptismum
897 2459 1069 2493 suscepisset;
1085 2466 1142 2492 qua:
1160 2458 1288 2485 translata
1302 2463 1339 2485 est
1355 2466 1387 2494 ex
1406 2458 1509 2494 scriptis
1524 2460 1639 2494 antiqua.-

6 2493 129 2520 actrina:
154 2493 312 2527 Rnssorum,
329 2492 374 2528 per
399 2492 530 2521 Andream
552 2494 721 2529 Kalodynsky
737 2492 912 2529 a‘Witepsko,
929 2494 956 2520 in
979 2494 1135 2520 hodiernum
1150 2493 1286 2527 scriptum,
1312 2493 1437 2529 elingui:
1457 2492 1640 2529 Bulgarica,'e
1673 2523 1680 2529 ,

4 2528 99 2555 atmiis
114 2530 190 2555 arreis
207 2530 316 2556 int-cratis
329 2527 358 2556 in
372 2531 529 2557 monasterio
547 2527 792 2559 Sulcatbrisfterrrc
811 2528 1015 2556 Prmmissiensis
1026 2549 1033 2561 ,
1052 2537 1104 2555 non
1121 2529 1211 2561 procul
1224 2537 1239 2554 a
1259 2528 1336 2555 veteri
1352 2527 1496 2561 Sambore,
1511 2527 1556 2554 ubi
1571 2529 1637 2556 cele-

6 2564 48 2589 ris
64 2564 124 2590 dum
139 2563 191 2591 Leo
206 2565 270 2591 situs
286 2570 332 2598 est,
346 2574 414 2591 anno
430 2565 507 2592 1567.
522 2564 618 2591 Postea
634 2573 692 2591 vero
712 2565 779 2590 idem
794 2564 912 2591 Andreas
927 2564 1061 2590 transtulit
1075 2572 1133 2590 eam
1146 2572 1159 2590 e
1173 2563 1313 2597 Bulgarico
1327 2564 1424 2598 scripta
1438 2564 1464 2589 in
1481 2562 1637 2590 Polonicum

4 2599 130 2632 inquam.
146 2599 249 2626 Dictum
271 2601 406 2634 epistulari:
421 2609 452 2627 ex
472 2608 521 2627 ms.
546 2601 634 2626 codice
650 2599 775 2626 Polonico
792 2599 804 2625 1
822 2599 969 2633 Rgniovicii
985 2598 1128 2625 Trembecii
1146 2607 1161 2624 rt
1178 2606 1205 2625 se
1226 2600 1378 2625 verbolenus
1404 2598 1485 2625 latine
1507 2598 1638 2625 redditum

5 2641 84 2660 team
101 2636 302 2662 communicavit
319 2633 474 2662 Benedictus
494 2635 691 2667 Wissowatius,
709 2635 781 2668 filius
798 2635 910 2661 Androm
929 2634 1104 2666 l’Vissowatii,
1127 2638 1155 2660 ut
1176 2634 1313 2668 sequitur:

29 2704 231 2733 Potentissime
247 2714 291 2733 rex
309 2705 477 2739 Wladimire,
505 2705 604 2741 inclyte
630 2706 719 2736 heros.
742 2705 789 2732 tiO-
804 2700 826 2731 C
842 2706 869 2730 ct
882 2701 954 2730 solus
967 2701 1073 2736 sapiens
1089 2705 1166 2736 regat
1183 2705 1209 2728 te
1224 2701 1296 2728 sicut
1317 2701 1374 2736 ipse
1388 2702 1450 2735 scit,
1473 2701 1499 2736 in
1513 2701 1633 2735 potentia

4 2751 74 2778 nine
104 2751 141 2777 mi
165 2752 261 2783 cbat‘e,
287 2752 456 2779 hmreditnrie
479 2752 631 2783 dominator
654 2750 793 2785 regionum

4 2796 211 2836 ilavonicarurn
224 2819 231 2830 ,
249 2802 308 2832 post
331 2798 535 2825 a'dilicationem
555 2797 637 2825 turris
660 2804 794 2832 propaga-

4 2850 91 2874 arunt
110 2849 126 2869 e
140 2844 312 2879 generatione
327 2843 432 2878 Jai‘het,
449 2844 517 2871 Deus
533 2843 609 2870 rivus
625 2843 794 2878 omnipotens

846 2752 873 2782 et
886 2751 1028 2782 potestate,
1043 2747 1076 2773 ad
1088 2746 1187 2773 multos
1198 2754 1293 2774 annos.

882 2796 966 2823 Hodie
981 2796 1051 2823 scias
1063 2804 1076 2823 a
1094 2804 1148 2829 me,
1161 2804 1219 2828 rex,
1243 2796 1321 2823 (lctus
1346 2796 1410 2823 mihi
1428 2803 1534 2831 semper
1548 2795 1637 2823 obori-

850 2848 892 2871 tur
907 2851 967 2871 cunt
987 2843 1116 2881 suspirio,
1132 2844 1202 2879 quod
1227 2852 1268 2871 me
1286 2844 1454 2880 ablegaveri‘s
1472 2844 1497 2871 in
1514 2845 1636 2880 regiones
