3892 6318
683 278 823 333 1407

1971 274 2264 332 arroso.
2312 273 2405 328 AD
2451 273 2622 330 suae.
2650 274 2720 331 ι.
3662 303 3730 357 ,,,,

687 400 926 460 Graecas,
959 412 988 449 a
1025 396 1405 450 communione
1450 394 1732 448 eharitatis
1772 402 1874 446 true
1904 402 1959 445 et
1989 401 2256 445 terrarum
2291 393 2335 448 Α
2362 374 2622 452 ﬁrmatus,
2659 390 2799 458 quod
2838 389 2979 458 apud
3004 387 3329 446 Christianos
3364 408 3509 463 pozset
3531 414 3663 461 sema
3680 414 3728 469 ιι»

689 490 1039 544 Russicarttm
1068 528 1082 549 ,
1132 495 1353 556 propter
1396 485 1820 555 explorationem
1878 483 2150 553 religionis
2198 496 2263 535 ac

690 592 900 632 morum
929 594 941 629 :
976 590 1112 644 quas
1139 575 1208 629 ob
1238 590 1325 629 res
1354 574 1443 628 hic
1470 586 1843 642 saepenumero
1872 586 2060 639 parum
2093 568 2265 622 abluit

688 672 817 737 quin
858 668 1093 736 perirem
1127 686 1139 719 :
1179 664 1461 733 nullusque
1489 665 1619 719 mihi
1654 677 1795 717 nunc
1821 663 1947 715 hinc
1978 661 2031 715 in
2063 671 2263 714 terram

690 770 834 809 tuam
883 767 1029 825 patet
1060 757 1329 811 introitus.
1372 754 1487 823 Qua
1535 756 1601 809 de
1651 768 1708 807 re
1747 750 2140 822 magniﬁcentia
2172 759 2262 804 tua

688 850 766 900 sic
799 848 1082 914 intelligat.
1130 848 1377 901 Trausivi
1424 848 1634 901 deserta
1683 860 1778 913 per
1821 844 2100 897 cacumina
2141 858 2263 897 cum

689 941 961 1003 molestia,
996 940 1326 993 Pannoniam
1358 938 1542 992 itidem
1588 936 1829 996 transivi,
1873 944 1926 989 et
1958 934 2263 988 Danubium

691 1032 875 1095 trajeci
923 1047 1045 1085 cum
1086 1046 1275 1099 magna
1305 1044 1565 1082 aerumna.
1600 1028 1789 1081 Postea
1830 1027 2098 1091 Serbiam,
2137 1027 2265 1081 Bul-

689 1124 929 1190 gat-iant,
983 1119 1244 1191 Mysiam,
1304 1127 1360 1172 et
1418 1132 1668 1184 magnum
1720 1113 1931 1170 celebre
1983 1116 2265 1185 imperium

687 1212 1020 1277 Gnccorum,
1067 1227 1187 1263 cum
1230 1211 1467 1277 quinque
1512 1209 1691 1279 regnis
1747 1207 1890 1274 ejus,
1938 1207 2121 1275 fuique
2156 1207 2267 1261 An-

691 1305 935 1367 tiochiae,
985 1312 1172 1371 postea
1223 1301 1627 1371 llicrosolymaa.
1683 1299 2050 1368 Hierosolyma
2088 1306 2265 1352 autem

689 1396 810 1448 veni
854 1396 959 1448 huc
993 1394 1394 1446 Alexandriam.
1428 1392 1523 1446 Hie
1551 1406 1680 1446 vero
1718 1392 1823 1445 vidi
1872 1391 2068 1459 ubique
2107 1405 2268 1459 syna-

690 1501 859 1556 gogas
906 1496 1217 1554 sumptuose
1252 1485 1563 1550 fabricatas,
1592 1485 1644 1537 iu
1671 1484 1864 1551 quibus
1893 1482 2137 1537 homines
2155 1498 2269 1535 mo-

703 1590 823 1628 rum
864 1576 1107 1643 aspidnm
1153 1582 1207 1627 et
1243 1572 1638 1626 basiliscorum.
1682 1571 1946 1626 Prmterea
1987 1586 2116 1627 vero
2156 1572 2265 1627 vidi

688 1665 852 1718 etiam
902 1680 1005 1717 non
1051 1678 1253 1732 paucos
1294 1663 1731 1718 Christianorum
1772 1672 2096 1728 conventus,
2125 1662 2263 1732 apud

688 1770 826 1825 quos
844 1756 954 1825 jam
981 1754 1123 1808 ttulla
1153 1754 1291 1809 idola
1318 1764 1464 1818 sunt,
1492 1764 1697 1810 tantum
1725 1770 1906 1809 mensa
1930 1764 1981 1809 et
2022 1770 2264 1810 scamna.
2299 1732 2342 1786 Β

688 1845 754 1901 Hi
798 1855 979 1899 autem
1025 1846 1272 1901 homines
1306 1856 1435 1901 sunt
1484 1846 1715 1916 theologi
1764 1847 1841 1916 (in
1887 1846 2143 1901 Polonico
2184 1856 2269 1901 est

685 1936 1052 2007 Bogomowey,
1082 1938 1120 1990 i.
1151 1954 1195 1991 e.
1226 1938 1291 1991 de
1325 1937 1433 1991 Deo
1481 1938 1768 2007 loquentes)
1815 1938 2049 2002 honesti,
2104 1954 2269 2007 super

686 2030 870 2085 omnia
921 2030 1209 2098 diligentes
1266 2045 1473 2098 pacem,
1514 2030 1673 2101 plane
1725 2030 1871 2085 velut
1917 2031 2093 2100 angeli
2149 2031 2264 2085 Dei.

686 2120 1029 2176 Conveniunt
1069 2130 1249 2174 autem
1288 2120 1354 2174 ad
1400 2121 1676 2175 doctrinas
1717 2120 1962 2189 quotidie
2009 2136 2072 2173 ex
2109 2136 2266 2175 tuan-

687 2211 817 2266 dato
848 2211 962 2277 Dei,
1000 2222 1055 2265 et
1085 2212 1151 2265 ad
1184 2226 1373 2279 preces
1416 2211 1735 2265 antelucano
1774 2220 2036 2279 tempore,
2082 2227 2270 2267 rursus

685 2319 816 2357 vero
862 2312 982 2372 post
1030 2318 1285 2357 occasum
1340 2302 1491 2366 solis,
1542 2302 1830 2371 aliquando
1874 2312 2056 2355 autem
2107 2302 2266 2356 tertia

686 2403 742 2450 et
794 2410 933 2449 nona
961 2396 1092 2449 hora
1125 2395 1254 2448 diei.
1287 2393 1396 2448 llos
1442 2403 1622 2447 autem
1667 2394 1757 2447 hic
1799 2393 2044 2447 homines
2071 2394 2268 2463 ubique

688 2487 968 2540 nominant
993 2495 1240 2540 sanctum
1269 2485 1360 2539 Dei
1392 2500 1589 2538 novum
1613 2483 1965 2537 lsraeliticum
1991 2484 2266 2553 populum,

687 2590 785 2630 seu
812 2575 1087 2630 lsraelem.
1121 2575 1437 2643 Sequuntur
1466 2582 1646 2627 autem
1678 2574 1766 2627 hic
1791 2573 1933 2628 hanc
1967 2574 2266 2630 doctrinam

687 2678 744 2724 et
791 2684 945 2739 reges
991 2668 1158 2737 aliqui
1206 2682 1331 2721 cum
1375 2668 1490 2722 suis
1535 2666 1872 2733 doctoribus,
1921 2674 1977 2720 et
2013 2681 2114 2735 ego
2146 2668 2260 2736 ipse

686 2776 903 2831 semper
951 2776 1045 2815 eos
1092 2760 1357 2815 doctrinae
1404 2774 1569 2815 causa
1613 2759 1837 2815 accedo.
1884 2758 1949 2812 Et
1990 2757 2101 2825 jam
2149 2775 2269 2813 sum

688 2851 828 2920 apud
856 2864 951 2905 eos
983 2848 1256 2919 regeuitus
1284 2863 1423 2917 aqua
1454 2858 1508 2902 et
1534 2848 1739 2917 Spiritu
1766 2889 1782 2914 ,
1832 2848 1884 2901 in
1914 2847 2134 2903 nomine
2162 2846 2268 2901 Pa-

689 2946 789 3000 tris
813 2946 903 3000 Dei
930 2944 1339 3014 omnipotentis,
1370 2953 1426 3012 et
1455 2943 1577 2996 Filii
1607 2942 1724 3009 ejus
1750 2942 1975 3005 Christi,
2005 2951 2060 2996 et
2091 2942 2267 2996 sancti

689 3037 956 3105 Spiritus,
1014 3051 1080 3113 ex
1118 3034 1475 3089 «eodevaeo
1520 3033 1897 3102 procedentis;
1936 3048 2039 3102 qua
2091 3033 2181 3113 de:
2208 3048 2269 3087 re

688 3127 884 3183 librum
915 3110 1102 3182 eorum
1153 3127 1595 3196 cognominatum
1635 3124 1955 3194 Evangelia,
1998 3110 2265 3180 cmn‘do-

688 3220 876 3273 etrinis
908 3218 1301 3287 apostolorum,
1351 3218 1468 3283 tibi,
1513 3233 1631 3283 rex,
1665 3217 1839 3279 mitto,
1870 3226 1932 3271 ut
1974 3217 2260 3286 percipias.

689 3310 794 3365 Sed
838 3310 905 3363 de
955 3310 1059 3364 hoc
1105 3309 1269 3364 etiam
1312 3309 1453 3363 sciat
1489 3318 1669 3363 vestra
1720 3318 2003 3379 potestas:
2051 3308 2159 3363 vidi
2211 3309 2265 3364 in

687 3397 919 3453 Caesaris
964 3399 1192 3462 ilitione,
1224 3397 1365 3466 quod
1417 3398 1523 3453 illis
1569 3398 1772 3468 probis,
1802 3397 1905 3467 piis
1934 3396 2263 3462 hominibus,

688 3487 885 3556 injuria
926 3504 1121 3560 magna
1155 3490 1279 3555 llat;
1319 3489 1575 3559 quoniam
1606 3489 1780 3544 Graeci
1819 3489 2114 3544 existentes
2145 3504 2265 3544 ser-

686 3595 849 3635 moue
883 3580 1104 3651 collidit,
1135 3590 1191 3635 et
1230 3592 1582 3651 arrogantes,
1613 3596 1680 3634 ex
1723 3580 2004 3635 mendacio
2042 3588 2268 3649 possunt

687 3670 871 3725 facere
903 3685 1016 3725 rem
1051 3669 1274 3740 justam,
1321 3671 1599 3725 imitantes
1648 3670 1701 3724 in
1743 3669 1845 3725 hoc
1874 3672 2135 3740 quasdam
2176 3671 2268 3726 do-

686 3761 915 3828 etrinas,
934 3769 990 3815 et
1014 3761 1257 3816 instituta
1290 3760 1554 3825 Romana,
1572 3761 1911 3815 attrahentes
1938 3776 2035 3814 sua
2062 3761 2264 3815 astutia

687 3851 937 3906 homines
959 3851 1236 3920 simplices
1265 3852 1331 3905 ad
1362 3866 1491 3906 suas
1513 3865 1815 3922 synagogas
1834 3859 1889 3905 et
1910 3851 2264 3905 ecclesias....

687 3940 792 4010 (hic
812 3940 951 3993 deest
976 3940 1179 4005 vocula,
1209 3956 1325 4009 quae
1361 3941 1415 3994 in
1450 3939 1703 3995 Polouico
1730 3940 2017 4011 exemplari
2050 3940 2149 4012 legi
2177 3957 2266 3995 ue-

683 4031 853 4101 quit),
900 4030 999 4100 ipsi
1044 4031 1231 4085 dicunt
1277 4046 1398 4085 esse
1438 4033 1605 4085 Demu
1647 4032 1895 4093 unicum,
1931 4033 2269 4103 omnipoten-

686 4130 827 4187 tem;
867 4121 1059 4176 Filium
1092 4132 1272 4176 autem
1318 4122 1411 4177 Dei
1450 4123 1784 4192 unigenitum
1815 4123 1998 4178 Iesum
2031 4124 2267 4181 Nazare-

684 4228 836 4277 num,
860 4213 1101 4284 ejusdem
1134 4211 1340 4282 Spiritu
1367 4222 1559 4269 sancto
1582 4222 1706 4284 post
1730 4216 1976 4283 quaedam
2001 4223 2260 4286 tempora,

683 4320 713 4359 ο
742 4305 1373 4392 Davidisgeneratione,
1417 4304 1713 4360 secundum
1748 4308 1967 4376 antiqua
1997 4305 2110 4375 ejus
2139 4322 2264 4376 pro-

683 4398 870 4461 missa,
904 4398 957 4452 in
989 4406 1139 4453 casta
1177 4398 1400 4468 Virgine
1425 4396 1593 4452 Maria
1620 4408 1938 4469 conceptqu
1970 4407 2024 4453 et
2053 4408 2259 4462 natum,
2291 4433 2340 4492 υ

681 4487 839 4558 cujus
885 4489 1080 4545 solium
1127 4489 1348 4543 durabit
1394 4504 1563 4558 usque
1610 4490 1663 4543 in
1696 4499 1975 4552 internum,
2005 4490 2259 4559 quoniam

682 4589 767 4635 est
811 4580 933 4649 jure
998 4591 1222 4638 vocatus
1289 4579 1457 4636 Filius
1512 4581 1636 4647 Dei,
1700 4591 1755 4637 et
1795 4580 2071 4644 Servator,
2121 4582 2262 4636 Deus

679 4672 858 4739 fortis,
907 4672 1069 4727 Pater
1114 4672 1280 4727 futuri
1330 4672 1542 4738 saeculi;
1570 4682 1828 4741 pneterea
1850 4688 1979 4728 vero
2003 4683 2061 4727 ut
2085 4690 2176 4727 rex
2207 4681 2264 4727 et

674 4764 839 4833 judex
884 4779 915 4818 a
953 4765 1065 4820 Deo
1110 4763 1328 4829 lsraelis
1358 4773 1443 4819 est
1482 4764 1579 4819 toti
1630 4765 1827 4818 tnttndo
1863 4763 2258 4827 manifestatus,

679 4854 821 4908 sicut
867 4854 971 4908 hoc
1020 4852 1151 4907 mihi
1194 4868 1223 4907 a
1273 4853 1555 4924 magistro,
1596 4851 1796 4906 dudum
1845 4867 1942 4922 pro
1986 4861 2134 4905 certo
2167 4868 2263 4907 no-

682 4956 794 5004 tum
823 4956 928 5001 est.
974 4945 1115 5001 Ecce
1161 4955 1343 5001 autem
1393 4946 1568 5001 Graeci
1611 4947 1923 5001 deserentes
1965 4944 2057 4999 Dei
2088 4945 2262 4999 omni-

678 5035 915 5105 potentis
950 5046 1301 5107 praeceptum,
1346 5047 1401 5092 et
1440 5037 1713 5107 propriam
1765 5052 1917 5091 suam
1948 5036 2262 5105 explicatio-

677 5141 825 5192 nem,
854 5125 1038 5181 Cil‘Sill'
1080 5143 1144 5180 ac
1191 5127 1521 5198 patriarcha:
1550 5142 1671 5181 eum
1719 5140 1916 5183 etctero
1943 5143 2041 5181 suo
2069 5138 2260 5182 senatu

676 5216 947 5270 nominari
992 5233 1053 5271 se
1098 5217 1261 5271 etiam
1296 5233 1494 5271 novum
1544 5217 1795 5273 Israelem
1844 5218 2129 5279 mandant;
2167 5220 2258 5287 ju-

677 5308 807 5361 benl
854 5308 1017 5361 etiam
1066 5308 1187 5364 illos
1237 5308 1433 5365 fratres
1479 5324 1609 5363 suos
1655 5325 1941 5379 pauperes,
1995 5310 2091 5379 ipsi
2140 5310 2259 5363 exi-

682 5406 889 5455 stentes
917 5400 1103 5465 vividi,
1137 5400 1337 5456 invitos
1363 5402 1463 5456 sibi
1494 5403 1726 5466 servire,
1762 5412 1817 5457 et
1855 5418 2075 5457 censum
2106 5402 2254 5457 dare.

679 5487 948 5545 Prteterea
984 5507 1113 5548 vero
1148 5495 1437 5565 prohibent
1465 5495 1569 5551 illis
1596 5510 1795 5551 uxores
1824 5496 2041 5561 dueere,
2084 5497 2260 5550 vietu-

679 5595 785 5649 que
825 5583 1123 5637 secundum
1168 5585 1501 5641 voluntatem
1544 5602 1695 5641 suam
1728 5602 1851 5642 cum
1883 5586 2259 5642 benedictione

681 5672 821 5738 litui;
852 5672 929 5730 sic
962 5675 1125 5731 etiam
1155 5687 1208 5733 et
1246 5688 1393 5734 artes
1424 5679 1693 5747 liberales,
1728 5689 1780 5736 et
1811 5696 1985 5748 arnta,
2023 5680 2145 5750 quia
2177 5690 2258 5737 est

2367 491 2533 542 ueste,
2566 480 2775 534 etiamsi
2809 481 3012 549 absque
3042 482 3343 538 necessitate
3370 500 3558 556 urgente,
3581 510 3681 551 eam
3699 522 3728 556 ες

2365 571 2465 624 sibi
2502 570 2569 623 ab
2600 568 2818 629 invidia,
2852 578 2907 622 et
2944 570 3155 624 interna
3183 576 3544 633 exacerbatione.
3568 582 3731 644 llliaueu

2366 661 2467 715 hoc
2495 662 2544 714 in
2576 676 2671 714 sua
2713 669 2977 727 potestate
3006 662 3260 725 retinent,
3301 663 3406 718 ideo
3430 678 3476 720 ut
3502 670 3542 721 in
3562 673 3732 732 istotnter.

2367 750 2514 803 dicto
2557 750 2789 803 habeant
2822 764 3074 819 magnum
3117 751 3353 820 populum
3395 755 3437 807 iu
3471 761 3735 822 sertllllestu.

2369 839 2608 907 Denique
2656 848 2777 908 post
2807 847 3035 893 mortem
3083 855 3234 893 suam
3268 840 3436 909 jnbent
3473 846 3651 916 imagines
3673 872 3739 913 stus

2366 930 2615 997 adorari,
2643 941 2698 985 et
2726 931 3006 999 imponunt
3044 930 3314 985 nominum
3350 948 3527 988 suorum
3556 940 3742 999 «lenoni...

2368 1026 2541 1081 tiones
2583 1041 2705 1080 cum
2734 1020 2886 1094 sigito
2914 1025 3194 1089 domuum,
3226 1036 3283 1079 ut
3304 1026 3352 1079 in
3375 1037 3577 1083 aeternum
3598 1036 3667 1087 sint
3689 1054 3743 1091 ne.

2368 1117 2657 1171 tuorabiles
2709 1126 2765 1170 et
2813 1116 3085 1180 celebres;
3142 1118 3196 1169 in
3250 1116 3358 1169 illas
3406 1127 3546 1171 autem
3583 1124 3745 1188 prima

2367 1209 2556 1262 domos
2579 1206 2773 1275 jubeut
2796 1220 2890 1260 eos
2918 1206 2983 1258 ad
3014 1219 3204 1275 preces
3230 1206 3305 1259 ire
3332 1222 3439 1260 cum
3476 1210 3593 1263 thure
3622 1228 3660 1264 ac
3680 1230 3746 1265 cn-

2368 1298 2522 1361 delis,
2555 1306 2609 1352 et
2635 1312 2758 1351 eum
2798 1298 3081 1365 omnigena
3112 1297 3391 1351 esculentis
3415 1298 3642 1364 sacriﬁciis,
3659 1318 3749 1355 ne»

2369 1401 2561 1447 nantes
2586 1393 2690 1445 hoc
2718 1404 2811 1445 seu
2842 1400 3097 1445 vocantes
3136 1391 3325 1443 bonam
3358 1395 3653 1455 reverentiam;
3677 1404 3748 1464 qua!

2367 1483 2448 1538 eis
2481 1483 2533 1536 in
2563 1482 2679 1535 dies
2722 1481 2923 1536 electos
2954 1480 3263 1541 (undantes.
3299 1481 3348 1533 in
3376 1492 3619 1549 perpetuum
3638 1488 3752 1551 printe-

2369 1576 2455 1646 gio
2490 1573 2860 1628 muniverunt.
2890 1573 3271 1627 Verumtamen
3302 1573 3404 1625 scio
3431 1573 3547 1641 quod
3576 1574 3693 1627 ultima
3709 1594 3753 1645 gr-

2370 1664 2579 1718 neratio
2622 1664 2689 1717 ab
2738 1664 2840 1719 hoc
2876 1662 3024 1716 omni
3073 1677 3391 1732 magnopere
3426 1663 3755 1725 liberabitur,ua

2368 1754 2804 1809 animadvertent
2831 1751 2971 1821 quod
3003 1751 3055 1805 in
3086 1751 3191 1804 illis
3220 1751 3411 1804 coactis
3434 1751 3637 1815 ecclesiis,
3657 1766 3757 1819 pne

2368 1846 2700 1899 voluntatem
2744 1842 2839 1897 Dei
2886 1842 3296 1912 omnipotentis,
3335 1842 3472 1895 valde
3499 1844 3700 1894 voracitate
3722 1846 3759 1891 is-

2366 1937 2678 2006 quinentur.
2741 1932 3008 1999 Quoniam
3064 1942 3185 2003 post
3247 1932 3571 1985 adorationcut
3616 1932 3759 1986 itlulom

2368 2025 2731 2096 supplaudunt
2774 2023 3021 2094 pedibus,
3059 2022 3321 2093 plaudunt
3348 2022 3761 2083 manibus.eﬂcmies

2368 2130 2529 2171 voces
2555 2128 2682 2168 suas
2706 2113 2773 2165 ad
2806 2121 3047 2176 cautum,
3075 2112 3221 2167 sicut
3250 2110 3440 2164 musica
3469 2112 3607 2173 varia;
3631 2124 3762 2176 genus

2369 2222 2428 2261 se
2453 2207 2655 2275 absque
2680 2206 2901 2274 pudore,
2918 2204 3057 2273 quod
3080 2218 3185 2257 non
3215 2203 3337 2255 licet
3356 2203 3514 2257 dicere
3535 2217 3607 2255 nec
3622 2204 3762 2254 srrilrre.

2369 2297 2425 2351 lu
2460 2297 2563 2350 illis
2589 2308 2768 2349 autent
2794 2295 2983 2349 diebus
3011 2295 3272 2363 quosdam
3300 2294 3504 2355 donant,
3530 2294 3631 2347 sicut
3651 2295 3763 2361 digus

2369 2398 2471 2450 est,
2504 2386 2679 2457 gratia
2703 2400 2717 2448 ;
2746 2384 2891 2437 alios
2917 2397 3045 2437 vero
3074 2393 3197 2453 post
3227 2384 3339 2437 haec
3369 2382 3490 2437 festa
3512 2384 3671 2450 puttiunl
3696 2384 3765 2431 uio

2371 2478 2539 2547 legem
2567 2477 3045 2547 transgredientes.
3090 2477 3379 2544 Propterea
3405 2476 3584 2544 quidam
3605 2472 3765 2527 Christian?

2372 2568 2424 2622 in
2458 2582 2697 2632 secessu,
2731 2566 2783 2619 in
2826 2565 3111 2635 sepulcris,
3152 2576 3207 2620 et
3243 2568 3384 2619 inter
3428 2573 3600 2618 montes
3630 2575 3723 2630 atquc

2370 2655 2522 2710 silvis
2549 2665 2603 2709 et
2633 2654 2866 2710 hiatibus
2901 2664 3059 2708 terra:
3089 2655 3493 2717 convenientes,
3518 2653 3573 2707 ob
3592 2652 3766 2707 senium

2372 2746 2690 2815 iniquitatis,
2722 2746 3107 2812 vaticinantur,
3162 2746 3440 2799 dicentes:
3484 2744 3767 2799 Peribantm-

2371 2848 2559 2907 gantes
2586 2838 2757 2893 (ΙΙ-ῖεεί
2790 2838 2889 2907 ipsi
2914 2838 2965 2891 in
2996 2838 3120 2907 igne
3144 2847 3370 2891 :eteruo.
3401 2836 3601 2904 Denique
3620 2832 3765 2895 om

2371 2930 2440 2985 ab
2466 2929 2545 2984 eis
2576 2944 2785 2983 tuorum
2815 2944 3002 2982 ansam
3037 2928 3262 2994 habent,
3298 2930 3454 2981 etiam
3481 2934 3583 2979 sunt
3612 2924 3767 2976 ilionei.

2374 3022 2628 3084 infames,
2670 3023 2980 3084 mendaces,
3014 3020 3386 3075 abominandi.
3416 3019 3594 3073 Dictum
3615 3027 3768 3069 anteme:

2372 3112 2535 3178 mihi,
2576 3128 2668 3167 rex
2702 3111 2917 3167 domine
2956 3112 3050 3176 mi,
3086 3122 3137 3165 te
3161 3122 3417 3181 tuamque
3438 3108 3770 3180 generatione-ta-

2367 3221 2473 3278 lem
2512 3223 2647 3287 fore,
2695 3233 2753 3279 et
2781 3223 2966 3278 dicunt
3007 3224 3073 3277 tle
3104 3222 3303 3278 talibus
3331 3220 3767 3289 liciniuilinsprcsca-

2369 3314 2469 3368 bus
2517 3313 2708 3375 hodie,
2756 3313 2899 3381 quod
2934 3312 3075 3367 oeuli
3120 3328 3314 3367 eorum
3354 3321 3408 3365 et
3439 3312 3576 3365 mnia
3602 3308 3767 3362 sintut:-

2368 3414 2510 3462 cata.
2568 3403 2691 3458 Ideo
2738 3404 2925 3457 ultima
2972 3404 3254 3473 generatio
3301 3418 3478 3456 eorum
3511 3399 3698 3469 jndirzln
3720 3410 3768 3451 es

2366 3509 2567 3550 vocans
2579 3508 2672 3549 eos
2687 3509 2871 3559 canes,
2890 3492 3193 3547 fabularum
3219 3494 3490 3548 lictores.a
3511 3486 3771 3544 οεοΜὸὣί

2368 3596 2423 3640 et
2444 3586 2762 3640 aberrantes
2791 3602 2819 3638 a
2850 3585 3081 3638 veritate
3108 3602 3122 3650 ;
3172 3594 3413 3638 attamen
3448 3593 3496 3638 et
3528 3582 3585 3634 illi
3611 3578 3769 3647 jmlicm

2369 3675 2468 3746 ipsi
2521 3676 2747 3729 multum
2794 3675 2942 3729 exilii
2992 3676 3134 3728 haud
3180 3675 3436 3738 evadent,
3478 3681 3650 3743 propter
3678 3667 3771 3717 lein

2367 3769 2716 3830 discordiam,
2763 3777 2819 3823 et
2857 3768 3197 3837 iniquitatem
3242 3784 3357 3822 sum
3398 3759 3769 3834 superbieW-m

2366 3878 2497 3919 vero
2531 3863 2752 3919 humilis
2794 3864 2995 3927 cordis,
3037 3863 3106 3917 ab
3132 3864 3502 3932 omnipotente
3541 3861 3637 3919 Dec,
3670 3864 3773 3923 ρων

2368 3952 2563 4007 Filium
2595 3951 2734 4020 ejus,
2779 3968 2942 4022 opera
2990 3952 3231 4023 Spiritus
3279 3952 3470 4015 sancti,
3513 3947 3648 4001 omnia
3678 3948 3769 4001 sui:

2366 4041 2501 4112 legis
2530 4042 2927 4111 iuvestigabuut
2972 4043 3073 4096 sibi
3116 4043 3169 4096 in
3221 4042 3471 4097 salutem.
3501 4038 3589 4093 Sed
3612 4035 3772 4085 viast!“

2366 4141 2589 4201 angusta
2633 4132 2737 4185 erit
2778 4131 2894 4186 eis:
2928 4140 2983 4186 et
3011 4135 3303 4186 scrutabor
3349 4132 3447 4185 hoc
3493 4118 3772 4199 perlustra“?

2366 4224 2540 4278 ctrina
2589 4222 2857 4293 aspiciens
2902 4224 2970 4278 ab
3017 4223 3171 4277 initio
3222 4222 3437 4284 mundi,
3476 4232 3584 4274 num
3619 4212 3689 4267 erit
3718 4210 3771 4259 ἰδέ

2367 4313 2562 4367 talibus
2606 4322 2660 4366 et
2698 4312 2912 4378 validis,
2953 4313 3281 4383 sapientium
3324 4313 3571 4365 dictorum
3606 4300 3772 4358 bonum

2364 4402 2570 4458 Graecis
2589 4402 2879 4474 epulentis,
2899 4418 3020 4456 cum
3044 4403 3165 4456 aliis
3188 4399 3602 4473 generationibus
3613 4390 3771 4448 Ιιοωίιῖετ·

2367 4509 2579 4550 tuorum
2602 4503 2883 4552 cornuuet
2910 4492 3150 4547 intellexi
3180 4493 3327 4562 quod
3358 4490 3499 4545 brevi
3527 4474 3772 4552 ιεηψοτεηάθ

2363 4584 2497 4639 bunt
2553 4584 2897 4657 amnigenam
2967 4584 3363 4654 ignominiam,
3424 4580 3651 4636 interitum
3692 4580 3773 4622 sm

2362 4676 2504 4733 ldola
2545 4687 2726 4731 autem
2771 4691 2957 4731 eorum
2988 4674 3235 4731 externis
3274 4676 3471 4746 linguis
3503 4676 3550 4726 in
3583 4662 3773 4739 promi!"

2364 4771 2537 4835 ibunt,
2578 4767 2833 4836 quoniam
2866 4782 2969 4821 non
3016 4767 3319 4821 consistent
3368 4768 3599 4820 adversus
3631 4760 3713 4811 iram
3738 4748 3775 4799 [⁵³η

2362 4861 2493 4923 vivi,
2525 4874 2647 4912 eum
2683 4858 2791 4912 sint
2827 4857 2989 4911 surda
3022 4866 3075 4912 et
3129 4867 3297 4912 muta.
3346 4857 3589 4911 Praeterea
3613 4842 3777 4931 τιιωιέὲίῗ

2361 4952 2491 5007 bant
2521 4950 2685 5019 aliqui
2730 4948 3161 5004 Christianorum
3199 4958 3255 5004 et
3300 4947 3529 5002 Judaicze
3562 4938 3777 5033 genitali:

2362 5059 2418 5101 et
2445 5046 2558 5115 ipse
2582 5059 2705 5098 cum
2730 5043 2809 5096 eis
2834 5060 2895 5096 ex
2924 5043 3244 5111 quibusdam
3273 5042 3490 5110 scriptis
3516 5028 3777 5091 intellexi.W1

2364 5137 2551 5191 ultima
2574 5136 2852 5204 generatio
2875 5134 3164 5191 Slavouica
3189 5135 3341 5188 uniet
3366 5148 3422 5189 se
3441 5146 3548 5186 cum
3571 5126 3775 5190 magno!“

2362 5226 2712 5298 applicabuut
2746 5242 2805 5281 se
2850 5226 2916 5279 ad
2952 5226 3278 5280 laudandum
3310 5234 3369 5279 et
3412 5216 3699 5291 proﬁtendum
3728 5212 3777 5295 ξεν

2363 5335 2485 5373 cum
2527 5319 2694 5372 Deum
2727 5316 2958 5377 Israelis.
2994 5316 3307 5371 Creatorem
3345 5310 3606 5368 visibilium
3636 5302 3776 5355 etim?

2366 5411 2552 5465 Lilituu
2585 5424 2787 5469 return,
2817 5409 2908 5477 qui
2940 5406 3191 5461 liberavit
3235 5404 3486 5476 populum
3513 5411 3638 5452 suum
3668 5384 3775 5476 ire}?

2366 5509 2471 5554 tem
2502 5515 2529 5551 a
2585 5498 2824 5567 peccatis
2852 5513 3065 5561 eorum,
3102 5495 3407 5552 obedientia
3440 5489 3568 5554 Filii,
3592 5494 3701 5551 ore"
3723 5480 3773 5531 δέν

2366 5593 2500 5647 ritus
2527 5590 2643 5659 ejus
2671 5591 2864 5646 sancti.
2883 5589 3017 5646 Cum
3044 5590 3242 5660 quibus
3267 5598 3323 5643 et
3348 5588 3523 5641 ultima
3550 5593 3651 5652 gae
3669 5571 3773 5623 κᾶν

2364 5692 2719 5755 agnoscentes
2743 5698 2866 5738 cum
2898 5682 3019 5737 aliis
3063 5682 3261 5751 linguis
3285 5679 3572 5734 doctrinam
3596 5665 3723 5724 Chiis
3744 5668 3771 5701 ει
