3892 6318
64 324 182 386 Ml;

75 545 251 592 sanius,
275 529 330 583 ad
355 528 738 583 monasterium
767 527 911 597 quod
938 532 1165 580 vocatur
1194 521 1348 585 illud,
1377 522 1468 577 ubi
1512 520 1601 576 ille

74 624 191 677 abba
218 622 314 692 (15)
343 631 395 677 et
412 631 599 691 pastor
624 628 812 675 sancto
842 619 990 691 gregi
1022 632 1241 688 preesse
1265 616 1500 678 videtur,
1548 621 1603 668 et

68 714 194 783 quod
216 723 288 768 est
307 721 664 769 constructum
696 712 751 766 in
780 711 985 766 honore
1012 710 1185 766 sancti
1218 709 1355 764 illius
1380 725 1395 774 ;
1423 706 1604 762 ethoc

74 816 156 870 est,
184 806 308 874 quod
332 805 611 872 tradimus,
646 804 698 859 in
728 803 845 858 loco
867 812 1214 873 nuncupante
1245 801 1356 865 illo,
1382 802 1435 855 in
1467 813 1605 870 pago

68 897 202 965 rujus
247 894 552 949 vocabulum
595 904 680 950 est
723 893 875 949 illud.
923 891 1124 949 Omnes
1174 907 1261 948 res
1290 890 1427 962 (14),
1469 904 1607 959 quas

65 990 247 1049 ibidem
271 989 459 1044 habere
484 988 584 1042 visi
617 1002 825 1053 sumus,
855 987 907 1041 id
950 995 1034 1042 est
1075 997 1185 1041 tam
1236 985 1395 1041 terris
1441 998 1605 1053 quam

60 1078 300 1143 domibus,
328 1078 566 1133 adificiis
592 1076 732 1148 (15),
783 1076 1091 1146 mancipiis,
1131 1076 1324 1146 pratis,
1368 1072 1603 1146 pascuis,

53 1171 234 1234 vineis,
261 1170 420 1234 silvis,
443 1168 601 1238 aquis
626 1183 957 1239 aquarumve
990 1166 1329 1229 decursibus,
1353 1176 1605 1235 egressus
1632 1230 1633 1233 η

50 1270 104 1312 ct
124 1274 398 1330 regressus,
430 1259 592 1314 cultis
612 1267 667 1314 et
694 1258 933 1323 incultis,
957 1257 1245 1314 mobilibus
1276 1264 1330 1311 et
1357 1253 1607 1315 iuunobi-

50 1349 200 1414 libus,
230 1348 441 1418 peculiis
476 1349 758 1419 utriusque
794 1363 977 1413 sexus,
1008 1348 1330 1424 peceoribus
1358 1362 1480 1401 cum
1510 1359 1606 1414 pa-

49 1432 292 1503 storibus,
341 1453 432 1494 seu
464 1439 720 1508 quicquid
746 1438 850 1494 dici
896 1446 990 1492 aut
1037 1437 1303 1493 nominari
1346 1445 1521 1507 potest
1554 1443 1606 1491 et

49 1546 254 1601 presens
280 1539 457 1586 nostra
490 1530 705 1586 videtur
729 1545 850 1586 esse
879 1530 1171 1599 possessio,
1211 1528 1393 1585 omnia
1441 1539 1494 1584 et
1538 1542 1605 1585 ex

50 1626 240 1692 integro
264 1622 518 1676 tradimus
544 1620 611 1674 ad
635 1621 947 1691 supradicta
976 1620 1088 1675 loca
1142 1629 1457 1676 sanctorum
1482 1635 1496 1685 ;
1529 1618 1604 1672 ita

50 1722 99 1766 λι
131 1714 194 1768 ab
218 1713 468 1769 hodierna
509 1714 641 1785 (16)
665 1722 875 1767 rectore
906 1726 1001 1767 seu
1026 1720 1241 1794 actores
1266 1712 1378 1781 (l7)
1410 1708 1603 1779 prefati

56 1805 351 1859 nonastmrii
382 1804 598 1860 easdem
630 1818 716 1859 res
746 1802 856 1873 (18)
888 1801 1146 1868 habeant,
1179 1793 1398 1879 teneant
1442 1811 1606 1871 atque
1643 1793 1682 1848 Β

54 1896 351 1963 mssideant,
379 1896 459 1950 vel
481 1894 739 1965 quicquid
773 1894 969 1949 eximie
1000 1892 1181 1949 facere
1217 1908 1314 1963 pro
1341 1902 1603 1963 opportu-

50 1988 197 2039 nitate
251 1988 412 2056 ipsius
469 1986 801 2057 tnonasttcrii
837 1985 1017 2039 facere
1044 1984 1402 2047 decreverint,
1438 1984 1604 2039 libera

58 2094 85 2128 n
136 2077 377 2132 ouinibus
420 2076 735 2147 perfruatur
773 2084 1039 2147 potestate
1091 2075 1319 2131 faciendi
1365 2075 1498 2145 (19).
1547 2074 1605 2130 Si

49 2168 155 2237 luis
187 2183 325 2235 vero,
357 2169 500 2237 quod
529 2168 749 2223 evenire
802 2183 907 2221 non
939 2168 1242 2230 credimus,
1291 2167 1336 2222 si
1382 2182 1480 2222 nos
1504 2165 1604 2234 ipsi

49 2268 128 2313 tut
164 2257 407 2328 quislibet
457 2259 713 2314 heredum
769 2258 852 2314 vel
900 2258 1261 2327 prohcredum
1297 2267 1604 2313 nostrorum

49 2350 110 2403 :el
137 2334 535 2421 qualiScumque
559 2366 789 2420 persona
838 2352 997 2406 istam
1037 2350 1408 2415 traditionem,
1441 2365 1601 2421 quam

50 2456 131 2493 tos
153 2440 263 2509 pari
289 2456 551 2495 consensu
577 2442 758 2497 lacere
801 2441 1159 2506 decrevimus,
1187 2441 1470 2496 destruere
1511 2457 1606 2497 vo-

50 2533 209 2594 ucrit,
249 2531 552 2587 nullatenus
593 2534 767 2587 valeat
814 2528 1075 2603 perlicere
1118 2533 1259 2603 quod
1308 2533 1600 2601 inchoavit,

49 2636 78 2677 τι
118 2640 212 2693 pro
244 2633 555 2680 temeretate
583 2642 679 2679 sua
709 2625 980 2695 persolvat
1009 2626 1077 2680 ad
1126 2627 1299 2696 ipsum
1333 2636 1605 2682 monaste-

56 2717 166 2769 ium
202 2717 344 2772 aliud
378 2727 584 2773 tantum
614 2728 877 2789 quantum
922 2720 1133 2788 repetit,
1174 2731 1230 2774 et
1273 2721 1494 2789 insuper
1534 2722 1605 2775 sit

50 2806 309 2875 nlpahilis
340 2808 392 2863 iu
447 2809 687 2863 erarium
751 2809 893 2880 regis
930 2809 1046 2863 auri
1088 2820 1333 2879 tantum,
1393 2810 1603 2878 argenti

49 2908 255 2966 anitum,
289 2911 344 2954 et
368 2900 755 2955 nihilhominus
785 2901 884 2955 hec
920 2900 1137 2955 traditio
1166 2900 1312 2954 omni
1363 2909 1605 2969 tempore

50 3008 177 3044 ll‘tllil
231 3000 285 3046 et
338 2993 651 3049 ineonvulsa
699 3002 1019 3062 permaneat
1073 3008 1197 3047 eum
1253 2994 1605 3064 stipulatione

50 3083 250 3138 ulmixa
280 3083 413 3153 (20).

1274 313 1629 371 FOHMULJE
1683 312 2015 369 VETERES.

76 456 234 496 omnes
261 454 334 495 res
357 446 567 494 nostras
599 437 732 507 (1‘2),
762 451 895 507 quas
918 435 971 490 in
1004 432 1244 505 presenti
1274 432 1475 488 habere
1498 429 1595 484 visi
1628 431 1677 491 Α

3145 310 3280 367 HM

1772 563 1847 619 La
1878 562 2109 637 formule
2135 564 2227 637 qui
2259 564 2368 619 suit
2390 575 2479 637 est
2506 564 2709 621 divisée
2738 580 2804 620 en
2845 565 2984 620 deus
3020 580 3286 637 paragra-

1704 636 1839 705 phes
1858 674 1871 697 ,
1903 634 2280 705 ellegcontient
2307 650 2376 689 en
2402 636 2529 690 cﬂ'et
2562 637 2700 690 deux
2730 645 2878 691 actes
2908 634 3286 704 parfaitement

1705 703 1978 774 distincts.
2013 703 2085 758 Le
2114 705 2354 774 prcmier
2389 714 2473 760 est
2520 703 2928 767 unedonation
2971 706 3285 769 entre-vit‘s,

1708 776 1835 828 laite
1866 773 2286 847 eoiijointement
2316 775 2582 847 pardeus
2617 774 2888 847 é’pouxrcn
2929 776 3117 847 faveur
3162 776 3285 830 d’un

1708 843 2044 915 monastére;
2077 853 2221 898 cette
2248 843 2527 915 donation,
2560 843 2767 913 concue
2797 846 2825 900 ὸ
2868 861 2969 915 peu
3002 844 3125 913 pres
3155 847 3289 899 dans

1709 914 1786 969 les
1808 915 2010 968 mémes
2036 924 2236 969 tenues
2259 928 2365 982 que
2393 914 2438 967 la
2479 914 2823 984 pi'écédente,
2856 914 2922 969 ett
2966 914 3155 969 didere
3190 930 3289 982 par

1706 985 1758 1039 la
1790 984 2005 1056 reserve
2044 986 2110 1039 de
2142 985 2410 1056 l’usul‘ruit
2441 985 2669 1056 stipulée
2718 1002 2819 1056 par
2860 985 2940 1039 les
2962 985 3285 1056 donateurs,

1706 1064 1762 1110 et
1789 1053 2425 1125 l’étahlisscmentrd‘une
2455 1053 2753 1125 redevance
2783 1054 3021 1125 payable_
3056 1069 3154 1123 par
3183 1068 3287 1125 eus

1706 1125 1943 1195 pendant
1973 1133 2117 1195 toute
2147 1124 2196 1195 la
2227 1123 2391 1195 duree
2416 1126 2481 1179 de
2498 1134 2639 1179 cette
2654 1123 2980 1195 jeuissance.
3000 1123 3075 1178 Le
3088 1123 3289 1178 second

1697 1193 1850 1248 'n‘est
1876 1208 1942 1247 en
1972 1193 2159 1249 réalité
2184 1207 2290 1261 que
2342 1193 2716 1262 l'acceptation
2759 1194 2827 1249 de
2874 1194 2923 1247 la
2960 1195 3211 1248 donation
3235 1201 3290 1246 ut

1707 1266 1775 1318 de
1804 1279 1891 1319 ses
1915 1265 2128 1318 clauses
2153 1279 2251 1333 par
2271 1263 2443 1329 l’abhé
2467 1265 2536 1319 du
2562 1264 3121 1331 ceuventdonataire;
3154 1263 3292 1333 mais

1706 1334 1759 1388 la
1788 1333 1958 1390 forme
1987 1334 2052 1388 de
2082 1335 2338 1403 précaire,
2362 1333 2494 1388 dont
2520 1349 2612 1389 ces
2648 1335 2788 1387 deux
2818 1341 2967 1388 actes
2986 1344 3114 1389 sont
3138 1332 3292 1387 reve-

1709 1413 1815 1468 tus,
1846 1406 2111 1459 demande
2133 1403 2395 1471 qnelques
2424 1404 2803 1471 explicationis.

1702 1488 1707 1493 ‘
1778 1475 1859 1529 0n
1891 1474 2123 1541 saitque
2150 1473 2225 1526 les
2255 1470 2522 1542 precaires
2549 1473 2753 1527 etaient
2801 1472 2895 1527 des
2945 1470 3291 1542 concessions

1699 1544 1774 1598 de
1802 1554 1974 1598 terres
2029 1540 2186 1596 l‘aites
2209 1540 2305 1612 par
2331 1543 2407 1596 les
2430 1542 2622 1610 églises
2653 1558 2788 1611 pour
2822 1558 2891 1595 un
2928 1550 3101 1610 temps
3153 1541 3220 1596 et'
3251 1540 3288 1612 γὸ

1709 1613 1805 1668 des
1844 1613 2149 1668 conditions
2178 1611 2283 1679 que
2308 1613 2384 1666 les
2433 1613 2533 1667 lois
2569 1614 2897 1680 canoniques
2927 1613 3137 1667 avaient
3182 1611 3294 1681 pris

1710 1683 1826 1737 soin
1859 1684 1925 1737 de
1962 1683 2155 1753 reglcr.
2186 1682 2383 1753 Quand
2416 1683 2614 1753 l’usagc
2640 1684 2733 1736 des
2756 1681 3041 1753 donatione
3076 1682 3292 1751 pieuses

1711 1753 1790 1807 fut
1819 1751 2043 1808 devcnu‘
2062 1752 2302 1822 géne’ral,
2328 1751 2588 1821 ungraud
2622 1753 2846 1807 nomhtse.
2876 1752 2940 1807 de
2975 1751 3289 1822 donateurs,

1708 1824 1929 1877 voulaut
1954 1821 2243 1878 conservet-
2271 1823 2547 1877 l’usul'r'uit
2573 1823 2668 1877 des
2696 1823 2849 1876 biens
2878 1822 3007 1876 dont
3039 1823 3104 1875 ils
3124 1821 3292 1876 aban-

1710 1893 2001 1949 donnaient
2032 1893 2080 1946 la
2112 1892 2384 1963 propriété
2415 1908 2519 1963 aux
2551 1892 2774 1963 églises,
2827 1891 3195 1961 employérent
3240 1891 3292 1943 la

1708 1965 1881 2037 fortine
1913 1962 2249 2037 usitee‘pour
2271 1964 2346 2016 les
2372 1962 2663 2037 précaires.
2688 1962 2793 2037 Par
2817 1979 2884 2015 un
2917 1963 3151 2037 premier
3174 1970 3295 2037 acte

1707 2033 1774 2088 iis
1812 2033 2059 2087 faisaient
2090 2031 2126 2086 at
2150 2034 2197 2086 la
2226 2031 2626 2096 comtﬁ'unauté,
2655 2032 2814 2101 qu'ils
2844 2032 3114 2086 voulaicnt
3148 2031 3294 2085 euri-

1707 2104 1847 2167 chir,
1882 2118 1987 2157 une
2018 2105 2273 2157 donation
2304 2119 2435 2172 pure
2460 2114 2513 2156 et
2536 2103 2753 2172 simple:
2791 2117 2984 2172 parun
3013 2114 3133 2172 acte
3164 2116 3291 2172 pos-

1709 2173 1913 2228 terieur
1941 2182 2083 2227 cette
2102 2170 2485 2227 commuinaute’
2516 2170 3009 2241 leur‘rétrocédait,
3028 2171 3076 2232 la
3120 2170 3291 2237 jouis-

1708 2258 1870 2297 sance
1899 2243 1994 2299 des
2024 2242 2175 2297 biens
2204 2241 2397 2312 qu’elle
2419 2243 2565 2296 avait
2590 2240 2748 2312 recns
2788 2241 2963 2312 d’eux.
2988 2240 3140 2296 Cette
3169 2255 3321 2312 του-ι.

1710 2314 1820 2367 line
1848 2314 1956 2382 prit
1980 2329 2051 2367 un
2087 2309 2400 2381 telei'npire,
2441 2313 2601 2382 qu’on
2654 2311 2916 2382 rédigeait
2949 2327 3018 2365 un
3060 2319 3183 2382 acte
3219 2309 3297 2382 de

1704 2379 2093 2446 retrocession,
2127 2379 2343 2437 comme
2386 2379 2473 2436 on'
2510 2391 2637 2451 peut
2669 2382 2719 2435 le
2748 2379 2870 2435 veir
2898 2381 2990 2442 ici,
3037 2381 3173 2434 dans
3219 2379 3296 2451 les

1708 2469 1803 2508 cas
1840 2454 2015 2508 tuente
2038 2454 2187 2517 oule
2212 2453 2477 2507 donateur
2505 2449 2653 2506 avait
2683 2451 2876 2519 stipulé
2904 2452 3041 2506 dans
3060 2451 3216 2505 l’acte
3229 2449 3297 2505 de

1708 2524 1964 2579 douation
1993 2523 2044 2579 la
2075 2523 2290 2579 réserve
2311 2537 2568 2593 expresse
2597 2526 2663 2577 de
2692 2519 2984 2575 l’usufruit.

1712 2636 1740 2708 ξ
1778 2636 1902 2689 1.-
1930 2651 2105 2691 εΑιιτΑ
2150 2636 2528 2708 suspiriosis,
2568 2649 2710 2698 QUAM
2754 2649 2842 2687 vnn
2876 2646 2947 2687 ετ
3003 2647 3145 2687 υςοιι
3177 2646 3299 2687 stus

1778 2722 2004 2761 ηαυπτ
2034 2723 2099 2760 ne
2130 2722 2358 2760 onstnus
2381 2705 2493 2776 (26)
2520 2720 2687 2759 nseus
2721 2719 2835 2759 sets
2878 2720 2948 2758 ετ
2985 2716 3093 2760 cett
3133 2717 3296 2757 CEN:U

1781 2791 2197 2832 PROSOLVENDU!
2224 2792 2410 2831 DIEBUS
2437 2791 2562 2831 VITE
2584 2790 2700 2831 ευε.
2876 2794 2881 2797 ’

1778 2870 2029 2944 Auctoris
2059 2869 2219 2943 simul
2267 2897 2323 2942 et
2370 2887 2730 2957 redemptoris
2782 2886 2954 2943 nostri
3013 2885 3183 2940 verba
3228 2884 3298 2937 de

1707 2981 2003 3037 conexione
2030 2981 2144 3053 (“27)
2177 2981 2278 3035 viri
2323 2996 2386 3035 ac
2416 2980 2656 3035 mulieris
2682 2981 2988 3034 audivimus
3016 2979 3067 3032 iu
3114 2976 3295 3030 Evan-

1708 3074 1846 3144 gelio
1870 3074 2111 3130 dicentes
2138 3092 2150 3129 :
2184 3074 2338 3140 Quod
2367 3090 2489 3143 ergo
2518 3073 2661 3127 Deus
2687 3072 2979 3142 conjunxit,
3006 3071 3159 3124 [tanta
3191 3084 3295 3121 non

89 3147 647 3239 Actum‘inilloloco,
692 3174 903 3245 publice
925 3175 1059 3247 (21),
1086 3176 1425 3247 presentibus
1471 3193 1604 3246 quo-

1712 3177 1934 3235 separet.
1984 3168 2213 3247 Ideoque
2261 3182 2360 3237 ego
2399 3166 2488 3219 ille
2522 3174 2573 3220 et
2614 3164 2811 3231 conqu
2848 3178 2966 3217 mea
2992 3161 3079 3216 illa
3112 3179 3126 3216 :
3163 3161 3291 3216 dum

49 3282 139 3319 um
173 3266 261 3322 hic
289 3266 564 3337 signacula
584 3268 950 3324 continentur.
982 3268 1097 3339 Sig.
1125 3269 1290 3335 illius,
1315 3271 1415 3341 sig.
1443 3270 1607 3335 illius,

56 3358 111 3411 ui
153 3359 273 3428 pari
306 3374 577 3414 consensu
632 3359 789 3414 istam
837 3361 1182 3415 traditionem
1235 3366 1606 3416 firmaverunt.

55 3451 127 3519 ig.
160 3451 379 3505 testium
402 3460 607 3522 septem
632 3452 715 3507 vel
743 3452 974 3522 amplius
998 3452 1160 3524 (22).'
1332 3452 1335 3457 “

82 3541 197 3610 Ego
220 3540 409 3611 itaque
445 3541 558 3604 ille,
590 3558 733 3597 anno
764 3542 852 3599 illo
907 3543 1050 3599 illius
1104 3543 1216 3615 (23)
1249 3546 1392 3615 regis
1431 3545 1607 3600 Fran-

50 3642 265 3699 iiorum,
305 3649 503 3693 mense
524 3636 634 3700 illo,
678 3635 765 3690 die
801 3635 909 3698 illa,
938 3636 1081 3706 quod
1108 3635 1237 3690 facit
1266 3637 1379 3706 ipse
1405 3637 1609 3692 mensis

49 3725 148 3794 ιιι),
179 3725 287 3781 sub
311 3728 511 3783 comite
540 3727 628 3785 illo
651 3728 788 3800 (25),
822 3728 1012 3798 scripsi
1045 3738 1100 3785 et
1147 3729 1440 3800 subscripsi
1491 3727 1608 3785 felié

56 3829 161 3872 ter.
197 3820 400 3874 Amen.

50 4090 136 4130 )re
184 4078 598 4153 proprietaire,
651 4090 705 4136 ct
748 4083 878 4137 dont
941 4097 1008 4137 on
1068 4089 1195 4153 pcut
1254 4097 1351 4152 par
1408 4084 1604 4140 consé—

49 4150 533 4232 tentntr'ansferer
571 4169 641 4208 au
690 4154 971 4210 donataire
1026 4150 1082 4209 la'
1128 4150 1309 4226 pleiue
1349 4162 1405 4209 et
1466 4155 1605 4213 libre

55 4231 312 4286 oprtete.

59 4288 188 4356 (t2)
223 4288 287 4344 S.
324 4289 392 4345 ϐ.
417 4308 581 4347 meas.

52 4361 183 4493 (Ιῦ)
222 4361 289 4413 S.
321 4362 391 4416 G.
420 4364 603 4419 abbas.

52 4429 158 4493 (14
216 4429 285 4485 S.
326 4432 395 4488 G.
426 4435 603 4493 aioute

50 4429 183 4504 (if)
216 4429 285 4504 δ.
326 4432 395 4488 G.
426 4435 608 4504 ajoute
636 4452 800 4491 meas.

50 4501 178 4572 (ιδ)
217 4502 282 4556 s.
317 4504 387 4557 G.
424 4501 700 4572 Iiedi/iciis.

50 4568 178 4639 (l6)
217 4572 284 4642 S.
313 4574 383 4626 G.
414 4568 592 4642 ajoutc
618 4577 721 4630 die.

49 4643 179 4710 (17)
221 4641 267 4696 ll
305 4642 427 4698 faut
457 4646 718 4700 entendre
744 4661 841 4715 par
884 4659 1053 4704 rector
1074 4648 1248 4705 l‘abbé
1289 4650 1358 4705 du
1383 4666 1601 4708 monas-

49 4727 121 4791 'e_,
160 4723 219 4766 ct
258 4726 370 4782 par
405 4726 606 4791 actores
646 4719 898 4791 ceuxqui
934 4721 1137 4775 etaient
1181 4722 1407 4791 charges
1456 4724 1602 4776 d’ad-

54 4782 409 4863 nistrer_ses
424 4786 576 4863 biens
595 4801 662 4863 ou
688 4788 754 4842 de
780 4782 1036 4863 défendre
1058 4806 1144 4847 ses
1163 4782 1357 4857 droits,
1371 4802 1426 4848 et
1443 4795 1600 4863 qu‘nn

50 4854 383 4925 intrita‘plu‘s
411 4856 527 4925 tard
565 4856 824 4925 advocati,
859 4864 1069 4915 avoués.

49 4922 173 4993 (18)
212 4922 281 4978 S.
323 4923 395 4978 G.
422 4923 603 4993 ajoute
626 4927 745 4981 sibi.

49 4992 173 5068 [ΙΨ
209 4994 300 5068 ge
330 4992 559 5068 dernier
588 5006 701 5068 met
729 5013 961 5068 manuue
984 5003 1117 5057 dans
1140 5001 1197 5057 S.
1224 5002 1291 5057 G.

50 5061 185 5145 20)-
209 5063 343 5145 Ccs_
370 5061 975 5145 clauseslpénalesfqui
1007 5072 1209 5145 etaient
1236 5072 1455 5145 d’usage
1468 5074 1603 5129 dans

85 5140 267 5210 actes
308 5136 726 5210 de_don_ation_.
782 5136 920 5194 sont'
957 5142 1192 5198 validécs
1222 5158 1320 5210 par
1347 5136 1419 5198 uti
1459 5154 1604 5201 texle

56 5202 181 5255 mel
208 5204 286 5260 de
313 5205 366 5259 la
404 5206 493 5284 Loi
514 5208 610 5261 des
630 5208 946 5284 Alletltands
968 5213 1077 5284 (tit.
1103 5214 1139 5276 Ι,
1166 5202 1312 5284 §2)':
1341 5212 1398 5267 Si
1422 5216 1601 5284 aliqua

49 5288 242 5340 'soua,
282 5286 387 5328 aut
418 5277 528 5352 ipse
555 5280 646 5347 qui
697 5280 839 5334 dedit
871 5282 947 5335 vel
977 5277 1191 5352 'aliquis
1235 5277 1299 5337 de
1329 5277 1602 5339 heredibus

55 5359 114 5423 δε
174 5349 554 5423 posteaipsas
586 5364 665 5423 res
695 5354 761 5404 de
786 5351 897 5420 ipsa
928 5349 1144 5407 ecclesia
1190 5354 1488 5407 abstrahere
1515 5372 1603 5409 vo-

54 5417 161 5476 rit,
206 5417 298 5469 vel
355 5417 751 5493 aliquis/ramo
801 5417 893 5474 aut
943 5424 1333 5493 qualiscumque
1380 5440 1602 5493 persona

49 5487 838 5566 :praesumpseritIacere,et
857 5487 1097 5566 effectum
1148 5487 1294 5563 quem
1345 5487 1601 5548 iuchoarit

52 5572 70 5605 ι
117 5556 413 5633 obtineat,
448 5566 498 5610 et
536 5556 652 5633 Dei
669 5556 930 5633 judiciuiit
973 5556 1204 5617 incurrat
1234 5575 1279 5616 et
1308 5580 1607 5617 excommu-

49 5627 327 5678 utioncm
389 5640 581 5681 sancta:
608 5627 884 5695 Ecclesia},
925 5644 973 5687 et
1019 5634 1235 5688 multant
1266 5633 1413 5688 illam
1460 5650 1603 5699 QUMI

49 5712 153 5748 vra
193 5711 497 5774 C_pX'l_‘lNET
528 5700 807 5774 persolvat,
834 5714 879 5774 et
907 5720 986 5757 res
1012 5704 1131 5759 illas
1157 5721 1220 5759 ea:
1245 5707 1445 5774 integro
1486 5708 1603 5760 red-

60 5807 77 5830 ,
118 5776 175 5820 et
216 5768 452 5834 [retium
486 5773 537 5823 iu
567 5770 773 5842 publica
799 5772 1007 5849 solvat,
1035 5776 1165 5847 sicut
1204 5776 1287 5831 lex
1320 5768 1489 5832 habet.
1522 5778 1601 5834 Ou

1629 4500 1681 4561 ι)
1777 4507 1889 4578 (21)
1919 4506 1978 4578 s.

1712 3276 1817 3313 non
1871 3266 1953 3313 est
2005 3257 2368 3327 incognitum,
2420 3255 2514 3310 sed
2564 3252 2890 3309 omnimodis
2937 3252 3292 3324 divulgatum,

1711 3350 1944 3421 qualiter
1974 3349 2127 3404 nobis
2158 3348 2487 3404 hereditario
2524 3346 2664 3416 jure,
2715 3346 2997 3417 paternico
3048 3342 3209 3399 simul
3239 3352 3297 3398 et

1710 3443 2031 3509 maternico,
2074 3457 2196 3497 eum
2244 3440 2489 3512 quolibet
2510 3441 2659 3511 justo
2711 3447 2993 3494 contracto
3043 3437 3294 3508 provenit

1710 3535 1995 3599 hereditas,
2036 3535 2177 3605 quod
2229 3550 2348 3600 nos,
2395 3541 2455 3587 ut
2483 3532 2777 3595 credimus,
2810 3548 2906 3603 per
2941 3530 3179 3586 divinant
3212 3529 3295 3582 in-

1709 3626 2062 3697 spirationem
2098 3626 2211 3696 (28)
2240 3624 2551 3694 cenpuncti,
2583 3638 2681 3694 pro
2729 3624 3036 3677 animarum
3080 3629 3295 3675 nostra-

1710 3732 1829 3771 rum
1856 3716 2223 3785 redemptione
2247 3714 2312 3768 ad
2341 3712 2459 3768 loca
2510 3721 2825 3767 sanctorum
2858 3709 3110 3780 delegare
3156 3723 3292 3761 cons

1710 3805 2008 3871 tendimus;
2044 3817 2097 3860 ct
2120 3805 2222 3860 hoc
2251 3813 2355 3869 est,
2384 3803 2527 3873 quod
2559 3802 2846 3868 tradimus,
2880 3802 2934 3857 in
2961 3800 3097 3857 locis
3127 3800 3297 3855 dene-

1707 4085 1818 4140 voit
1845 4101 1948 4155 que
1979 4085 2028 4142 le
2051 4093 2296 4141 montant
2326 4086 2392 4142 de
2443 4085 2706 4155 l’amende
2749 4084 2884 4141 était
2913 4084 3073 4141 laissé
3096 4084 3125 4137 ὸ
3162 4084 3294 4139 l‘ar-

1708 4152 1919 4228 hitrage
1949 4159 2042 4213 des
2087 4157 2314 4228 parties;
2348 4158 2392 4212 si
2444 4152 2830 4228 elles'avaient
2876 4155 3084 4228 neglige
3139 4156 3208 4228 de
3240 4155 3292 4210 le

1709 4225 1876 4292 ηχονξ
1893 4225 2101 4297 ιθ]ιιςθ’
2124 4227 2259 4283 était
2281 4227 2687 4297 probablement
2713 4225 2911 4294 charge
2953 4225 3094 4297 dele
3129 4226 3286 4279 fairc.

1706 4328 1774 4337 ——
1797 4297 1975 4365 Quant
2005 4295 2106 4352 ait:
2160 4295 2301 4351 mots
2341 4314 2459 4351 cum
2505 4296 2842 4366 stipulatione
2867 4295 3138 4366 irsulmixa,
3165 4311 3287 4366 voy.

1706 4383 1844 4490 ronr
1870 4366 2333 4451 lennexplication
2362 4368 2637 4437 l'ouvrage
2662 4366 2728 4422 de
2751 4365 2823 4419 M.
2860 4365 3159 4423 Pardessus
3196 4365 3293 4421 sur

1725 4453 1755 4490 a
1787 4436 1880 4490 Lat
1906 4438 2129 4490 salique.
2164 4453 2214 4490 ι).
2238 4436 2364 4490 644.

1725 4453 1755 4491 a
1787 4436 1881 4490 Loi
1906 4436 2129 4506 salique,
2164 4453 2214 4506 p.
2238 4436 2364 4492 644.

2045 4455 2129 4500 ue,
2164 4455 2214 4506 p.
2238 4455 2324 4491 044

2007 4455 2071 4563 gi.
2099 4506 2324 4575 puplice.

1739 4604 1744 4609 -
1775 4575 1888 4648 (Ἦ)
1907 4577 1989 4659 _La
2029 4576 2296 4659 ttéccssité
2322 4576 2388 4659 de
2415 4577 2627 4659 redigar
2653 4594 2722 4630 un
2752 4575 2911 4659 éerit,
2938 4576 3293 4659 et‘d’appelcr

1707 4662 1773 4703 au
1813 4646 1989 4703 meins
2018 4648 2098 4702 six
2139 4662 2206 4702 ou
2245 4657 2361 4715 Srpl
2395 4646 2625 4702 témoins
2645 4663 2779 4716 pour
2804 4647 2853 4701 la
2877 4646 3294 4702 confectiondes

1707 4729 1854 4773 actes
1880 4718 1945 4773 de
1976 4728 2118 4773 cette
2146 4726 2361 4779 nature,
2404 4718 2535 4771 e'tait
2580 4716 2815 4785 imposée
2851 4734 2947 4786 par
2984 4717 3031 4770 la
3067 4716 3163 4771 Loi
3198 4720 3293 4772 des

1705 4789 2024 4844 Alletnauds
2047 4788 2155 4855 (tit.
2182 4788 2221 4850 l,
2251 4786 2278 4858 ᾗ
2308 4788 2357 4857 1)
2388 4830 2401 4841 .
2431 4786 2488 4842 Si
2517 4791 2631 4856 quis
2664 4788 2794 4841 liber
2840 4804 2920 4841 res
2964 4803 3087 4841 suus
3116 4788 3186 4840 ad
3209 4804 3293 4840 ec—

1704 4860 1916 4914 clesiam
1944 4860 2153 4913 tradere
2183 4860 2495 4912 rotuerit....
2542 4873 2635 4926 per
2665 4869 2959 4911 cartam....
2991 4858 3293 4924 ﬁrmitatem

1704 4929 1888 4998 faciat,
1919 4944 1989 4983 ET
2019 4943 2217 4983 resres
2246 4944 2340 4981 sex
2368 4943 2469 4981 νει,
2498 4943 2701 4982 supra!
2730 4942 3019 4994 ADIIIBEAT,
3039 4936 3089 4982 et
3121 4928 3290 4981 nauti-

1706 5016 1773 5053 na
1798 5016 1974 5052 eorum
2002 5001 2114 5067 ipsa
2139 5008 2288 5051 curta
2324 4999 2604 5052 coutiueat.

1775 5069 1890 5140 (25)
1913 5069 1985 5124 Ce
2009 5077 2121 5123 mot
2147 5082 2382 5140 malique
2407 5068 2540 5140 dans
2568 5069 2626 5122 ὃ.
2656 5067 2720 5124 G.

1740 5154 1741 5159 ‘
1777 5136 1891 5209 (‘24)
1921 5140 1994 5209 Cc
2025 5136 2266 5193 membre
2295 5139 2361 5191 de
2386 5138 2582 5206 phrase
2614 5153 2847 5208 malique
2876 5139 3011 5209 dans
3032 5136 3092 5209 S.
3118 5136 3185 5194 G.

1778 5206 1893 5277 (25)
1925 5208 2080 5264 Cette
2111 5209 2349 5262 tuention
2383 5223 2615 5277 marique
2645 5206 2781 5263 dans
2806 5209 2862 5263 S.
2889 5208 3033 5263 G.--
3055 5206 3135 5263 On
3161 5218 3293 5277 pcut

1706 5280 1824 5333 voir
1872 5294 1973 5347 par
2017 5279 2063 5331 la
2108 5278 2325 5348 plupart
2360 5278 2456 5348 des
2503 5279 2765 5347 dipldmes
2812 5279 3019 5346 publiés
3057 5278 3194 5334 dans
3245 5279 3293 5332 le

1707 5346 1888 5404 (ἐσαεαὲ
1912 5346 2282 5416 diplomaticus
2307 5346 2649 5419 Alemanuiw
2674 5350 2739 5402 dc
2765 5348 3021 5419 Neugart,
3051 5366 3156 5418 que
3194 5348 3294 5403 l‘u-

1709 5435 1837 5487 sage
1866 5418 1998 5473 eluit
2029 5419 2165 5473 dans
2210 5418 2256 5472 le
2284 5432 2424 5489 pays
2445 5419 2540 5472 des
2594 5418 2903 5474 Allematids
2928 5420 3229 5489 d’indiqtter
3259 5420 3293 5475 Ξι

1709 5489 1755 5543 la
1787 5490 1856 5543 fin
1886 5490 1982 5543 des
2018 5498 2169 5544 actes
2188 5530 2202 5552 ,
2230 5498 2388 5559 ontre
2413 5487 2461 5541 le
2486 5503 2608 5542 nom
2628 5489 2695 5542 du
2728 5491 3015 5545 sonverain
3043 5487 3291 5559 regnant,

1708 5560 1846 5615 eelui
1877 5561 1945 5613 du
1976 5571 2153 5614 comte
2188 5556 2392 5629 charge
2428 5559 2495 5613 de
2534 5558 3003 5617 l‘admiulstration
3041 5556 3232 5623 locale.
3275 5556 3297 5615 ⁷.

1780 5630 1892 5701 (‘26)
2000 5629 2064 5701 Gy.
2095 5646 2297 5684 eorum.

1784 5697 2369 5771 (‘27)comtcxu.
2443 5769 2448 5771 Α
2556 5769 2561 5771 Α
2649 5764 2653 5769 ὓ

1785 5769 1896 5845 ('28)
1927 5770 1983 5827 S.
2011 5769 2075 5825 (Ξ.
2109 5771 2286 5825 dirimi
2315 5769 2683 5842 inspiratione.
