3892 6318
632 316 774 378 ωε)

631 530 743 587 lum
786 530 899 603 (72)
932 528 1064 583 mihi
1092 528 1381 598 partiendo
1421 524 1541 585 sols
1568 527 1809 598 legitima
1848 525 2101 589 contulit,
2136 524 2219 577 vel

632 640 754 693 quae
775 638 876 692 ego
902 631 1091 691 postea
1117 619 1449 691 quibuslibet
1469 618 1633 690 justis
1662 617 1939 674 laboribus
1964 630 2221 684 augmen-

635 724 752 768 tare
801 714 994 783 potui,
1053 727 1173 766 cum
1214 712 1361 765 omni
1417 710 1728 782 integritate
1758 751 1773 774 ,
1824 709 1877 764 id
1935 720 2018 763 εει
2067 718 2221 763 crrrte

631 805 816 859 clausa
861 820 983 859 Clllll
1015 803 1265 868 cdiﬁciis,
1308 803 1596 873 mancipiis
1628 802 1765 873 (75),
1802 801 2025 868 casatis,
2060 800 2222 855 terris

632 897 795 951 cultis
822 905 876 949 et
900 895 1141 961 incultis,
1166 896 1360 966 pratis,
1389 895 1542 951 silvis
1563 895 1697 967 (74),
1723 894 1894 965 aquis,
1924 893 2218 959 farinariis,

632 1002 771 1053 nate,
803 996 871 1061 ut
894 986 1152 1057 praefatus
1179 1003 1323 1052 sum,
1351 1002 1474 1042 cum
1505 987 1760 1041 omnibus
1785 985 2106 1054 adjacentiis
2136 985 2219 1040 vel

631 1077 972 1146 adpendiciis
1009 1078 1167 1133 trado
1210 1078 1278 1133 ad
1317 1076 1605 1134 ecclesiam
1645 1091 1765 1145 quae
1795 1084 2108 1131 constructa
2137 1085 2220 1130 est

631 1170 685 1222 iu
714 1168 920 1223 honore
942 1169 1119 1224 sancti
1150 1168 1313 1236 illius,
1340 1170 1405 1223 ad
1430 1171 1820 1225 monasterium
1849 1168 1991 1239 quod
2021 1167 2220 1223 dicitur

630 1256 783 1321 illud,
812 1257 898 1311 ubi
928 1258 1017 1312 ille
1054 1260 1229 1313 abbas
1258 1259 1407 1330 gregi
1448 1259 1543 1313 Dei
1561 1250 1901 1329 regulariter
1928 1258 2220 1328 praesidere

633 1348 1013 1418 cognoscitur;
1066 1349 1120 1403 in
1156 1364 1220 1404 ea
1259 1350 1468 1405 ratione
1512 1349 1786 1417 videlicet,
1840 1359 1916 1413 trt,
1961 1348 2216 1419 quamdiu

630 1440 768 1494 mihi
813 1440 921 1495 vita
955 1440 1249 1496 comitatur
1287 1440 1343 1494 in
1375 1454 1604 1511 corpore
1628 1482 1642 1505 ,
1688 1439 1939 1510 superius
1971 1440 2216 1493 denunti-

631 1541 790 1587 natas
831 1548 918 1588 res
952 1533 1005 1587 in
1052 1531 1376 1587 beneﬁcium
1426 1546 1457 1586 a
1486 1532 1639 1587 vobis
1685 1532 1945 1600 accipiant
1989 1530 2089 1585 sub
2116 1545 2218 1586 rrsu

630 1621 956 1690 fructuario,
988 1623 1340 1694 debitumque
1365 1639 1587 1679 censum
1619 1622 1896 1696 [singulis]
1919 1625 2033 1696 (75)
2061 1624 2217 1679 annis

611 1715 788 1771 ‘vobis
840 1716 1365 1785 successoribusque
1415 1717 1619 1772 vestris
1669 1717 1998 1787 prosolvam,
2032 1716 2086 1771 id
2133 1725 2218 1771 est

1904 304 2192 362 nemo.
2244 304 2335 357 AD
2377 288 2548 360 δίῑὲ.
2598 304 2644 359 x

632 442 719 498 \el
772 454 909 510 quas
963 436 1161 493 ibidem
1208 446 1397 493 contra
1438 433 1699 493 heredem
1752 436 1865 507 (7|)
1917 449 2095 488 meum
2153 430 2215 484 il-
2252 434 2296 489 Α

3640 332 3719 390 li?)

2766 428 2792 499 ς
2833 429 2892 483 ll.
2933 456 3003 469 -ι-
3039 444 3284 487 mecum
3318 434 3428 504 (83).

2400 522 2532 591 ligo,
2561 521 2613 576 in
2648 523 2739 577 Dei
2766 523 3008 588 nomine,
3038 522 3126 577 ille
3147 523 3301 579 abbas
3320 542 3409 581 una
3434 538 3722 596 cumconmiss'e

2323 607 2586 668 fratribus
2616 613 2835 667 nostris.
2873 612 3009 667 Dum
3049 628 3154 668 non
3202 614 3267 668 sit
3296 616 3561 688 incognitum
3579 629 3722 694 qualiter

2324 710 2379 756 tu
2429 702 2540 767 ille,
2572 703 2919 759 exortatioue
2966 704 3146 759 divina
3190 719 3651 777 suggerente,omnes
3675 735 3726 774 res

2321 796 2466 855 tuas,
2521 805 2658 859 quas
2712 790 2765 846 in
2819 807 2959 863 pago
2994 793 3349 861 denominato,
3389 798 3432 852 in
3472 800 3564 855 villa
3603 821 3726 862 nurer-

2320 889 2484 951 pante
2515 881 2654 952 (84),
2683 881 2883 938 habere
2914 884 3204 952 videbaris,
3245 901 3370 956 quas
3402 888 3480 945 tibi
3510 892 3647 949 ibidem
3675 914 3729 967 pa-

2322 983 2405 1028 tcr
2436 982 2561 1028 tuus
2592 975 2831 1031 moriens
2881 975 3202 1046 dereliquid,
3233 978 3311 1033 vel
3353 996 3468 1050 quas
3505 988 3656 1055 proprio
3686 990 3730 1043 ὴ.

2319 1065 2452 1121 bore
2484 1066 2681 1122 ibidem
2715 1067 2930 1122 lucrare
2954 1070 3201 1138 potuisti,
3224 1071 3304 1126 vel
3323 1088 3440 1143 quas
3460 1075 3731 1136 ibiderutontn

2320 1155 2541 1211 fratrem
2591 1157 2707 1229 (85)
2749 1157 2835 1213 vel
2888 1168 3076 1214 contra
3109 1163 3415 1219 coheredem
3458 1176 3573 1221 tuum
3606 1170 3735 1239 (86H)-

2250 1247 2259 1258 '
2319 1248 2428 1303 lum
2468 1248 2584 1322 (87)
2622 1250 2770 1321 jusm
2806 1250 2903 1306 tibi
2949 1253 3129 1321 portio
3166 1254 3273 1326 (88)
3304 1258 3629 1323 contulit,cum
3648 1276 3736 1318 cunt

2319 1340 2504 1397 clausa
2550 1351 2605 1397 et
2652 1342 2885 1413 ediﬁcijs
2934 1344 3181 1414 ortisque
3230 1347 3515 1415 pomiferis,
3557 1354 3737 1421 sirrgubri-

2318 1434 2420 1489 bus
2448 1434 2562 1506 (89)
2594 1435 2898 1504 mancipiis,
2935 1436 3021 1490 his
3052 1438 3355 1494 nominibus
3375 1440 3470 1510 (90)
3497 1441 3591 1507 illis,
3608 1447 3740 1509 cautis,

2320 1526 2502 1595 terris,
2536 1527 2729 1597 pratis,
2758 1528 2933 1595 silvis,
2967 1528 3128 1585 cultis
3157 1540 3214 1585 et
3240 1530 3452 1595 incultis,
3474 1548 3549 1587 seu
3572 1550 3741 1589 euntem.

2317 1615 2480 1671 nibus
2501 1614 2844 1684 adjaceutiis,
2862 1619 3227 1689 adpendiciis,
3253 1621 3315 1675 ad
3339 1636 3441 1675 eam
3461 1623 3742 1690 pertinentibus,

2318 1705 2461 1775 quod
2486 1720 2811 1762 enumerare
2840 1708 3161 1779 perlongum
3202 1720 3300 1771 est,
3329 1727 3441 1766 cum
3474 1714 3587 1767 curui
3609 1713 3743 1784 integri-

633 1816 868 1875 ιωιιυηι,
897 1808 1148 1878 ﬁliusque
1177 1823 1331 1865 meus
1356 1809 1471 1880 ipse
1504 1809 1615 1884 (76)
1651 1825 1739 1864 res
1782 1809 1980 1864 habeat
2025 1809 2216 1864 diebus
2248 1794 2294 1855 B
2323 1805 2433 1851 tate
2460 1799 2729 1855 tradidisti
2755 1802 2821 1855 ad
2845 1804 3242 1858 monasterium
3270 1803 3388 1859 illud
3410 1805 3527 1874 (9t),
3546 1806 3596 1859 ad
3613 1808 3744 1862 basilica

630 1898 742 1953 νίιε
771 1913 884 1953 sua,
915 1900 1312 1966 tantummodo,
1359 1909 1414 1955 ει
1440 1901 1806 1972 ευρηιιίοιυιη
1838 1914 2061 1955 censum
2090 1913 2215 1970 pro.
2319 1902 2427 1959 que
2453 1898 2774 1946 constructa
2812 1894 3069 1948 noscitur
3089 1892 3147 1947 in
3176 1893 3375 1951 honore
3410 1896 3555 1953 sancti
3578 1896 3747 1961 illins,rti

631 1988 822 2055 solvat;
853 2000 909 2046 et
936 1991 979 2046 si
1008 1990 1242 2047 infantes
1264 1992 1371 2047 mei
1402 2008 1488 2047 me
1519 1991 1631 2064 (77)
1655 1992 2074 2066 supervixerint,
2098 1992 2214 2050 dies

629 2081 745 2137 vite
780 2097 891 2138 suae
931 2083 1149 2139 easdem
1181 2097 1269 2139 res
1294 2084 1532 2142 habeant
1567 2087 1962 2152 tantummodo,
1992 2094 2047 2141 et
2074 2100 2211 2142 eun-

631 2175 752 2233 dem
782 2190 1004 2235 censum
1033 2176 1146 2251 (78)
1176 2180 1491 2251 prosolvant
1516 2197 1533 2247 ;
1555 2190 1609 2235 et
1638 2181 1683 2236 si
1710 2181 1841 2236 tnibi
1871 2180 2014 2236 Deus
2044 2179 2214 2235 ﬁlium

630 2270 697 2325 de
732 2270 973 2342 legitima
1009 2287 1178 2327 uxore
1209 2272 1439 2340 dederit,
1487 2273 1706 2329 easdem
1740 2289 1827 2329 res
1874 2272 2073 2328 habeat
2102 2273 2217 2328 die-

627 2358 732 2416 bus
763 2362 874 2430 (79)
917 2363 1024 2417 vite
1052 2377 1162 2417 suae
1190 2363 1609 2429 tantummodo;
1659 2373 1782 2433 post
1820 2378 2051 2434 quorum
2093 2362 2207 2419 obi-

628 2461 741 2506 tum
768 2454 882 2523 ipse
914 2469 999 2510 res
1026 2454 1078 2510 in
1104 2456 1360 2511 orrnribus
1388 2455 1674 2511 meliorate
1706 2455 1932 2512 redeant
1967 2457 2216 2526 partibus

626 2545 854 2600 Vestris»
878 2546 987 2617 (80)
1034 2547 1085 2601 in
1134 2556 1458 2618 perpetuum
1515 2550 1817 2604 retinende.
1862 2548 1930 2603 Et
1981 2549 2024 2604 si
2082 2549 2214 2604 mihi

630 2633 864 2690 ﬁliorum
892 2636 1201 2705 procreatio
1242 2638 1308 2692 de
1357 2637 1603 2709 legitimo
1642 2637 1893 2711 conjugio
1930 2640 2216 2708 evenerit,

629 2726 733 2795 ipsi
785 2727 1004 2782 easdem
1055 2743 1141 2783 res
1187 2738 1305 2799 post
1357 2729 1563 2785 obitum
1612 2746 1791 2785 meum
1842 2730 2133 2793 retineant,
2161 2739 2217 2785 et

629 2830 751 2869 cum
778 2817 1092 2883 supradicto
1121 2833 1286 2873 censu
1324 2819 1642 2889 prosolvant
1675 2829 1886 2891 tempus
1920 2822 2029 2876 vite
2068 2835 2215 2887 sure;

628 2908 711 2961 sin
740 2920 923 2963 autem
963 2910 1206 2976 nrinime,
1240 2921 1362 2982 post
1400 2913 1608 2969 obitum
1652 2930 1833 2969 meum
1879 2916 1997 2970 sine
2033 2914 2215 2985 cujus-

628 2999 763 3055 libet
819 3002 1267 3072 tergiversatione
1309 3002 1434 3073 jure
1479 3006 1824 3062 auctoritatis
1855 3017 2050 3062 vestra:
2081 3007 2214 3063 reti-

628 3091 803 3144 ncnde
845 3102 1193 3148 revertantur
1246 3095 1360 3165 ipse
1398 3110 1486 3150 res
1527 3096 1581 3151 irt
1627 3107 1945 3167 perpetuum
1978 3098 2112 3169 (8|).
2157 3098 2216 3162 Si

629 3181 752 3248 quis
782 3197 927 3241 vero.
956 3187 1099 3252 quod
1127 3184 1366 3239 futurum
1394 3201 1513 3241 esse
1540 3203 1644 3241 non
1677 3189 1857 3249 credo,
1889 3189 1935 3242 si
1972 3204 2074 3260 ego
2103 3189 2215 3259 ipse

630 3281 725 3327 aut
748 3273 1005 3342 quislibet
1056 3292 1286 3345 persona
1348 3278 1504 3333 istius
1554 3279 1860 3335 traditionis
1904 3280 2212 3336 ﬁrtrritatcm

631 3380 985 3438 corrumpere
1011 3370 1282 3437 (voluerit,
1327 3372 1583 3427 obviante
1628 3372 1676 3427 ei
1706 3374 1897 3428 ordine
1929 3373 2172 3429 veritatis
2196 3415 2212 3440 ,

626 3458 938 3517 nullatenus
985 3461 1247 3518 fallatiam
1279 3478 1433 3519 suam
1477 3464 1653 3520 valeat
1684 3465 1795 3536 (82)
1847 3466 2128 3535 perﬁcere,
2159 3479 2215 3522 et

626 3567 728 3623 pro
757 3568 888 3608 ausu
921 3555 1209 3610 temerario
1241 3556 1514 3626 prosolvat
1542 3559 1608 3611 ad
1638 3556 1906 3627 prefatum
1940 3566 2211 3611 monaste-

628 3647 767 3701 rium
810 3647 1029 3718 duplum
1073 3658 1286 3705 tantum
1325 3659 1587 3720 quantrtnr
1617 3650 1758 3705 nralo
1786 3650 1976 3705 ordine
2006 3650 2214 3719 cupidi-

624 3747 738 3793 tate
771 3751 1078 3808 praeventus
1105 3743 1426 3800 abstrahere
1459 3744 1712 3812 voluerit,
1735 3752 1785 3797 et
1815 3743 2036 3813 insuper
2065 3742 2211 3814 regie

624 3832 883 3899 potestati
918 3834 988 3888 sit
1012 3833 1297 3905 culpabilis
1331 3835 1446 3890 auri
1476 3844 1706 3902 tantunr,
1736 3822 1791 3890 et
1817 3835 2209 3891 nihilborninus

622 3933 855 3989 presens
900 3922 1107 3977 cartula
1147 3940 1271 3979 cum
1310 3924 1561 3981 omnibus
1610 3924 1664 3983 in
1706 3940 1766 3981 se
1806 3925 2209 3981 continentibus

622 4009 882 4067 inviolata
912 4024 1229 4081 permaneat
1254 4031 1378 4071 cum
1416 4017 1644 4071 testibus
1673 4017 2063 4072 subordinatis.

693 4106 889 4160 Actum
925 4106 978 4161 in
1011 4106 1103 4163 illo
1136 4107 1286 4175 ioco,
1329 4108 1566 4180 publice,
1602 4109 1686 4164 his
1716 4110 1806 4180 qui
1847 4102 2219 4166 subnotantur

622 4194 1047 4274 {.presentibus]
1108 4202 1193 4258 vel
1245 4202 1456 4274 reliqua
1518 4203 1805 4260 innumera
1860 4190 2207 4261 multitudine

615 4291 823 4362 populi.

690 4496 742 4563 (7
758 4495 802 4563 Ι)
838 4495 893 4551 8.
920 4497 986 4553 G.
1015 4499 1338 4554 coheredem.

711 4550 800 4705 72;
836 4550 1409 4638 animaistg'sic.

715 4637 780 4689 75
834 4639 889 4692 8.
923 4638 988 4694 G.
1023 4642 1202 4705 ajoutc
1226 4642 1409 4705 pratis,

715 4637 800 4709 75)
834 4639 889 4709 8.
923 4637 992 4694 ϐξ
1023 4642 1202 4709 ajoutc
1226 4642 1415 4706 pratis,
1444 4642 1677 4709 pascuis.

687 4708 804 4783 (If)
832 4708 935 4783 ges
956 4708 1097 4783 deus
1117 4713 1370 4783 iderniers
1394 4708 1534 4783 mots
1564 4720 1857 4783 manquent
1886 4711 2021 4767 dans
2046 4711 2105 4767 8.
2130 4710 2197 4767 G.

687 4778 802 4853 (75)
839 4778 1072 4853 §uppléé
1097 4781 1309 4853 d‘aprés
1338 4782 1399 4839 8.
1434 4781 1502 4839 G.

688 4795 779 4844 (to
839 4795 951 4848 bup
992 4795 1072 4836 tee
1097 4795 1189 4852 a‘al

688 4795 802 4921 (70)
833 4851 891 4904 8.
1026 4854 1189 4921 ipsas.

686 4919 800 4991 (77)
832 4919 1060 4991 Manquc
1088 4924 1224 4978 dans
1252 4923 1310 4977 8.
1342 4921 1409 4979 G.

687 4990 802 5062 (78)
834 4990 1065 5062 Manque
1092 4994 1227 5048 dans
1254 4992 1313 5049 8.
1345 4992 1415 5049 G.

687 5062 801 5128 (79)
832 5063 890 5117 8.
923 5063 989 5118 G.
1019 5064 1151 5117 dies.

687 5131 802 5207 (80)
834 5133 891 5188 8.
920 5134 984 5190 G.
1021 5134 1201 5203 ajoute
1230 5136 1371 5191 vobis
1405 5137 1894 5207 sttccessoribusqtte
1923 5138 2128 5192 vestris.

687 5227 800 5301 (8|)
831 5226 987 5301 Cette
1016 5227 1201 5301 clause
1229 5243 1447 5301 iprouve
1470 5228 1500 5283 ὸ
1525 5229 1574 5283 la
1593 5228 1705 5301 (fois
1735 5244 1839 5299 quc
1868 5229 1917 5284 le
1953 5231 2199 5301 principe

612 5297 1012 5370 deglapréserve
1047 5297 1302 5370 existait,
1340 5300 1476 5355 mais
1515 5300 1642 5370 qu’il
1683 5297 1815 5355 était
1845 5297 2044 5356 encore
2092 5297 2197 5356 trial

614 5367 777 5438 déliui
824 5379 882 5423 et
927 5368 1369 5438 singuliérement
1420 5367 1697 5426 restraint.
1753 5372 1896 5427 Dans
1936 5373 1994 5427 8.
2034 5370 2103 5427 G.
2145 5373 2194 5426 la

614 5437 926 5509 rrégligence
955 5437 1034 5493 du
1051 5440 1260 5509 copiste
1278 5455 1331 5507 a,
1356 5454 1456 5509 par
1476 5442 1620 5497 suite
1645 5442 1711 5496 de
1739 5441 2035 5497 l‘omission
2069 5443 2194 5497 d’uu

611 5510 782 5578 grand
823 5510 1048 5564 nomhre
1090 5511 1157 5565 de
1188 5520 1359 5576 rnots,
1398 5513 1565 5568 rendu
1614 5527 1706 5568 ees
1736 5514 1876 5567 deux
1926 5514 2196 5568 ntembres

615 5580 683 5631 de
721 5578 919 5647 phrase
947 5580 1519 5651 incompréhensibles.

686 5667 798 5738 (82)
830 5668 1062 5739 Manqne
1090 5669 1226 5726 dans
1257 5673 1316 5727 S.
1346 5672 1413 5728 G.

686 5756 797 5826 (33)
825 5757 980 5813 Cetle
1007 5760 1264 5830 rubrique
1290 5776 1521 5832 manquc
1552 5763 1683 5820 dans
1712 5764 1768 5819 S.
1802 5761 1874 5818 G.

2231 4510 2280 4571 ῐ)

2315 1995 2437 2050 nos,
2476 1989 2703 2042 auctore
2746 1983 2883 2054 Deo,
2918 1988 3250 2059 pastoralem
3282 2004 3453 2044 curam
3481 1991 3747 2061 gerimus;sed

2314 2085 2527 2148 postea,
2551 2088 2604 2133 te
2623 2078 2958 2149 postulante,
2983 2096 3288 2153 congruum
3310 2083 3469 2137 visunt
3490 2093 3556 2137 est
3576 2085 3751 2153 nobisltt)

2315 2169 2462 2241 ipsas
2486 2186 2573 2226 res
2592 2172 2685 2227 tibi
2701 2172 2895 2228 cedere
2918 2174 3018 2229 sub
3031 2188 3134 2229 usu
3160 2174 3447 2229 fmctuario
3462 2174 3748 2243 habendum),

2316 2281 2655 2336 censumque
2706 2268 2905 2323 exinde
2949 2269 3271 2339 prosolvere
3319 2269 3498 2324 annuis
3542 2272 3754 2338 temporibus

2316 2370 2424 2411 non
2454 2355 2760 2430 negl[eg]as
2793 2358 2931 2430 (94),
2975 2359 3027 2413 id
3058 2368 3148 2415 est
3187 2367 3422 2424 tantum;
3452 2367 3499 2413 et
3526 2358 3562 2412 si
3591 2359 3753 2412 tibiDeu

2318 2447 2488 2503 ﬁlium
2513 2450 2578 2504 de
2604 2438 2847 2521 legitima
2873 2465 3041 2506 uxore
3066 2451 3302 2516 dederit,
3328 2452 3525 2507 easdem
3552 2464 3617 2504 res
3644 2451 3755 2505 trabea

2316 2539 2435 2595 dies
2455 2540 2568 2595 vite
2604 2556 2715 2596 suae
2743 2549 2954 2596 tantum
2985 2542 3173 2609 modo,
3201 2552 3255 2598 et
3282 2557 3488 2597 censum
3513 2543 3752 2614 supradictus

2316 2633 2608 2706 neglegere
2647 2649 2755 2690 non
2787 2643 3089 2705 prcsumat,
3126 2636 3475 2706 similiterque
3516 2636 3589 2691 ﬁlii
3615 2634 3754 2701 tuittlit.

2314 2738 2453 2794 quas
2498 2723 2611 2796 (96)
2661 2725 2717 2780 in
2758 2725 2996 2795 presenti
3041 2724 3250 2782 habere
3276 2726 3418 2781 visus
3452 2726 3574 2781 fuisti
3608 2726 3753 2795 (97M:-

2317 2816 2470 2872 ciunt
2508 2816 2620 2889 (98)
2653 2817 2771 2873 dies
2801 2818 2911 2873 vite
2942 2833 3081 2884 suae;
3128 2829 3255 2888 post
3279 2834 3496 2889 quorum
3534 2818 3753 2890 (πωπω

2317 2924 2510 2966 omnes
2542 2925 2630 2967 res
2660 2910 2973 2981 supradicte
3016 2920 3371 2967 revertantur
3404 2912 3464 2966 ad
3487 2928 3567 2968 nos
3590 2925 3754 2965 sum

2319 3017 2517 3072 resque
2551 3012 2773 3059 nostros
2796 3004 3227 3075 perpetualiter;
3260 3006 3404 3076 quod
3425 3006 3467 3061 si
3493 3003 3570 3060 tibi
3593 3003 3755 3077 [prouu-

2322 3093 2433 3167 cio]
2479 3094 2627 3166 (lOO)
2676 3094 2909 3150 ﬁliorum
2959 3096 3192 3153 minime
3242 3106 3428 3153 ouorta
3476 3096 3619 3161 fuerit,
3656 3096 3755 3148 statin

2322 3196 2444 3257 post
2471 3188 2677 3243 obitum
2726 3196 2878 3242 tuum
2920 3187 3040 3243 sine
3075 3187 3315 3258 alicujus
3347 3186 3662 3259 prejudiciaria
3688 3198 3755 3239 cre-

2318 3278 2563 3334 tentione
2589 3279 2657 3335 ad
2706 3288 2921 3334 actores
2968 3294 3061 3335 seu
3112 3282 3183 3335 ad
3235 3280 3531 3337 defensores
3569 3278 3755 3349 ξηραί)ὴῆ

2317 3369 2559 3424 ecclesia:
2612 3378 2960 3424 revertantur
3007 3370 3060 3424 in
3109 3380 3455 3443 perpetuum.
3490 3369 3581 3426 Nec
3617 3368 3753 3439 quilitrl,

2316 3468 2410 3513 aut
2467 3475 2566 3514 nos
2612 3460 2714 3530 ipsi
2764 3459 2845 3515 vel
2885 3475 3238 3517 successores
3294 3464 3478 3529 nostri,
3526 3464 3616 3516 lucc
3647 3469 3753 3512 suum

2315 3551 2493 3606 valeat
2513 3567 2645 3606 ausu
2666 3554 2958 3609 temerario
2985 3553 3375 3611 inordinanter
3393 3551 3753 3619 destruherellib.

2315 3643 2431 3708 sed,
2460 3653 2621 3713 prout
2653 3654 2865 3714 tempus
2898 3645 2951 3700 in
3000 3647 3247 3714 presenti
3293 3648 3519 3717 precaria
3554 3642 3753 3715 poposmt

2314 3733 2692 3790 inconvulsum
2718 3737 2897 3791 valeat
2940 3738 3268 3807 perdurare,
3301 3754 3458 3808 quam
3490 3752 3571 3791 nos
3592 3750 3675 3790 cum
3692 3747 3757 3785 ca.-

2313 3841 2474 3882 sensu
2511 3826 2739 3882 fratrum
2771 3838 3081 3885 nostrorum
3111 3829 3382 3885 roborare
3411 3828 3685 3884 decrevimus.

2382 3916 2575 3972 Actum
2620 3917 2672 3972 itr
2712 3919 2803 3973 illo
2842 3919 2980 3987 loco,
3011 3912 3439 3991 strb'presentia
3472 3920 3757 3975 illorumem-

2314 4016 2593 4074 terorum,
2652 4024 2789 4079 quos
2830 4026 3159 4066 enumerare
3214 4011 3427 4067 libitum
3473 4026 3563 4065 non
3599 4016 3669 4061 est

2310 4096 2481 4166 ipsius
2511 4097 2748 4164 abbatis,
2771 4099 2862 4169 qui
2906 4099 3043 4154 hanc
3069 4098 3385 4170 precariam
3417 4098 3522 4154 ﬁeri
3547 4091 3717 4151 decreti!»

2754 4231 2816 4297 V,
2858 4230 2955 4295 Vl,
2993 4230 3124 4297 VII,
3165 4230 3318 4296 Vill,
3355 4231 3444 4288 IX.
3633 4316 3639 4319 _
3734 4311 3738 4319 Ι

2386 4318 2518 4375 [lien
2551 4321 2689 4376 n‘est
2717 4320 2841 4392 plus
2870 4337 3065 4393 propre
3092 4337 3202 4393 que
3235 4323 3317 4380 les
3344 4324 3465 4394 cinq
3493 4316 3752 4377 formident?

2379 4492 2490 4569 (δέ)
2524 4494 2583 4551 So
2622 4496 2685 4552 (ἶ.
2718 4498 2772 4553 in
2806 4500 2955 4569 pagis
2992 4499 3383 4566 dettomitmtit,
3418 4500 3469 4555 in
3507 4496 3613 4553 villis
3644 4504 3753 4542 nn“:-

2306 4568 2465 4635 palis.

2381 4637 2495 4709 (85)
2526 4637 2584 4709 8.
2614 4638 2680 4709 ς.
2711 4639 2905 4709 fratres
2937 4648 3075 4692 tuos.

2381 4707 2492 4778 (86)
2527 4708 2583 4762 8.
2611 4707 2676 4765 G.
2704 4707 2918 4767 herede:
2946 4719 3085 4778 tuos.

2380 4777 2496 4916 (ἓξ)
2526 4779 2756 4850 Manque
2791 4781 2926 4862 dans
2958 4778 3017 4832 S.
3043 4777 3113 4834 G.

2479 4852 2493 4916 )
2527 4848 2584 4904 S.
2613 4850 2679 4906 (Ξ.
2706 4867 2971 4916 porctone.

2373 4848 2493 4921 ,(88)
2527 4848 2584 4921 8.
2613 4848 2684 4921 G.
2706 4853 2971 4921 porcione.

2378 4918 2495 4991 (89)
2706 4918 3042 4991 singularite.

2380 4990 2493 5055 (90)
2525 4990 2585 5046 8.
2617 4990 2683 5046 G.
2722 4990 3028 5046 nominatis.

2380 5059 2493 5129 (9t)
2524 5060 2583 5116 s.
2612 5060 2679 5116 G.
2708 5062 2805 5116 vel.

2381 5129 2495 5202 (92)
2526 5131 2754 5202 Manque
2786 5132 2921 5187 dans
2944 5132 3002 5189 8.
3034 5132 3103 5189 G.

2404 5200 2494 5258 95)
2523 5203 2580 5255 8.
2612 5200 2682 5257 (ἓξ
2710 5202 2926 5258 habeas.

2403 5271 2493 5341 94)
2523 5272 2769 5328 llestitué
2793 5273 3008 5343 d‘apres
3038 5277 3096 5331 S.
3127 5275 3201 5331 ϐ.

2406 5343 2495 5411 95)
2525 5344 2584 5397 8.
2612 5343 2678 5397 G.
2703 5343 2847 5411 ﬁlius
2889 5356 3030 5399 tuus.

2374 5412 2495 5483 (96)
2527 5416 2583 5467 8.
2615 5412 2681 5468 G.
2714 5431 2888 5483 quem.

2384 5483 2498 5553 (9'7)
2527 5483 2583 5538 8.
2615 5483 2679 5537 G.
2708 5501 2784 5537 es.

2381 5556 2496 5622 (98)
2525 5555 2583 5609 8.
2611 5553 2679 5608 G.
2707 5554 2894 5623 faciat.

2380 5625 2494 5695 (99)
2532 5624 2589 5695 S:
2633 5624 2904 5695 G._cujus.

2384 5693 2531 5765 (100)
2558 5693 3029 5819 8ιιρὲιέόάἐψτὲε
3060 5699 3120 5755 8.
3147 5699 3221 5757 G.

2384 5766 2532 5819 MOI)
2565 5766 2623 5819 S.
2707 5802 2722 5819 .
2759 5766 3036 5819 distruere.

2382 5766 2532 5838 (101)
2565 5766 2623 5822 8.
2657 5766 2722 5819 G.
2759 5766 3036 5825 distruere.
