3892 6318
128 300 254 357 1-157

1390 282 1749 343 FUIKML'LAS
1788 286 2122 342 VETERES.

3233 284 3373 343 M58

115 410 401 466 secundum
439 406 633 479 legem.
668 404 723 461 Si
749 404 870 476 quis
909 421 1059 474 vero,
1088 401 1231 475 quod
1264 401 1380 459 ﬂeri
1415 417 1520 458 non
1562 416 1683 457 creo
1710 406 1756 462 A
1783 400 1999 471 propria
2031 400 2284 473 largitate
2328 398 2663 467 decreverit,
2698 398 2786 455 ille
2826 398 2972 456 bene
3016 400 3222 472 tribuit,
3250 403 3365 474 qui,

113 504 297 567 tlilllllS,
341 501 386 555 si
418 515 518 571 ego
564 500 678 567 ipse
719 509 807 553 aut
840 499 977 553 ullus
1006 498 1263 555 heredum
1301 496 1383 553 vel
1420 496 1679 566 prohere-

110 597 229 649 dum
258 608 521 657 meorum,
555 592 645 661 qui
680 600 870 646 contra
902 592 1039 646 banc
1080 589 1316 645 libellum
1348 589 1491 643 dotis
1520 599 1679 657 agere

109 696 200 742 aut
223 685 402 740 venire
431 683 683 746 voluerit,
726 683 971 752 partibus
1019 682 1146 737 fisce
1171 681 1316 751 (167)
1351 680 1518 736 multa
1549 693 1680 733 con-

108 789 284 849 ponat,
336 779 387 833 id
422 789 507 834 est
550 778 668 831 auri
704 786 937 840 tantum,
984 776 1195 847 argenti
1244 776 1480 847 pondera
1508 775 1676 827 'tanta

106 878 314 925 coactus
356 868 622 933 exsolvat,
674 877 729 923 et
777 867 919 939 quod
974 868 1173 938 repetit
1225 883 1322 937 per
1371 865 1679 934 nulliusque

103 958 341 1031 ingenuis
371 959 518 1030 (168)
547 959 859 1014 eviudieare
887 974 993 1014 non
1040 958 1245 1023 valeat;
1291 958 1386 1012 sed
1440 958 1540 1012 bec
1565 957 1679 1026 epi-

100 1053 232 1107 stola
280 1053 418 1108 dotis
471 1052 619 1108 omni
672 1060 914 1123 tempore
967 1051 1119 1106 ﬁrma
1169 1060 1225 1108 et
1278 1052 1491 1107 stabilis
1551 1065 1675 1121 per-

98 1154 326 1199 maneat.

168 1238 382 1308 Signum
410 1237 580 1303 illius,
609 1238 702 1308 qui
737 1239 894 1293 istam
929 1240 1109 1294 dotem
1138 1238 1360 1294 donavit
1390 1245 1550 1308 atque
1582 1237 1680 1292 lira

96 1344 241 1383 mare
273 1320 502 1400 rogavit.

639 1437 904 1479 LIBELLUII
946 1438 1126 1478 DO'I'IS.

173 1514 304 1581 Quia
338 1529 435 1584 per
456 1514 868 1584 dispositionem
888 1515 1101 1570 Domini
1130 1515 1300 1571 nostri
1325 1514 1451 1569 Jesu
1475 1512 1677 1569 Christi

91 1619 147 1663 et
176 1610 445 1661 consensu
475 1605 773 1660 amicorum
816 1616 1126 1661 nostrorum
1158 1621 1260 1675 ego
1291 1605 1381 1661 ille
1416 1613 1465 1658 te
1492 1604 1563 1658 ita
1612 1602 1676 1657 ii-

88 1699 214 1755 liam
244 1699 387 1753 illius
426 1698 479 1753 in
521 1698 823 1771 legitimum
865 1696 1173 1768 conjugium
1204 1696 1437 1766 suscepi,
1472 1694 1673 1750 idcirco

92 1792 184 1846 tibi
215 1790 393 1846 dotem
416 1790 713 1863 legitimum
741 1791 1019 1847 decretum
1051 1789 1121 1844 do
1151 1805 1313 1844 manu
1345 1788 1671 1858 potestativa
1709 1772 1749 1827 Β

87 1879 142 1935 in
184 1894 320 1950 pago
347 1889 690 1949 nuncupaule
730 1880 842 1945 illo,
889 1880 943 1934 in
995 1880 1120 1933 villa
1164 1894 1270 1950 que
1300 1886 1526 1933 vocatur
1555 1877 1667 1944 illa,

85 1982 291 2028 curtem
321 1972 566 2028 clausam
596 1988 720 2028 cum
747 1973 947 2029 ceteris
973 1972 1224 2037 ediliciis,
1255 1987 1377 2027 cum
1410 1980 1554 2025 terra
1583 1985 1668 2025 sa-

84 2063 194 2119 lice
217 2063 389 2135 (l69),
423 2065 474 2119 id
500 2074 584 2119 est
608 2064 855 2135 juruales
900 2074 1104 2130 tantos,
1132 2074 1284 2132 prata
1317 2062 1382 2116 ad
1411 2063 1669 2117 earradas

81 2163 257 2210 tantes
280 2154 429 2226 (170)
454 2164 508 2209 et
530 2156 701 2210 bobas
730 2164 931 2221 tantas,
952 2171 1075 2210 cum
1099 2154 1264 2226 agris,
1287 2155 1479 2224 pratis,
1496 2153 1666 2208 silvis.

76 2245 322 2317 pascuis,
354 2246 511 2316 aquis
541 2260 877 2315 aquarumve
909 2246 1248 2311 decursibus,
1282 2254 1395 2299 uta
1426 2246 1513 2299 die
1540 2260 1671 2313 pre-

76 2346 235 2392 sente
281 2337 505 2405 habeas,
541 2346 730 2393 teneas
767 2346 932 2409 atque
963 2338 1289 2408 possideas;
1336 2337 1388 2391 in
1423 2352 1487 2392 ea
1520 2337 1669 2392 vide-

72 2428 206 2483 licet
233 2429 453 2485 racione
502 2439 591 2495 ut,
626 2429 885 2499 quamdiu
930 2429 1158 2492 vixeris,
1185 2429 1404 2495 easdem
1450 2444 1538 2484 res
1567 2428 1669 2484 sub

70 2536 176 2576 usu
222 2521 521 2577 fructuario
554 2521 784 2588 habeas;
816 2530 939 2592 post
967 2522 1179 2576 obitum
1216 2536 1345 2576 vero
1375 2531 1525 2576 tuum
1554 2521 1672 2591 ipse

70 2627 165 2667 res
205 2612 258 2666 in
293 2626 467 2667 meam
503 2622 847 2667 revertantur
884 2620 1208 2683 potestatem
1261 2610 1346 2666 vel
1401 2609 1467 2664 ad
1518 2624 1668 2665 meos

72 2703 312 2758 heredes
342 2703 632 2774 legitimos,
667 2704 713 2759 si
739 2719 827 2760 me
848 2703 1238 2774 supervixeris.
1268 2703 1323 2757 Si
1349 2703 1473 2773 quis
1514 2715 1666 2766 vero,

67 2793 222 2863 quod
254 2793 494 2849 futurum
524 2810 647 2851 esse
678 2810 784 2850 non
810 2795 994 2861 credo,
1032 2795 1077 2850 si
1121 2809 1221 2865 ego
1266 2795 1383 2865 ipse
1410 2801 1504 2849 aut
1528 2793 1671 2849 ullus

66 2883 340 2938 heredum
360 2884 443 2939 vel
473 2885 842 2955 proximorum
868 2902 1134 2953 meorum,
1159 2888 1297 2943 hanc
1321 2887 1665 2943 donationem

64 2976 218 3029 dotis
259 2975 507 3047 legalitcr
549 2994 578 3033 a
627 2995 712 3034 me
745 2979 942 3035 factam
989 2979 1286 3052 infringere
1317 2980 1569 3045 voluerit,
1597 2980 1665 3035 ad

64 3077 264 3137 partes
300 3070 412 3126 fisci
451 3072 618 3126 multa
650 3082 946 3142 conponat,
983 3073 1033 3126 id
1056 3084 1141 3127 est
1186 3073 1310 3133 auri
1341 3072 1509 3129 libras
1540 3082 1663 3128 tan-

67 3170 184 3228 tas,
226 3165 438 3233 argenti
472 3163 641 3219 libras
667 3174 870 3231 tantas,
909 3176 964 3222 et
994 3165 1216 3236 insuper
1246 3167 1340 3222 tibi
1374 3167 1521 3221 aliud
1552 3178 1661 3221 tan-

66 3262 189 3308 tum
236 3267 499 3326 quantum
546 3260 740 3329 repetit
781 3269 1002 3315 coactus
1050 3260 1297 3317 exsolvat
1325 3261 1508 3331 (l7l);
1569 3262 1667 3316 hee

65 3360 206 3400 vero
238 3348 459 3402 donatio
488 3348 641 3403 firma
676 3361 729 3405 et
756 3352 969 3406 stabilis
996 3362 1313 3422 permaneat
1339 3366 1460 3406 cum
1498 3351 1671 3407 stibu-

63 3435 290 3492 lacione
314 3438 567 3493 subnixa.

144 3530 345 3582 Actum
395 3530 447 3583 in
488 3531 614 3585 villa
666 3532 777 3596 illa,
826 3548 969 3589 anno
998 3533 1275 3589 Ludowici
1324 3534 1664 3591 iuviclissimi

60 3621 247 3692 regis,
274 3622 325 3676 in
354 3639 570 3680 menses
597 3626 709 3692 illo,
737 3628 823 3683 die
850 3628 1020 3692 Jovis,
1045 3630 1340 3685 indictione
1368 3647 1451 3698 ιιι,
1479 3646 1665 3687 coram

64 3714 279 3770 comite
320 3716 413 3771 illo
462 3728 517 3774 et
552 3719 857 3793 frequentia
891 3726 1071 3796 populi
1107 3727 1439 3797 testibusque
1467 3729 1667 3782 subno—

68 3807 205 3860 tatis
230 3809 400 3880 (172).

143 3897 265 3971 Sig.
304 3900 482 3968 illius,
529 3905 621 3973 qui
676 3906 818 3961 hanc
867 3908 1215 3963 donationem
1259 3909 1400 3965 dotis
1432 3908 1547 3966 ﬁeri
1582 3925 1666 3965 ro-

65 3990 245 4057 gavit.
283 3993 399 4063 Sig.
434 4004 738 4053 ceterorum
770 4001 1011 4056 testium.

146 4084 263 4155 Ego
293 4086 478 4157 itaque
508 4089 600 4145 ille
629 4093 809 4148 notavi
858 4093 998 4150 diem
1030 4104 1086 4150 et
1127 4110 1356 4163 annum,
1386 4096 1579 4168 scripsi
1611 4105 1668 4154 et

65 4177 377 4250 subscripsi
404 4180 657 4249 feliciter,
691 4201 874 4241 amen.

824 4295 915 4351 1x.

148 4383 309 4459 Cette
358 4386 587 4440 formule
618 4397 673 4441 et
721 4388 799 4443 les
841 4390 960 4445 buit
986 4399 1190 4452 antres,
1228 4391 1319 4459 qui
1367 4390 1417 4445 la
1451 4392 1667 4447 suivent

68 4453 567 4529 irnméiliatement,
610 4474 669 4512 se
710 4470 1025 4529 rapportent
1073 4477 1178 4513 aux
1221 4453 1371 4516 a'ctes
1396 4462 1462 4514 de
1491 4463 1658 4516 dona-

67 4525 215 4600 t_ion.
245 4525 349 4600 Les
373 4527 672 4600 premieres
700 4525 823 4584 sont
851 4531 916 4583 de
940 4529 1162 4600 simples
1189 4530 1559 4600 préambules;
1586 4531 1663 4587 les

62 4593 219 4651 dcux
245 4593 529 4653 dern'iéres
566 4598 762 4654 offrent
792 4601 887 4654 des
922 4593 1158 4654 moiléles
1183 4593 1464 4672 complets.

720 4724 1009 4765 PROLOGUS.

152 4796 292 4851 Dum
346 4798 724 4869 unusquisque
781 4815 881 4869 pro
938 4799 1155 4854 modulo
1206 4800 1521 4871 quantitatis
1567 4818 1665 4857 sue

146 4976 301 5049 (167)
340 4978 578 5047 Strasb.,
595 4981 730 5049 ﬁsci.

145 5048 197 5126 (_
209 5048 299 5126 (ἓξ)
325 5049 550 5126 §trasb.
564 5093 577 5117 ,
598 5048 806 5126 nullius
837 5054 1052 5126 ingenii.

146 5108 443 5197 (169}‘Efq
472 5137 538 5176 au
561 5108 702 5197 sujet
718 5126 795 5197 _de
817 5126 867 5180 Ia
894 5108 1274 5197 iérrersaliqne,
1302 5125 1575 5197 I‘ouvrage
1596 5126 1664 5181 de

146 5139 297 5189 μου)
334 5139 443 5187 UL,
472 5139 538 5176 au
561 5139 622 5178 811
647 5139 702 5177 ΘΙ,
728 5139 795 5181 ﬂe
818 5139 867 5180 Ia
894 5139 1028 5179 terre
1053 5139 1274 5193 salique,
1303 5139 1504 5181 Ιόηντει

63 5186 475 5273 Magali-desum
491 5208 590 5273 sur
622 5139 677 5273 ia
709 5195 805 5253 Loi
828 5196 1129 5273 saliqugp.
1156 5195 1339 5273 705_et
1365 5198 1504 5273 suiv.

96 5330 101 5331 ί
334 5261 567 5337 Strasb.,
599 5265 815 5333 ajoute:
844 5260 1107 5337 mancipia
1138 5264 1411 5321 nominata
1435 5277 1627 5323 tantos.

31 5400 35 5405 ε
144 5332 299 5405 (171)
338 5334 575 5405 Strasb.,
604 5332 860 5392 restituat.

32 5403 35 5431 ῑ
144 5403 296 5472 (172)
337 5403 412 5459 Le
458 5409 747 5477 souverain
792 5406 1011 5477 désigné
1058 5406 1196 5460 dans
1240 5414 1382 5462 cette
1410 5406 1538 5465 date
1578 5425 1664 5466 me

57 5476 249 5598 rarait
298 5477 418 5530 etre
468 5475 633 5531 Louis
676 5478 723 5531 le
773 5475 1174 5545 Germanique;
1208 5477 1259 5533 le
1285 5478 1523 5547 dipldme
1566 5496 1663 5535 sur

89 5545 255 5598 casei
282 5546 328 5598 la
362 5545 592 5598 formule
621 5564 647 5598 a
674 5547 759 5598 (ἒιό
784 5548 997 5598 rédiaée
1022 5551 1365 5598 annartenait
1390 5550 1529 5598 done
1553 5558 1658 5598 nux

22 5584 27 5593 ,
61 5545 255 5619 laquei
282 5546 328 5619 la
348 5545 592 5619 formule
621 5564 647 5599 a
674 5547 759 5605 ete'
784 5548 997 5619 rédigée
1022 5545 1365 5619 appartenait
1390 5550 1529 5606 donc
1553 5558 1659 5604 ‘aux

58 5615 278 5688 annees
298 5616 426 5683 840,
450 5618 556 5673 855
576 5635 646 5673 ou
674 5620 801 5682 870,
826 5615 1259 5677 Ιρέιιυιδέεωθε
1282 5636 1399 5688 qm,
1426 5622 1673 5688 pendant-

63 5685 123 5768 le
151 5686 321 5811 Regule
347 5690 414 5741 de
438 5703 503 5744 ce
527 5691 730 5760 prince,
778 5694 1204 5760 corrCSpoudeut
1240 5691 1270 5746 ξι
1303 5685 1351 5746 la
1385 5685 1669 5748 troisiéme

63 5772 147 5811 ιη(
191 5771 221 5811 c
252 5773 362 5811 ron.

62 5765 362 5815 iudidio».

1694 4503 1741 4562 D

1784 494 2031 565 quamvis
2063 510 2275 564 parum,
2308 494 2445 549 nihil
2472 504 2652 551 tamen
2682 503 2835 549 extra
2867 495 3048 550 datum
3080 495 3365 553 dimiserit.

1783 586 2393 643 IdeoinDei.......

2428 786 2720 827 PROLOGUS.

1850 862 1944 916 Ille
1969 862 2110 917 bene
2134 861 2392 933 possidet,
2418 864 2511 932 qui
2540 864 2643 919 sibi
2677 865 2731 919 in
2758 864 2938 921 secula
2970 865 3072 921 ista
3105 870 3368 938 eonparat

1780 954 1987 1028 premia
2019 956 2373 1028 sempiterna.
2409 956 2705 1029 Propterea
2734 974 2852 1030 ego.
2892 999 2905 1013 .
2938 998 2955 1012 .
2980 997 2995 1013 .
3029 999 3042 1013 .
3070 999 3088 1013 .
3124 998 3140 1015 .
3168 998 3185 1013 .

2518 1066 2612 1124 XI.

2426 1158 2718 1215 ruerocus.

1851 1250 2077 1306 Domino
2109 1266 2264 1308 sacra
2288 1263 2474 1309 sancta
2502 1254 2720 1309 basilica
2756 1254 2971 1310 Sanctae
2999 1255 3196 1321 Marie,
3226 1272 3367 1312 sem-

1776 1357 1875 1413 per
1905 1342 2131 1414 virginis
2157 1358 2250 1399 seu
2282 1344 2468 1399 Sancti
2502 1343 2645 1399 Petri
2690 1345 2914 1415 apostoli
2954 1354 3368 1417 ceterorumque

1778 1443 2089 1489 sanctorum
2120 1436 2294 1507 (175),
2326 1452 2429 1509 que
2466 1446 2550 1493 est
2586 1448 2899 1493 constructa
2932 1439 2987 1493 in
3015 1438 3132 1493 loco
3162 1455 3367 1494 nuncu-

1777 1537 1939 1597 pante
1968 1528 2078 1583 illo.
2109 1528 2243 1584 Dum
2272 1545 2379 1586 non
2412 1540 2494 1586 est
2532 1531 2885 1602 incognitum.
2916 1571 2931 1585 .
2958 1572 2973 1586 .
2999 1571 3015 1586 .
3042 1571 3057 1585 .
3086 1570 3102 1586 .
3130 1572 3143 1586 .
3170 1572 3185 1587 .

2515 1643 2631 1699 XII.

2413 1750 2703 1791 PROLOGUS.

1844 1825 1903 1882 In
1930 1826 2025 1883 Dei
2076 1825 2333 1893 nomine,
2388 1830 2810 1899 perpetrandum
2879 1828 3173 1899 un.cuique
3221 1830 3365 1900 quod

1772 1921 2083 1991 evangeliea
2114 1937 2217 1975 vox
2250 1929 2530 1976 ammonet
2574 1922 2763 1976 dicens
2793 1939 2807 1976 :
2859 1921 2989 1977 Date
3026 1922 3367 1999 elemosinam

1771 2022 1819 2066 et
1851 2029 1966 2067 ecce
1990 2013 2165 2067 omnia
2194 2014 2391 2067 munda
2424 2024 2543 2067 sunt
2572 2014 2745 2085 (174).
2786 2012 2952 2083 Hujus
2999 2028 3128 2083 ergo
3178 2010 3367 2068 saluti-

1773 2106 1872 2163 feri
1908 2107 2148 2177 preeepti
2177 2106 2581 2163 ammonieione
2620 2116 2983 2178 conpunctus,
3024 2107 3166 2162 dono
3196 2106 3367 2160 dona-

1775 2208 2217 2253 tum........

2502 2287 2638 2342 XIII.

2430 2397 2723 2438 PROLOGUS.

1844 2476 1977 2547 Ego,
2013 2477 2066 2530 in
2101 2475 2194 2530 Dei
2234 2475 2476 2542 nomine,
2512 2474 2653 2528 talis.
2685 2472 2815 2528 Mihi
2843 2472 3087 2528 decrevit
3114 2471 3364 2527 voluntas

1772 2565 1827 2620 in
1873 2568 2057 2621 animo
2104 2582 2224 2621 meo
2261 2577 2319 2621 ut
2359 2567 2597 2637 aliquam
2631 2566 2946 2638 porcionem
2990 2565 3056 2621 de
3104 2566 3263 2619 rebus
3294 2564 3363 2619 ad

1772 2656 2058 2713 ecclesiam
2090 2656 2266 2713 sancti
2311 2658 2455 2714 illius
2503 2659 2719 2714 tradere
2750 2656 3078 2723 debuissem,
3113 2657 3256 2728 quod
3290 2656 3362 2710 ita

1772 2757 1827 2803 et
1867 2748 2085 2805 tradidi.
2114 2788 2130 2804 .
2164 2786 2179 2803 .
2207 2787 2266 2804 ..
2298 2789 2312 2804 .
2343 2789 2356 2804 .
2391 2789 2405 2804 .

2489 2842 2629 2899 XIV.

2428 2951 2719 2993 PROLOGUS.

1849 3024 1962 3098 Ego
2006 3034 2184 3082 tamen
2224 3025 2385 3096 hujus
2422 3028 2499 3082 rei
2533 3027 2840 3097 exemplum
2872 3025 3005 3094 elegi
3053 3025 3257 3081 donare
3294 3025 3363 3079 ad

1716 3133 1739 3191 j
1772 3120 2107 3186 oratorium,
2142 3120 2297 3190 cujus
2326 3120 2668 3191 vocabulum:
2690 3116 2817 3173 illud
2860 3117 2999 3191 [ubi]
3040 3128 3213 3173 turma
3248 3134 3364 3172 mo-

1770 3214 2063 3267 nachorum
2082 3254 2097 3278 ,
2127 3212 2342 3267 Christo
2386 3213 2650 3283 propieio,
2679 3229 2784 3266 non
2819 3212 3028 3266 modica
3059 3227 3178 3267 esse
3206 3211 3356 3265 vide-

1770 3312 1880 3368 tur,
1911 3319 2101 3360 omnes
2148 3320 2237 3360 res
2268 3320 2439 3370 meas,
2475 3320 2582 3375 que
2625 3304 2757 3359 milii
2794 3303 3034 3372 legitimo
3070 3304 3192 3375 jure
3234 3319 3364 3359 con-

1771 3396 1975 3466 tingere
2003 3396 2280 3462 videntur,
2319 3406 2381 3451 ut
2412 3412 2479 3452 ex
2521 3412 2587 3452 eo
2616 3396 3072 3468 augmentacione
3114 3396 3285 3451 victus
3307 3404 3365 3451 et

1769 3487 1999 3542 vestitus
2025 3488 2245 3545 habeat.
2279 3527 2293 3542 .
2330 3526 2346 3543 .
2378 3527 2392 3542 .
2425 3528 2438 3541 .
2473 3528 2487 3543 .
2516 3528 2530 3541 .
2557 3527 2575 3544 .

2504 3600 2551 3656 Χ
2565 3600 2621 3655 ν.

2291 3707 2578 3748 ικῡιευιωι
2620 3708 2844 3748 ιιεςλιιε.

1843 3782 1921 3837 illi
1971 3797 2067 3838 rex
2109 3782 2479 3851 Francorum,
2521 3785 2656 3841 viris
2702 3784 3045 3851 inlustribus,
3083 3784 3178 3840 illo
3202 3785 3355 3846 duce.

1768 3875 1859 3931 illo
1881 3877 2102 3933 comite.
2135 3876 2257 3932 lllut
2306 3879 2464 3934 nobis
2496 3879 2565 3934 ad
2594 3891 2783 3935 eterna
2826 3878 3246 3936 retributionem
3274 3880 3358 3935 vel

1767 3967 2121 4022 stabilitatem
2157 3969 2305 4039 regni
2344 3970 2514 4025 nostri
2543 3971 2844 4038 credimus,
2892 3972 2945 4027 in
2996 3970 3090 4027 Dei
3120 3972 3361 4037 nomine,

1764 4058 2067 4127 pertinere,
2089 4059 2133 4114 si
2164 4058 2574 4133 pe[ti]tionibus
2599 4065 2941 4119 sacerdotum
2970 4064 3053 4118 vel
3084 4065 3365 4135 oportuni-

1770 4158 1935 4205 tatem
1962 4149 2079 4207 loca
2107 4161 2421 4208 sanctorum
2450 4164 2546 4211 aut
2577 4155 2960 4221 ecclesiarum,
3003 4156 3055 4210 in
3087 4170 3194 4226 quo
3227 4156 3363 4211 meis

1767 4242 1969 4299 fuerint
2004 4244 2235 4301 auribus
2273 4246 2500 4315 prolati.
2546 4246 2725 4303 eﬂ‘ecti
2745 4249 3165 4318 .‘mancipamus.
3220 4248 3360 4303 Dum

1768 4348 1894 4393 ante
1916 4339 2014 4393 hos
2036 4339 2152 4394 dies
2180 4340 2427 4409 paginola
2453 4340 2655 4412 aliqua.
2685 4381 2699 4395 .
2728 4380 2742 4396 .
2772 4381 2786 4396 .
2817 4381 2831 4396 .
2857 4351 3039 4397 nostra
3058 4341 3230 4413 (175).
3258 4379 3273 4394 .
3302 4378 3318 4397 .
3344 4380 3359 4395 .

1770 4428 1822 4482 in
1850 4429 1969 4484 loco
1992 4442 2357 4501 nuncupante.
2392 4472 2404 4484 .
2434 4472 2447 4485 .
2482 4472 2497 4488 .
2525 4472 2539 4486 .
2570 4473 2585 4487 .
2621 4470 2639 4487 .

2488 4524 2627 4580 XVI.

1770 4648 1945 4690 CABTA
1984 4650 2438 4694 neaenmnroxls
2465 4638 2612 4709 (l76)
2642 4656 2709 4694 an
2740 4653 3033 4695 eccwsutu
3076 4654 3141 4693 or.
3184 4653 3359 4694 reatu

2197 4725 2464 4765 NANCIPIIS
2494 4720 2603 4767 λυτ
2635 4726 2934 4774 QUISLIBET.

1788 4802 1792 4807 ’
1841 4796 1897 4851 1η
1938 4796 2029 4853 Dei
2068 4801 2309 4866 nomine,
2343 4817 2444 4873 ego
2481 4801 2589 4856 ille.
2622 4802 2959 4856 Recordatus
2990 4801 3363 4856 innumerabi-

1840 4974 1988 5101 (175)
2030 4975 2103 5030 Le
2134 4978 2442 5033 mouaSIére
2469 4977 2689 5051 désigué
2720 4980 2786 5035 ici
2820 4996 2904 5035 me
2933 4985 3103 5052 parait
3134 4982 3249 5035 étre
3272 4996 3361 5033 re-

1870 5047 1937 5100 de
1989 5049 2273 5101 teichnau.
2294 5086 2297 5087 ν
2321 5052 2413 5101 niti
2445 5054 2592 5101 avait
2620 5051 2705 5101 été
2739 5052 2897 5101 fonilé
2926 5069 3054 5101 sons
3098 5053 3358 5101 l‘invuea-

1767 5044 1937 5119 lui'de
1970 5044 2273 5113 Ileii-huau,
2294 5086 2297 5087 ν
2321 5052 2413 5119 qui
2445 5044 2705 5106 avait'e'te
2739 5052 2897 5107 fowlé
2926 5044 3054 5107 sons
3098 5053 3358 5106 l'invuca-

1766 5117 1977 5241 iiunldc
2007 5119 2054 5172 la
2086 5121 2261 5176 sainte
2297 5117 2514 5193 \‘ierge,
2543 5125 2610 5178 de
2642 5124 2785 5179 saint
2817 5121 3001 5178 l'icrrc
3031 5135 3083 5178 et
3115 5124 3179 5178 de
3211 5123 3358 5178 saint

1810 5203 1874 5240 an
1904 5227 1916 5239 .

1810 5203 1916 5240 alll.

1839 5258 1988 5334 (ly)
2033 5260 2233 5334 Evaug.
2261 5278 2367 5316 see.
2405 5262 2559 5325 Luc.,
2586 5279 2710 5334 cap.
2740 5282 2818 5326 XI,
2846 5265 2898 5332 ii.
2932 5265 3020 5318 41.

1839 5330 1987 5405 (175)
2025 5329 2129 5405 Ges
2157 5333 2402 5405 deruiers
2429 5345 2591 5405 mots.
2621 5329 2742 5390 bien
2774 5329 2879 5405 que
2908 5333 3187 5404 tronqués,
3216 5350 3359 5388 sem—

1766 5400 1918 5477 blent
1948 5401 2197 5477 iniliquer
2219 5404 2349 5477 qu‘il
2391 5419 2459 5477 ne
2488 5403 2647 5475 s‘agit
2679 5423 2780 5477 pas
2794 5400 2959 5463 d'unc
2986 5400 3239 5460 donation
3265 5423 3357 5477 aif-

1768 5471 1949 5552 tuelle,
1980 5473 2117 5527 mais
2146 5474 2212 5527 de
2242 5474 2286 5527 la
2316 5471 2696 5530 conﬁrmation
2722 5477 2883 5531 d’nne
2912 5477 3168 5532 donation
3201 5476 3357 5531 auté-

1768 5559 1879 5595 l'leU
1889 5559 1964 5598 re.

1838 5613 2107 5689 (‘l'itijLe
2156 5620 2270 5689 mot
2305 5617 2691 5686 denominutio,
2738 5618 2830 5688 qui
2873 5618 3086 5689 signiﬁe
3136 5619 3355 5688 simple-

1768 5694 1920 5737 ment
1951 5687 2019 5759 ici
2054 5702 2157 5739 une
2197 5687 2472 5759 (lanation,
2511 5707 2538 5741 a
2571 5687 2814 5759 exprime
2861 5687 2981 5759 plus
3032 5692 3148 5744 tard
3183 5687 3322 5744 lare

1769 5757 2158 5811 contriaissauee
2186 5756 2430 5813 oflit'iellc
2468 5760 2597 5817 faitc
2636 5756 2738 5832 par
2768 5762 2815 5817 lo
2863 5756 3042 5818 vasae]
3073 5762 3169 5817 des
3199 5760 3353 5818 hiem
