3892 6318
138 258 265 318 NH

1422 222 1783 319 remrem;
1831 258 2166 320 VErEnEs.

3255 274 3395 330 NH

145 374 286 437 dedi,
310 372 365 427 in
395 369 651 426 omnibus
691 367 1073 425 admelioratas
1122 364 1319 421 ibidem
1380 376 1724 422 revertantur
1752 369 1799 426 Α
1827 367 2070 423 titionem
2121 370 2263 440 apud
2285 384 2444 439 quem
2480 371 2675 429 habuit
2705 371 3002 441 racionem,
3035 384 3086 432 et
3116 376 3259 447 quod
3310 376 3409 433 ite-

145 465 383 537 partibus
412 462 547 517 meis
582 461 636 515 in
665 460 916 517 omnibus
934 468 1272 516 conservata.
1292 457 1348 513 Si
1373 459 1539 532 qui[s]
1568 475 1717 525 vero,

134 556 279 629 quod
310 554 428 610 ﬁeri
454 569 558 608 non
582 554 767 618 credo,
796 552 839 607 si
872 568 972 624 ego
999 552 1135 621 ipse,
1163 552 1331 606 abbas
1351 560 1445 605 aut
1472 551 1608 610 alius
1629 554 1719 624 qui

142 658 259 720 post
305 663 429 703 eum
456 646 634 709 venit,
681 644 771 715 qui
821 654 1010 699 contra
1064 643 1204 698 hanc
1232 646 1531 715 precariam
1572 661 1601 699 a
1634 661 1720 700 me

145 743 337 795 factam
389 737 1000 811 infrangere-voluerit,
1032 736 1206 792 solvat
1250 737 1304 792 in
1355 737 1568 807 publico
1599 740 1719 793 auri

134 834 327 888 uncias
356 843 488 897 tres,
518 831 731 903 argenti
766 830 1004 902 pondera
1029 830 1269 899 quinque
1298 840 1521 887 coactus
1545 831 1721 886 exsol-

138 934 245 991 vat,
274 933 331 980 et
361 923 505 993 quod
545 922 758 990 iustum
810 921 1010 992 repetit
1045 935 1151 975 non
1181 921 1471 992 praevaleat
1514 923 1724 978 evindi-

137 1031 288 1079 care;
319 1016 414 1072 sed
439 1016 540 1071 hoc
568 1029 806 1086 przesens
832 1013 1094 1085 precaria
1134 1012 1237 1068 ista
1282 1014 1431 1069 omni
1453 1024 1721 1085 ;tempore

136 1108 207 1162 sit
234 1118 579 1164 conservata.

200 1197 318 1269 Sig.
348 1197 582 1264 abbatis,
610 1196 701 1266 qui
746 1195 887 1251 hanc
920 1196 1237 1266 precariam
1270 1196 1387 1252 ﬁeri
1432 1206 1595 1269 atque
1632 1196 1723 1253 [ir-

134 1305 284 1345 mare
312 1290 543 1361 rogavit.

207 1380 321 1452 Sig.
351 1380 643 1451 praeposito
666 1379 947 1436 etdeeano
971 1382 1025 1433 et
1046 1379 1360 1437 eaucelario
1385 1390 1442 1437 et
1479 1396 1723 1437 camera-

132 1472 215 1527 rio
242 1482 295 1526 et
318 1474 557 1544 portario
581 1483 637 1528 et
661 1472 958 1527 seniorium
990 1472 1219 1528 fratrum
1247 1472 1389 1528 inter
1419 1482 1577 1529 totos.

205 1564 317 1635 Sig.
348 1564 413 1619 de
442 1564 555 1635 ipsa
586 1556 785 1620 familia
818 1563 1195 1635 ecclesiastica
1229 1563 1491 1621 laieorum
1514 1576 1721 1637 septem

134 1657 556 1713 consentientes.

1823 476 1940 514 rum
1966 462 2162 531 repetit
2189 478 2297 519 non
2323 465 2596 536 prevaleat
2620 467 2949 524 etindieare.

1888 552 2000 625 Sig.
2027 554 2242 609 testium
2264 567 2468 627 septem
2498 558 2697 616 ibidem
2721 560 3117 627 adsistentium,
3140 559 3229 615 ubi
3246 559 3407 615 istum

1819 643 2083 713 judicium
2118 646 2218 702 fuit
2244 648 2551 707 deﬁnitum.

1893 736 2006 804 Sig.
2035 738 2249 792 comitis
2278 738 2424 794 illius
2449 752 2501 796 et
2518 741 2814 812 iudicibus,
2846 758 3077 815 quorum
3111 743 3214 799 ista
3234 743 3410 799 conti-

1824 829 2004 883 uentia
2033 829 2252 885 delinita
2287 830 2415 887 sint.

2531 946 2697 1005 XXII.

1894 1064 2046 1118 Cette
2096 1063 2321 1117 l‘ornmle
2351 1073 2404 1117 et
2428 1062 2504 1117 les
2532 1064 2664 1117 trois
2710 1063 3024 1128 suivantes,
3068 1076 3195 1116 sans
3236 1059 3408 1123 oll‘rir,

1824 1149 2034 1189 eumue
2060 1133 2192 1188 eclle
2215 1135 2305 1202 qui
2332 1132 2579 1204 pr‘éccde,
2608 1134 2702 1204 des
2727 1134 2966 1189 modéles
2990 1134 3054 1188 de
3072 1131 3401 1204 ingements,

1821 1219 1880 1258 se
1924 1213 2239 1275 rappnrtent
2298 1202 2601 1274 cependaut
2647 1203 2677 1257 ὲ
2723 1203 3216 1275 l’adminiStration
3250 1204 3315 1275 de
3364 1202 3410 1253 la

1817 1272 2037 1346 justice.
2064 1275 2139 1330 Cc
2160 1286 2282 1330 sunt
2312 1272 2407 1346 des
2437 1274 2685 1344 requétes
2717 1272 2997 1346 adressées
3017 1289 3088 1346 au
3112 1342 3120 1346 _
3140 1273 3221 1327 roi
3270 1274 3411 1346 dans

1823 1342 1918 1400 des
1946 1362 2139 1401 causes
2165 1347 2260 1416 qui
2306 1342 2961 1416 dtaient'_probablemeut
3000 1343 3067 1399 de
3110 1342 3159 1397 la
3191 1343 3413 1411 compe-

1827 1426 1980 1470 tcnce
2006 1416 2074 1470 du
2107 1414 2341 1471 tribunal
2363 1416 2429 1469 du
2460 1414 2650 1486 palais.
2784 1420 2791 1427 '

2304 1544 2594 1584 INDICULL‘M
2638 1544 2704 1583 ΔΙ)
2746 1541 2942 1581 REGE“.

1897 1641 2024 1696 Viro
2050 1640 2443 1711 gloriosissimo
2470 1656 2501 1695 a
2546 1639 2655 1695 Deo
2680 1640 2936 1695 «iecorato
2967 1637 3057 1692 illo
3074 1672 3091 1701 ,
3117 1620 3292 1707 gratia
3321 1634 3413 1690 Dei

202 1748 314 1818 δίε,
357 1747 587 1802 aliorum
638 1747 1084 1813 Alamannorum,
1109 1745 1199 1801 ubi
1232 1747 1343 1820 ipsa
1374 1747 1600 1804 "adicio
1628 1750 1723 1804 ad.
1757 1718 1799 1776 Β
1830 1732 1937 1800 regi
1967 1730 2300 1785 Francorum
2323 1740 2379 1784 et
2407 1727 2891 1799 Langobardorum
2916 1727 3413 1794 Romanorumque,

124 1853 252 1895 esse
289 1840 556 1894 videntur.

196 1932 313 2003 Ego
339 1932 483 1987 enim
519 1931 881 1989 caneellarius
912 1947 1055 1987 anno
1084 1931 1171 1987 vel
1213 1930 1299 1987 die
1352 1934 1550 1989 mensis
1580 1933 1723 2006 quod

130 2021 307 2079 fuerat
334 2023 528 2094 scripsi
559 2030 611 2079 et
649 2024 973 2094 subscripsi.

846 2115 990 2171 XXI.

200 2204 646 2289 La'formulequi
682 2206 791 2262 suit
816 2206 968 2289 'oil‘re
995 2223 1064 2289 un
1096 2206 1319 2289 rn_odéle_
1333 2206 1398 2289 de
1420 2206 1720 2289 iugemeut,

138 2287 197 2331 et
224 2277 414 2348 mérite
444 2277 473 2330 ξι
504 2277 775 2348 plusieurs
799 2277 993 2347 e'gards
1021 2278 1089 2332 de
1125 2279 1261 2332 tlxer
1285 2277 1609 2332 l‘atteution.
1638 2277 1721 2348 0n

127 2362 165 2427 γ
192 2347 304 2402 voit
334 2347 536 2427 ﬁgurer
568 2364 637 2427 un
667 2358 865 2427 comte,
891 2348 1019 2427 _des
1071 2348 1484 2427 raehimbourgs
1531 2347 1724 2427 et_des

123 2418 325 2488 iuges;
355 2418 737 2488 cesderniets,
776 2418 1030 2473 distincts
1077 2418 1191 2473 des
1222 2431 1405 2473 autrcs
1454 2419 1724 2474 membrcs

130 2487 215 2543 du’
238 2487 498 2553 tribunal,
548 2504 634 2543 me
666 2488 971 2558 paraissent
1001 2489 1117 2543 étre
1150 2489 1226 2544 les
1254 2489 1516 2543 vicomtes
1541 2503 1611 2542 ou
1645 2491 1726 2543 vi-

132 2559 328 2629 caires,
357 2559 445 2627 qui
490 2559 813 2628 ioui‘ssaient
864 2558 1273 2629 probablement
1314 2558 1406 2612 “du
1461 2562 1603 2613 droit
1659 2560 1726 2615 de

130 2628 461 2699 siégeravec
487 2632 534 2685 le
556 2639 754 2696 comte,
781 2628 1048 2699 lorsqu’ils
1069 2644 1129 2684 se
1151 2630 1457 2683 trouvaient
1478 2629 1726 2697 présents

131 2715 201 2751 au
224 2699 485 2755 cher-lien
526 2701 601 2772 du
646 2716 835 2772 pagus.
866 2702 946 2754 0n
980 2717 1009 2772 y
1038 2702 1153 2772 voit
1199 2701 1348 2772 aussi
1380 2702 1475 2755 des
1498 2700 1724 2772 temoius

130 2780 479 2839 proprement
507 2770 635 2833 dits,
668 2770 869 2840 choisi's
900 2770 1071 2840 parmi
1101 2770 1177 2825 les
1201 2770 1476 2825 Itabitants
1505 2773 1575 2824 du
1605 2770 1722 2825 voi-

131 2841 341 2909 sinage,
365 2849 419 2893 et
449 2842 543 2894 des
578 2839 928 2909 lidéiusseurs
954 2857 1022 2895 ou
1047 2842 1311 2905 cautious,
1341 2839 1576 2896 destines
1598 2856 1725 2897 sans

131 2910 295 2964 doute
350 2910 380 2963 ξι
419 2911 666 2982 garantir
716 2912 1036 2967 l'exe'cution
1090 2913 1159 2967 du
1194 2910 1475 2982 iugetnent
1521 2927 1620 2982 par
1672 2912 1724 2966 Ia

131 2983 307 3064 partie
332 2982 687 3064 condamnée.
740 2982 1394 3064 Enlin'l’ertpéditionndu
1440 2983 1724 3064 ingement

130 3060 216 3125 est
246 3053 511 3125 souscrite
562 3068 661 3125 par
706 3064 824 3125 sept
862 3053 1125 3125 témoius,
1182 3053 1612 3125 cultior-uterum“
1654 3069 1720 3125 an

131 3122 378 3191 principe
407 3124 471 3176 de
500 3123 547 3175 la
578 3122 649 3195 loi
674 3122 791 3195 ﬁdes
821 3124 1153 3190 Allemands,
1182 3124 1272 3195 qui
1302 3124 1642 3194 s‘appliquait
1686 3124 1718 3178 it

133 3200 259 3246 tuus
286 3194 365 3247 les
397 3203 545 3247 acles
574 3194 759 3248 écrils.
1204 3194 1211 3195 ί
1254 3256 1260 3262 _

403 3301 724 3341 EVINDICATE
760 3301 966 3341 JUDICIO
1004 3302 1129 3340 νιιω
1166 3301 1452 3342 INLUSTRO.

198 3376 296 3430 Vir
318 3375 549 3429 inlusler
578 3376 749 3431 comis
779 3375 887 3429 ille.
921 3373 1104 3447 [Curii]
1135 3376 1186 3431 in
1210 3391 1349 3447 pago
1378 3375 1468 3431 illo
1501 3375 1725 3431 resedis-

130 3479 271 3531 sem,
300 3465 351 3519 in
392 3466 519 3520 villa
552 3466 657 3528 illa,
693 3482 815 3521 cum
861 3465 1131 3535 iudicibus
1186 3476 1241 3522 et
1283 3467 1626 3540 reginburgis
1669 3476 1726 3522 et

131 3554 259 3611 aliis
289 3556 500 3628 pupulis
531 3558 713 3613 multis
744 3558 810 3613 ad
836 3557 1154 3614 discendum
1178 3555 1466 3626 judicium,
1504 3560 1570 3614 ad
1596 3574 1723 3629 pre-

130 3658 342 3705 sentem
386 3659 634 3706 nostram
675 3650 896 3706 veniens
923 3651 1087 3706 homo
1144 3650 1279 3720 iste,
1331 3652 1550 3707 nomine
1610 3651 1722 3718 illo,

131 3740 461 3816 [repetebat]
490 3744 561 3811 ei,
597 3743 745 3819 [dum
777 3744 981 3800 diceret
1007 3742 1174 3816 quod]
1215 3758 1313 3814 per
1361 3742 1504 3800 malo
1534 3746 1724 3801 ordine

131 3850 223 3891 res
265 3852 392 3892 suas
426 3838 654 3893 tulisset.
710 3836 777 3892 Et
814 3853 913 3893 nos
961 3838 1101 3893 hanc
1147 3852 1369 3893 causam
1396 3853 1493 3911 per
1518 3838 1723 3894 vicinos

127 3944 320 3986 eorum
347 3931 635 4002 diligenter
660 3933 1071 4003 adquisivimus,
1104 3948 1204 4004 per
1233 3933 1580 4002 ﬁdeiussores
1628 3950 1723 4006 p.0-

129 4024 269 4077 sitos
289 4032 343 4078 et
378 4036 777 4080 sacramentum
814 4026 1016 4097 iurata.
1061 4027 1127 4081 Et
1158 4026 1259 4097 ipsi
1292 4028 1542 4083 dixerunt
1568 4027 1722 4086 nobis

131 4114 455 4171 iuuotuisset
503 4133 741 4173 causam.
774 4119 838 4174 Et
900 4118 987 4174 illc
1029 4118 1165 4176 alter
1192 4136 1483 4192 expressus
1516 4121 1722 4191 iudicio

130 4222 245 4261 non
280 4210 458 4278 potuit
487 4209 754 4281 denegare
783 4221 837 4266 et
866 4212 1065 4266 nullam
1096 4214 1516 4283 potuit,reddere
1549 4216 1723 4271 raciu-

128 4313 275 4364 nem,
309 4306 363 4353 et
409 4315 505 4368 per
551 4316 705 4355 suum
732 4304 989 4357 vuadium
1022 4304 1087 4358 ad
1119 4313 1363 4359 nostram
1392 4307 1720 4374 presentiam

126 4405 253 4444 cum
284 4394 583 4448 revestivit.
621 4394 685 4448 Et
715 4409 835 4448 cum
876 4411 935 4450 se
966 4397 1366 4467 recognovisset
1387 4398 1440 4453 in
1469 4399 1720 4455 omnibus

124 4492 426 4552 exuatum,
479 4485 699 4542 deﬁnito
735 4485 970 4556 iudicio,
1018 4488 1118 4543 iste
1176 4488 1334 4557 alter,
1390 4491 1481 4563 qui
1528 4501 1717 4547 contra

126 4576 284 4632 illum
317 4578 501 4635 habuit
530 4581 826 4647 raeionem,
854 4582 1151 4637 secundum
1180 4582 1353 4653 legem
1395 4584 1721 4641 Alamanno-

122 4683 253 4725 rum
282 4672 481 4728 vestitu
511 4690 669 4741 manu
700 4674 755 4729 in
788 4674 997 4744 palacio
1035 4686 1221 4731 nostro
1254 4694 1502 4735 reversus
1541 4689 1625 4735 est
1667 4681 1719 4735 in

121 4765 373 4837 propria.
408 4764 475 4820 Et
496 4766 539 4820 si
571 4766 659 4821 illa
682 4782 867 4833 causa,
897 4783 1001 4838 que
1027 4776 1153 4823 ante
1176 4784 1273 4824 nos
1304 4768 1402 4825 fuit
1425 4770 1719 4841 diiudicata

123 4868 185 4910 et
207 4855 486 4925 iudicibus
516 4860 720 4914 nostris
750 4860 829 4913 vel
861 4861 1201 4933 regiuburgis
1242 4865 1446 4919 nostris
1476 4866 1554 4919 vel
1576 4864 1721 4934 iudi-

122 4947 287 5001 cibus
328 4951 639 5008 constitutis
688 4959 741 5004 et
781 4950 902 5005 aliis
944 4954 1196 5022 pageusis
1224 4952 1472 5023 plurimis
1520 4955 1720 5011 ibidem

124 5037 469 5100 sistentihus,
500 5039 602 5094 hoc
644 5052 771 5097 sunt
811 5040 882 5093 illi
927 5050 979 5094 et
1010 5040 1105 5107 illi,
1131 5041 1221 5111 qui
1259 5042 1362 5097 hoc
1389 5042 1716 5111 inquietant,

102 5126 345 5188 rsolvanl
376 5128 428 5183 in
458 5130 674 5199 publico
702 5142 904 5186 souuos
934 5134 1215 5202 sexaginta
1245 5142 1295 5187 et
1323 5132 1539 5203 duplam
1566 5148 1718 5204 repe-

174 5282 351 5365 μη)
374 5283 449 5339 La
468 5288 725 5365 .reqnete,
750 5289 880 5344 dont
901 5297 1042 5365 cette
1082 5287 1310 5365 ferratile
1350 5290 1485 5365 oli‘re
1514 5293 1564 5351 Ie
1605 5310 1722 5351 m0-

124 5353 272 5419 dele,
300 5366 384 5410 est
404 5353 667 5429 adressée
696 5376 791 5429 par
814 5377 884 5413 un
910 5359 1047 5413 abbé
1070 5362 1135 5413 de
1166 5359 1418 5417 Morbach
1441 5364 1470 5417 ἐι
1500 5367 1721 5423 Charle-

126 5440 349 5497 magne.
392 5426 465 5481 Ce
493 5428 676 5497 prince
696 5426 789 5484 est
812 5445 882 5485 eu
907 5429 1032 5484 cﬂet
1068 5429 1116 5485 le
1140 5431 1258 5485 seul
1280 5434 1377 5489 des
1405 5438 1721 5492 souveraius

122 5496 533 5570 carlgvingieus
561 5502 651 5567 qui
680 5501 756 5555 ait
792 5504 948 5570 porte
990 5502 1068 5554 les
1108 5501 1263 5557 titres
1298 5504 1484 5559 réunis
1532 5508 1597 5561 de
1644 5509 1720 5561 rei

121 5566 219 5622 de:
248 5566 452 5623 mue:
479 5579 526 5623 ct
551 5566 642 5626 de:
664 5566 971 5626 Lombards.
992 5572 1096 5640 (Cf.
1123 5573 1423 5640 lleumann,
1447 5575 1722 5631 Commen-

121 5642 263 5719 {grii
284 5640 431 5719 de_re
459 5641 816 5719 diplomaticg,
853 5651 984 5719 tum.
1004 5640 1079 5719 I.)_
1111 5642 1351 5719 Quanta
1376 5646 1617 5719 I‘abbaye
1655 5651 1722 5703 de

121 5707 410 5777 Murbach,
446 5707 544 5769 clle
573 5713 652 5767 fut
675 5713 895 5768 d‘abord
924 5707 1116 5770 fondée
1133 5707 1263 5771 sons
1289 5707 1629 5775 I'invocati'on
1658 5720 1722 5775 de

1747 4443 1800 4504 Β

1827 1823 1915 1877 ille
1946 1835 2201 1891 peccator
2228 1832 2459 1878 vocatus
2485 1822 2623 1878 abba
2669 1837 2774 1880 una
2818 1836 2942 1877 cum
2995 1819 3416 1891 congregatione

1825 1912 2008 1967 Sancti
2041 1911 2185 1967 Petri
2209 1922 2265 1968 et
2305 1911 2492 1969 Sancti
2518 1912 2839 1983 Leudegarii
2881 1920 3162 1975 oratorum
3204 1917 3417 1964 vestro-

1826 2019 1945 2057 rum
1995 2002 2227 2059 salutem
2278 2004 2433 2063 vobis
2476 2003 2729 2060 obtamus
2775 2003 2831 2060 in
2865 2003 3094 2061 Domino
3120 2016 3415 2072 perennem

1826 2096 1846 2162 (
1856 2094 1873 2146 ι
1885 2093 1994 2163 77).
2016 2091 2399 2164 Subplicamus
2412 2094 2700 2150 clementia
2714 2104 2891 2149 vestra
2913 2108 2972 2148 ut
2991 2110 3097 2149 non
3114 2092 3417 2163 dedignetis

1826 2185 2014 2239 audire
2056 2186 2440 2241 necessitatem
2486 2195 2750 2249 nostram.
2777 2186 3158 2243 Innatlscimus
3188 2186 3414 2241 celsitu-

1826 2277 1950 2332 dine
1972 2287 2150 2332 vestra
2175 2279 2239 2332 de
2267 2280 2370 2333 hoc
2398 2279 2541 2349 quod
2568 2279 2725 2334 nobis
2762 2263 2940 2334 nisum
2973 2279 3184 2334 habetis
3215 2279 3281 2332 ad
3320 2278 3415 2332 Dci

1826 2369 2107 2425 servitium
2151 2379 2205 2425 et
2262 2371 2513 2427 mercede
2576 2376 2752 2427 vestra
2797 2369 3135 2441 providentia
3190 2368 3415 2433 habere,

1826 2462 1969 2518 unde
2004 2473 2060 2518 et
2108 2477 2206 2517 nos
2230 2459 2367 2517 infra
2399 2477 2534 2533 pago
2554 2461 2620 2517 de
2644 2462 2885 2531 iustitias
2915 2463 3113 2517 nostris
3155 2460 3417 2530 consequi

1828 2554 2048 2608 tninime
2078 2554 2365 2625 possimus,
2398 2554 2551 2608 vobis
2572 2553 2750 2608 celare
2777 2568 2881 2607 non
2908 2552 3024 2623 ausi
3056 2568 3261 2607 sumus.
3282 2550 3415 2604 Nam

1827 2652 1953 2698 ante
1982 2643 2080 2699 hos
2109 2660 2302 2712 annos,
2342 2660 2468 2699 cum
2507 2643 2685 2714 aliqua
2716 2643 2953 2698 turbatio
2983 2642 3084 2697 fuit
3124 2628 3263 2698 inter
3292 2643 3418 2697 Ala-

1826 2752 2056 2793 mannos
2083 2746 2138 2792 et
2179 2738 2536 2805 Alsacenses,
2581 2736 2736 2793 multi
2766 2730 2833 2793 de
2860 2735 2947 2791 illa
2987 2737 3254 2807 mancipia
3274 2776 3289 2802 ,
3324 2737 3417 2807 qui

1822 2832 1962 2902 iura:
1991 2832 2165 2887 sancti
2195 2830 2338 2886 illius
2377 2831 2660 2897 debentur,
2697 2830 2763 2885 de
2789 2840 2943 2900 parte
2984 2829 3069 2885 illa
3103 2838 3157 2884 et
3195 2830 3261 2884 de
3292 2845 3417 2900 pro-

1828 2924 1946 2995 prio
1971 2925 2193 2980 servitio
2225 2924 2480 2988 evaserit,
2524 2930 2581 2977 et
2631 2920 2790 2976 modo
2846 2936 2905 2978 se
2950 2920 3117 2994 aliqui
3159 2921 3417 2991 ingenuas

1826 3030 1949 3072 esse
1974 3016 2190 3082 dicunt,
2223 3022 2275 3070 et
2305 3016 2513 3084 aliquas
2555 3012 2708 3068 nobis
2738 3014 3066 3068 contendunt
3118 3011 3193 3066 illi
3223 3012 3417 3076 comis,

1827 3117 1883 3163 et
1913 3109 2003 3163 alii
2029 3110 2276 3164 homines
2303 3124 2396 3179 per
2417 3107 2552 3163 alios
2574 3106 2861 3161 cumitatos
2889 3105 3074 3159 dicunt
3095 3118 3155 3160 se
3186 3103 3334 3174 ipsos
3365 3104 3421 3158 in
3510 3108 3514 3117 '

1826 3210 2010 3256 vestro
2035 3200 2298 3256 beneﬁcio
2322 3200 2542 3255 habere.
2580 3195 2731 3251 Unde
2771 3195 3140 3267 subplicamus
3178 3196 3333 3251 vobis
3360 3205 3421 3249 ut

1828 3292 1902 3347 illi
1926 3304 2019 3347 aut
2046 3293 2132 3348 cui
2157 3293 2306 3347 vobis
2330 3292 2508 3363 placet
2540 3290 2785 3362 iubeatis
2827 3278 3213 3343 Commendare
3239 3296 3298 3340 ut
3321 3300 3419 3340 no-

1827 3395 1997 3439 stram
2033 3382 2297 3452 iustitiam
2365 3382 2622 3452 consequi
2671 3380 2968 3436 valeamus.
3040 3376 3173 3433 Nam
3220 3386 3276 3432 et
3331 3376 3420 3432 ille

1828 3477 2119 3548 episcopus
2146 3476 2287 3531 infra
2314 3474 2451 3531 valle
2482 3474 2847 3530 Reciauorum
2872 3486 2979 3527 uno
3008 3469 3198 3526 locello
3221 3469 3286 3524 de
3321 3484 3419 3523 suo

1827 3569 2046 3638 preprio
2070 3568 2123 3622 in
2149 3583 2243 3623 sua
2275 3566 2625 3623 elemosinam
2649 3566 2716 3620 ad
2740 3555 3128 3620 monasterium
3169 3571 3418 3617 nostrum

1827 3657 2105 3724 delicavit;
2134 3657 2276 3714 unde
2314 3657 2476 3714 modo
2503 3656 2592 3712 ille
2620 3656 2904 3727 episcopus
2942 3668 3105 3710 unam
3137 3651 3417 3711 basilicam

1824 3759 1880 3806 et
1902 3767 2064 3809 unam
2094 3752 2440 3807 castelonazm
2462 3750 2773 3805 montanieo
2791 3762 2885 3804 seu
2910 3757 2964 3803 et
2995 3746 3095 3801 alia
3122 3743 3417 3814 conpendia

1826 3842 1987 3897 nobis
2016 3841 2282 3898 violenter
2307 3841 2557 3910 abstulit,
2582 3853 2639 3896 et
2662 3839 2859 3895 exinde
2894 3838 3194 3909 iussionem
3240 3845 3416 3892 vestra

1825 3932 2214 4005 subplicamus.

2524 4027 2712 4082 XXIII.

2464 4134 2532 4173 AD
2572 4133 2765 4172 REGI-3M.

1896 4211 2104 4267 Domno
2129 4211 2522 4283 gloriOsissimo
2545 4210 2719 4279 adque
2741 4207 3192 4264 eXCellentissinto
3219 4206 3416 4262 Karolo

1825 4302 2177 4375 regi,Amieo
2197 4313 2421 4374 pecator
2447 4311 2670 4358 vocatus
2696 4302 2833 4363 abba
2866 4316 2971 4356 una
3003 4317 3123 4361 cum
3156 4300 3417 4361 fratribus

1826 4397 1881 4452 in
1909 4396 2135 4453 cenobio
2162 4396 2573 4453 Morbacheinse
2594 4393 2909 4467 degentibus
2937 4395 2989 4449 in
3012 4391 3231 4449 Chriato
3252 4392 3415 4448 Jhesu

1824 4498 1973 4559 optat
1997 4488 2221 4545 salutem
2256 4488 2423 4560 (I78).
2455 4487 2532 4543 De
2580 4497 2762 4544 cetero
2802 4496 2981 4542 autem
3022 4483 3414 4557 suggler]imus

1824 4580 2146 4636 celsitudine
2170 4589 2347 4635 vestre
2378 4596 2442 4634 eo
2469 4578 2610 4650 quod
2638 4578 2809 4634 curuis
2836 4588 3032 4643 vester,
3058 4577 3275 4631 nomine
3302 4575 3416 4642 ille,

1825 4690 1923 4729 nos
1960 4676 2026 4731 de
2077 4675 2237 4730 rebus
2292 4673 2487 4745 aliquis
2540 4672 2832 4742 evpoliavit
2881 4673 3055 4742 adque
3109 4671 3413 4735 devestivit,

1824 4764 2267 4833 videlicctutnde
2309 4780 2430 4825 nos,
2478 4761 2707 4817 Domino
2753 4770 3094 4832 protegente,
3148 4766 3247 4830 per
3294 4762 3416 4814 avio

1823 4865 2007 4911 vestro
2020 4867 2182 4925 atque
2194 4854 2423 4925 genitori
2441 4863 2620 4909 vestro
2641 4865 2693 4909 et
2718 4869 2811 4923 per
2836 4868 2930 4907 vos
2944 4869 3037 4922 per
3053 4863 3229 4907 vestra
3240 4869 3287 4904 ιιι
3305 4853 3418 4922 pie-

1823 4958 1989 5004 tatem
2019 4964 2190 5018 usque
2236 4950 2287 5001 in
2335 4962 2576 5018 praesens
2603 4954 2810 5016 tempus
2839 4944 3015 5000 vestiti
3053 4960 3171 4999 esse
3197 4946 3417 4999 videba-

1824 5057 1967 5096 mur.
1996 5040 2110 5107 Qua
2156 5055 2220 5094 ex
2253 5055 2311 5094 re
2341 5039 2662 5110 subpliciter
2699 5054 2988 5095 exoramus
3028 5038 3413 5093 SUI)IIIIIIlalt'III

1822 5141 2060 5186 vestram
2092 5140 2150 5185 ut
2174 5130 2372 5185 exinde
2400 5130 2577 5186 taliter
2610 5131 2785 5202 pietas
2820 5140 2996 5184 vestra
3018 5130 3206 5201 iubeat
3230 5146 3413 5200 agere,

1825 5292 1873 5345 la
1902 5291 2089 5362 Sainte
2117 5291 2332 5362 Vierge,
2358 5289 2423 5362 de
2456 5289 2597 5362 saint
2621 5288 2825 5362 Pierre,
2852 5288 2919 5342 de
2947 5288 3087 5341 saint
3111 5286 3242 5342 Paul
3268 5298 3323 5343 et
3350 5290 3415 5342 de

1824 5364 1969 5419 saint
2019 5359 2361 5417 MiehelfOn
2396 5360 2591 5432 ioignit
2627 5359 2832 5432 bientﬁdt
2876 5375 2979 5412 aux
3024 5375 3181 5423 notus
3209 5362 3277 5414 de
3322 5376 3415 5432 ces

1824 5437 1996 5491 saints
2040 5443 2261 5500 patrons
2290 5431 2426 5487 celui
2471 5430 2537 5485 de
2578 5431 2721 5485 saint
2760 5430 2960 5500 Léger.
3009 5445 3173 5499 parce
3213 5444 3319 5500 que
3365 5430 3416 5483 le

1825 5516 2004 5559 romte
2036 5504 2336 5566 Eberhard,
2365 5503 2601 5572 prcmier
2624 5501 2951 5555 bienfaiteur
2976 5500 3045 5553 du
3074 5500 3412 5566 monastere,

1825 5577 1954 5633 était
1992 5576 2193 5643 proche
2219 5583 2411 5643 parent
2432 5573 2499 5626 de
2528 5573 2772 5643 l‘illnStre
2792 5573 3019 5640 eveque.

1900 5641 2046 5718 (I78)
2077 5641 2266 5718 Amico
2288 5644 2370 5718 (ut
2399 5644 2483 5718 elu
2513 5642 2651 5718 ublic
2677 5644 2743 5696 de
2773 5643 3024 5718 .ilorbaclt
3049 5643 3267 5718 eng774.
3303 5641 3411 5713 (Cl.

1828 5713 2103 5781 Ma'billuu,
2130 5717 2361 5772 Amtales
2393 5714 2458 5770 0.
2505 5714 2564 5771 S.
2605 5713 2696 5781 8.,
2723 5722 2762 5768 ι.
2793 5714 2859 5782 ll,
2889 5729 2989 5786 pag
3010 5752 3021 5766 .
3042 5714 3196 5784 "200.)
