3892 6318
571 375 714 436 ωδ

1691 530 1810 611 gere

562 553 857 642 secundum
877 553 1148 654 justitiam
1179 577 1429 635 ineffabili
1452 569 1608 630 modo
1646 553 1810 612 δίδως
1835 553 2157 626 c0“suevit.

1248 670 1435 727 XXIV.
1518 664 1523 668 ’

1135 764 1290 837 [Sine
1320 757 1572 831 rubrum]

632 856 1037 915 Gloriosissimo
1068 867 1122 911 et
1152 857 1307 910 nobis
1330 853 1488 908 valde
1521 842 1814 904 karissimo
1846 857 1911 899 ac
1944 860 2162 901 summo

562 950 771 1005 honore
804 949 1135 1005 nominando
1156 947 1229 1001 illi
1258 945 1492 1016 glorioso
1530 944 1642 1014 regi
1667 982 1681 1006 ,
1714 935 1888 995 ﬁdelis
1927 937 2164 993 famulus

561 1052 742 1099 vester
766 1042 856 1097 ille
886 1040 1098 1097 ﬁdelem
1122 1050 1178 1096 et
1201 1038 1609 1095 devotissimum
1641 1032 1956 1090 servicium.
1983 1029 2163 1086 Conﬁ-

560 1134 753 1190 deutes
781 1135 833 1189 in
859 1144 1095 1189 vestram
1122 1132 1514 1189 nobilissimam
1533 1127 1901 1201 prudentiam,
1929 1125 2165 1181 destina-

559 1225 738 1281 vimus
767 1226 833 1279 ad
857 1232 1090 1279 vestram
1115 1222 1458 1279 clementiam
1486 1223 1582 1277 has
1614 1220 1843 1286 litteras,
1868 1218 2162 1272 obsecran-

565 1325 643 1368 tes
672 1324 730 1368 ut
752 1330 879 1385 erga
928 1314 1097 1369 ﬁlium
1131 1313 1281 1368 illum
1304 1327 1407 1381 per
1443 1320 1629 1365 nostro
1653 1323 1840 1363 amore
1862 1307 1940 1363 sic
1964 1305 2157 1377 agatis,

562 1407 724 1461 sicuti
754 1407 807 1462 in
838 1422 939 1462 vos
960 1404 1309 1466 conﬁdimus,
1339 1404 1589 1459 videlicet
1614 1411 1673 1456 ut
1695 1416 1783 1457 res
1812 1415 2025 1471 sponsa:
2050 1413 2161 1453 suze

561 1500 767 1568 absque
788 1496 1014 1566 alicujus
1044 1494 1416 1551 subtractione
1438 1494 1641 1549 habere
1664 1492 1845 1557 liceat,
1879 1502 2161 1561 quousque

560 1586 676 1656 ipse
700 1587 765 1641 de
788 1588 888 1642 bac
911 1586 1263 1656 expetlicione
1291 1599 1319 1637 a
1350 1583 1505 1637 nobis
1531 1582 1809 1638 absolutus
1834 1580 1901 1636 ad
1924 1590 2158 1634 vestram

558 1677 891 1746 presentiatn
919 1677 1101 1731 venire
1134 1675 1321 1745 possit.
1354 1673 1461 1728 Vos
1498 1674 1644 1728 enim
1685 1674 1838 1728 scitis
1887 1673 1951 1724 ad
1980 1687 2161 1740 quan-

562 1774 673 1819 tum
704 1768 1079 1822 necessitatem
1121 1765 1425 1836 pergimus;
1469 1765 1588 1819 ideo
1628 1773 1732 1817 tant
1762 1763 1937 1833 ipsum
1971 1776 2163 1830 quant-

559 1875 666 1928 que
693 1868 746 1914 et
772 1875 962 1915 omnes
986 1859 1167 1915 ﬁdeles
1193 1869 1405 1914 nostros
1434 1857 1705 1912 dimittere
1733 1872 1836 1910 nun
1863 1854 1992 1908 utile
2015 1854 2158 1923 judi-
2192 1840 2234 1899 Β

560 1965 792 2016 camus;
825 1967 949 2007 mox
972 1960 1151 2007 autem
1184 1951 1308 2006 inde
1338 1964 1589 2005 reversus
1614 1948 1796 2013 fuerit,
1821 1962 1943 2002 eum
1968 1946 2033 2000 ad
2062 1960 2155 1998 vos

562 2043 865 2114 dirigitnus.
928 2042 1049 2098 Ideo
1096 2042 1373 2098 humiliter
1430 2042 1780 2096 obsecramus
1832 2048 1890 2093 ut
1938 2038 2154 2092 interim

562 2132 708 2202 ipsas
736 2148 822 2188 res
842 2134 1022 2201 quiete
1051 2141 1313 2199 teneat,et
1344 2140 1465 2202 post
1486 2131 1736 2200 quicquid
1765 2131 1848 2185 lex
1872 2129 2156 2185 dictaverit

562 2222 617 2276 in
647 2233 826 2276 vestra
860 2223 1127 2291 presentia
1156 2222 1336 2278 facere
1367 2221 1625 2277 studebit.
1670 2220 1932 2290 Optamus
1972 2235 2067 2275 vos
2101 2219 2152 2274 iu

566 2313 791 2369 Domino
818 2329 1032 2385 semper
1052 2314 1190 2370 bene
1212 2314 1412 2368 valere.

1273 2427 1441 2481 XXV.

1135 2540 1288 2612 [Sine
1311 2538 1569 2611 rubrica.]

633 2632 1064 2688 Clementissimo
1080 2646 1142 2685 ac
1160 2632 1508 2686 serenissitno
1526 2631 1633 2701 regi
1655 2629 1724 2684 illi
1739 2629 1825 2699 plu
1837 2630 1971 2684 rimo
1986 2647 2146 2702 augu-

563 2726 720 2780 sticae
778 2725 1061 2796 dignitatis
1107 2734 1337 2779 stetnate
1378 2724 1777 2794 comptissimo,
1829 2723 1916 2778 ille
1965 2736 2151 2781 sancte

565 2815 710 2871 illius
731 2817 962 2871 ecclesie
986 2815 1205 2871 humilis
1228 2815 1455 2870 antestis
1482 2824 1909 2884 cnnctorumqne
1924 2813 2146 2871 famulo-

564 2920 684 2960 rum
713 2905 807 2961 Dei
837 2904 1072 2960 fautulus
1092 2905 1363 2975 presentis
1394 2919 1456 2958 ac
1487 2903 1668 2959 future
1688 2904 2039 2960 beatitudinis
2067 2921 2152 2961 sa-

564 2993 729 3051 lutent
762 2997 814 3051 in
856 2997 1077 3052 Christo
1117 2997 1282 3052 Jhesu
1335 3010 1590 3051 cernuus.
1621 2996 2034 3067 Elegantissime
2061 3012 2151 3052 ve-

562 3099 690 3145 strm
747 3090 1034 3161 perspicue
1087 3087 1444 3145 sublimitatis
1491 3098 1653 3160 atque
1694 3087 2150 3143 excellentissime

1710 322 2164 466 ιίηῦὶέῐψεκυ.
2212 375 2304 430 AD
2354 372 2525 431 seu.
2556 373 2621 429 χ.

578 427 711 436 ---ν
1745 427 1769 455 ,ι
2047 427 2052 428 κ
2113 427 2161 429 ρ
2366 427 2523 431 η--ή
3622 427 3698 441 ...τ

561 501 828 562 quatenus
846 490 1046 562 optima
1065 496 1300 561 potestas
1323 492 1505 544 vestra,
1537 427 2154 564 Dofilprljsbirante,
2184 481 2233 541 Α
2264 477 2478 534 noverit
2512 476 2781 532 claritudo
2809 479 3015 551 sophye
3041 479 3188 549 quod
3234 482 3331 538 mei
3371 485 3587 552 cuiusdam
3600 509 3698 564 pan.

3617 385 3699 441 ιιιι

2268 569 2389 635 siti,
2442 569 2586 625 illius
2636 569 2924 636 videlicet,
2977 574 3143 637 lilius,
3192 574 3281 629 illo
3324 580 3521 644 nomine,
3558 592 3701 653 pnelh.

2263 662 2558 733 quendam,
2590 663 2853 718 vocabulo
2884 664 3093 719 scilicet
3125 665 3291 732 illam,
3321 668 3528 739 legaliter
3554 688 3705 750 ευκερίι

2264 753 2317 807 itt
2373 768 2651 823 sponsam.
2700 752 2866 822 Cujus
2908 756 3093 826 itaque
3143 770 3232 811 res
3272 757 3586 827 ίιιίψιεηιιιίεδι
3619 774 3706 837 πεδί

2262 844 2432 901 vestri
2459 845 2594 901 sitas
2628 845 2681 900 itt
2709 846 2946 911 dicione,
2976 847 3203 917 quidam
3236 848 3433 904 auferre
3457 854 3635 911 nituntur
3663 863 3708 914 in-

2256 933 2425 1005 juste.
2451 935 2720 1003 Quocirca
2750 946 2931 991 vestre
2962 938 3344 1007 augustissime
3366 944 3608 999 serenitatis
3638 953 3709 1003 sub-

2263 1028 2483 1099 pliciter
2525 1027 2712 1099 ﬂagito
2759 1028 3143 1094 clementiam,
3197 1040 3257 1083 ut
3307 1032 3371 1085 ob
3412 1049 3596 1091 amorem
3630 1040 3711 1097 tua

2263 1120 2471 1176 Christi
2495 1120 2669 1175 sancti
2703 1119 2870 1186 illius,
2912 1120 3068 1189 cujus
3105 1131 3288 1177 vestre
3330 1122 3468 1177 saluti
3488 1126 3637 1196 jugiter
3656 1136 3713 1183 iu-

2263 1212 2418 1282 ploro
2460 1213 2802 1284 suﬁ'ragium,
2847 1214 2899 1269 in
2950 1214 3230 1284 praedictis
3295 1216 3443 1272 rebus
3484 1221 3713 1290 adquirendi;

2264 1304 2477 1373 prelatu
2504 1302 2582 1358 illi
2611 1313 2855 1359 vestrum
2891 1304 3034 1361 ferre
3064 1305 3359 1376 dignemini
3379 1309 3717 1377 presidium.Uni—

2264 1411 2544 1451 versorqu
2565 1397 2730 1467 igitur
2760 1396 3041 1462 Dominus,
3071 1395 3234 1467 cujus
3258 1414 3437 1453 omnes
3460 1414 3717 1475 regionum.

2264 1495 2480 1557 tegente
2511 1488 2727 1543 nomine
2753 1487 2920 1555 regis,
2943 1500 3192 1543 vestrum
3218 1491 3463 1545 continuo
3498 1499 3719 1565 regnauit-

2265 1578 2482 1634 vamine
2508 1579 2805 1634 sublimare
2818 1580 3126 1650 vestrisque
3148 1580 3380 1651 planetis
3397 1593 3583 1641 cunctos
3596 1592 3720 1644 sanet

2264 1669 2518 1741 dignetur
2544 1671 2797 1727 inimicus
2819 1671 3113 1740 subjicere.

2966 1801 3163 1859 XXVI.

2330 1917 2487 1992 Cette
2512 1916 2741 1992 formule
2771 1918 2913 1992 u‘est
2947 1936 3044 1989 pas
3073 1919 3105 1974 ἐι
3150 1932 3486 1991 propremeut
3516 1924 3647 1992 parler
3667 1943 3723 1981 ωε

2264 1989 2509 2058 requéte,
2527 1989 2663 2043 tnais
2685 1988 2985 2044 seulement
3010 2007 3117 2045 une
3151 1988 3720 2051 recotnmandationalres

2257 2057 2352 2135 see
2370 2058 2404 2113 ἐι
2437 2075 2506 2113 un
2538 2058 2749 2135 evéque
2768 2075 2837 2135 ou
2870 2059 2899 2112 ἐι
2927 2061 3350 2135 un_abbé,_qui
3369 2062 3584 2133 jouissait
3606 2068 3719 2135 prota-

2258 2128 2504 2201 blement
2536 2131 2606 2201 du
2634 2130 2778 2185 droit
2808 2130 2874 2185 de
2903 2131 3099 2187 rendre
3124 2132 3179 2185 la
3220 2128 3414 2201 jttIstiée
3449 2149 3529 2188 sur
3547 2128 3722 2191 hat-terres

2259 2199 2325 2253 de
2348 2214 2444 2253 son
2478 2198 2665 2270 église.

2880 2333 3011 2389 ιτείι
3043 2349 3239 2391 Αιιωι.

2359 2445 2644 2502 ‘enerabili
2676 2446 2729 2502 in
2755 2445 2972 2503 Christo
2998 2446 3157 2502 fratri
3191 2462 3290 2504 seu
3329 2447 3601 2529 dulcissimo
3622 2450 3721 2503 amico

2255 2551 2444 2596 nostro
2469 2542 2559 2597 illo
2589 2551 2647 2597 et
2676 2542 2790 2609 illo,
2829 2544 3028 2597 donum
3075 2542 3172 2598 Dei
3219 2545 3513 2615 episcopus,
3534 2544 3717 2606 Deusscit.

2259 2646 2386 2691 tuus
2441 2650 2602 2691 verus
2653 2637 2883 2692 amicus.
2942 2635 3246 2704 Cognosce,
3299 2635 3716 2701 dulcissintc,uu

2254 2738 2403 2781 Stare
2436 2726 2604 2781 facias
2642 2736 2773 2797 aput
2812 2737 2997 2783 nostro
3025 2724 3221 2783 fasallo
3250 2727 3337 2783 illo
3379 2735 3499 2798 aput
3537 2736 3641 2783 recta
3666 2742 3713 2779 n-

2256 2818 2400 2872 tioue
2426 2818 2493 2872 de
2530 2817 2616 2872 illa
2675 2832 2839 2872 causa
2892 2830 3083 2875 sancto
3132 2819 3245 2885 ille,
3300 2819 3440 2888 quod
3483 2818 3575 2886 ipse
3595 2817 3720 2873 dixerit.

2258 2908 2501 2977 qualiter
2546 2906 2633 2963 vel
2686 2922 2785 2962 nos
2828 2918 3018 2963 nostro
3066 2909 3231 2963 tricto
3261 2907 3572 2976 recipiamus.
3605 2904 3722 2959 τιιιιετ

2253 2998 2450 3054 exinde
2474 2997 2635 3069 agite,
2664 2997 2898 3068 qualiter
2920 3014 3021 3055 nos
3048 2998 3388 3055 conﬁdamus
3415 2999 3476 3053 de
3495 3008 3629 3053 vestra
3648 2996 3720 3049 bon

2260 3088 2555 3146 charitate.

1580 3305 2215 3420 DEUXIEME
2296 3328 2772 3455 PARTIE.

1245 3535 1466 3611 xxvn.

627 3655 703 3710 La
729 3654 983 3720 formule,
1027 3671 1126 3726 par
1151 3654 1379 3780 laqluelle
1411 3653 1467 3724 je
1511 3669 1827 3711 commence
1859 3663 2003 3710 cette
2055 3670 2143 3709 se-

627 3728 727 3780 nde
755 3727 954 3780 uar'tie.
985 3736 1068 3780 est
1090 3741 1195 3780 une
1247 3736 1386 3780 ettre
1421 3726 1515 3780 des
1542 3726 1751 3780 moines
1776 3726 1842 3779 tle
1864 3724 2141 3780 Reicbnau

555 3728 727 3782 conde
755 3727 954 3796 par'tie,
985 3724 1068 3781 ρει
1090 3741 1195 3780 une
1224 3724 1386 3781 lettre
1421 3726 1515 3781 des
1542 3726 1751 3796 moines
1776 3726 1842 3779 tle
1864 3724 2141 3781 Reicbnau

556 3813 638 3877 an.
664 3795 799 3877 parte
821 3796 1098 3877 Crégoire
1148 3796 1231 3851 Ill.
1272 3796 1544 3877 D‘abbaye
1569 3797 1635 3877 de
1672 3795 1953 3877 Reicltnau
1976 3805 2142 3877 ayant

553 3866 651 3949 gite.
674 3866 868 3949 (undet:
910 3866 1126 3949 cuii-4,
1174 3878 1228 3921 et
1271 3866 1539 3949 ’θοι-ἐροίη
1567 3866 1632 3921 Ill
1665 3875 1830 3949 ayant
1858 3866 2031 3949 νόειιᾴ
2058 3867 2145 3948 .de

551 3936 654 3990 751
684 3935 1221 4008 ὲζᾲηίιοειιεᾼῑθιινθ
1252 3939 1358 3992 doit
1397 3940 1515 3993 etre
1563 3935 1899 4008 postérieure
1922 3935 1987 4008 tle
2020 3937 2142 3992 bieu

558 4021 663 4076 peu
692 4006 947 4076 d‘annécs
977 4006 1006 4061 ει
1056 4006 1329 4062 l‘éremion
1365 4011 1538 4063 meme
1565 4006 1655 4063 'dn
1711 4007 2035 4063 nzonastére.
2066 4008 2143 4062 En

552 4074 706 4141 ἐπει,
756 4074 806 4130 le
852 4076 1143 4131 fontlalcur
1180 4078 1246 4131 de
1290 4077 1589 4142 lleicbnau,
1642 4079 1787 4134 saiut
1830 4077 2142 4143 Pirminins,

553 4148 772 4218 n'ayant
795 4162 890 4215 pas
923 4148 1078 4201 voulu
1111 4163 1457 4203 comtncncer
1480 4165 1576 4203 son
1619 4163 1804 4203 wuvre
1837 4165 1966 4204 sans
1992 4150 2146 4203 avoir

549 4219 753 4273 ohtenu
788 4218 1186 4273 l’autorisatiou
1212 4219 1445 4286 Speciale
1463 4221 1530 4273 du
1557 4218 1929 4288 Saint-Siége,
1952 4219 1985 4273 il
2012 4218 2145 4274 était

553 4289 769 4344 nature!
833 4305 939 4359 quc
994 4288 1070 4344 les
1122 4290 1332 4345 moines
1375 4290 1849 4359 s‘empressassent
1900 4290 1966 4345 de
2010 4289 2145 4344 l'aire

550 4362 836 4414 connaltre
871 4377 937 4413 an
985 4361 1272 4415 souvcrain
1321 4360 1528 4416 uetitife
1581 4361 1629 4416 le
1681 4361 1873 4416 succés
1924 4361 1992 4415 dc
2028 4360 2144 4416 leur

551 4376 836 4414 connattre
871 4377 937 4413 an
985 4376 1272 4415 souvcratn
1358 4378 1388 4414 ο

551 4431 749 4486 ttouvel
775 4428 1190 4486 établissetnent
1220 4376 1391 4502 (HS).

1117 4541 1272 4615 [Siue
1313 4542 1570 4615 rubrica].

622 4635 848 4693 Summo
878 4653 1118 4693 romana:
1139 4636 1385 4691 ecclesiae
1418 4636 1657 4705 pontiﬁci
1690 4644 1746 4691 et
1800 4635 2142 4691 sanctissimo

549 4730 1012 4786 excellentissimo
1058 4730 1204 4785 sedis
1242 4730 1455 4785 custodi
1500 4728 1719 4800 egregio
1746 4744 1885 4799 pape
1913 4728 2011 4793 illi,
2045 4729 2145 4784 hu-

551 4821 774 4877 millima
796 4830 851 4901 et
876 4822 1227 4878 devotissima
1261 4820 1497 4876 ﬁdelium
1528 4822 1824 4875 oratorium
1849 4836 2144 4891 congrega-

2180 3525 2222 3583 (ἶ
2255 3551 2434 3613 pater,
2473 3558 2573 3599 nec
2616 3543 2834 3615 scriptis
2886 3544 3005 3600 ausi
3060 3544 3359 3602 fuissemus
3400 3561 3491 3601 nec
3526 3544 3646 3600 dictis
3673 3558 3717 3612 pa

2252 3631 2509 3703 aliquem,
2561 3636 2814 3705 quamvis
2868 3635 3359 3703 inlustrissimum,
3407 3647 3538 3692 tante
3581 3636 3718 3705 quidem

2252 3722 2343 3777 tali
2390 3723 2628 3779 indicare
2677 3725 2967 3781 nobilitati.
3000 3727 3123 3783 Ideo
3180 3738 3307 3799 pOst
3334 3738 3541 3794 tantam,
3564 3727 3718 3782 immoc:

2253 3820 2361 3866 tam
2387 3813 2772 3883 probatissima
2826 3807 3065 3871 rumoris
3114 3815 3364 3881 laudem,
3397 3817 3505 3873 ausi
3549 3826 3719 3871 sumtus

2251 3905 2477 3960 missmn
2534 3916 2587 3961 et
2639 3906 2903 3977 scriptam
2966 3909 3304 3965 beatitudine
3359 3920 3524 3966 vestre
3564 3910 3719 3977 dirigere.

2256 3995 2434 4052 Locu’s
2486 3998 2652 4051 etiam
2704 3998 2828 4065 iste,
2861 4008 3017 4070 pater
3041 4002 3381 4067 venerande,
3426 4016 3564 4072 quem
3594 3998 3719 4053 notuit:

2247 4090 2618 4161 przediximus,
2636 4091 3000 4163 principatum
3024 4108 3122 4164 per
3136 4094 3238 4161 bas
3261 4103 3440 4164 partes
3455 4091 3718 4148 terreobtinct

2249 4180 2455 4237 Sancte
2508 4180 2677 4236 Marie
2728 4197 2946 4253 semper
3011 4184 3207 4255 virgini
3269 4185 3525 4255 Petroque
3582 4178 3717 4252 primi

2255 4269 2628 4341 apostolorum
2692 4281 3042 4327 consecratus
3126 4273 3314 4347 (l80),
3386 4272 3609 4345 regularis
3654 4268 3718 4319 tit:

2248 4378 2500 4418 normam
2549 4364 2869 4419 ducencium
2917 4375 3127 4436 partem
3173 4382 3283 4421 non
3314 4359 3716 4429 minimamconglr

2246 4460 2440 4519 merat,
2472 4467 2701 4522 quorum
2739 4451 3003 4523 spiritalis
3052 4454 3321 4512 doctrinae
3375 4454 3589 4511 cumulus
3619 4458 3716 4505 totum

2255 4559 2476 4614 quoque
2507 4544 2803 4619 vicinatum
2846 4547 3272 4619 circumquaque
3308 4556 3532 4603 nostrum
3554 4540 3718 4599 doctrinis

2250 4636 2586 4708 longissimis
2617 4638 2815 4707 pascit.
2858 4639 3024 4710 Igitur
3068 4642 3273 4699 hereno
3302 4643 3444 4715 (181)
3486 4639 3544 4693 ab
3582 4633 3717 4705 AlpilmS

2246 4725 2374 4781 Eois
2402 4725 2751 4782 Occidentem
2805 4744 2996 4786 versus
3042 4732 3210 4789 nimio
3263 4742 3552 4789 currentem
3587 4727 3717 4792 ἷηὲυπ

2247 4820 2478 4874 eundem
2521 4820 2623 4875 loci
2655 4822 2900 4877 habitum
2927 4839 3026 4893 per
3047 4841 3197 4882 mare
3233 4828 3533 4881 unaisonum
3565 4820 3713 4873 circua-

552 4914 629 4968 tio
657 4914 725 4969 ab
753 4893 955 4980 insula,
981 4929 1085 4983 quc
1112 4914 1181 4968 ab
1211 4912 1403 4968 incolis
1449 4912 1764 4967 Alamanna:
1792 4910 1966 4983 Augia
1997 4912 2140 4965 voci-
2179 4893 2220 4947 Ῑ)
2247 4908 2432 4973 luens,
2465 4909 2694 4965 insulam
2751 4914 2899 4966 omni
2940 4923 3136 4968 ornatu
3190 4927 3445 4970 novorum
3486 4908 3713 4967 editiciorﬁl

551 5009 735 5070 tatur,
786 5016 1119 5075 pmSperum'
1164 5004 1215 5057 in
1255 5004 1483 5059 Domino
1521 5011 1674 5072 Optat
1726 5011 2043 5070 provectum
2085 5012 2139 5058 et

550 5092 717 5149 vitam
787 5104 1124 5166 perpetuam.
1173 5095 1288 5152 Nisi
1342 5097 1470 5167 quia
1525 5094 1959 5167 inextinguibilis
2012 5110 2139 5150 vcrc

552 5185 795 5241 caritatis
818 5202 914 5241 nos
945 5188 1107 5242 ardor
1129 5188 1311 5258 sepius
1353 5188 1657 5244 inﬂammat
1698 5204 1797 5244 nec
1837 5203 1942 5243 non
1974 5188 2136 5243 totius

551 5275 777 5332 ecclesie
803 5279 1231 5335 orthodoxorum
1273 5281 1456 5336 suasio
1488 5280 1765 5346 accendit,
1804 5279 2134 5344 nullatenus,

623 5473 770 5597 (l7?)
808 5474 890 5557 Cf.
920 5491 1014 5530 sur
1044 5475 1092 5530 la
1125 5474 1403 5531 fondation
1455 5475 1522 5530 tle
1564 5474 1809 5546 l‘abbaye
1838 5474 1904 5555 de
1932 5473 2134 5528 llciclt-

627 5560 680 5597 tt.
769 5545 983 5597 abillon.
1007 5547 1236 5597 Annales
1274 5544 1341 5597 0.
1369 5544 1429 5597 S.
1463 5546 1550 5597 Β..
1575 5561 1696 5597 can.
1730 5562 1821 5597 xx.
1849 5546 1940 5597 lib.
1971 5544 2059 5597 65.

550 5557 680 5605 nan,
714 5544 983 5609 Mabillon,
1007 5547 1236 5601 Annales
1274 5544 1341 5599 0.
1369 5544 1429 5601 S.
1463 5546 1550 5609 8.,
1575 5561 1696 5614 cap.
1730 5544 1821 5608 ix,
1849 5546 1940 5599 lib.
1971 5544 2059 5598 65.

623 5616 769 5688 (lati)
810 5614 1083 5688 L'abbaye
1109 5620 1175 5671 tle
1216 5616 1494 5688 Reichnau
1526 5616 1661 5688 etait
1689 5631 1755 5669 cn
1783 5615 1915 5688 fellet
1938 5629 2132 5688 consa-

548 5688 674 5739 crce
698 5686 727 5757 it
753 5686 799 5738 la
825 5687 998 5757 s‘ainte
1020 5686 1220 5757 ’Vierge
1242 5698 1297 5741 et
1318 5687 1349 5740 :‘t
1372 5689 1512 5741 saiut
1536 5686 1740 5741 Piert‘e.
1758 5687 1840 5742 Cf.
1860 5686 2132 5752 Mabillou,

549 5756 783 5809 Annales
827 5754 893 5827 0.
928 5755 989 5810 S.
1016 5757 1106 5820 B.,
1129 5754 1219 5811 lib.
1249 5773 1342 5819 xx,
1374 5774 1492 5827 cap.
1523 5758 1611 5811 65.

622 5827 770 5896 (18.0,
813 5825 975 5881 Cetnt
1013 5834 1123 5881 ‘est
1142 5825 1531 5883 certainembut
1555 5841 1878 5896 corrompu:
1916 5827 1948 5881 il
1976 5826 2131 5897 s'agit

2249 5010 2523 5071 comptam
2549 5004 2725 5059 media
2743 5004 2949 5071 reddit;
2982 5005 3103 5062 fons
3123 5016 3298 5061 autem
3319 4994 3713 5077 praedictusﬁuﬁi“

2247 5104 2426 5164 coepta
2452 5096 2537 5150 via
2570 5112 2918 5166 percurrens,
2946 5113 3113 5164 mare,
3150 5101 3288 5169 quod
3317 5100 3496 5155 dicitur
3509 5089 3710 5151 Οτεπὶυηίν

2248 5186 2405 5239 inluit
2437 5186 2606 5258 (182).
2644 5187 2771 5243 Inde
2800 5190 3144 5246 sanctissime
3170 5202 3223 5245 et
3254 5190 3539 5246 beatissime
3567 5176 3712 5251 Virgil!is

2250 5276 2417 5333 Mario
2448 5280 2639 5336 matris
2676 5280 2888 5336 Domini
2926 5281 3265 5339 clarescente
3288 5283 3710 5342 sanctitatem!!!”

2251 5482 2318 5537 ici
2363 5485 2430 5539 du
2490 5482 2655 5547 thiu,
2696 5485 2824 5540 dont
2871 5485 2949 5541 les
2997 5501 3135 5539 eaux
3192 5486 3524 5541 cnvironnent
3562 5475 3637 5529 l‘lle
3667 5466 3708 5520 σὺ

2252 5554 2399 5627 etait
2419 5554 2562 5627 batie
2583 5556 2883 5620 lleicltnau,
2907 5566 2963 5610 et
2987 5557 3019 5611 il
3050 5557 3162 5610 [aut
3200 5557 3432 5627 corriger
3469 5548 3659 5627 emero:

2322 5626 2469 5696 (182)
2509 5626 2663 5682 Cette
2693 5628 3027 5695 description
3073 5644 3101 5681 a
3150 5620 3402 5696 quclquES
3431 5620 3705 5696 traitsdt'ﬂf:
3796 5682 3797 5691 γ

2251 5688 2562 5752 δοιὶιιιΙειιιυθ
2593 5713 2723 5751 avuc
2751 5688 2889 5751 cclle
2907 5713 3013 5768 que
3042 5688 3704 5752 Walafrid'StraL‘ouadomd

2249 5768 2344 5821 des
2375 5771 2579 5823 montes
2612 5770 2747 5824 licux
2777 5785 2790 5822 :
3796 5806 3797 5809 η
