3892 6318
567 327 709 387 “47

561 439 796 502 (ivequcs
836 441 892 489 et
932 423 1010 488 les
1050 426 1217 488 abbés
1251 429 1636 502 iutercédaient
1677 400 1926 502 9'03?“
1961 431 2156 487 lavenr

561 509 656 562 des
681 491 912 575 fugitifs,
944 516 998 559 et
1031 503 1345 557 obteuaieut
1383 503 1432 557 le
1459 501 1584 575 plus
1610 491 1914 575 sonventla
1952 504 2153 558 remise

557 595 628 630 un
659 577 726 629 du
746 569 930 630 'moins
968 576 1013 628 la
1046 574 1377 628 ntmlération
1409 569 1476 626 du
1503 573 1822 627 chatimettl.
1850 569 1933 625 Ou
1961 581 2153 628 trouve

560 649 697 702 dans
734 647 812 701 les
839 656 1033 714 quatre
1081 644 1340 700 formules
1377 645 1468 714 qui
1503 645 1718 698 suiveltt
1758 637 1852 696 des
1878 646 2156 715 exetnplcs

561 720 627 772 de
655 729 798 772 cette
825 715 1208 780 intercession.

980 822 1267 863 INDICULUH
1307 823 1373 861 AD
1406 821 1718 862 EPISCOPUII.
1973 872 1976 873 ν

630 903 838 976 Βυιιιιιο
873 909 1036 970 atque
1077 900 1375 966 venerabili
1406 899 1496 954 illo
1533 899 1821 970 episcopo,
1848 898 2026 970 gratia
2059 900 2150 954 Dei

556 994 950 1064 onmiuotentis
998 1002 1225 1050 vocatus
1272 995 1411 1050 abba
1459 1011 1565 1050 una
1620 1010 1742 1050 cum
1790 993 2056 1049 fratribus
2097 993 2150 1047 in

555 1086 775 1142 Christo
802 1085 966 1142 Jhesu
994 1085 1244 1141 salutem.
1287 1087 1362 1142 De
1389 1095 1596 1142 caetero
1642 1095 1821 1140 autem
1853 1085 2150 1142 innotesci-

457 1247 470 1260 '
556 1194 676 1234 mus
710 1177 938 1234 alluitati
964 1180 1160 1234 vestrae
1200 1194 1265 1233 eo
1311 1177 1451 1248 quod
1499 1180 1661 1234 homo
1690 1187 1894 1244 vester,
1932 1179 2151 1233 nomine

557 1265 671 1334 illo,
703 1272 769 1325 ad
797 1287 896 1325 nos
921 1271 1172 1327 veniebat
1199 1271 1386 1326 dicens
1415 1287 1475 1326 se
1497 1272 1654 1326 valde
1685 1271 2022 1342 negligenter
2052 1272 2152 1326 ha-

557 1361 736 1417 buisse
762 1361 963 1416 factum
999 1371 1188 1418 contra
1215 1377 1312 1418 vos
1342 1372 1397 1417 et
1427 1377 1524 1432 per
1561 1363 1730 1433 ipsam
1765 1363 2148 1434 negligentiam

555 1455 854 1510 incurrisse
909 1455 961 1509 in
1013 1463 1253 1509 vestram
1295 1454 1671 1510 offensionem.
1705 1454 1821 1522 Qua
1873 1457 1940 1510 de
1981 1470 2146 1510 causa

561 1545 894 1616 inploramus
918 1543 1258 1619 sanctitatem
1287 1552 1521 1600 vestram
1565 1554 1626 1600 ut
1664 1561 1761 1616 pro
1797 1554 1980 1604 nostra
2023 1562 2148 1616 par-

553 1636 723 1691 vitate
765 1645 927 1706 atque
959 1635 1398 1708 deprecationem
1431 1645 1721 1692 excusatus
1754 1640 1818 1693 de
1850 1637 1961 1706 jam
2007 1654 2146 1709 pra:-

553 1725 666 1782 fato
707 1726 1002 1783 offensione
1055 1744 1238 1782 coram
1296 1729 1448 1783 vobis
1507 1742 1734 1799 aperere
1789 1728 1986 1783 valeat.
2050 1728 2144 1785 Sic

551 1817 750 1872 eximie
786 1829 948 1887 agere
977 1819 1234 1887 dignetis,
1276 1827 1543 1888 quatenus
1581 1821 1648 1875 de
1674 1819 1878 1888 optima
1911 1821 2144 1876 benevo-
2174 1833 2222 1892 Β·

553 1905 718 1962 lentia
743 1917 921 1962 vestra
955 1909 1212 1964 inelfabili
1239 1910 1397 1965 modo
1419 1910 1762 1965 confidimus.
1796 1909 2059 1982 Optamus
2089 1922 2146 1969 ut

558 1997 611 2051 in
643 1999 863 2053 Christo
900 1998 1145 2054 valeatis.
1454 2015 1456 2018 ·

1228 2088 1495 2152 XXXIIL.

1120 2179 1274 2254 [Sine
1310 2181 1565 2255 rubrica.]

571 2281 576 2284 ’
623 2288 754 2348 Viro
806 2291 1035 2349 inlustre
1080 2293 1171 2349 illo
1214 2293 1613 2368 cente[na]rio,
1654 2286 1979 2353 Sindbcrtus
2025 2299 2142 2368 epi-

553 2399 748 2455 scopus
777 2385 830 2440 in
853 2384 1082 2442 Domino
1107 2387 1352 2442 salutem.
1387 2389 1460 2443 De
1485 2397 1666 2444 cetero
1693 2404 1990 2462 cognoscas
2017 2393 2142 2463 quia

551 2464 682 2536 tuus
709 2482 961 2538 veniebat
988 2484 1054 2537 ad
1088 2497 1207 2549 nos,
1239 2482 1424 2539 dicens
1451 2497 1508 2536 se
1536 2482 1588 2537 in
1615 2481 1968 2538 offensionem
1995 2479 2144 2538 tuam

553 2573 850 2631 incurrisse
879 2585 1100 2646 propter
1137 2575 1348 2646 aliquas
1386 2575 1594 2644 culpas.
1626 2575 1740 2642 Qua
1779 2590 1846 2630 ex
1893 2591 1951 2630 re
1991 2591 2146 2646 roga-

553 2679 677 2719 mus
731 2671 782 2719 te
823 2676 881 2720 ut
930 2662 1062 2720 nihil
1093 2665 1290 2722 exinde
1327 2663 1660 2730 malefacias,
1713 2667 1804 2720 sed
1854 2675 2144 2721 excusatus

552 2761 731 2811 tecum
779 2765 1114 2827 permaneat.
1168 2757 1283 2830 Age
1325 2757 1505 2813 taliter
1543 2755 1760 2822 exinde,
1800 2757 1941 2814 sicut
1985 2758 2144 2814 Valde

550 2844 690 2901 bene
715 2845 782 2902 de
816 2857 868 2902 te
902 2846 1136 2903 conﬁdo.
1166 2847 1352 2903 Valete
1375 2848 1428 2902 in
1462 2842 1713 2903 Domino.

1226 2959 1468 3018 XXXIV.

897 3067 1186 3110 ιιιιιισυιυιι
1227 3068 1467 3108 ιιοιιικιειι
1508 3067 1803 3109 εχευςλιιε.

613 3142 674 3198 In
704 3141 922 3200 Christo
941 3143 1255 3200 venerabile
1282 3143 1370 3198 ille
1386 3143 1557 3209 abba,
1581 3158 1680 3213 ego
1704 3142 1790 3199 ille
1816 3141 1868 3196 in
1893 3143 2142 3198 omnibus

543 3237 756 3292 amicus
790 3246 1098 3308 vesterque.
1131 3236 1384 3308 Inprimis
1411 3236 1708 3290 salutamus
1740 3236 1919 3302 vobis,
1954 3245 2010 3291 et
2041 3253 2140 3306 pro

545 3329 722 3393 vobis,
756 3329 1096 3401 inquantum
1126 3329 1388 3394 valemus,
1422 3330 1474 3383 in
1503 3329 1804 3384 orationem
1847 3346 1944 3400 pro
1990 3330 2141 3400 vobis

543 3436 734 3477 saluus
763 3431 818 3477 et
863 3439 960 3492 pro
994 3431 1175 3478 vestra
1212 3422 1494 3477 caritatem
1529 3432 1584 3477 et
1624 3422 2136 3493 congregationem,

543 3520 598 3565 et
648 3526 745 3570 nos
808 3511 988 3568 taliter
1032 3513 1088 3567 in
1137 3528 1234 3566 vos
1281 3512 1627 3567 confidimus.
1681 3511 2002 3581 Cognoscite
2040 3513 2141 3568 iste

545 3600 708 3655 homo
744 3613 942 3667 vester,
973 3602 1193 3657 nomine
1222 3601 1332 3666 illo,
1364 3601 1432 3658 ad
1456 3603 1703 3672 fpatrono
1740 3611 1921 3656 vestro
1947 3614 2139 3657 sancto

541 3687 638 3744 illo
668 3691 836 3756 venit,
883 3700 938 3746 et
968 3692 1124 3748 nobis
1168 3691 1304 3746 dixit
1351 3693 1494 3762 quod
1521 3691 1713 3762 culpas
1752 3693 2134 3760 commiserat;

545 3793 647 3834 nos
675 3795 779 3834 utra
811 3797 933 3836 cum
961 3781 1190 3838 consilio
1220 3782 1420 3838 fratres
1465 3791 1680 3839 nostros
1726 3798 1954 3853 quorum
1989 3785 2140 3854 peni-

546 3868 717 3922 tentia
758 3871 1060 3926 videamus.
1113 3870 1342 3943 Propter
1373 3873 1472 3928 has
1516 3873 1728 3928 litteras
1775 3875 2134 3946 cognoscatis,

544 3966 608 4012 ut
635 3959 703 4013 de
753 3958 844 4014 illa
875 3958 984 4028 iam
1017 3961 1157 4016 dicta
1187 3965 1532 4033 pauperi-ima
1575 3965 1823 4022 mercede
1871 3967 2136 4022 habeatis.

544 4047 860 4106 Salutamus
891 4050 1062 4107 vobis.
1096 4114 1098 4116 τ
2008 4049 2018 4058 ’

1227 4146 1449 4207 XXXV.

866 4255 1155 4297 INDICULUM
1191 4241 1493 4307 uetcuuous
1533 4258 1818 4299 voweats.

617 4332 1128 4393 Desiderantissimo
1159 4333 1298 4407 patri
1346 4339 1437 4394 illo
1468 4339 1604 4395 abba
1651 4356 1773 4395 cum
1821 4340 1966 4396 omni
2003 4357 2134 4397 con-

542 4425 871 4494 gregacione
919 4427 1092 4504 sancti
1143 4427 1327 4497 illius,
1367 4429 1454 4484 ille
1502 4430 1639 4486 bene
1685 4431 1908 4497 cupiens
1955 4441 2135 4486 vester

1829 299 2141 388 APPEND.
2182 333 2276 389 an
2326 333 2499 392 saec.
2535 336 2602 392 x.

3604 361 3688 420 Illi

2186 452 2228 509 Α
2254 449 2631 523 procedentes.
2673 447 2768 523 des
2797 447 3037 523 modéles
3064 448 3461 523 tl’i_nl_crees~'ion,
3481 458 3688 523 maisd’ms

2259 518 2450 597 nature
2478 518 2853 597 particuliere;
2887 521 2922 574 il
2947 519 3107 597 s’agit
3132 519 3198 573 ici
3338 523 3509 597 Inoiues
3528 518 3689 597 ειρηιςέξ

2257 593 2321 672 de
2353 592 2466 645 leur
2484 589 2747 672 convent.
2774 591 2850 671 Le
2881 607 2973 672 cas
2997 589 3146 672 eiait.
3171 590 3329 671 prévu
3360 592 3472 647 dans
3498 595 3533 649 la
3562 589 3692 672 plum

2254 662 2352 716 des
2382 662 2738 715 associations
2765 661 3090 730 Spirituelles
3121 659 3346 716 formées
3374 674 3499 717 entre
3523 659 3694 729 ιιιόιιιὶιέζ

2258 747 2362 786 res.
2393 731 2473 786 On
2519 731 2699 785 devait
2743 729 3020 787 acerreillir
3068 729 3500 800 réciproquement
3541 739 3596 792 les
3623 749 3692 797 rei.

2252 802 2544 872 gieunqui
2564 802 2786 857 'avaient
2817 813 3052 864 encourn
3103 801 3164 872 la,
3191 802 3415 871 disgrace
3445 805 3499 860 de
3519 801 3620 866 lenrs
3641 819 3695 868 ab.

2253 871 2371 936 bes,
2403 871 2590 944 et’les
2630 872 2826 943 garder
2858 872 3111 944 jnsqu’au
3148 871 3274 941 jour
3319 874 3380 927 de
3415 875 3458 928 la
3493 879 3696 937 recurvum.

2255 945 2366 996 tion
2397 943 2568 1014 (l89).

2825 1030 2972 1104 [Sine
3015 1030 3274 1104 rubrica.]

2325 1123 2631 1180 Venerabili
2667 1126 2719 1179 in
2743 1124 2961 1180 Christo
2995 1125 3139 1194 patri
3187 1125 3262 1179 illi
3299 1128 3564 1198 cunctisque
3588 1147 3694 1187 resne

2251 1215 2500 1286 regimini
2531 1214 2788 1284 subjectis
2817 1214 3108 1280 fratribus,
3139 1232 3238 1271 nos
3270 1216 3445 1274 fratres
3480 1223 3530 1276 de
3550 1223 3610 1274 illa
3630 1226 3694 1278 loco

2251 1307 2424 1362 Sancti
2458 1307 2531 1362 illi
2571 1310 2825 1364 obtamus
2855 1309 3109 1366 salutem.
3139 1308 3385 1364 Omnium
3410 1311 3568 1382 quippe
3585 1330 3697 1370 causa

2241 1409 2372 1451 rum
2401 1397 2795 1464 accedentium,
2824 1415 2930 1469 que
2959 1398 3126 1453 variis
3150 1399 3446 1467 contingere
3465 1401 3700 1459 solantem-

2251 1490 2424 1556 tibus,
2468 1500 2709 1560 utportet
2736 1500 2796 1545 ut
2833 1507 2930 1546 nus
2963 1492 3238 1560 utrimque
3266 1492 3450 1545 mutuis
3473 1495 3701 1550 corasolemur

2250 1582 2658 1648 aﬂ'cctionibus;
2689 1599 2756 1640 ac
2792 1583 2910 1639 ideo
2961 1583 3081 1655 plus
3112 1583 3182 1638 de
3226 1583 3373 1638 vobis
3413 1590 3702 1654 possumesim.

2250 1686 2486 1746 petrare,
2522 1675 2663 1731 sicut
2696 1685 2752 1730 et
2795 1691 2891 1731 vos
2925 1676 2992 1730 de
3027 1673 3221 1730 nobis.
3264 1673 3407 1729 Unde
3437 1677 3605 1730 evenire
3627 1679 3704 1733 salu

2250 1775 2307 1824 ut
2334 1765 2409 1832 hi,
2437 1767 2527 1836 qui
2558 1767 2610 1821 in
2641 1766 2819 1837 aliqua
2848 1776 3005 1836 parte
3035 1775 3092 1821 et
3119 1775 3343 1821 nostros
3370 1765 3638 1833 oﬂ'enderint,
3657 1787 3703 1821 re-

2248 1870 2488 1929 sltcctum
2516 1859 2582 1912 ad
2611 1874 2706 1914 vos
2738 1859 2995 1923 habeant,
3024 1859 3168 1914 sicut
3197 1874 3408 1928 presens
3432 1861 3565 1914 frater
3585 1863 3630 1914 ad
3649 1880 3702 1915 nos

2248 1951 2353 2016 ille,
2384 1953 2473 2020 qui
2500 1962 2608 2006 tam
2634 1951 2724 2006 diu
2755 1969 2853 2023 pro
2877 1954 2988 2006 suis
3015 1952 3278 2020 peccatis,
3306 1952 3433 2007 sicut
3454 1951 3545 2020 ipse
3563 1952 3698 2015 fatetur,

2247 2044 2330 2099 sui
2385 2043 2484 2099 loci
2534 2045 2919 2100 commoditate
2961 2041 3204 2116 jus[s]us
3247 2052 3327 2099 est
3364 2058 3536 2098 carere.
3562 2044 3641 2110 Qu:
3669 2061 3702 2096 ex

2242 2149 2408 2190 causa
2473 2142 2630 2203 pater
2676 2133 2846 2204 ipsius
2890 2131 3079 2188 fratris
3126 2133 3505 2188 lacrimabiliter
3544 2136 3701 2203 pietatem

2226 2224 2421 2280 sancti
2459 2223 2534 2278 illi
2563 2232 2917 2296 nostramque
2941 2224 3388 2280 intercessionem
3418 2227 3477 2279 ad
3496 2241 3569 2280 vos
3595 2236 3703 2296 postl-

2247 2314 2403 2380 lavit,
2434 2324 2704 2386 quatenus
2740 2317 2881 2388 apud
2913 2313 3056 2388 [vos]
3087 2329 3330 2386 congrue
3368 2315 3701 2371 reconciliantur.

2247 2408 2324 2462 De
2351 2421 2460 2477 qua
2491 2423 2549 2463 re
2577 2408 2895 2476 sulapliciter
2917 2405 3259 2480 postulamus
3295 2417 3347 2463 ut
3371 2408 3499 2462 illum
3518 2408 3705 2479 diguamiui

2246 2502 2521 2573 suscipere
2544 2509 2835 2570 vestroque
2861 2503 3150 2570 magnifico
3176 2501 3324 2574 gregi
3349 2500 3583 2554 restituere
3595 2514 3704 2552 erm

2249 2602 2354 2648 tem
2387 2594 2474 2647 diu
2521 2608 2680 2648 ovcm
2713 2608 2820 2647 non
2865 2593 3160 2661 dubitetis;
3196 2590 3315 2648 non
3339 2601 3500 2644 tamen
3533 2591 3706 2642 ert-dium.-

2245 2703 2276 2742 ιι
2308 2697 2483 2742 vestra
2507 2687 2769 2758 dignitate
2795 2685 3176 2757 rejiciendum,
3201 2687 3291 2742 sed
3313 2700 3405 2756 pro
3429 2693 3575 2738 uestro
3591 2695 3704 2736 ιιιιιιε

2245 2779 2479 2849 benigna
2501 2779 2732 2833 caritate
2765 2779 3197 2849 suscipiendum.
3228 2777 3331 2834 Pro
3367 2777 3436 2831 illi
3463 2772 3701 2836 facite,simt

2245 2872 2298 2926 in
2333 2887 2434 2927 vos
2473 2873 2676 2930 obtime
2717 2873 3061 2930 confidimus.
3091 2873 3320 2935 Valete,
3345 2867 3588 2925 dulcissimi
3609 2866 3701 2937 patris

2244 2973 2298 3020 et
2330 2964 2516 3020 fratris
2545 2965 2597 3019 in
2634 2965 2883 3030 Domino,
2909 2981 3091 3020 amen.

2901 3055 3176 3113 XXXVII.

2861 3162 2990 3203 ITE)!
3033 3163 3227 3204 Αιιωί.

2319 3240 2544 3296 Domino
2573 3240 2694 3296 viro
2715 3250 2772 3296 et
2797 3239 2851 3294 in
2875 3241 3096 3296 Christo
3120 3241 3210 3297 vel
3240 3256 3272 3295 a
3307 3238 3452 3295 nobis
3469 3251 3565 3293 cum
3582 3245 3701 3289 summa

2243 3330 2534 3386 dilectione
2563 3330 2949 3386 venerabiliter
2982 3331 3361 3401 amplcctando
3385 3326 3626 3382 dulcissime
3644 3321 3701 3374 fn-

2242 3426 2312 3479 ιτί
2346 3435 2551 3490 nostro,
2586 3423 2674 3479 ille
2699 3431 2755 3479 et
2779 3421 2873 3478 ille
2897 3424 3053 3497 abba,
3086 3423 3131 3478 si
3175 3437 3280 3478 :ron
3309 3435 3460 3492 opera
3485 3417 3550 3472 vel
3579 3423 3698 3470 noslrr

2243 3532 2361 3573 rum
2413 3533 2604 3573 servus
2646 3531 2926 3572 servorum
2981 3515 3075 3570 Dei
3127 3517 3384 3576 ultinms,
3427 3513 3541 3567 Deus
3572 3509 3697 3564 sciret

2206 3628 2209 3630 ·
2243 3620 2370 3666 tuus
2400 3625 2563 3666 verax
2613 3611 2664 3664 in
2703 3608 2957 3663 omnibus
2999 3607 3238 3673 amicus,
3270 3608 3322 3662 in
3345 3604 3538 3660 Christo
3558 3598 3696 3654 inmune

2239 3702 2330 3758 iile
2373 3703 2677 3771 episcopus.
2709 3700 3016 3755 Prmscntcs
3061 3697 3265 3754 fratres
3295 3705 3491 3752 nostros
3511 3703 3554 3746 et
3580 3688 3697 3744 suam

2243 3799 2386 3860 tuus,
2419 3791 2472 3846 id
2499 3799 2626 3846 sunt
2661 3790 2738 3845 illi
2762 3799 2817 3844 et
2855 3789 2889 3842 il
2918 3789 2953 3854 i,
2987 3789 3078 3858 qui
3105 3789 3180 3843 ibi
3227 3788 3472 3842 incircum
3499 3791 3604 3839 sunl.
3623 3791 3696 3846 qm-

2237 3883 2361 3938 liter
2391 3883 2649 3953 precabat
2678 3896 2776 3953 pro
2825 3890 2877 3935 te
2921 3894 3018 3951 pro
3069 3879 3192 3934 illas
3231 3878 3441 3948 culpas,
3476 3891 3559 3945 que
3588 3878 3694 3924 conm

2240 3973 2387 4028 illum
2445 3973 2608 4028 habet
2647 3972 2999 4037 commissas,
3055 3981 3115 4025 ut
3155 3971 3355 4026 nullam
3403 3962 3695 4038 inquietnxlim

2239 4081 2337 4137 pro
2370 4066 2419 4120 id
2450 4064 2637 4127 facias,
2669 4065 2712 4118 si
2755 4064 2940 4133 gratia.
2959 4072 3015 4118 et
3043 4063 3285 4118 amicitia
3311 4077 3400 4116 sua
3423 4057 3550 4114 vellis
3567 4053 3695 4108 halm

2242 4159 2294 4213 in
2329 4165 2538 4211 tantum
2569 4167 2628 4209 ut
2675 4165 2730 4209 tu
2775 4155 2843 4210 ad
2892 4155 3068 4225 ipsum
3113 4163 3386 4210 revertere
3427 4148 3582 4209 facias;
3613 4150 3646 4194 et
3672 4137 3693 4188 ξι

2239 4256 2446 4302 tantum
2477 4245 2760 4300 induratus
2798 4253 2880 4299 est
2907 4259 3006 4300 cor
3038 4253 3216 4310 tuum,
3249 4252 3307 4298 ut
3345 4243 3394 4297 in
3425 4233 3692 4296 nionasteriun

2235 4354 2394 4394 suum
2440 4337 2686 4392 habitare
2727 4353 2833 4391 non
2876 4335 3048 4403 vellis,
3095 4345 3284 4407 postea
3329 4329 3568 4388 absolveat
3602 4319 3692 4377 tedc

2237 4432 2352 4500 ipsa
2383 4429 2688 4485 obedientia
2711 4430 2945 4499 quodad
2975 4428 3126 4483 illum
3160 4442 3222 4483 es
3249 4426 3521 4494 colligatus,
3543 4428 3581 4474 et
3601 4417 3694 4470 όιιιιει

541 4515 798 4603 salutem.
851 4502 1110 4575 Provenit
1139 4495 1373 4590 namque
1421 4522 1485 4576 ad
1533 4537 1632 4577 nos
1680 4495 1768 4577 Ille
1801 4539 1922 4578 cum
1960 4522 2132 4579 literis
2241 4495 2334 4578 tibi
2357 4521 2644 4578 consilium
2669 4495 2883 4576 et'suas
2911 4520 3120 4576 litteras
3151 4520 3225 4575 ad
3257 4518 3414 4573 alium
3441 4514 3626 4570 abbatem
3644 4512 3694 4604 lt“

539 4601 1021 4678 commendatitiis,
1054 4628 1214 4683 quem
1243 4629 1342 4668 nos
1370 4612 1557 4669 libenti
1587 4615 1768 4669 animo
1793 4618 2130 4685 suscepimus

543 4704 612 4754 ad
643 4700 984 4767 salvandum,
1026 4712 1080 4758 et
1121 4697 1175 4759 in
1207 4704 1354 4760 illum
1398 4705 1572 4760 locmn
1608 4706 2008 4771 constituendo,
2041 4705 2128 4761 uhi

538 4794 662 4850 sine
711 4796 1040 4855 detrimento
1085 4815 1238 4854 suam
1283 4800 1522 4855 animam
1577 4801 1790 4857 salvere
1844 4801 2128 4870 potuisset.

533 4884 650 4941 Sed
681 4887 882 4969 dictum
921 4899 1005 4946 est
1053 4891 1181 4945 mihi
1215 4901 1274 4946 ut
1315 4901 1370 4946 tu
1415 4892 1749 4948 voluntatem
1799 4892 2002 4948 habeas
2032 4893 2130 4948 itc-

540 4991 662 5032 rum
710 4981 875 5056 recipi
909 4998 1032 5038 eum
1084 4984 1136 5038 in
1175 4999 1308 5054 pace
1336 4993 1391 5040 et
1421 4985 1791 5040 concordiam.
1820 4984 2051 5053 Propter
2077 4997 2130 5040 et

538 5067 692 5126 allias
723 5071 928 5130 litteras
955 5075 1021 5129 ad
1053 5091 1148 5131 vos
1178 5075 1384 5142 direxi,
1421 5082 1481 5130 ut
1525 5077 1569 5132 si
1607 5086 1695 5132 tua
1742 5086 1797 5132 et
1846 5076 1988 5131 illius
2033 5089 2129 5130 vo-

541 5161 721 5219 luntas
765 5165 838 5222 sit
873 5176 1111 5237 proruta,
1147 5169 1334 5223 sciatis
1379 5183 1465 5223 me
1495 5168 1801 5228 benivolum
1831 5183 1960 5240 erga
1987 5168 2130 5223 cari-

538 5259 704 5308 tatem
735 5266 972 5312 vestram
1018 5269 1072 5312 ct
1117 5259 1282 5314 alacri
1327 5260 1508 5315 animo
1545 5260 1852 5330 cupientem
1888 5269 2124 5315 vestram

541 5343 596 5398 in
623 5345 847 5403 Domino
871 5351 1237 5406 concordiam.
1264 5351 1547 5422 Optime...

1171 5442 1194 5488 V
1215 5443 1451 5499 XXXVI.

609 5529 716 5588 Les
755 5533 890 5589 deus
923 5536 1182 5594 formules
1225 5538 1506 5593 suivantes
1540 5534 1762 5601 oﬂ‘rent,
1802 5549 2016 5605 eomme
2047 5533 2126 5588 les

611 5668 757 5738 (l89)
797 5669 948 5725 Cette
992 5673 1266 5728 condition
1311 5682 1393 5728 est
1453 5671 1665 5729 insérée
1715 5667 2124 5725 textuellemeut

537 5739 674 5812 glans
731 5741 1090 5807 l_’association
1153 5743 1356 5797 fornice
1411 5753 1566 5798 entre
1623 5743 1702 5798 les
1760 5739 2124 5812 abbayesde

541 5809 815 5868 Iicichnau
843 5824 895 5886 et
924 5815 990 5869 de
1013 5813 1166 5869 Saint
1193 5812 1330 5868 Gali.
1361 5815 1442 5869 Cf.
1474 5813 1718 5878 Goldast,
1761 5809 1950 5866 Rerum
1993 5809 2121 5863 Ala-

2235 4615 2530 4685 quemlibet
2560 4614 2834 4669 hominem
2861 4627 3082 4684 pergas,
3108 4623 3166 4667 ut
3208 4613 3404 4687 absque
3430 4613 3636 4679 peccatum
3653 4596 3694 4650 iis

2233 4707 2322 4762 ubi
2365 4723 2452 4772 es;
2487 4706 2721 4776 denique
2755 4714 2814 4760 ut
2844 4705 3010 4760 alium
3042 4719 3148 4760 non
3187 4703 3351 4760 facias
3386 4711 3438 4756 ut
3460 4703 3515 4752 ab
3538 4699 3619 4764 ipso
3635 4688 3691 4740 ista

2231 4814 2329 4855 suo
2355 4798 2521 4855 misso
2547 4797 2636 4853 illo
2659 4797 2723 4853 ad
2756 4812 2882 4853 eum
2924 4797 3111 4852 venire
3143 4796 3332 4852 facias.
3363 4780 3688 4866 Salutantusiihs
3719 4843 3726 4854 .

2234 4889 2431 4945 fratres
2467 4889 2549 4944 vel
2580 4890 2896 4957 monachos,
2922 4889 2968 4946 si
2993 4889 3063 4945 ad
3082 4889 3309 4960 plescito
3339 4889 3433 4943 isto
3457 4881 3579 4938 verba
3607 4870 3688 4942 1η]

2230 4981 2318 5037 hic
2347 4981 2556 5038 invenis
2588 4981 2810 5053 scripta.

2734 5123 2740 5129 .
2836 5117 2840 5120 .
2881 5073 3172 5130 XXXVIII.

2297 5182 2404 5239 Les
2445 5181 2704 5255 formules
2743 5183 2836 5255 qui
2891 5183 3108 5238 suivent
3155 5167 3685 5255 reprodniseptjtitlﬁf

2231 5263 2380 5308 ment
2403 5255 2471 5308 de
2517 5254 2734 5324 simples
2761 5243 3295 5324 'correspondances,
3320 5262 3384 5324 et
3408 5243 3685 5324 ΔιιἸιῷἰειῑιιιιῆξ

2229 5324 2278 5400 le
2306 5340 2472 5400 genre
2501 5308 2752 5400 ri'int'érét
2773 5308 2936 5400 quion
2961 5308 2990 5378 Ξι
3013 5308 3359 5400 ήοοιιιιιιιιείάε
3377 5308 3682 5400 chcrcherudj'tf

2228 5373 2708 5466 lcsoformulaires;
2738 5373 2873 5466 luitis
2900 5411 2968 5449 on
2994 5409 3026 5466 y
3059 5404 3243 5448 trouve
3270 5393 3332 5448 de
3361 5388 3542 5466 cuti?!"
3563 5373 3682 5466 ‘59:”

2227 5482 2322 5538 snr
2349 5464 2426 5538 les
2455 5457 2704 5538 denrées,
2745 5465 2822 5521 les
2847 5457 3055 5526 étoﬂe's.
3096 5467 3172 5521 les
3207 5475 3413 5538 movens
3519 5457 3680 5538 ,ςεξτξζηίῖς

2228 5518 2510 5602 ιιὶὸίιιίὀιιξ
2686 5518 2788 5591 vdu'
2800 5518 3110 5592 commerce
3123 5518 3194 5590 vel
3223 5523 3310 5589 de.
3327 5523 3628 5600 l'agri'ctllllm‘,
3650 5518 3680 5560 (³⁸

2225 5670 2591 5813 Ζιαῗὲἕῗῦηιιη
2640 5669 2950 5741 Scriptores,
2982 5679 3127 5726 tome
3149 5668 3240 5738 ¹11,⁹
3265 5683 3392 5741 page
3429 5660 3510 5718 IIS
3533 5649 3676 5728 (ιὲιίὶῑίίνΞΙ

2261 5757 2291 5798 e
2485 5779 2501 5794 .
2894 5777 2895 5780 η
3124 5793 3126 5796 ι

2261 5757 2291 5798 e
2321 5757 2501 5798 100“.
2894 5777 2895 5780 η
