3892 6318
88 317 229 381 ςιω

1378 310 1745 373 ΡΟΙΙΜΙΊΑΕ
1777 315 2113 372 VETERES.

3207 309 3348 367 “50

78 428 477 506 genter-element
513 440 609 506 sur
636 426 720 489 les
746 424 1036 488 habitudes
1072 425 1140 483 de
1169 423 1231 483 la.
1248 424 1334 482 vie
1365 426 1661 486 interleure
1692 432 1737 489 Α
1767 424 1907 481 bene
1940 431 2204 496 procurat
2238 437 2364 481 cum
2410 416 3023 494 scolasticopedagogio
3057 418 3362 479 emicatim-

81 499 217 561 t'lans
243 502 322 560 les
351 499 711 559 monastéres.

482 622 807 666 'INDICULUI
846 620 915 663 AD
953 620 1222 662 ΑΒΒΑΊἙΙ.

144 701 451 759 Venerabili
492 702 607 758 viro
634 711 689 759 et
716 701 861 759 omni
889 700 1135 757 caritatis
1170 712 1357 755 amore
1397 696 1667 769 diligendc

75 796 167 851 illo
194 795 290 851 Dei
322 805 595 851 annuente
623 794 797 867 gratia
833 793 1037 860 abbati,
1074 794 1165 850 ille
1192 794 1334 849 dono
1359 800 1415 847 et
1458 791 1670 853 miseria

72 890 258 945 cordia
292 886 387 943 Dei
422 888 685 957 largiente
725 886 893 943 abbas
930 900 1226 958 perennem
1268 885 1322 939 in
1364 884 1476 939 Deo
1508 881 1670 937 Patre

70 981 327 1035 salutem.
374 978 682 1050 Cognoscat
724 979 1043 1033 fraternitas
1096 985 1277 1032 vestra
1333 976 1388 1033 in
1451 976 1669 1031 Christo

66 1069 351 1124 oracionis
375 1069 547 1124 nostri
575 1068 814 1124 studium
846 1066 934 1122 die
965 1079 1240 1137 noctuque
1282 1082 1382 1138 pro
1408 1067 1561 1121 vobis
1590 1066 1669 1119 iu-

70 1161 394 1217 desinenter
422 1168 628 1226 actum,
674 1168 921 1231 petentes
950 1168 1011 1214 ut
1040 1168 1097 1215 et
1127 1157 1289 1228 hujus
1318 1160 1426 1215 vite
1453 1159 1525 1212 ita
1553 1156 1672 1213 feli-

66 1256 210 1311 citer
238 1255 291 1309 in
320 1254 551 1309 Domino
582 1253 854 1324 peragatis
879 1267 1120 1318 cursum,
1150 1259 1420 1324 quatenus
1440 1249 1669 1312 valeatis

60 1357 271 1403 teterne
315 1347 504 1402 venire
547 1346 824 1403 felicitatis
869 1344 1163 1416 premium.
1215 1344 1418 1398 Deinde
1462 1358 1672 1398 ammo-

65 1450 259 1495 ueutes
281 1448 343 1494 ut
377 1441 551 1495 nostri
580 1452 853 1494 memores
873 1450 996 1493 esse
1025 1436 1320 1507 dignemini
1349 1436 1401 1490 iu
1428 1434 1667 1500 Christo,

63 1543 118 1588 et
148 1532 352 1587 librum
405 1530 481 1587 De
520 1531 725 1587 civitate
755 1530 854 1587 Dei
892 1528 1093 1585 obnixe
1128 1527 1433 1599 ﬂagitamus
1461 1536 1671 1597 prestet

62 1622 222 1676 nobis
255 1620 467 1677 caritas
495 1620 732 1691 pectoris
762 1619 970 1684 vestri;
1013 1633 1113 1691 per
1148 1618 1408 1673 nuncium
1448 1626 1507 1673 et
1539 1631 1669 1688 por-

60 1723 297 1770 tatorem
326 1714 561 1769 istorum
590 1712 803 1784 apicum
846 1712 1136 1784 pervenire
1172 1709 1339 1765 iaciat
1372 1708 1546 1777 jnssio
1577 1722 1668 1763 ve-

1772 517 2037 574 docendo.
2066 514 2212 572 Bene
2240 514 2415 572 valete
2444 528 2714 571 memores
2736 513 2863 568 mei.

2495 605 2634 661 XLI.
2832 596 2833 599 “

2340 695 2497 772 [Sine
2532 694 2790 770 rubrica.]

1846 790 2173 848 Dulcissimo
2198 789 2252 846 in
2281 788 2503 847 Christo
2530 790 2672 862 patri
2696 789 2771 845 illi
2810 788 3243 862 archiepiscopo,
3275 784 3365 844 ille

1769 898 1878 939 non
1930 884 2126 940 merito
2176 883 2345 939 abbas
2394 897 2664 938 summam
2730 882 2782 937 in
2844 881 3072 937 Domino
3130 880 3365 935 salutem

1769 983 1945 1045 Optat.
1975 973 2138 1031 Misse
2165 988 2262 1045 per
2298 971 2447 1028 illum
2495 971 2910 1045 peripateticmn
2953 970 3136 1027 littere
3166 979 3365 1025 vestra:

1770 1066 1924 1137 prius
1951 1064 2305 1121 fundamenta
2337 1065 2570 1136 quedam
2606 1066 2657 1119 in
2690 1064 2847 1120 nobis
2877 1064 3075 1135 gaudio
3101 1061 3268 1117 nostri
3299 1061 3367 1115 de

1770 1160 2024 1214 sanitatis
2045 1169 2240 1215 vestra:
2264 1159 2464 1214 indicio
2484 1167 2874 1227 conceptorum
2900 1156 3123 1219 letetur,
3155 1153 3249 1210 sed
3269 1167 3367 1225 per

1770 1250 1921 1306 illum
1953 1250 2166 1305 tidelem
2193 1262 2455 1315 vestrum,
2483 1258 2730 1304 nostrmn
2758 1258 2935 1303 autem
2961 1247 3220 1310 amicum,
3242 1246 3367 1300 viva

1773 1356 1907 1397 voce
1952 1340 2208 1411 energius
2244 1341 2479 1410 quedam
2527 1338 2825 1394 similitudo
2859 1337 3155 1393 eorundem
3199 1330 3366 1388 fabri-

1769 1450 1892 1489 cam
1926 1432 2252 1503 gaudiorum
2288 1448 2395 1486 non
2426 1430 2772 1486 mediocriter
2799 1429 2976 1484 erexit
3005 1446 3018 1481 :
3045 1442 3145 1498 pro
3170 1424 3365 1480 vestris

1770 1526 1917 1581 enim
1958 1526 2237 1595 prosperis
2277 1540 2383 1578 non
2432 1524 2612 1577 minus
2640 1538 2801 1592 quam
2849 1518 3048 1575 nostris
3088 1515 3370 1573 hilaresci-

1774 1629 1914 1670 mus.
1948 1612 2017 1669 Ut
2043 1613 2304 1685 jussistis,
2346 1612 2647 1667 scutarium
2691 1619 2747 1665 et
2787 1609 3050 1664 cererisze
3089 1604 3365 1661 confecto-

1774 1720 1931 1771 rem,
1966 1715 2291 1774 ceteraque,
2333 1703 2527 1778 [quae]
2574 1702 2913 1775 potuerimus
2948 1701 3023 1755 ad
3070 1697 3362 1754 servicinm

58 1813 196 1867 stra,
246 1814 303 1858 et
348 1804 463 1859 hoc
495 1783 715 1875 vulgare
760 1783 1110 1873 preverbinm
1155 1802 1454 1857 secundum
1509 1798 1670 1870 hujus
1702 1788 1744 1846 B
1773 1805 2041 1859 vestrum,
2081 1809 2183 1865 per
2226 1795 2455 1848 missum
2507 1802 2748 1848 nostrum
2776 1806 2903 1845 cum
2940 1788 3033 1842 illo
3060 1783 3366 1848 directuri;

56 1896 397 1951 rusticitatis
428 1896 666 1965 linguam
701 1895 939 1967 accipias
967 1902 1020 1950 et
1048 1893 1190 1950 scias
1215 1910 1230 1945 :

132 2008 151 2039 ι
183 1987 267 2042 Sit
304 1988 466 2044 salus
493 1997 655 2058 atque
682 1987 847 2043 decus
886 1997 1061 2042 tecum
1086 1985 1284 2057 pietate
1312 1994 1558 2054 paterna,

191 2094 211 2128 ι
251 2076 339 2131 Sit
371 2077 472 2133 tibi
500 2075 785 2148 paciﬁcum
819 2084 1031 2147 tempus
1066 2084 1123 2131 et
1150 2089 1311 2131 omne
1339 2075 1557 2131 bonmn.
1590 2091 1611 2126 ι

742 2187 989 2244 XXXIX.

682 2295 751 2336 AD
790 2294 1058 2335 ΔΒΒΛΤΕΙ.

124 2375 220 2430 llle
241 2373 521 2446 exiguus,
550 2372 624 2428 illi
658 2371 843 2428 abbati
876 2379 932 2428 et
957 2371 1257 2427 amicorum
1298 2383 1545 2425 meorum
1574 2368 1671 2431 ka-

59 2469 282 2524 rissiino
314 2464 548 2537 copiosa
595 2465 649 2521 in
678 2462 900 2520 Christo
941 2461 1195 2541 salutem.
1241 2461 1441 2532 Recepi
1492 2470 1675 2518 vcstre

58 2560 382 2617 dulcedinis
407 2557 696 2623 litterulas,
727 2571 865 2628 quas
886 2569 1109 2628 presens
1138 2556 1278 2613 lator
1305 2552 1597 2616 detulerat,
1621 2561 1677 2606 et

60 2650 307 2707 intellexi
380 2638 597 2721 queque
636 2648 1014 2704 continebant.
1067 2646 1174 2702 Sed
1233 2647 1447 2701 mittam
1496 2645 1673 2713 vobis,

59 2757 186 2796 cum
226 2725 416 2797 citius
464 2747 675 2809 potero,
715 2738 866 2794 illum
897 2751 1240 2795 communem
1288 2736 1527 2801 fidelem,
1578 2749 1677 2805 per

60 2844 224 2899 quem
254 2828 635 2885 conditionem
668 2828 923 2885 emtionis
950 2827 1284 2900 pelliciarum
1313 2837 1371 2883 et
1394 2829 1500 2887 alia
1521 2869 1539 2897 ,
1569 2844 1676 2901 que

60 2920 313 2986 voluero,
346 2919 709 2974 remandabo.
734 2916 994 2975 Gratulor
1020 2918 1165 2974 enim
1199 2919 1359 2974 modo
1385 2928 1575 2975 certus
1608 2920 1676 2979 de

63 3019 159 3065 tua
199 3010 496 3080 sospitate,
546 3025 712 3081 quam
754 3017 982 3064 actenus
1014 3008 1273 3078 ignorans
1315 3008 1483 3065 multo
1532 3010 1676 3067 tedio

65 3099 214 3155 sicut
234 3113 342 3169 pro
370 3099 629 3152 unanimo
648 3097 828 3153 amico
851 3097 1101 3153 adiectus
1121 3114 1264 3154 sum.
1288 3098 1470 3167 Queso
1492 3107 1672 3156 tamen

64 3200 223 3245 tuam
272 3190 617 3246 dulcedinem
650 3189 937 3245 caritatem
978 3197 1040 3244 ut
1085 3190 1426 3263 frequentius
1456 3192 1679 3262 scriptis

4 3290 5 3315 ξ
62 3290 122 3335 et
169 3281 363 3335 missis
410 3291 594 3335 tnntuo
637 3295 737 3334 nos
785 3279 1103 3345 visitemur,
1136 3290 1192 3335 et
1239 3294 1345 3334 non
1392 3279 1684 3351 sejungaut

0 3406 1 3409 η
66 3371 232 3441 longa
263 3380 539 3424 terrarum
573 3372 778 3440 spacia,
809 3384 947 3440 quos
980 3369 1183 3425 Christi
1215 3370 1381 3424 nectit
1409 3385 1583 3424 amor.
1615 3371 1682 3426 Et

65 3479 206 3534 rogo
240 3472 295 3515 te
332 3469 393 3513 ut
422 3461 663 3522 istoriam
701 3460 863 3516 dictis
896 3475 1090 3516 nomen
1120 3460 1196 3515 De
1223 3460 1356 3515 bello
1392 3458 1679 3532 Gregorwn

56 3567 113 3609 et
178 3552 566 3615 Troianorum,
594 3566 754 3621 quam
784 3567 950 3622 penes
978 3561 1031 3609 te
1060 3553 1333 3617 novimus,
1362 3554 1681 3610 transscribi

53 3642 269 3713 jubeas
318 3650 375 3696 et
418 3656 514 3711 per
553 3650 915 3696 memoratum
958 3651 1016 3697 et
1055 3657 1401 3699 communem
1441 3626 1680 3713 ﬁdelem,

58 3754 195 3791 cum
226 3735 300 3788 ad
335 3748 432 3788 vos
464 3731 681 3797 misero,
718 3734 872 3790 nobis
907 3734 1229 3802 remittatis,
1259 3737 1385 3807 quia
1414 3753 1681 3806 nusquam

63 3826 226 3881 illam
270 3824 416 3877 inter
447 3834 662 3878 nostros
705 3822 951 3878 invenire
994 3824 1283 3894 possimus.
1320 3825 1449 3882 Vale
1481 3826 1532 3881 in
1572 3828 1680 3883 Do-

64 3919 247 3983 mino,
284 3914 602 3971 dulcissime
624 3912 815 3980 frater,
844 3913 998 3988 m[e]i
1023 3930 1238 3987 semper
1258 3932 1355 3989 per
1377 3926 1427 3973 te
1458 3928 1684 3989 tuosque

61 4012 317 4082 benigne
350 4023 560 4064 memor
578 4018 638 4063 et
656 4008 968 4083 diligentem
995 4019 1047 4066 te
1074 4008 1254 4082 dilige,
1281 4021 1340 4065 et
1369 4010 1511 4067 Deus
1532 4012 1683 4083 pacis

24 4174 30 4179 _
60 4110 121 4157 te
151 4100 446 4158 custodiat
468 4099 688 4172 ubique.

833 4213 947 4271 XL.

661 4304 819 4379 [Sine
859 4306 1119 4380 rubrica}

131 4420 393 4478 Domino
421 4417 720 4473 venerabili
762 4416 837 4471 illi
882 4417 1065 4474 abbati
1101 4424 1157 4473 et
1182 4417 1444 4476 fratribus
1476 4420 1686 4476 Insula-

1776 1884 1844 1940 ad
1879 1883 2117 1939 subitura
2155 1883 2300 1936 enim
2334 1882 2677 1951 nequivimus
2703 1893 2790 1944 ea,
2813 1891 2918 1948 que
2950 1875 3262 1947 inperastls,
3290 1872 3373 1927 in-

1773 1974 1996 2037 venire,
2040 1974 2167 2043 quia
2215 1971 2632 2029 incommodatis
2661 1957 2933 2039 'temporis
2966 1967 3121 2034 mali,
3161 1980 3268 2037 que
3312 1972 3371 2019 et

1774 2066 1931 2121 vobis
1960 2065 2203 2119 nonnihil
2237 2065 2421 2127 oliicit,
2449 2063 2605 2119 nobis
2629 2062 2847 2118 obsistit
2877 2061 2929 2115 in
2961 2058 3232 2133 plurimis.

1916 2157 2059 2229 Ergo
2087 2157 2353 2212 salutetur
2384 2165 2564 2211 vestro
2593 2154 2909 2226 prudentius
2936 2168 3053 2219 ore,

1996 2249 2237 2304 Antistes
2267 2258 2463 2303 nostra:
2492 2262 2617 2318 pars
2649 2245 2894 2318 preciosa
2917 2245 3135 2299 animae.

1923 2341 2134 2397 Felices
2158 2341 2247 2396 ille
2283 2342 2479 2413 quibus
2501 2350 2585 2395 est
2611 2341 2712 2395 hec
2737 2340 2912 2409 gratia
2939 2336 3128 2410 plebes

1989 2432 2060 2490 Ut
2088 2442 2268 2487 tantos
2292 2432 2529 2487 habeant
2557 2430 2692 2485 lucis
2721 2430 2774 2483 in
2799 2444 2926 2483 arce
2955 2428 3155 2483 duces!

1917 2523 2075 2578 State
2106 2521 2268 2577 simul
2295 2523 2489 2588 fortes,
2527 2529 2765 2592 pugnate
2791 2520 3037 2584 viriliter,
3076 2527 3134 2571 ut
3165 2518 3292 2572 dum

1992 2613 2250 2686 Regaetis
2289 2629 2503 2683 semper
2528 2627 2667 2683 quos
2696 2611 2843 2666 alitis
2872 2610 3147 2680 gregibus.

1919 2706 2053 2762 Esto
2091 2707 2195 2763 mei
2224 2720 2517 2767 memores,
2561 2720 2683 2760 sum
2707 2703 2910 2769 vestri;
2948 2703 3121 2758 debeo
3157 2701 3308 2757 vobis

2002 2798 2071 2855 Et
2098 2814 2268 2854 voveo
2295 2807 2465 2854 totum
2489 2796 2748 2870 quicquid
2770 2811 3034 2852 amore...
3137 2792 3145 2800 ’
3359 2788 3362 2793 ’

1853 2890 2061 2947 Valete.

2497 2981 2663 3043 Xle

2343 3074 2499 3148 [Sine
2545 3074 2805 3149 rubrica.]

1706 3153 1750 3213 C
1853 3166 2135 3222 Familiari
2182 3174 2369 3222 nostro
2398 3166 2599 3221 domno
2638 3166 2758 3234 illi,
2801 3165 2891 3221 ille
2916 3175 3100 3222 vester
3127 3175 3376 3222 eternam

1787 3257 1843 3312 in
1907 3258 2152 3313 Christo.
2203 3257 2467 3328 Suscepta
2520 3258 2749 3330 epistola
2789 3268 2968 3314 vestra
3014 3274 3183 3332 nuper
3224 3258 3381 3314 nubis

1784 3348 2126 3414 transmissa,
2171 3350 2224 3404 in
2248 3351 2457 3419 apertis
2484 3350 2656 3421 gavisi
2699 3366 2908 3416 sumus,
2938 3351 2990 3406 in
3023 3350 3215 3422 topicis
3251 3365 3383 3408 vena

1780 3452 2011 3494 acumen
2046 3438 2244 3510 ingenii
2274 3439 2637 3506 laudavimus,
2661 3441 2913 3496 obtantes
2943 3440 3219 3497 communi
3248 3456 3383 3497 eon-

1781 3530 1969 3602 lequio
2022 3532 2124 3587 hec
2173 3532 2371 3603 exponi
2424 3532 2773 3604 quandoque.
2830 3534 3050 3588 Interim
3099 3547 3223 3589 cum
3282 3531 3377 3587 Dei

1782 3622 2136 3679 amminiculo
2170 3623 2487 3694 sospitatem
2526 3632 2768 3679 nostram
2812 3623 3081 3680 dinoscite
3119 3632 3383 3679 vestram-

1781 3726 1890 3782 que
1930 3712 2085 3768 nobis
2119 3712 2337 3768 demum
2377 3713 2659 3778 intimate;
2702 3714 2817 3769 dies
2854 3723 2939 3769 est
2986 3715 3132 3770 enim
3168 3713 3385 3769 obtabi-

1785 3803 1877 3870 lis,
1915 3819 2022 3874 quo
2057 3805 2221 3859 vestri
2259 3814 2677 3874 vestrorumque
2717 3804 2946 3861 salutem
2978 3807 3167 3861 audire
3210 3820 3386 3861 mere-

1783 3911 1922 3950 mur.
1948 3894 2085 3950 Dum
2112 3892 2417 3965 ﬂagitamus
2439 3895 2645 3966 largam
2670 3894 3096 3951 benivolentiam
3122 3904 3380 3959 vestram,

1782 3994 1863 4050 ut,
1903 3986 1949 4042 si
1980 3985 2092 4041 ullo
2136 3986 2296 4042 modo
2329 3986 2447 4042 ﬁeri
2492 3985 2694 4055 valeat,
2723 4001 2847 4042 cum
2888 3985 3079 4058 gerulo
3114 3984 3384 4055 presentis

1780 4076 2041 4150 pittacioli
2087 4076 2358 4133 Matheum
2400 4078 2720 4134 vitrearium
2770 4078 2928 4134 nobis
2975 4078 3380 4141 transmittatis,

1778 4177 2055 4239 quatenus
2102 4170 2170 4222 ad
2232 4168 2515 4224 basilicam
2569 4168 2757 4224 Sancti
2804 4168 2912 4223 Viti
2974 4177 3182 4238 martyr
3230 4164 3382 4237 (191)

1784 4274 1996 4315 summe
2048 4256 2285 4314 lenes-tre
2338 4259 2618 4329 exemplar
2678 4264 2915 4315 ostentet
2951 4255 3236 4311 inl’antulis
3284 4269 3385 4309 no-

1789 4350 1948 4414 stris,
1988 4348 2281 4417 statimque
2316 4359 2437 4418 post
2485 4349 2787 4403 ebdomade
2841 4346 3001 4402 unius
3047 4361 3263 4401 cursum
3300 4335 3386 4401 re-

1792 4456 1975 4495 meare
2010 4440 2229 4510 poterit.
2278 4441 2455 4508 Super
2504 4439 2796 4495 fraterculo
2844 4453 3027 4493 autem
3064 4447 3255 4493 nostro
3295 4436 3390 4493 illo

57 4514 355 4571 nensibus
381 4510 557 4581 uno),
592 4509 681 4565 ille
724 4509 821 4565 Dei
849 4509 993 4564 dono
1038 4511 1209 4565 abbas
1249 4511 1501 4568 salutem.
1534 4513 1673 4569 Sciat

1789 4531 1987 4585 obnixe
2018 4532 2364 4601 deposcimus
2389 4542 2447 4586 ut
2468 4532 2629 4588 liceat
2658 4548 2783 4587 eum
2805 4530 2965 4586 beato
2991 4529 3066 4585 illi
3105 4544 3380 4585 commen-

61 4608 335 4662 inmensa
380 4603 684 4673 paternitas
729 4610 912 4658 vestra
961 4601 1107 4672 quod
1163 4602 1361 4672 ubique
1405 4604 1461 4660 in
1504 4615 1688 4662 vestro

55 4696 283 4751 solacio
307 4694 555 4759 conﬁdo,
586 4693 671 4748 vel
700 4692 776 4748 uti
802 4692 957 4747 daret
984 4692 1085 4748 hoc
1115 4692 1303 4749 sedulo
1346 4694 1399 4748 in
1425 4703 1549 4751 actu
1578 4704 1686 4752 tam

58 4790 283 4847 divinis
335 4803 504 4857 quam
563 4786 836 4845 forasticis
885 4788 1066 4842 rebus.
1115 4785 1243 4842 Misi
1287 4795 1470 4844 autem
1517 4788 1686 4845 libros

58 4891 303 4938 vestros
346 4880 413 4933 ad
445 4878 722 4950 proprium
754 4877 935 4933 sinum
958 4877 1335 4949 applieandos,
1364 4894 1466 4950 pro
1491 4882 1692 4952 quibus

62 4974 296 5043 gratias
352 4971 626 5026 inmensas
654 4969 833 5026 refero
859 4971 1074 5026 caritati
1118 4979 1312 5027 vestra:
1348 4973 1432 5029 vel
1475 4973 1593 5030 tibi.
1625 4974 1693 5032 Et

64 5083 177 5140 pro
201 5064 368 5122 omni
398 5063 762 5119 benivolentia
799 5078 925 5135 erga
953 5077 1041 5118 me
1083 5063 1307 5135 inpensa
1335 5079 1502 5135 posco
1532 5074 1614 5132 ut,
1644 5067 1690 5123 et

66 5160 192 5214 ullo
237 5156 411 5211 modo
444 5155 560 5210 fieri
586 5153 785 5221 valeat,
810 5161 930 5224 post
955 5152 1310 5210 festivitatem
1340 5157 1514 5211 sancti
1543 5157 1690 5215 illius

61 5248 335 5321 iubeatis
358 5244 506 5299 illum
532 5244 799 5300 medicum
823 5241 891 5298 ad
915 5258 1000 5298 me
1027 5243 1235 5310 venire,
1268 5246 1395 5315 quia
1424 5244 1692 5315 adiutorio

70 5342 204 5411 ejus
249 5336 496 5409 indigeo.
538 5334 646 5390 Sed
692 5345 747 5389 et
774 5335 973 5390 domno
1003 5333 1077 5389 illi
1108 5334 1315 5404 gratias
1354 5336 1557 5391 referte
1594 5352 1692 5408 pro

74 5429 401 5491 (:‘aterculo
433 5443 553 5482 meo
598 5426 708 5494 illo,
736 5427 889 5497 quia,
922 5435 981 5482 ut
1019 5442 1050 5481 a
1092 5425 1453 5484 referentibus
1489 5431 1691 5497 audivi,

157 5586 329 5657 (190)
359 5587 439 5640 0n
469 5585 738 5654 designait
774 5584 908 5657 ainsi
950 5584 1037 5657 les
1081 5584 1292 5640 moines
1314 5586 1688 5657 deiReichnau

77 5661 115 5715 ἐι
143 5655 329 5712 cause
377 5658 441 5710 de
476 5656 521 5709 la
565 5657 822 5710 situation
855 5655 918 5709 de
949 5655 1065 5708 leur
1093 5664 1346 5711 convent.
1376 5656 1462 5711 Cl”.
1493 5658 1693 5713 lilabil-

78 5731 202 5789 Ion,
242 5726 480 5779 Annales
510 5725 574 5780 0.
609 5725 662 5779 S.
692 5724 779 5789 B.,
812 5735 939 5777 tum.
965 5724 1025 5788 ll,
1051 5739 1167 5793 pag.
1198 5724 1303 5779 375
1332 5734 1387 5779 et
1411 5727 1534 5781 485.

159 5795 331 5865 (191)
365 5797 635 5851 l’lnsieurs
667 5793 1001 5849 tnouastéres
1040 5803 1136 5849 ont
1161 5793 1247 5851 été
1281 5796 1385 5851 mis
1427 5813 1554 5854 sons
1582 5798 1694 5854 l’in-

482 5899 751 5960 Panos.
779 5896 931 5963 CLI.

1790 4620 1907 4677 dari
1946 4622 2219 4676 destinare
2270 4638 2391 4676 cum
2447 4622 2618 4676 altero
2669 4619 2969 4688 infantulo,
3007 4633 3115 4691 que
3155 4634 3281 4675 eum
3328 4620 3383 4675 in

1790 4713 1903 4768 suis
1946 4720 2230 4783 procuret,
2263 4723 2315 4767 et
2339 4714 2553 4783 quando
2589 4711 2893 4782 qualiterve
2938 4709 3237 4766 transmitti
3286 4709 3385 4764 de—

1793 4803 1920 4858 beat
1967 4803 2301 4857 remandate.
2334 4802 2408 4858 De
2443 4801 2617 4858 mellis
2643 4815 2775 4858 vero
2808 4800 3109 4874 opulentia,
3142 4814 3251 4872 qua
3288 4814 3384 4856 vos

1794 4892 2035 4962 adjuvari
2083 4895 2410 4966 poposcitis,
2441 4895 2638 4949 scitote
2687 4909 2785 4950 nos
2829 4894 3036 4965 gratias
3064 4908 3190 4949 rara
3218 4902 3382 4965 quant

1793 5001 1887 5042 vos
1915 4987 2066 5057 plura
2092 4988 2388 5044 extendere
2410 4986 2545 5043 velle
2570 5005 2584 5041 :
2616 4988 2812 5043 mittite
2833 4986 3092 5044 nuncium
3115 4994 3379 5053 vestrum,

1793 5079 1886 5149 qui
1919 5080 2106 5135 decem
2156 5078 2326 5134 siclas
2356 5078 2529 5134 mellis
2564 5080 2802 5149 perferat
2829 5078 3004 5135 vobis.
3045 5077 3191 5135 Bene
3213 5075 3383 5133 valete

1793 5181 2011 5239 semper
2032 5182 2301 5225 memores
2326 5169 2522 5225 nostri.
2682 5178 2709 5204 ι

2504 5257 2682 5313 XLI".

2366 5347 2530 5421 {Sine
2562 5348 2817 5422 rubrica]

1865 5441 2099 5499 Domino
2142 5455 2271 5497 vere
2321 5442 2617 5498 venerabili
2652 5443 2937 5514 patrique
2964 5441 3256 5501 karissimo
3306 5442 3383 5501 illi

1796 5600 2044 5656 vocation
2070 5597 2140 5655 de
2162 5599 2307 5670 saint
2335 5599 2487 5665 Vite;
2517 5598 2787 5669 petit-etre
2806 5597 3031 5670 s‘agit-il
3058 5599 3126 5659 iei
3147 5602 3215 5661 de
3241 5602 3383 5657 celui

1797 5671 1865 5742 de
1891 5669 2095 5742 Corvey
2124 5669 2369 5739 (Corbeia
2401 5672 2577 5741 nova),
2605 5671 2697 5738 qui
2719 5670 2996 5739 pos'sédait
3023 5670 3101 5727 les
3124 5672 3398 5742 'reliqueS'

1798 5740 1867 5795 du
1891 5741 2032 5796 saint
2060 5753 2290 5813 martyr.
2538 5740 2541 5741 ⁷
2891 5768 2895 5773 -

2949 5904 3028 5966 Mi
