3982 6316
561 310 690 368 “5!

1850 301 2142 360 APPEND.
2180 302 2270 358 ΑΙ)
2316 302 2487 360 SEC.
2515 301 2583 356 Χ.

3702 299 3808 358 ηεξ

556 434 758 502 abbati,
784 432 872 489 ille
895 431 1122 504 exiguus
1165 439 1221 487 et
1257 437 1511 502 peccator
1547 436 1789 486 etcrnam
1830 429 1883 484 in
1915 429 2144 484 Domino
2172 435 2219 493 Α
2247 430 2425 499 cupio.
2454 428 2603 485 Nunc
2645 444 2770 485 vero
2798 429 2864 485 de
2906 428 3274 500 presentibus,
3312 442 3418 500 que
3445 443 3612 502 nuper
3631 431 3800 490 direxi-

554 536 706 602 optat
733 526 991 582 salutem.
1024 525 1122 580 Diu
1153 524 1490 595 multumque
1525 523 1682 594 hujus
1707 524 1892 579 mundi
1926 524 2144 579 notissi-

555 623 661 678 mis
687 621 1185 694 perturbationibus
1206 621 1460 692 agitatus,
1491 620 1661 677 vicem
1689 621 1927 676 debitam
1950 619 2145 676 vestris

554 713 837 769 beneficiis
872 727 968 782 per
1008 713 1306 783 condignas
1339 713 1647 783 graciarum
1671 712 1919 768 acciones
1949 725 2142 782 repen—

554 807 684 863 dere
713 806 916 862 mutuis
962 805 1169 871 distuli,
1210 806 1462 875 quoniam
1503 816 1554 862 et
1589 808 1700 877 ipse
1729 806 1996 877 angustie,
2023 805 2141 874 qui-

550 898 652 953 bus
679 908 806 953 tunc
833 899 1079 963 tenebar,
1111 913 1232 952 cum
1258 897 1456 952 vestris
1493 899 1734 968 adprime
1764 898 1978 953 solaciis
2016 899 2141 952 sub-

549 987 786 1054 levarer,
849 989 1111 1043 hactenus
1169 1003 1256 1043 me
1313 990 1670 1058 premebant,
1737 998 1790 1044 et
1845 989 2143 1044 necessitas

555 1081 896 1150 paupertatis
949 1081 1140 1150 pocius
1171 1081 1388 1152 placare
1442 1081 1691 1136 inimicos
1739 1096 1899 1151 quam
1941 1082 2145 1136 amicos

553 1172 783 1242 cogebat
813 1173 1025 1227 sedare.
1058 1170 1212 1226 Nunc
1256 1188 1406 1238 vero,
1443 1171 1671 1227 Domino
1704 1173 1918 1226 tandem
1948 1172 2145 1226 labori-

552 1262 656 1318 bus
706 1264 908 1318 nostris
943 1264 1160 1333 aliquod
1211 1273 1489 1334 prestante
1536 1263 1802 1328 levamen,
1847 1263 1989 1317 nolui
2025 1263 2145 1316 diu-

552 1357 692 1421 cius,
735 1371 801 1410 ne
840 1356 1082 1425 ingratus
1118 1357 1350 1421 viderer,
1383 1358 1623 1410 debitum
1663 1356 2012 1411 salutacionis
2058 1371 2144 1410 me

553 1461 755 1500 munus
782 1446 1093 1510 obmittere,
1130 1462 1238 1516 quo
1267 1446 1592 1516 intelligeret
1629 1447 1914 1516 prudentia
1965 1456 2144 1501 vestre

553 1537 860 1593 dilectionis
894 1538 1142 1592 ardorem
1189 1539 1240 1591 iu
1272 1539 1444 1593 nostri
1485 1538 1664 1592 cordis
1717 1538 1863 1591 arula
1906 1538 2140 1606 sopitmu

552 1628 743 1699 pocius
783 1642 946 1697 quam
992 1629 1318 1682 extinctum.
1366 1627 1534 1697 Igitur
1568 1628 1863 1697 dignamiui
1905 1644 1989 1683 me
2033 1637 2141 1681 tam

554 1722 768 1776 fidelem
815 1722 969 1776 vobis
1006 1732 1256 1792 reputare
1284 1737 1444 1792 quam
1476 1730 1655 1776 vestra
1698 1721 1896 1775 meruit
1934 1721 2139 1776 sancti-

553 1812 684 1869 tudo
707 1829 722 1871 :
747 1811 1002 1883 quicquid
1032 1812 1082 1867 itt
1106 1828 1192 1868 me
1214 1814 1393 1866 vivum
1416 1824 1519 1877 est,
1540 1829 1646 1867 non
1669 1811 1926 1867 dubitetis
1947 1812 2143 1866 veslris

551 1918 643 1958 me
675 1903 808 1958 velle
841 1902 1153 1972 mancipare
1184 1903 1450 1958 serviciis.
1494 1902 1610 1958 Misi
1653 1911 1828 1958 vestre
1859 1902 2144 1957 karissime

555 1995 876 2064 paternitati
911 2009 1106 2066 parvas
1133 1992 1445 2066 e[ulo]gias,
1478 1994 1528 2048 id
1556 2003 1638 2049 est
1669 1993 2066 2064 manulergium
2091 2002 2147 2047 et

551 2086 847 2155 pectinem,
898 2099 1002 2139 non
1046 2100 1154 2154 quo
1192 2085 1291 2139 hec
1337 2086 1498 2155 digna
1540 2084 1735 2140 vestris
1763 2083 2145 2153 conspectibus

551 2176 858 2246 judicarcm
881 2216 896 2240 ,
925 2177 1018 2230 sed
1049 2190 1156 2245 quo
1185 2176 1580 2245 conprobarem
1613 2175 1804 2229 melius
1832 2189 1952 2231 esse
1980 2190 2146 2245 parvo

552 2281 716 2336 quam
775 2266 922 2320 nullo
975 2266 1198 2336 pignore
1234 2265 1577 2322 dilectionem
1635 2276 1876 2320 mutuam
1917 2267 2142 2320 demon-

551 2366 746 2412 stt-are.
781 2356 928 2411 Bene
962 2372 1059 2411 vos
1100 2356 1153 2411 in
1188 2355 1419 2412 Domino
1455 2372 1669 2427 semper
1696 2367 1825 2426 opto
1868 2356 2051 2412 valere
2092 2364 2147 2410 et

557 2449 728 2503 nostri
753 2449 804 2502 in
829 2448 1176 2504 oracionibus
1198 2450 1367 2503 sacris
1397 2463 1664 2504 memores
1688 2464 1808 2502 esse
1834 2465 1846 2501 :
1875 2447 2034 2502 talem
2062 2461 2146 2502 me

559 2547 806 2607 reputate
836 2538 1051 2608 qualem
1082 2555 1167 2593 me
1206 2540 1358 2594 vobis
1390 2539 1690 2594 debitorem
1739 2537 1965 2605 fecistis,
2017 2538 2144 2608 quia

554 2628 678 2685 talis
700 2631 978 2687 vobiscum
1001 2631 1218 2703 qualem
1243 2632 1638 2687 amicissimum
1667 2630 1998 2685 amicissimo
2025 2645 2145 2686 esse

550 2732 786 2794 oportet.

1262 2817 1446 2873 XLIV.

1125 2907 1273 2980 [Sine
1307 2907 1564 2981 rubrica.]

621 2999 716 3056 [Ile
755 3007 956 3056 sanctae
1003 3000 1106 3054 illa:
1157 2999 1400 3056 ecclesiae
1432 3000 1654 3056 humilis
1702 3002 1986 3063 contistes.
2019 3017 2144 3072 pro-

2249 526 2370 586 stis,
2423 523 2735 597 muneribus
2766 524 3060 579 immensas
3089 525 3446 595 copiosasque
3479 525 3677 596 gratias
3718 531 3802 584 ref-

2248 614 2382 682 fero,
2425 631 2531 686 que
2561 631 2645 670 me
2683 616 2755 669 ita
2793 617 2859 669 ad
2895 625 3135 670 vestrum
3167 628 3609 686 provocaverunt
3663 621 3804 674 servi-

2249 708 2402 772 tium,
2439 718 2494 761 ut
2524 708 2675 771 nulli,
2721 718 2949 778 excepto
2997 709 3232 772 seniore,
3266 725 3352 764 me
3395 710 3626 780 amplius
3671 728 3803 781 quam

2247 799 2400 854 vobis
2423 798 2655 854 delectet
2690 800 2917 864 servire,
2947 810 3000 853 et
3032 801 3074 853 si
3115 801 3319 870 aliquid
3359 813 3548 856 nostre
3582 804 3804 872 parvitati

2247 900 2427 945 vestra
2477 892 2741 961 sagacitas
2789 890 3068 960 injungcre
3097 892 3423 959 decreverit,
3479 893 3720 948 devotum
3763 896 3805 948 iu

2246 983 2519 1050 Omnibus,
2544 983 2755 1039 favente
2785 984 3031 1050 Domino,
3064 984 3316 1054 reperiet.
3337 985 3552 1055 Equum
3582 1001 3805 1056 namque,

2246 1088 2406 1142 quem
2438 1073 2636 1127 dudum
2667 1071 2776 1142 jam
2807 1075 3102 1142 direxistis,
3134 1074 3263 1128 licet
3284 1074 3354 1128 sit
3381 1075 3557 1129 bonus
3585 1077 3649 1128 ad
3675 1091 3805 1146 Opus,

2248 1173 2429 1217 tamen
2460 1163 2602 1232 quod
2640 1163 2950 1233 optavimus
2982 1179 3088 1218 non
3123 1165 3258 1218 adeo
3299 1165 3450 1218 utilis
3486 1165 3665 1220 habet.
3692 1166 3810 1232 Qua-

2247 1265 2470 1325 propter
2511 1255 2828 1328 dignitatem
2877 1259 3110 1328 petimus
3139 1268 3375 1311 vestram
3411 1269 3466 1311 ut
3504 1259 3647 1312 omni
3677 1260 3807 1314 indu.

2246 1349 2379 1403 stria
2423 1348 2688 1418 optimum
2720 1349 2976 1420 deinceps
3027 1351 3272 1405 invenire
3324 1351 3612 1410 studentis,
3664 1361 3717 1405 ut
3755 1353 3809 1404 ad

2245 1455 2406 1511 Opus,
2439 1442 2582 1511 quod
2624 1441 2783 1512 elegi,
2831 1443 2900 1497 sit
2931 1445 3132 1514 aptius,
3161 1453 3215 1499 et
3242 1445 3400 1499 nobis
3422 1445 3736 1515 quandoque
3758 1448 3810 1498 ad

2244 1534 2599 1601 equitandum
2632 1535 2923 1589 utilitatem
2975 1536 3146 1604 possit
3202 1546 3469 1606 prcstare.
3529 1535 3632 1591 Per
3679 1553 3812 1606 regu-

2248 1623 2354 1678 lum
2386 1625 2535 1695 (-l92)
2571 1626 2751 1696 itaque
2781 1627 3004 1682 scedule
3030 1628 3188 1698 hujus
3214 1629 3475 1698 quicquid
3499 1630 3564 1683 de
3587 1644 3646 1682 ac
3675 1645 3809 1683 C3033

2247 1727 2424 1772 vestra
2454 1718 2724 1774 invenerit
2753 1720 3003 1775 voluntas
3026 1722 3350 1776 remaudare
3372 1730 3581 1776 curate.
3611 1722 3809 1778 VESlris.

2247 1809 2638 1874 sacratissime,
2683 1811 2918 1880 denique
2942 1813 3228 1867 committo
3271 1812 3545 1881 precibus,
3579 1827 3708 1882 quas
3735 1831 3812 1883 pro

2250 1900 2424 1963 vobis,
2464 1898 2592 1954 licet
2626 1901 2864 1970 peccatis
2899 1901 3242 1955 obstantibus
3288 1901 3532 1965 inutiles,
3559 1905 3625 1953 ad
3656 1905 3810 1955 mundi

2249 1999 2591 2060 regnatorem
2637 2005 2722 2044 me
2763 1990 2990 2046 fundere
3033 1992 3239 2060 absque
3278 1991 3596 2046 difﬁcultate
3626 1991 3810 2045 scitote.

2249 2079 2434 2137 Valeat
2450 2081 2793 2137 sanctissima
2809 2091 2986 2137 vestra
3006 2081 3193 2153 religio
3208 2097 3307 2151 per
3321 2080 3638 2137 innumeros
3649 2097 3809 2136 annos.

2948 2171 3131 2227 XLVI.

2825 2262 2974 2336 [Sine
3006 2264 3260 2337 νυὸν-ξιτψ]

2325 2357 2786 2413 Reverentissimo
2824 2373 2888 2411 ac
2939 2372 3065 2412 vere
3115 2357 3430 2412 beatissrmo
3481 2366 3647 2427 patri,
3681 2372 3814 2427 quem

2248 2450 2420 2519 gratia
2453 2447 2641 2502 sedulo
2671 2447 2917 2502 caritatis
2960 2447 3284 2516 amplector,
3329 2448 3406 2503 illi
3448 2449 3648 2520 insigni
3678 2450 3818 2505 abba-

2250 2549 2361 2594 tum
2391 2540 2607 2605 abbati,
2641 2539 2729 2594 ille
2758 2539 2884 2595 licet
2917 2540 3201 2596 inmeritus
3236 2542 3528 2612 episcopus
3559 2544 3816 2612 prasentia

2247 2633 2538 2701 futuraque
2579 2633 2895 2702 perenniter
2931 2633 3128 2704 gaudia
3159 2643 3334 2702 optat.
3371 2633 3510 2700 Quia
3551 2635 3720 2690 literis
3756 2637 3816 2690 si-

2246 2726 2508 2794 gnificare
2556 2725 2841 2779 studuistis
2888 2725 3016 2779 totis
3053 2741 3148 2779 vos
3193 2724 3390 2780 ardere
3431 2729 3743 2796 praecordiis
3775 2739 3821 2782 ut

2248 2817 2462 2871 vincolo
2501 2817 2751 2870 caritatis
2801 2827 2998 2871 nostra:
3049 2826 3243 2872 vestra:
3297 2821 3685 2874 adnecteretur
3714 2821 3822 2874 dile-

2249 2908 2438 2971 Clioni,
2472 2909 2706 2962 maxima
2741 2909 2969 2964 interius
2997 2910 3346 2980 exteriusque
3376 2911 3563 2966 leticia
3611 2913 3822 2966 exilara-

2248 3009 2334 3054 tus
2371 2999 2557 3068 utique
2589 3015 2731 3064 sum,
2759 3008 2814 3053 et
2847 3010 2902 3054 ut
2932 3008 3083 3054 sator
3113 3015 3293 3055 rerum
3324 3001 3376 3054 id
3411 3000 3533 3056 fieri
3569 3004 3824 3070 permittat

549 3092 872 3148 beatissimo
907 3107 970 3148 ac
1006 3093 1449 3162 prestantissimo
1488 3093 1804 3162 dignissime
1823 3093 1987 3156 Iratri
2025 3096 2145 3151 viro
2170 3115 2217 3179 ο
2250 3090 2373 3144 lolis
2399 3099 2595 3158 exopto
2625 3090 2937 3158 semiliblls-
2970 3090 3191 3161 Eulogie
3218 3105 3481 3160 namque.
3512 3108 3652 3161 quas
3681 3093 3824 3147 desii-

550 3186 630 3241 illi
689 3186 872 3240 abbati
927 3187 1245 3256 cunctisque
1293 3185 1552 3241 fratribus
1603 3186 1832 3241 Domino
1862 3188 2139 3243 vobiscum

550 3279 912 3334 militantibus
944 3281 1212 3350 presentis
1258 3280 1545 3349 futurcque
1577 3279 1852 3335 fclicitatis
1888 3280 2139 3336 salutem.

552 3370 1084 3435 Sanctitatiszvestre
1129 3371 1413 3440 epistolam
1470 3372 1805 3441 relegentes,
1851 3372 2139 3427 admodum

550 3463 756 3518 fuimus
808 3461 1014 3532 gavisi,
1066 3462 1194 3531 quia
1243 3471 1424 3519 textus
1476 3461 1645 3531 ipsius
1698 3469 1934 3514 vestram
1986 3462 2143 3516 nobis

549 3553 790 3609 ostendit
820 3555 1137 3622 sospitalem
1164 3564 1325 3622 atque
1357 3552 1793 3606 benivolentiam.
1825 3550 1975 3617 Quod
2014 3565 2142 3605 vero

551 3644 904 3715 sigttilicastis
927 3645 990 3698 de
1020 3644 1268 3712 pellibus,
1301 3652 1462 3698 antea
1492 3642 1713 3696 omnino
1754 3641 1853 3695 fuit
1895 3642 2144 3695 intiman-

550 3738 678 3790 dum
701 3776 716 3801 ,
759 3751 824 3791 eo
860 3735 1002 3805 quod
1033 3735 1203 3790 multo
1238 3735 1418 3789 carius
1468 3742 1709 3804 tempore
1747 3732 1941 3787 hiemis
1977 3746 2139 3800 quam

550 3829 742 3884 estatis
765 3837 1036 3883 emantur.
1061 3828 1312 3882 Attamen
1345 3826 1749 3881 transmisimus
1778 3825 1938 3879 modo
1961 3832 2142 3878 vestre

551 3921 858 3992 largissime
899 3919 1113 3974 caritati
1154 3919 1352 3989 vigenti
1400 3927 1455 3973 et
1489 3918 1729 3987 quinque
1759 3916 1949 3988 pelles,
1985 3915 2138 3986 plura

549 4013 823 4082 largituri,
854 4011 898 4067 si
926 4011 1069 4066 Deus
1095 4012 1259 4065 vitam
1292 4010 1577 4080 locumque
1602 4010 1758 4064 nobis
1785 4008 2138 4064 concesserit.

548 4103 790 4173 Denique
816 4117 1104 4174 precamur
1137 4110 1192 4156 ut
1228 4099 1448 4156 fratrem
1492 4100 1663 4163 illttm,
1690 4115 1812 4154 mox
1843 4113 1948 4169 quo
1975 4097 2135 4150 facul-

549 4207 634 4250 tas
668 4195 944 4260 adriserit,
1003 4195 1178 4259 nobis,
1232 4194 1373 4248 sicut
1419 4191 1642 4262 polliciti
1683 4191 1838 4254 estis,
1869 4189 2140 4244 admittite

547 4302 617 4344 ne
646 4287 930 4344 differatis.
961 4287 1175 4351 Valete,
1223 4287 1419 4340 fratres
1447 4300 1656 4348 omnes,
1691 4293 1873 4338 nostra
1907 4281 2136 4336 invicem

548 4376 855 4442 salutando,
898 4386 952 4432 et
989 4386 1049 4432 ut
1087 4377 1259 4433 nostri
1314 4377 1456 4432 inter
1482 4389 1703 4447 precum
1745 4389 1968 4430 suarum
2013 4381 2135 4428 vota

549 4470 858 4527 meminerit
895 4470 1174 4527 humiliter
1207 4484 1462 4539 exposco.

915 4552 922 4558 ’
1259 4558 1422 4613 XLV.

998 4665 1288 4706 ιιωιςυιυκ
1326 4665 1392 4704 AD
1433 4665 1696 4706 ABBATEI.

621 4759 778 4816 Mella
809 4761 952 4833 geris
983 4769 1158 4817 tecum
1200 4761 1413 4816 firmato
1451 4762 1681 4832 gluttine
1716 4771 1896 4833 septa;

692 4829 879 4890 Dulcia
911 4846 1015 4902 que
1043 4833 1258 4887 dederis
1292 4833 1412 4902 quis
1442 4829 1618 4903 cupis,
1651 4840 1736 4885 ast
1767 4829 1896 4884 tnihi
1936 4844 2062 4885 non.

621 4951 1010 5007 Probatissimo
1054 4965 1117 5005 ac
1174 4949 1343 5005 divini
1395 4947 1571 5005 cultus
1623 4949 1838 5019 ingenio
1891 4949 2135 5019 adprime

547 5045 807 5100 decenter
831 5044 1089 5099 decorato
1111 5040 1190 5095 illi
1220 5039 1589 5110 insignissimo
1625 5038 1698 5093 illi
1728 5038 1933 5103 abbati,
1964 5053 2136 5108 quan~

548 5150 711 5207 quam
763 5133 1068 5189 immeritus
1107 5132 1412 5202 episcopus,
1452 5145 1588 5200 quas
1632 5130 1813 5200 lingua
1866 5129 2137 5200 explicare

547 5241 658 5282 non
689 5223 906 5290 suﬂicit,
935 5223 1135 5279 salutes
1164 5224 1332 5277 obtat.
1356 5221 1490 5277 Cum
1514 5222 1658 5277 enim
1681 5221 1915 5276 assiduis
1945 5221 2139 5276 vestris

550 5315 880 5379 accumuler,
920 5329 986 5370 eo
1021 5313 1212 5384 longus
1238 5312 1432 5384 dignas
1463 5326 1670 5383 nequeo
1706 5312 1772 5367 de
1817 5320 1966 5367 tante
1994 5312 2137 5366 cari-

553 5407 684 5462 tatis
729 5405 926 5462 ardore
980 5405 1280 5474 rependere
1331 5413 1541 5476 grates;
1601 5407 1695 5459 sed
1741 5405 1868 5475 quia
1926 5405 2136 5461 debitas

547 5495 861 5565 persolvere
885 5493 1094 5559 delicio,
1116 5495 1230 5565 jam
1258 5509 1392 5565 quas
1416 5495 1582 5550 habes
1609 5495 1660 5548 in
1686 5510 1778 5548 ara
1801 5496 1984 5550 cordis
2010 5509 2136 5549 sen-

552 5600 647 5641 sus
677 5587 996 5656 perquirens
1034 5586 1319 5656 repererit,
1370 5585 1516 5642 omni
1551 5585 1810 5641 aviditate
1838 5586 2137 5656 rependere

625 5736 776 5808 (I92)
808 5736 848 5791 ll
877 5735 990 5791 faut
1015 5737 1380 5794 évidemment
1407 5738 1650 5808 corriger
1680 5739 1939 5801 qernlum.

2249 3197 2380 3237 nare
2422 3191 2604 3236 vestra
2641 3183 2883 3237 decrevit
2925 3184 3209 3247 sanctitas,
3254 3200 3449 3255 magne
3491 3196 3662 3254 atque
3709 3187 3822 3240 adeo

2245 3280 2556 3348 gratissime
2599 3279 2838 3345 fuerunt,
2881 3293 2987 3350 que
3025 3281 3187 3334 etiam
3220 3280 3264 3334 si
3302 3281 3520 3336 modice
3572 3281 3761 3344 forent,
3798 3297 3821 3333 a

2245 3374 2402 3428 nobis
2431 3387 2529 3442 pro
2559 3374 2788 3442 magnis,
2817 3375 2941 3443 quia
2975 3386 3006 3426 a
3045 3372 3200 3427 vobis
3229 3373 3463 3438 directe,
3497 3373 3689 3442 utique
3721 3388 3822 3426 sus-

2243 3464 2571 3534 ciperentur.
2630 3464 2738 3519 Sed
2778 3465 2922 3534 quod
2964 3464 3218 3535 deinceps
3263 3480 3377 3536 pra:
3418 3480 3557 3535 pare
3594 3481 3687 3521 vos
3723 3467 3822 3536 plu-

2244 3556 2380 3610 rima
2419 3557 2637 3622 vellem,
2672 3557 2716 3611 si
2751 3556 3120 3613 familiaritate
3151 3556 3356 3629 perfrui
3405 3558 3572 3613 nobis
3616 3560 3751 3622 licet,
3775 3569 3820 3614 et

2244 3657 2426 3701 nostra
2456 3647 2672 3702 scedula
2706 3651 3006 3716 personuit,
3041 3658 3222 3703 vestra
3252 3664 3336 3702 me
3377 3650 3518 3704 adeo
3543 3652 3818 3713 concussit,

2243 3738 2366 3807 quis
2402 3754 2504 3809 ego
2524 3753 2642 3792 sum
2674 3738 2765 3806 qui
2797 3738 2994 3793 talibus
3027 3739 3301 3809 tantisque
3328 3741 3582 3809 patribus
3605 3742 3818 3811 parvita-

2247 3832 2316 3885 tis
2346 3845 2434 3884 me
2461 3830 2728 3901 denegare
2764 3829 3216 3896 familiaritatem,
3255 3847 3378 3886 cum
3432 3832 3626 3900 pocius
3659 3841 3819 3884 vestre

2243 3922 2491 3978 caritatis
2533 3922 2798 3994 indigeam
2839 3921 3131 3987 solacium,
3171 3937 3402 3992 quorum
3448 3925 3703 3992 precibus
3743 3937 3817 3975 me

2242 4013 2516 4070 sublevari
2543 4014 2776 4084 denique
2807 4027 2910 4068 non
2939 4014 3174 4084 ambigo.
3207 4012 3281 4067 De
3305 4011 3579 4068 beneficio
3605 4027 3817 4080 namque

2241 4121 2337 4178 per
2366 4107 2618 4161 nuncium
2648 4121 2817 4175 nuper
2840 4107 3064 4162 missum
3087 4119 3185 4160 nos
3207 4103 3535 4175 promisisse
3553 4103 3812 4158 asseritis:

2243 4199 2484 4270 profecto
2513 4198 2648 4254 nihil
2688 4200 3083 4262 mandavimus,
3119 4199 3210 4253 sed
3243 4213 3378 4268 puer
3398 4196 3632 4266 juvenili
3661 4197 3816 4250 adhuc

2243 4305 2404 4346 sensu
2444 4290 2735 4361 depressus
2778 4292 2903 4346 talia
2949 4308 3057 4346 non
3092 4291 3278 4360 jussus
3317 4291 3596 4361 promisit,
3621 4306 3722 4362 que
3754 4306 3810 4343 ex

2243 4394 2429 4439 nostro
2459 4399 2565 4439 non
2593 4385 2833 4455 suscepit
2865 4385 3110 4454 imperio.
3159 4383 3425 4440 Precibus
3469 4385 3814 4439 sanctissimis

2166 4486 2218 4547 ι)
2243 4477 2436 4533 vestris
2481 4493 2566 4532 me
2597 4479 2918 4534 inmanitate
2962 4478 3186 4534 sceleris
3231 4478 3548 4548 languidum
3581 4477 3815 4532 commit-

2243 4578 2359 4624 tere
2385 4569 2556 4625 fidens
2579 4570 2645 4624 de
2676 4580 2852 4625 vestra
2883 4571 3112 4624 caritate
3139 4584 3448 4638 prrcsumo;
3493 4585 3643 4624 meas
3673 4583 3814 4621 nant-

2241 4680 2346 4735 que
2377 4680 2477 4734 pro
2505 4664 2660 4718 VOiliS
2696 4663 2816 4719 licet
2850 4663 2983 4718 viles
3016 4663 3081 4716 ad
3117 4662 3402 4716 Dominum
3450 4660 3678 4714 fundere
3705 4675 3814 4724 pto—

2240 4758 2328 4812 cul
2385 4757 2550 4812 dubio
2612 4771 2813 4812 cernuo
2878 4755 3076 4810 abhinc
3149 4753 3351 4824 poplite
3414 4769 3522 4808 non
3581 4753 3812 4807 messalae.

2241 4846 2558 4902 Munuscula
2592 4856 2787 4901 vestrae
2817 4846 2944 4900 licet
2977 4845 3185 4900 modica
3221 4843 3513 4914 dirigimus
3557 4842 3809 4912 dignitati,

2238 4951 2353 5008 que‘
2376 4949 2552 4994 vestra
2609 4938 2957 4994 sublimitatis
3011 4953 3108 5008 pro
3151 4951 3344 5007 magno
3391 4936 3670 5004 suscipere
3717 4945 3811 4983 non

2240 5039 2486 5094 recuset;
2528 5028 2632 5084 nisi
2669 5029 2813 5084 enim
2844 5029 3000 5082 vobis
3044 5028 3341 5098 injunetum
3375 5024 3623 5094 partibus
3651 5020 3810 5090 gratia

2242 5121 2511 5175 instauret
2540 5120 2663 5184 iter,
2697 5119 2900 5189 majora
2946 5119 3133 5187 utique
3184 5116 3611 5172 destinarentur.
3658 5110 3810 5164 Mitti-

2240 5229 2361 5268 mus
2401 5227 2637 5282 namque
2677 5212 2910 5267 banriles
2945 5221 3176 5280 quatuor
3203 5209 3334 5272 olei,
3365 5209 3436 5260 ad
3467 5207 3807 5261 calciamenta

2243 5301 2576 5358 conficienda
2610 5301 2862 5372 hyreinas
2904 5300 3069 5371 pelles
3099 5315 3216 5364 sex,
3250 5299 3416 5353 libras
3449 5295 3657 5366 argenti
3689 5304 3803 5345 tres.
3855 5291 3860 5295 ’

2239 5393 2427 5450 Faciat
2459 5409 2555 5448 vos
2586 5408 2766 5446 rerum
2791 5400 2936 5446 sator
2967 5391 3128 5447 rectis
3169 5398 3478 5459 presentem
3518 5387 3804 5453 transigere

2239 5485 2514 5556 gressibus
2544 5484 2707 5537 vitam
2739 5493 2794 5536 et
2832 5481 3066 5536 futuram
3099 5497 3218 5536 eum
3263 5480 3474 5536 sanctis
3493 5474 3799 5533 eternaliter

2239 5577 2464 5649 perfrui.
2499 5576 2643 5632 Bene
2677 5576 2730 5630 in
2751 5576 2967 5631 Clll‘lSlO
3005 5573 3178 5630 valete

3033 5796 3110 5810 .nr'
