3892 6318
130 267 287 353 usa

218 400 221 401 ⁷
276 426 279 427 ν
826 393 1030 451 XLVII.

715 504 865 589 [Siue
895 505 1151 579 rubrica.)

148 614 151 697 ί
197 626 297 685 Vir
326 608 436 683 ille
478 619 730 693 exiguus,
787 620 878 676 illo
911 619 1091 676 Strabi
1126 620 1277 693 (l95)
1326 634 1425 679 suo
1471 619 1720 675 salutem.

129 720 330 778 Frater
372 715 464 772 ille
511 726 772 769 remeans
805 726 837 767 a
864 711 1037 779 vobis,
1069 719 1295 767 auctore
1340 712 1468 774 Deo,
1506 711 1571 764 ad
1624 724 1726 764 nos

127 826 303 881 usque
348 807 555 865 inlesus
600 804 892 875 pervenit,
932 812 991 858 et
1034 817 1282 868 munera,
1328 816 1434 871 que
1476 800 1722 865 misistis,

126 900 282 955 valde
321 896 482 951 nobis
530 902 685 965 grata
729 892 946 948 adtulit.
990 891 1098 947 Sed
1145 891 1415 961 inpetrato
1452 905 1516 944 ex
1571 898 1726 958 parte

124 976 226 1064 pro
254 1005 365 1060 quo
387 995 611 1042 venerat
640 984 894 1057 uegocio,
922 993 976 1038 et
1001 998 1106 1038 non
1134 968 1283 1052 pelui
1317 981 1466 1036 illum
1493 979 1725 1048 amplius

124 1092 338 1148 tenere,
359 1080 486 1151 quia
511 1078 803 1133 festinabat
821 1074 1200 1131 antehiemem
1215 1071 1493 1143 proprium
1518 1072 1727 1125 intrare

131 1175 312 1229 solum
357 1180 414 1226 et
456 1186 517 1225 ea
544 1184 648 1239 que
675 1167 883 1224 deferet
910 1167 1064 1222 vobis
1091 1174 1419 1219 monstrare.
1454 1162 1559 1216 Sed
1597 1162 1723 1230 quia

121 1279 231 1319 non
260 1262 417 1334 potui
444 1261 598 1316 vobis
620 1275 727 1330 que
753 1259 1029 1315 volueram
1061 1256 1117 1313 et
1140 1271 1245 1325 que
1275 1255 1476 1309 vestris
1503 1254 1723 1323 dignum

120 1357 381 1412 dextram
447 1350 811 1423 presentanda
867 1347 1247 1418 conspectibus
1302 1345 1549 1408 mittere,
1601 1357 1723 1396 eum

122 1444 295 1501 citius
337 1442 592 1516 manibus
636 1440 836 1496 nostris
862 1454 925 1495 ea
970 1438 1235 1493 Dominus
1270 1433 1720 1497 commodaverit,

120 1533 294 1589 vestri
349 1540 411 1586 ut
462 1540 660 1602 potero
706 1545 805 1601 per
836 1530 987 1584 illum
1030 1528 1397 1583 memorabor.
1444 1525 1723 1581 Cetterum

122 1624 326 1677 nolens
361 1614 725 1676 memoratum
768 1620 992 1675 fratrem
1017 1633 1247 1674 vacuum
1274 1617 1341 1672 ad
1370 1631 1469 1672 vos
1500 1615 1721 1681 reverti,

121 1712 279 1768 missi
319 1727 419 1782 per
450 1710 600 1765 illunt
634 1710 791 1765 vobis
824 1718 1006 1778 tapete
1040 1723 1207 1763 ttnum
1246 1708 1543 1772 obtemum,
1571 1703 1724 1773 cujus

120 1802 379 1857 sessione
422 1799 642 1871 pociora
677 1815 773 1854 vos
817 1799 1011 1854 melius
1038 1798 1273 1861 delectet
1311 1805 1624 1867 expectare.
1656 1794 1722 1848 Et

116 1892 361 1945 salutate
394 1904 590 1945 omnes
634 1887 835 1945 fratres
878 1890 1115 1954 nostras,
1149 1886 1444 1943 monachos
1473 1884 1723 1942 videlicet

111 1981 336 2037 cenobii
364 1982 573 2049 vestri,
600 1991 657 2037 et
695 1991 755 2036 ιιι
784 1983 887 2037 mei
932 1983 985 2037 in
1016 1981 1230 2036 illorum
1257 1979 1431 2037 sacris
1455 1977 1721 2034 orationi-

112 2077 214 2131 bus
267 2082 327 2131 et
394 2074 787 2131 sacrificiorum
847 2074 1217 2130 oblationibus
1272 2085 1544 2128 memores
1600 2081 1722 2125 esse

109 2169 428 2239 dignentur
460 2167 717 2239 precibus
752 2166 951 2237 quibus
989 2166 1182 2222 valetis
1213 2167 1522 2220 admonete.
1569 2162 1722 2218 Licet

108 2259 257 2313 enim
308 2257 492 2327 aliqui
527 2258 951 2328 propinquorum
986 2271 1234 2313 tneorqu
1273 2256 1413 2311 inter
1454 2268 1550 2311 eos
1591 2267 1724 2309 cou-

106 2349 312 2403 versati
382 2348 487 2415 illis
511 2347 844 2404 devotissimi
873 2349 1203 2414 exstiterint,
1237 2363 1343 2403 non
1384 2347 1562 2401 minus
1597 2360 1723 2417 pro-

108 2440 197 2494 cul
233 2438 419 2507 dubio
462 2440 516 2493 in
556 2455 746 2495 eorum
791 2439 1136 2507 utilitatibus,
1176 2448 1400 2495 auctore
1443 2438 1575 2504 Deo,
1610 2438 1723 2493 vita

107 2529 333 2593 comite,
379 2528 743 2599 profecturus,
774 2530 820 2585 si
854 2530 1145 2593 voluerint,
1179 2545 1278 2600 pro
1312 2528 1522 2585 viribus
1552 2542 1719 2600 spon-

110 2624 310 2676 demus
372 2634 533 2687 esse;
571 2629 797 2691 teraque
838 2622 923 2677 his
967 2620 1093 2676 licet
1126 2621 1323 2677 litteris
1354 2635 1462 2675 non
1494 2620 1721 2674 manda-

106 2714 256 2776 mus,
294 2710 467 2765 fratri
522 2712 692 2767 nostri
738 2712 893 2767 vobis
944 2712 1169 2768 dicenda
1223 2724 1373 2765 more
1417 2709 1718 2780 posuimus.

106 2802 289 2872 Vale,
318 2804 630 2861 amicorum
662 2816 905 2858 meorum
936 2802 1269 2869 dulcissime,
1318 2809 1373 2857 et
1408 2815 1598 2856 omnes
1628 2798 1720 2869 qui

108 2911 295 2953 tecum
327 2905 464 2953 sunt
491 2896 783 2968 plurimum
813 2895 866 2949 in
897 2894 1155 2961 Domino;
1183 2902 1238 2949 et
1280 2908 1404 2950 eum
1434 2892 1611 2948 locum
1642 2891 1721 2946 ci-

111 2992 225 3045 tius
253 2989 558 3056 inveueris,
591 2988 888 3045 eristallum
922 2988 1099 3059 pietas
1121 2986 1345 3057 majoris
1371 3001 1533 3056 quam
1559 2984 1718 3040 modo

111 3086 359 3138 miseras
389 3091 445 3137 et
476 3096 679 3137 cornua
724 3081 901 3137 bicina
950 3080 1168 3135 mittere
1212 3078 1391 3142 nobis,
1420 3084 1480 3131 ut
1528 3082 1583 3131 et
1620 3088 1720 3130 nos
1748 3089 1793 3153 ο

110 3174 235 3238 tibi,
262 3175 309 3229 si
344 3172 598 3239 volueris,
619 3186 740 3242 qua:
759 3180 946 3227 nostra
976 3169 1125 3239 regio
1150 3168 1390 3224 abundat
1412 3165 1721 3221 indesinen-

110 3276 198 3320 ter
232 3266 471 3319 mittam.

806 3363 1015 3420 XLVlll
1026 3406 1038 3418 .

710 3455 859 3529 [Siue
890 3453 1148 3527 rubrica.]

186 3574 310 3639 llle,
372 3587 471 3628 suo
521 3571 612 3628 illo
661 3580 923 3629 eternam.
976 3570 1151 3626 Posco
1190 3569 1487 3625 fraternum
1528 3576 1720 3640 pectus

106 3674 371 3721 vestrum
400 3662 476 3717 uti
533 3661 705 3717 nostri
756 3670 1176 3729 nostrorumque
1208 3660 1260 3714 in
1313 3658 1548 3730 presenti
1584 3672 1721 3727 qua-

107 3754 429 3827 dragesima
451 3754 644 3809 vestris
667 3752 1008 3809 oracionibus
1032 3751 1407 3822 coniungendo
1433 3750 1719 3806 instantius

104 3845 447 3902 memoriam
492 3843 723 3908 faciatis,
753 3842 834 3897 vel
864 3842 940 3897 uti
967 3850 1022 3898 et
1066 3857 1167 3898 nos
1193 3856 1294 3911 pro
1321 3840 1474 3896 vobis
1521 3849 1575 3895 et
1619 3854 1717 3909 pro

102 3938 380 3993 omnibus
397 3936 593 3992 vestris
617 3949 779 4008 agere
801 3933 1049 4005 cupimus
1071 3949 1198 3989 cum
1222 3932 1473 3990 omnibus
1495 3932 1713 3988 nostris.

108 4035 183 4091 Et
236 4033 373 4105 quia
427 4048 526 4089 nos
581 4042 740 4088 tenus
794 4032 981 4088 venire
1033 4029 1344 4094 distulistis,
1401 4026 1717 4084 remaudate

101 4127 346 4199 quando
399 4126 595 4180 iterum
652 4124 861 4179 mansio
889 4124 973 4179 bis
997 4122 1110 4193 jam
1141 4121 1296 4177 vobis
1326 4127 1513 4191 parata
1543 4117 1715 4173 tercio

95 4218 365 4290 paranda
398 4219 493 4283 sit;
527 4216 981 4286 equanimemque
1017 4215 1191 4270 virum
1220 4212 1423 4284 queris,
1475 4210 1565 4281 qui
1605 4222 1710 4264 una

97 4312 195 4367 die
231 4310 288 4364 id
327 4309 582 4378 precipis,
622 4306 765 4378 quod
797 4308 886 4362 die
928 4308 1100 4362 altero
1131 4304 1449 4361 interdicis:
1481 4316 1713 4370 namque

95 4402 145 4457 si
182 4410 307 4455 tam
340 4399 525 4454 rabula
562 4414 712 4470 apes,
741 4406 801 4451 ut
829 4404 884 4452 tu
917 4398 963 4452 is
988 4396 1157 4467 (194).
1192 4395 1438 4458 fuissem,
1464 4392 1710 4447 aculeum

94 4493 451 4563 quandoque
495 4491 577 4546 vel
605 4489 870 4545 avolaudo
909 4489 1192 4543 senssises.
1218 4485 1485 4542 Ceterum
1514 4483 1711 4539 obnixe

94 4582 471 4654 deposcimus
495 4590 572 4647 ut,
597 4580 640 4635 si
675 4578 781 4633 ulla
811 4577 1041 4632 facultas
1071 4577 1163 4640 sit,
1194 4590 1294 4646 pro
1327 4572 1534 4629 semine
1556 4570 1714 4643 poryi

95 4689 209 4729 nos
249 4670 548 4740 adjuvetis,
584 4669 708 4740 quia
742 4670 795 4723 in
827 4677 939 4722 tuta
985 4665 1211 4720 Francia
1262 4678 1365 4718 nec
1409 4662 1476 4716 ad
1514 4676 1717 4729 conpa-

96 4764 359 4819 randutn
390 4762 591 4831 aliquid
624 4758 931 4828 lutjusmodi
964 4758 1068 4811 aud
1101 4755 1427 4810 invenimus.
1476 4752 1558 4806 Ad
1588 4750 1716 4806 ulti-

96 4869 343 4912 ntum...
404 4850 731 4906 Straboni...
783 4848 987 4919 gratias
1033 4845 1210 4902 refero
1247 4859 1348 4915 pro
1393 4840 1715 4898 munusculo

96 4962 237 5009 suo,
273 4958 381 5013 quo
408 4943 585 4998 solent
610 4941 787 4996 stolidi
820 4941 875 4994 in
915 4939 1078 4995 domo
1100 4935 1316 5006 vagari.
1345 4933 1560 5007 Optime
1595 4932 1715 4987 vale

97 5038 159 5092 in
196 5020 469 5091 eucltaria
496 5034 609 5089 Dei.

834 5140 1018 5196 XLIX.

708 5231 856 5307 [Sine
883 5227 1139 5303 rubrica.]

180 5346 490 5401 Karissimo
518 5344 817 5413 preceptori
849 5344 1045 5399 domno
1087 5340 1177 5396 illo
1224 5337 1427 5401 abbati,
1475 5336 1564 5391 ille
1611 5336 1708 5390 ab-

98 5440 217 5494 bas
245 5451 367 5490 cunt
397 5434 658 5489 fratribus
684 5442 928 5489 eternam
966 5432 1019 5487 in
1048 5430 1270 5485 Christo
1292 5428 1540 5483 salutem.
1569 5425 1711 5480 Gra-

187 5591 343 5661 (195)
379 5588 838 5661 Leupersonnage
875 5586 1095 5661 désigné
1118 5585 1207 5661 _iei
1231 5599 1351 5661 _mg
1385 5583 1559 5661 paralt
1590 5582 1708 5661 etr_e

98 5660 160 5717 le
194 5651 414 5716 celebre
445 5651 706 5713 Walafrid
758 5651 1021 5718 S'trabon:
1048 5656 1183 5710 abbé
1213 5656 1278 5710 de
1315 5651 1614 5708 Réicltnau.
1667 5651 1685 5705 ι

99 5742 204 5787 est
230 5747 426 5787 eucore
451 5730 700 5801 question
728 5729 793 5784 de
822 5728 894 5783 lui
929 5729 1064 5783 dans
1091 5726 1143 5781 la
1171 5725 1401 5780 formule
1430 5725 1704 5781 suivante‘.

1394 276 1763 338 'FORMUIJE
1829 282 2163 341 VETERES.

1753 395 1940 461 Acias
1993 397 2225 467 denique
2278 395 2437 453 referi
2485 396 2601 453 ideo
2645 397 2963 467 paternitati
3012 410 3224 465 vestrm,
3262 405 3407 474 quod

1740 4441 1789 4503 D

3271 292 3414 361 1186

1828 499 1936 543 non
1993 486 2169 544 solum
2225 488 2408 544 divino
2456 503 2643 544 verum
2705 499 2761 545 et
2820 492 3084 561 corporali
3144 494 3406 551 solamine

1830 591 1931 631 nos
1973 577 2163 633 sedulo
2215 578 2544 645 sublevatis,
2600 588 2654 635 et
2710 595 2809 651 pro
2861 582 3159 637 asumendo
3209 584 3407 639 ammi-

1827 665 2026 721 nuculo
2082 665 2438 723 indeﬁciendo
2489 670 2882 740 permaneatis,
2939 669 3096 725 sicuti
3161 673 3409 740 nuperri-

1827 772 1915 812 me
1966 755 2203 825 fecistis,
2258 758 2405 814 illum
2462 761 2730 817 medicum
2792 761 2946 818 nobis
2992 763 3405 829 trausmisistis,

1826 849 1917 919 qui
1975 858 2123 904 tanto
2174 851 2353 905 studio
2399 860 2453 905 et
2501 851 2694 907 aﬂ'ectu
2750 852 3155 908 infirmitatibus
3209 855 3409 910 nostris

1827 959 2125 1013 conpassus
2149 959 2229 999 εει
2250 984 2264 1007 ,
2316 953 2374 999 ut
2401 945 2605 1001 obtime
2632 954 2754 1001 sent
2778 962 2961 1001 remus
2987 946 3131 1016 quod
3166 963 3195 1000 a
3228 955 3407 1002 vestra

1827 1035 2192 1091 benivolentia
2242 1036 2397 1091 nobis
2431 1036 2735 1092 destinatus
2784 1047 2887 1093 est.
2941 1037 3297 1110 Quapropter,
3348 1048 3409 1092 ut

1827 1126 2014 1181 sciatis
2042 1126 2258 1196 qualem
2306 1127 2446 1197 apud
2483 1144 2580 1182 nos
2618 1130 2852 1198 optinuit
2896 1131 3148 1201 gratiam,
3176 1131 3409 1199 petimus

1826 1226 1895 1273 ut’
1912 1230 2096 1274 nostra
2135 1234 2201 1273 ex
2234 1230 2385 1290 parte
2427 1221 2601 1290 primo
2629 1220 2891 1277 fratribus
2929 1224 3051 1279 dein
3086 1235 3141 1279 et
3184 1225 3285 1296 ipsi
3322 1226 3408 1277 iu—

1824 1324 2041 1365 mensas
2066 1313 2268 1381 gratias
2306 1311 2552 1367 referetis
2585 1327 2683 1382 pro
2717 1315 2989 1368 communi
3023 1315 3206 1371 labore
3235 1323 3291 1370 et
3319 1329 3409 1368 sa-

1826 1397 1958 1454 lute.
1989 1402 2266 1469 Ceterum,
2304 1402 2375 1456 mi
2410 1402 2625 1458 domine
2671 1412 2847 1471 pater,
2890 1404 2934 1458 si
2977 1414 3170 1459 vestrae
3215 1406 3409 1460 mentis

1825 1491 1897 1546 sit
1940 1491 2117 1562 aliqua
2148 1494 2428 1548 vicinitate
2458 1493 2538 1548 ire
2571 1493 2638 1547 ad
2669 1494 2957 1550 videndum
2997 1496 3249 1550 domuum
3283 1512 3410 1553 con-

1825 1581 2101 1636 seniorem
2149 1592 2418 1648 nostrum,
2468 1597 2535 1637 ne
2578 1586 2925 1641 transmeatis
2959 1601 3090 1652 nos,
3121 1587 3248 1657 quia
3300 1596 3408 1641 tant

1825 1686 1925 1741 ego
1955 1687 2118 1743 quam
2153 1689 2344 1730 omnes
2388 1675 2587 1731 fratres
2632 1676 2804 1731 nostri
2850 1675 3008 1731 valde
3035 1678 3282 1746 cupimus
3310 1677 3408 1741 uti,

1827 1761 1909 1815 vel
1959 1764 2028 1818 ad
2063 1779 2229 1817 unum
2265 1773 2623 1832 momentum,
2660 1764 2947 1834 conloquio
2989 1774 3188 1820 vestro.
3239 1765 3303 1820 Et
3345 1781 3413 1821 ue

1825 1852 1987 1924 pbobi
2036 1857 2323 1911 adventum
2373 1857 2665 1927 impediat;
2716 1855 2967 1911 Baltchus
2997 1856 3136 1926 apud
3177 1871 3275 1910 nos
3304 1856 3412 1910 hoc

1825 1947 1969 1996 anno
2001 1942 2133 1996 obiit
2161 1959 2284 1997 cum
2313 1943 2540 2012 Cerere;
2568 1952 2777 2000 tantum
2803 1944 2978 2000 facilis
3005 1944 3184 2015 palma
3207 1952 3408 2007 restat;

1824 2033 1909 2088 vel
1960 2034 2026 2088 ad
2070 2035 2173 2089 hoc
2210 2036 2410 2101 venite,
2441 2044 2500 2090 ut
2529 2036 2752 2093 discatis
2788 2036 3023 2108 qualiter
3060 2051 3181 2091 eam
3209 2036 3411 2091 obtime

1826 2123 2099 2179 domitare
2144 2125 2390 2182 valeatis.
2456 2126 2657 2183 Sancta
2709 2139 2766 2183 et
2830 2128 3152 2184 inconcussa
3209 2126 3410 2181 caritas

1827 2226 2118 2273 conservet
2146 2232 2241 2273 vos
2270 2218 2441 2276 nostri
2470 2220 2819 2277 memorando
2853 2233 3090 2290 semper,
3119 2232 3297 2273 amen.

2390 2397 2546 2473 [Siue
2580 2402 2837 2476 rubrica.]

1896 2487 2066 2544 Sacro
2092 2488 2208 2545 viro
2231 2492 2428 2547 studiis
2457 2495 2847 2565 sacratissimis
2876 2494 3085 2551 intento
3136 2496 3225 2551 illo
3254 2511 3409 2551 reve-

1824 2579 2135 2635 rentissimo
2166 2580 2368 2647 abbati,
2403 2582 2491 2638 ille
2529 2583 2747 2641 infimus
2792 2585 3166 2641 ministrorum
3202 2587 3407 2642 Christi

1825 2670 2042 2727 famulis
2070 2664 2529 2731 interminabilem
2583 2677 2636 2731 in
2687 2675 2913 2731 Domino
2936 2678 3069 2747 ‘opto
3116 2676 3407 2731 beatitudi-

1824 2777 1971 2818 nem.
2025 2763 2371 2820 Multimodas
2420 2766 2725 2836 graeiarum
2780 2767 2967 2822 laudes
3007 2777 3185 2823 vestre
3229 2766 3407 2822 refero

1823 2851 2098 2909 sanctitati
2127 2868 2225 2923 pro
2256 2868 2480 2911 munere
2506 2857 2646 2925 quod
2664 2854 3172 2927 misistis.Magnum
3199 2855 3402 2911 etenim

1822 2941 2094 3013 quoddam
2137 2953 2316 2999 vestra
2365 2945 2597 3016 benigna
2650 2946 2853 3001 caritas
2889 2946 2956 3000 de
3008 2945 3215 3001 vilitate
3272 2960 3405 3001 meat

1822 3049 2068 3105 persona:
2095 3037 2296 3091 sentire
2326 3037 2515 3103 voluit,
2567 3038 2652 3091 cui
2690 3036 2742 3091 in
2782 3051 2947 3106 regna
2988 3037 3157 3090 altera
3208 3053 3405 3095 munus

1826 3123 2023 3178 deferri
2047 3123 2225 3191 jussit.
2261 3125 2467 3180 Littere
2496 3124 2762 3195 siquidem
2797 3126 3105 3196 prudeueia:
3129 3135 3320 3182 vestrae
3348 3127 3404 3183 in

1825 3215 1917 3271 illo
1942 3215 2172 3270 kalende
2195 3231 2293 3286 per
2320 3217 2509 3271 horam
2544 3231 2741 3271 nonam
2768 3216 2872 3272 diei
2918 3215 2985 3271 ad
3029 3232 3116 3273 me
3143 3232 3406 3289 pervene-

1828 3316 1973 3377 runt,
2007 3317 2065 3363 et
2087 3310 2273 3365 senior
2296 3325 2449 3365 meus
2498 3309 2551 3363 in
2583 3307 2692 3364 illis
2718 3307 2963 3365 kalendis
3000 3309 3054 3364 in
3086 3310 3203 3365 istis
3231 3311 3402 3380 parti-

1822 3398 1928 3455 bus
1956 3400 2061 3455 iter
2088 3401 2404 3472 arripiebat.
2441 3401 2517 3455 De
2538 3400 2681 3456 vasis
2704 3415 2855 3468 vero,
2878 3414 2998 3471 qua
3024 3400 3255 3471 petistis,
3278 3416 3404 3456 mox

1821 3490 2085 3547 sollicitus
2132 3491 2208 3546 fui
2258 3491 2414 3563 cujus
2460 3491 2675 3562 generis
2716 3500 2839 3547 esse
2873 3492 3149 3559 deberent,
3203 3492 3401 3559 ferrea,

1822 3585 1981 3639 testia
2011 3599 2078 3638 an
2109 3584 2350 3656 lapidea;
2394 3584 2724 3654 interrogavi
2757 3598 2991 3654 namque
3016 3584 3227 3641 cuidam
3270 3586 3405 3640 arti-

1820 3674 1905 3731 fici
1940 3686 2129 3732 nostro
2155 3693 2277 3747 quae
2324 3680 2511 3733 essent
2554 3685 2610 3731 et
2651 3677 2741 3733 ubi
2784 3676 3027 3733 invenire
3067 3676 3399 3748 potuissent;

1818 3768 1909 3837 qui
1948 3768 2085 3823 dixit
2109 3783 2174 3823 ea
2198 3783 2267 3823 ex
2295 3776 2447 3839 petra
2478 3767 2629 3838 nigra
2660 3767 2775 3823 fieri
2805 3767 2960 3822 venis
2986 3766 3273 3823 subrubeis
3325 3766 3404 3821 in-

1820 3860 2111 3925 termixtis,
2138 3873 2244 3930 que
2278 3859 2437 3931 vulgo
2462 3859 2600 3928 apud
2647 3874 2747 3915 nos
2789 3858 2992 3928 lapidea
3034 3866 3314 3921 vocantur,
3347 3865 3404 3913 et

1817 3950 1885 4005 ad
1916 3949 2175 4005 Sanctum
2205 3947 2523 4003 Mauricium
2557 3947 2935 4014 inveniuntur;
2958 3956 3046 4019 est
3098 3947 3244 4003 enim
3272 3947 3400 4003 illuc

1817 4041 1886 4094 ah
1928 4054 1993 4094 eo
2036 4030 2153 4093 loco
2186 4037 2274 4093 ubi
2323 4047 2451 4094 tunc
2490 4054 2710 4095 eramus
2738 4038 2843 4094 iter
2871 4037 3035 4093 trium
3067 4037 3299 4103 dierum,
3347 4046 3403 4092 et

1818 4130 2021 4187 idcirco
2045 4129 2356 4186 nullatenus
2378 4145 2442 4186 ea
2473 4131 2763 4201 adquirere
2784 4130 2951 4200 potui.
2974 4129 3034 4185 Si
3063 4143 3193 4184 vero
3228 4128 3399 4199 signi-

1816 4223 2110 4279 ﬁcaveritis
2151 4238 2258 4294 que
2301 4221 2385 4278 vel
2431 4223 2574 4292 quod
2624 4236 2744 4278 esse
2788 4222 3045 4287 debeant,
3094 4235 3218 4276 cum
3261 4234 3394 4290 spa-

1815 4313 1957 4368 cium
2008 4311 2281 4377 habuero,
2340 4310 2638 4380 iussionem
2708 4319 2942 4367 vestram
3000 4310 3157 4382 juxta
3200 4309 3400 4365 virium

1817 4403 2233 4472 possibilitatem
2278 4403 2334 4458 in
2383 4402 2468 4459 his
2510 4411 2672 4473 atque
2701 4401 2823 4459 aliis
2849 4402 3011 4458 rebus
3038 4401 3398 4458 libentissimo

1817 4494 2071 4564 implebo.
2107 4493 2249 4565 Opto
2294 4509 2392 4551 vos
2447 4495 2501 4550 in
2550 4494 2779 4551 Domino
2826 4493 2917 4551 diu
2940 4491 3171 4549 feliciter
3196 4492 3397 4561 valere,

1816 4584 2159 4641 sanctissime
2183 4594 2358 4655 pater.

2228 4684 2229 4687 “
2569 4675 2655 4731 LI.

2387 4768 2541 4841 [Siue
2568 4763 2824 4837 rubrica.]

1888 4858 1980 4915 Ille
2014 4873 2250 4930 superne
2280 4858 2549 4930 largitatis
2602 4871 2824 4911 munere
2869 4854 3089 4912 humilis
3140 4854 3393 4918 antistes,

1817 4951 1892 5008 illi
1932 4951 2086 5007 fratri
2124 4951 2416 5007 karissimo
2447 4948 2869 5019 multituodeque
2896 4948 3041 5003 cultu
3089 4947 3292 5017 sophia:
3320 4945 3394 5001 si-

1816 5045 1927 5099 mul
1958 5056 2013 5100 et
2045 5044 2244 5100 decore
2272 5042 2577 5099 sanctitatis
2627 5040 2809 5095 abbati
2861 5039 3230 5109 eomptissimo
3269 5052 3392 5108 pre-

1816 5137 1986 5192 sentis
2031 5150 2097 5189 ac
2150 5134 2387 5190 futuram
2440 5133 2653 5204 copiam
2695 5130 2973 5187 felicitatis
3027 5130 3083 5183 in
3140 5130 3387 5185 Domino.

1815 5226 2125 5283 Multifariis
2171 5229 2334 5299 igitur
2377 5243 2476 5299 pro
2523 5236 2702 5283 vestre
2753 5224 3043 5295 conspicue
3076 5224 3392 5281 devocionis

1815 5320 2094 5377 beneficiis
2118 5321 2381 5391 plurimas
2411 5336 2510 5376 nos
2553 5321 2736 5390 sepius
2774 5316 2979 5375 referre
3005 5317 3394 5389 gratias-opere

1815 5420 1912 5467 tet.
1953 5412 2335 5468 Verumtamen
2387 5419 2580 5468 vestra:
2627 5400 3004 5482 copiosissime
3046 5410 3391 5465 commodum

1885 5582 2033 5652 (194)
2073 5581 2147 5637 Le
2191 5580 2500 5652 manuscrit
2532 5580 2711 5635 donne
2742 5580 2846 5634 tuis
2878 5593 2945 5634 en
2974 5593 3046 5632 un
3077 5576 3194 5634 seu!
3240 5584 3385 5645 met;

1816 5650 1952 5710 mals
1988 5650 2026 5708 il
2052 5654 2190 5721 faut,
2214 5653 2270 5722 je
2294 5653 2456 5716 crois.
2486 5650 2588 5708 lire
2620 5661 2675 5705 tu
2702 5666 2747 5705 η
2771 5664 2907 5721 pour
2929 5658 2986 5704 tu
3015 5663 3092 5704 es.
