3892 6318
621 319 645 374 1
656 319 759 376 653

1928 308 2220 384 nemo.
2255 312 2361 383 ao,
2386 307 2563 365 διες.
2595 305 2666 361 x.

3630 315 3714 373 ιιιι

600 431 914 502 putavimus
976 428 1233 484 intimare
1296 424 1656 483 benivolentia
1678 464 1694 491 ,
1755 421 1903 494 quod
1954 419 2180 478 fratrem
2211 416 2260 480 Α
2293 423 2433 483 tum,
2454 413 2694 486 qualiter
2714 413 2885 471 Deum
2906 411 3125 486 agnosci
3153 428 3220 472 ac
3240 414 3421 473 timere
3438 418 3634 479 valeam
3656 432 3724 498 eia

606 532 853 577 vestrum
885 520 1045 575 nimis
1069 519 1385 591 flagrantem
1417 517 1683 573 desiderio
1729 515 2011 571 nobiscum
2061 510 2190 567 reti-

602 628 737 669 nere
765 614 1149 684 nequivimus:
1184 620 1364 667 vestra
1407 609 1698 682 plurimum
1722 607 1826 664 frui
1849 603 2192 663 desiderabat

600 701 1184 773 presentia.Quocirca
1210 712 1447 756 veSIram
1478 699 1795 770 subpliciter
1820 694 2189 769 gratissimam

601 793 879 861 poscimus
912 791 1338 859 fraternitatem,
1388 798 1448 845 ut
1492 791 1562 845 ab
1586 804 1773 845 amore
1819 788 1915 843 Dei
1964 786 2190 858 ejusque

600 883 929 939 confessoris
965 881 1236 938 Ambrosii
1275 890 1454 937 vestra
1494 894 1706 936 summa
1752 895 1874 934 cum
1904 877 2077 949 gratia
2118 875 2188 930 ad

600 986 700 1027 nos
737 986 861 1026 eum
888 986 1051 1042 quam
1083 971 1256 1027 tocius
1281 971 1560 1027 remittere
1591 968 2190 1040 dignemini,quatenus

598 1061 743 1131 quod
770 1061 923 1119 deest
944 1062 1096 1131 operi
1124 1062 1263 1117 bene
1290 1069 1447 1131 cepto
1478 1060 1793 1130 perficiatur
1821 1058 1889 1113 ab
1913 1059 2051 1128 ipso.
2081 1055 2189 1112 Nos

601 1151 765 1222 igitur
815 1165 1032 1222 semper
1078 1159 1135 1208 et
1187 1150 1388 1221 ubique
1433 1166 1619 1207 sumus
1674 1159 1853 1205 vcstre
1905 1149 2189 1204 dumtaxat

601 1240 977 1297 amantissime
1006 1241 1222 1296 caritati
1251 1256 1488 1312 congrue
1516 1255 1711 1311 nempe
1756 1240 2185 1296 vicissitudinem

604 1330 856 1396 reddere,
889 1330 935 1386 si
978 1332 1107 1401 quid
1143 1340 1325 1387 vestre
1380 1331 1694 1402 benignitati
1732 1331 2033 1402 largissime
2064 1329 2184 1400 pla-

600 1424 775 1480 cuerit
805 1425 964 1482 nobis
988 1427 1292 1498 iniungere.
1326 1426 1511 1490 Valete
1535 1426 1706 1483 nostri
1737 1443 1951 1498 semper
1975 1442 2186 1483 memor

599 1514 655 1571 in
689 1518 969 1587 oracione,
992 1532 1026 1574 ο
1053 1517 1370 1593 dignissime
1391 1518 1581 1575 frater.

575 1719 586 1769 ί
1173 1718 1324 1793 [Sine
1334 1628 1611 1791 Iritlbriqu

667 1828 798 1885 Viro
822 1828 1046 1899 egregio
1092 1838 1257 1899 atque
1299 1829 1550 1899 prudenti
1604 1829 1679 1884 illi
1720 1829 2178 1893 reverentissimo.

591 1919 686 1976 ille
707 1921 760 1974 in
797 1920 1029 1976 Domino
1051 1920 1304 1977 salutem.
1334 1920 1575 1978 Obsecro
1606 1921 1893 1993 caritatem
1942 1931 2180 1976 vestram

589 2021 651 2066 ut
680 2012 829 2068 illum
854 2030 1082 2084 puerum
1110 2026 1362 2087 nepotem
1413 2015 1487 2070 illi
1539 2015 1776 2086 episcopi
1827 2015 1895 2070 ad
1942 2015 2181 2071 studium

592 2104 837 2160 discendi
869 2106 1054 2162 acrius
1076 2091 1335 2164 incitetis.
1366 2105 1588 2162 Poterat
1613 2121 1847 2176 namque
1874 2106 2022 2162 illum
2052 2106 2180 2164 alibi

590 2195 658 2250 ad
696 2196 1058 2253 erudiendum
1085 2197 1419 2269 ubicumque
1446 2198 1606 2254 vellet
1648 2197 1909 2268 dirigere,
1935 2198 2029 2254 sed
2062 2213 2182 2254 meo

590 2285 836 2341 maximo
869 2295 1049 2342 ortatn
1101 2289 1299 2343 vestris
1344 2304 1468 2344 eum
1513 2288 1813 2358 disciplinis
1844 2288 2066 2344 tradidit
2101 2289 2182 2342 in-

588 2376 882 2432 buendum.
940 2378 1284 2451 Quapropter
1337 2389 1463 2450 peto
1514 2388 1574 2435 ut
1622 2379 1882 2451 deinceps
1929 2381 2179 2437 adhibito

588 2470 770 2524 studio
796 2479 1041 2525 nostram
1067 2472 1232 2528 etiam
1262 2472 1365 2528 sibi
1407 2473 1548 2543 apud
1578 2487 1676 2528 vos
1700 2473 1903 2528 sentiat
1924 2474 2181 2543 prodesse

592 2560 951 2629 peticionem;
979 2571 1035 2618 et
1060 2563 1392 2634 ubicumque
1418 2564 1698 2634 peragitis,
1736 2564 2018 2622 vobiscum
2053 2578 2179 2622 eum

589 2649 674 2702 ire
692 2650 1019 2718 permittite;
1048 2653 1357 2709 mercedem
1383 2666 1516 2708 vero
1538 2654 1706 2710 vestri
1728 2652 1951 2716 laboris.
1967 2664 2172 2726 quanta

586 2755 709 2798 esse
758 2742 815 2797 in
861 2743 1104 2813 presenti
1152 2754 1355 2814 potest,
1398 2760 1499 2817 ego
1540 2745 1857 2817 rependam.
1906 2744 2180 2803 Noveritis

588 2831 755 2889 etiam
788 2832 916 2902 quia
942 2833 1035 2889 ille
1086 2834 1362 2895 hominem
1414 2836 1583 2907 ipsius
1635 2838 1790 2908 pueri
1832 2839 1975 2908 apud
2026 2837 2177 2895 illum

589 2921 904 2991 episcopum
966 2933 1286 2980 excusatum
1356 2924 1572 2989 habeo;
1644 2925 1873 2997 ideoque
1936 2935 2063 2997 peto
2118 2934 2180 2985 ut

588 3012 786 3082 ipsum,
813 3012 899 3069 cui
928 3012 1189 3071 molestus
1216 3015 1461 3071 extititin
1486 3024 1723 3078 vestram
1747 3016 1935 3073 venire
1962 3016 2176 3078 faciatis

587 3105 937 3173 presentiam,
971 3106 1086 3180 [ad]
1121 3108 1469 3163 concordiam
1514 3123 1611 3164 eos
1646 3108 1924 3175 reducite,
1953 3124 2172 3168 verum-
2204 3130 2251 3195 α

588 3202 771 3249 tamen
798 3204 982 3251 reatus
1010 3197 1094 3253 sui
1125 3196 1491 3267 penitenciam
1524 3208 1701 3268 gerat,
1726 3197 1882 3268 juxta
1906 3201 2053 3272 quod
2075 3217 2175 3260 vo-

587 3281 673 3340 bis
695 3284 872 3341 visum
896 3283 1080 3343 fuerit.

1313 3400 1442 3456 Llll.

1164 3491 1320 3564 [Sine
1346 3492 1604 3566 rubrica]

658 3582 854 3638 Petrus
884 3582 1033 3655 (195)
1063 3583 1249 3640 divino
1273 3583 1446 3641 fretus
1470 3584 1674 3642 auxilio
1698 3586 1916 3645 humilis
1941 3587 2052 3655 ille,
2098 3588 2174 3646 illi

590 3674 787 3729 dilecto
826 3674 984 3730 fratri
1014 3675 1390 3731 multimodam
1422 3676 1474 3730 iu
1519 3677 1748 3733 Domino
1772 3688 1901 3749 opto
1917 3680 2170 3737 salutem.

586 3764 724 3819 Cum
752 3774 932 3820 vestra
958 3765 1217 3836 denique,
1240 3764 1546 3832 karissime,
1572 3766 1834 3837 sospitate
1871 3779 1983 3826 tam
2022 3770 2174 3827 missi

589 3856 932 3925 praesentiam
987 3873 1149 3926 quam
1183 3858 1347 3912 vestri
1381 3857 1677 3913 dulcissimi
1709 3859 2028 3917 intimamur
2053 3862 2174 3933 api-

590 3958 700 4002 ces.
729 3945 989 3999 immensa
1017 3960 1114 4015 per
1133 3948 1313 4000 omnia
1356 3947 1719 4016 jocundantes
1747 3964 1936 4006 sumus
1983 3950 2172 4023 repleti

589 4033 790 4101 letiela’,
842 4034 1062 4106 insuper
1101 4038 1245 4106 quod
1286 4047 1341 4091 et
1388 4046 1631 4092 vestrum
1658 4039 1897 4094 studium
1924 4054 1990 4097 ac
2024 4042 2173 4112 pium

587 4134 716 4190 erga
748 4121 1055 4190 puerulum,
1085 4137 1245 4192 quem
1282 4124 1335 4178 in
1362 4122 1592 4178 Domino
1620 4126 1930 4196 accepistis,
1960 4126 2173 4186 sincero

588 4213 889 4270 sentiamus
915 4215 1063 4286 diligi
1104 4214 1321 4271 affectu.
1365 4216 1439 4270 Ea
1485 4216 2093 4288 igiturkarissimeque
2140 4233 2172 4275 a

586 4304 748 4360 nobis
800 4305 1101 4376 indaganda
1160 4317 1351 4363 vestra»
1386 4310 1621 4378 requirit
1666 4308 1932 4366 industria
1955 4310 2084 4380 quid
2116 4310 2170 4366 in

589 4394 849 4452 ﬁlosollca
877 4398 1125 4453 doctrina
1154 4400 1305 4468 prius
1336 4400 1535 4468 quidve
1565 4416 1803 4471 sequens
1844 4401 1912 4457 ad
1936 4401 2171 4457 eundem

588 4487 917 4559 iupuendum
970 4489 1203 4547 indolem
1263 4492 1549 4548 manileste
1602 4506 1864 4563 ponerem
1934 4493 2168 4549 indiciis.

589 4577 758 4633 lmmo
786 4580 1006 4634 dubium
1034 4597 1139 4636 non
1168 4592 1250 4637 est
1278 4598 1373 4638 vos
1395 4597 1491 4653 per
1511 4584 1716 4651 omnia,
1742 4593 1801 4638 ut
1823 4584 2041 4654 sapiens
2084 4599 2170 4639 ar-

588 4668 875 4736 chitectus,
904 4670 1253 4728 fundamenta
1298 4675 1447 4745 prius
1489 4689 1711 4744 ponere,
1740 4675 1840 4730 hac
1861 4675 2055 4731 deinde
2088 4674 2170 4730 fa.

587 4760 797 4816 bricam
822 4762 876 4817 in
906 4762 1073 4818 altum
1120 4779 1187 4819 ex
1233 4765 1462 4822 diversis
1502 4766 1771 4837 lapidibus
1813 4767 2003 4823 attolli.
2034 4768 2169 4824 Cum

584 4866 650 4908 ea
703 4854 797 4923 qui
845 4854 1237 4911 incrementum
1276 4858 1369 4913 dat
1427 4866 1683 4915 mensura
1714 4858 1967 4916 bedilicio
1987 4861 2168 4917 credi-

584 4960 708 5003 mus
731 4947 972 5017 operari.
1005 4945 1185 5005 Vestri
1213 4950 1379 5021 igitur
1404 4950 1619 5007 arbitrii
1644 4949 1830 5006 omnia
1868 4950 2167 5007 ordinamla

586 5041 907 5106 sanctimus,
941 5041 1073 5111 quid
1096 5043 1251 5113 prius
1288 5043 1354 5098 de
1375 5042 1574 5098 divinis
1612 5041 1767 5098 libris
1796 5041 1882 5096 vel
1928 5050 2169 5111 postmo-

584 5132 711 5187 dum
775 5133 843 5188 de
885 5133 1171 5205 gentilium
1232 5134 1430 5191 fabulis
1476 5134 1761 5190 didicenda
1806 5133 1938 5189 sint.
1986 5132 2054 5188 Ut
2079 5132 2167 5202 pio

584 5226 847 5294 magistro
887 5224 1146 5281 mellilluo
1189 5226 1329 5297 patri
1360 5226 1595 5297 petimus
1625 5234 1686 5279 ut
1715 5238 1842 5279 cura
1887 5224 2167 5280 incumbat

587 5327 692 5369 non
732 5318 948 5374 modica
995 5317 1052 5374 in
1108 5325 1317 5374 tantum
1369 5327 1428 5374 ut
1466 5318 1723 5389 puerulus
1748 5318 1861 5385 ipse
1886 5316 2166 5384 nostrique

585 5407 787 5463 amoris
806 5409 1003 5467 unicus
1030 5409 1087 5466 in
1111 5410 1268 5467 bouis
1288 5408 1634 5465 documentis
1659 5414 1841 5462 sumat
1865 5407 2171 5461 incremen-

659 5562 807 5631 (195)
844 5563 1032 5620 Pierre
1062 5542 1145 5621 fut
1170 5566 1257 5621 élu
1287 5565 1424 5621 abbé
1475 5564 1543 5619 de
1601 5562 1880 5631 Reicbnau
1918 5573 1997 5631 Aen
2038 5559 2159 5616 781.

584 5629 695 5712 (πί.
715 5633 990 5712 illabillon,
1021 5638 1249 5690 Annales
1279 5634 1345 5691 0.
1378 5634 1439 5691 S.
1470 5633 1562 5712 B_.,
1588 5642 1627 5687 ι.
1656 5630 1717 5696 ll,
1755 5646 1874 5701 pag.
1906 5629 2034 5712 .260.

655 5707 803 5776 (tuo,
845 5705 919 5758 Cc
944 5706 1338 5759 doeumentest
1382 5705 1780 5758 extrémement
1805 5705 2026 5756 curieux
2064 5715 2162 5771 par

2287 505 2514 576 adsequi
2564 504 2822 561 mandata
2862 504 3247 579 concupiscat,
3296 517 3350 562 et
3390 518 3443 564 ut
3466 513 3601 569 omnis
3621 531 3725 577 resin

2286 597 2575 654 laudabilis
2604 596 2794 655 docma
2816 596 2873 653 in
2902 598 3135 655 eundem
3162 598 3219 655 in
3244 615 3396 657 evum
3421 601 3575 661 floreat
3602 618 3641 663 et
3659 627 3725 665 oa-

2286 689 2446 746 nibus
2472 688 2758 745 manifesta
2781 704 2878 760 per
2898 705 3021 746 eum
3059 690 3263 762 ubique
3304 692 3407 759 fiat,
3446 710 3608 752 necnon
3634 704 3727 759 etiam

2286 780 2354 837 de
2382 782 2656 852 geminato
2681 782 2888 838 talento
2910 784 3182 855 premium
3213 784 3282 839 ab
3303 799 3384 853 eo,
3406 788 3483 856 qui
3501 788 3626 856 dedit,
3653 798 3730 850 reri.

2286 871 2472 942 piatis,
2504 880 2559 929 et
2588 887 2621 929 a
2642 871 2800 930 nobis
2829 873 3055 945 dignum
3092 889 3191 946 per
3224 876 3399 930 omnia
3434 877 3731 951 obsequiorum-

2289 962 2473 1034 piatis.
2504 962 2680 1019 Parva
2704 964 2871 1035 igitur
2900 980 3127 1022 munera
3157 965 3436 1023 karissime
3460 980 3598 1026 vestra
3612 973 3731 1027 direxi-

2287 1067 2410 1108 mus
2439 1051 2694 1109 almitati.
2726 1053 3006 1125 Rogamus
3034 1055 3273 1128 denique
3306 1064 3366 1111 ut
3405 1072 3489 1124 ea,
3528 1076 3606 1130 que
3639 1064 3731 1118 mea

2286 1151 2446 1209 sunt,
2494 1145 2729 1202 caritate
2768 1155 3079 1205 sumantur.
3108 1147 3251 1204 Vere
3294 1149 3496 1221 quidem
3517 1153 3629 1223 plura
3655 1159 3733 1212 mitti

2287 1231 2645 1296 decrevimus,
2675 1236 2770 1291 sed
2799 1251 2867 1291 ne
2885 1236 3081 1292 itinera
3107 1236 3291 1293 ablata
3317 1238 3521 1295 fuissent
3546 1241 3732 1297 unum

2287 1320 2421 1377 Cum
2457 1324 2639 1395 itaque
2669 1339 2789 1392 nos,
2818 1334 2876 1380 ut
2902 1323 3118 1396 jussum
3151 1337 3259 1396 est,
3280 1328 3432 1386 citius
3452 1330 3734 1402 obsequiunpa

2287 1416 2500 1485 augusti
2526 1429 2900 1487 properamus,
2924 1427 3161 1474 vestram
3188 1421 3500 1491 presentiam
3520 1424 3734 1491 requiri-it

2286 1506 2611 1573 omittimus,
2635 1517 2690 1562 et
2710 1522 2797 1573 ea,
2844 1522 2950 1579 que
2992 1508 3210 1573 desunt,
3246 1510 3470 1581 subpleri
3492 1510 3535 1566 in
3567 1513 3736 1577 omnibs.

2285 1606 2345 1650 ut
2365 1596 2585 1668 dignum
2625 1607 2733 1664 est,
2757 1608 3090 1670 satagemus.
3133 1603 3211 1658 De
3264 1601 3427 1656 fratre
3455 1602 3647 1658 videlicet
3675 1605 3735 1667 illo,

2287 1687 2355 1742 de
2397 1704 2506 1759 quo
2564 1690 2869 1746 mandastis
2919 1701 2979 1748 ut
3035 1693 3250 1749 alienus
3284 1693 3352 1750 de
3388 1692 3492 1750 loco
3524 1695 3603 1751 ista
3636 1696 3735 1761 ﬁeret,

2213 1781 2257 1841 Β
2285 1795 2459 1849 usque
2505 1780 2631 1836 dum
2684 1798 2784 1839 nos
2828 1784 2924 1858 llic
2971 1785 3287 1852 veniamus,
3344 1802 3566 1858 rogamus
3598 1797 3736 1858 ttlptae

2286 1885 2382 1926 vos
2414 1880 2660 1939 maneat;
2694 1850 2969 1939 cumIDeo
2990 1876 3317 1942 auxiliante,
3347 1877 3477 1933 venti
3498 1876 3738 1941 festiuum

2286 1962 2445 2017 istum
2469 1962 2770 2022 auferimus
2789 1975 2845 2023 et
2858 1978 3203 2038 exceptorem
3235 1971 3497 2026 nobiscum
3516 1971 3736 2025 demum

2282 2052 2339 2109 ln
2371 2055 2648 2123 omnibus,
2682 2067 2740 2113 ut
2761 2074 2857 2129 per
2882 2075 2980 2116 vos
3001 2060 3243 2128 fidimus,
3269 2062 3461 2134 agitis:
3482 2062 3593 2129 vale,
3611 2064 3737 2129 virlki,

2283 2146 2403 2204 vale
2425 2156 2485 2204 et
2504 2160 2779 2206 memento
2816 2152 2944 2209 mei.

3006 2243 3139 2300 LIV.

2854 2334 3004 2407 [Sine
3043 2335 3313 2409 γωνίαι]

2353 2423 2649 2480 Carissimo
2675 2426 2856 2481 abbati
2890 2429 2961 2483 illi
3004 2428 3106 2503 [et]
3132 2429 3387 2487 omnibus
3405 2428 3530 2498 suis,
3554 2428 3739 2488 sincellits

2283 2512 2373 2570 ille
2403 2529 2711 2569 mansuram
2746 2516 2798 2571 in
2825 2517 3110 2575 Salvatore
3144 2520 3399 2577 salutem.
3423 2520 3529 2577 Non
3561 2521 3739 2577 voslatcre

2280 2605 2527 2676 suspicor
2552 2608 2695 2676 quod
2723 2621 2977 2666 manente
2997 2612 3200 2667 domno
3226 2612 3532 2685 imperatore
3553 2613 3738 2671 illuseris-

2281 2694 2417 2750 sime
2446 2699 2586 2773 apud
2615 2696 2758 2752 illam
2794 2698 2974 2756 villam
3039 2717 3145 2757 non
3196 2703 3357 2775 longe
3400 2719 3430 2759 a
3479 2705 3603 2761 vobis
3638 2705 3739 2760 consi-

2285 2797 2492 2855 stente,
2533 2803 2862 2858 provocante
2884 2804 3079 2853 vestra!
3109 2795 3387 2868 religionis
3430 2796 3569 2865 fama,
3595 2807 3739 2852 vestrm

2281 2876 2416 2933 mihi
2467 2877 2625 2934 libuit
2675 2881 2827 2938 adire
2875 2885 3188 2941 ctenobium
3247 2887 3471 2959 illucque
3515 2888 3739 2959 pervenit:

2280 2967 2397 3024 visa
2444 2969 2831 3042 benignissima
2879 2985 3057 3031 vestra
3090 2978 3403 3047 sanctitate,
3434 2979 3600 3050 placuit
3626 2991 3737 3039 uim.

2282 3060 2533 3127 quamvis
2559 3060 2857 3119 sceleribus
2890 3065 3225 3135 squalidum,
3250 3070 3416 3125 vestri
3458 3078 3738 3135 resth

2282 3151 2650 3207 conmendare
2681 3152 2784 3227 [in]
2805 3158 3179 3225 oracionibus,
3223 3162 3367 3232 quod
3394 3170 3446 3217 et
3464 3171 3605 3217 voset
3630 3160 3737 3218 vestri.

2279 3241 2420 3298 sicut
2447 3245 2693 3302 caritatis
2708 3247 2873 3317 pleni,
2899 3250 3294 3333 benignissimo
3310 3256 3592 3333 suscepistis
3611 3253 3735 3307 allata

2278 3332 2383 3389 Pro
2417 3348 2523 3406 qua
2554 3354 2799 3404 munera,
2833 3342 2962 3412 quia
2984 3326 3150 3400 vobis
3189 3328 3517 3417 condignam
3541 3362 3736 3401 remunera-

2277 3425 2491 3483 eionem
2524 3430 2807 3487 reddidere
2841 3450 3074 3505 nequeo,
3110 3440 3384 3502 maximas
3409 3450 3563 3495 tamen
3588 3440 3735 3493 devotas

2277 3533 2384 3590 que
2413 3530 2618 3592 grates,
2650 3533 2915 3594 quantum
2945 3528 3419 3597 quivero,referre
3452 3547 3542 3586 non
3564 3530 3734 3585 dileraa:

2275 3620 2332 3667 et
2368 3627 2511 3667 nunc
2535 3613 2690 3670 vobis
2724 3615 2843 3686 lego
2876 3618 3095 3689 triginta
3146 3622 3363 3679 solidos
3392 3625 3591 3695 argenti.
3618 3621 3735 3689 ﬂagito-

2276 3718 2383 3772 que
2408 3717 2612 3775 pronus
2663 3716 2719 3762 et
2748 3710 3013 3767 sumissns
3059 3727 3223 3783 posco
3268 3724 3321 3770 et
3349 3716 3528 3770 aelinis
3551 3713 3735 3785 postubtt

2272 3792 2330 3848 in
2360 3804 2540 3850 vestra
2573 3796 2933 3855 solertissima
2974 3813 3300 3869 permaneat
3342 3806 3569 3861 oracioue
3602 3803 3660 3857 illa
3675 3799 3735 3865 eia

2276 3887 2538 3942 memoria
2580 3890 2775 3957 nostri,
2806 3901 2860 3946 et
2893 3906 3015 3964 ego,
3043 3884 3331 3964 quamtum
3376 3907 3569 3967 potero,
3594 3897 3735 3949 ineo»!!-

2276 3975 2536 4031 minatam
2566 3978 2847 4035 vobiscum
2880 3982 3187 4040 observabo
3219 3987 3479 4042 amicitia.
3508 3982 3737 4061 Etnileodﬁ

2276 4068 2447 4122 nostri
2493 4078 2547 4124 et
2576 4072 2701 4140 equi
2758 4072 2952 4128 fierent
2996 4073 3124 4130 fessi
3172 4076 3246 4132 ob
3298 4079 3572 4133 nimitalem
3600 4073 3732 4129 itineris

2274 4156 2417 4225 quod
2452 4173 2551 4214 nos
2580 4157 2683 4215 hoc
2721 4176 2866 4215 anno
2914 4162 3141 4219 Romam
3196 4168 3379 4224 eundo
3410 4168 3635 4236 Romaque
3652 4166 3734 4217 mir

2274 4246 2421 4301 undo
2450 4250 2774 4321 peregimus,
2806 4253 2952 4306 nullo
2986 4257 3147 4311 modo
3173 4260 3429 4315 omittere
3447 4259 3659 4313 vobiscum
3676 4250 3733 4303 es"

2276 4334 2422 4406 loqui
2463 4353 2760 4410 pacemque
2782 4358 2905 4398 cum
2941 4346 3076 4399 lueis
3114 4350 3391 4418 patribus,
3422 4350 3502 4420 qui
3529 4348 3605 4403 sub
3631 4348 3733 4396 resin

2206 4470 2249 4525 Β
2277 4428 2603 4495 paternitate
2652 4433 2877 4503 degunt,
2935 4446 3181 4492 mutuam
3227 4440 3451 4496 habere.
3500 4441 3560 4494 De
3597 4447 3732 4506 quem

2274 4519 2590 4577 salubritate
2616 4533 2672 4578 et
2697 4524 2899 4580 salubri
2924 4531 3291 4598 prosperitate
3331 4542 3385 4587 et
3408 4533 3469 4587 de
3490 4538 3626 4585 vestr:
3641 4531 3735 4593 ’1³⁵⁸⁵⁵

2273 4610 2561 4677 restribas,
2601 4614 2659 4668 ni
2701 4630 2867 4686 grave
2911 4617 3115 4674 fuerint
3153 4621 3423 4677 calamum
3476 4614 3733 4690 tinguere“?

2272 4713 2526 4773 ctmnque
2556 4705 2609 4760 in
2637 4706 2867 4764 vitulino
2897 4725 3092 4782 eampo
3129 4714 3405 4785 ovinoque
3445 4713 3632 4769 trahere.

2345 4815 2559 4895 Prgmia
2583 4820 2830 4895 perpetui
2849 4826 3133 4895 sumpturi
3167 4828 3402 4883 maxima
3433 4824 3581 4895 regni,

2413 4886 2509 4942 Est
2536 4886 2754 4957 quivita
2778 4891 2915 4965 suis,
2948 4886 3235 4950 Dominum
3254 4898 3435 4953 colite.
3483 4886 3509 4895 ⁷
3687 4955 3695 4965 .

2339 4955 2639 5033 Me_pr_e_cor
2657 4968 2714 5013 et
2735 4955 2937 5017 vestris
2962 4966 3248 5033 precibus;
3284 4968 3520 5022 mandate
3538 4955 3697 5017 Tonanti

2458 5026 2704 5084 obiscum
2728 5039 2788 5085 ut
2810 5026 3018 5101 partem
3048 5049 3214 5106 regna
3235 5026 3355 5101 poli
3380 5037 3577 5107 capiam.

2339 5115 2480 5173 Kere
2506 5114 2627 5189 kyri
2657 5120 2891 5191 agapite.

3006 5211 3114 5269 LV.

2615 5314 2914 5367 rsntcuwn
2942 5318 3011 5356 an
3043 5321 3289 5360 asaa'rsu
3332 5306 3491 5379 (196).

2335 5406 2430 5462 llle
2480 5408 2705 5482 exiguus
2748 5410 2947 5480 levita,
3003 5413 3094 5471 illo
3148 5416 3395 5472 salutem.
3450 5415 3564 5472 Cum
3602 5405 3729 5464 ιωίαυ

2265 5564 2345 5648 les
2363 5566 2832 5648 renseignements
2859 5572 3200 5648 qu‘ildonne
3229 5590 3321 5648 sur
3350 5574 3400 5631 la
3426 5560 3728 5648 siluam-Il“:

2268 5636 2435 5714 tique.
2482 5632 2633 5714 βίἒιι⁸
2669 5632 2896 5714 qufil_né
2922 5644 3033 5697 soit
3071 5647 3342 5713 peut—étre
3375 5660 3464 5714 pas
3494 5637 3668 5714 possit"?
3689 5632 3726 5682 δ’

2266 5705 2597 5762 déterminer
2620 5705 2702 5765 les
2725 5705 3087 5771 événetuents
3104 5705 3430 5802 auxquels'il
3452 5705 3535 5768 fait
3560 5705 3723 5765 διωξίδῆ
