3892 6318
134 347 265 403 1457

1372 341 1727 397 ιουιιιιυιηιι]
1759 339 2102 394 VETERES.

3241 337 3381 396 N58

130 468 345 516 raritate
384 458 687 522 vlsitamus,
719 456 959 512 debitum
991 468 1245 511 mansure
1290 456 1557 510 mercedis
1598 456 1696 510 lm-
1725 465 1768 519 Α
1798 473 1905 514 non
1941 458 2115 514 adhuc
2143 456 2442 513 monachus
2479 463 2679 513 eterna:
2718 455 2994 514 felicitatis
3014 455 3266 528 implorat
3291 472 3379 512 sa-

126 555 355 622 plemus;
397 566 518 605 cum
549 559 728 603 autem
762 550 828 603 de
871 547 948 620 [e]
977 563 1132 603 orum
1177 547 1437 617 sospitate
1475 546 1692 617 perqui-

127 660 323 707 remus,
351 659 444 712 per
471 642 788 696 missionum
819 652 1125 695 nostrarum
1147 639 1372 694 etleclus
1403 653 1688 703 curamus;

121 752 242 791 eum
289 735 500 789 illorum
553 733 690 788 bona
731 733 913 786 videre
968 739 1023 786 et
1066 731 1255 784 audire
1301 729 1692 794 desideramus,

123 827 405 896 participes
436 823 669 878 maxime
709 821 953 878 caritatis
1007 822 1384 877 incunctanter
1431 818 1692 882 efﬁcitur,

118 919 163 972 si
193 927 398 980 autem,
432 915 572 984 quod
619 915 780 977 absit,
813 913 1034 968 sinistre
1061 912 1372 982 oppiniouis
1403 913 1468 964 de
1497 913 1696 965 amico-

120 1024 236 1062 rum
261 1009 520 1062 socielate
549 1005 691 1060 fama
721 1005 1113 1074 percrebuerit,
1157 1004 1453 1058 secundum
1482 1012 1699 1071 aposto-

116 1101 277 1154 lum:
341 1099 471 1165 Quis
520 1099 852 1168 infirmatur,
900 1107 948 1150 et
1001 1112 1093 1166 ego
1143 1113 1248 1149 non
1293 1095 1553 1163 inﬁrmat,
1607 1095 1698 1164 qui

114 1191 531 1250 scandalizatur,
556 1201 610 1259 et
661 1206 752 1258 ego
783 1206 882 1242 non
913 1204 1058 1242 uror.
1103 1187 1219 1254 Qua
1275 1201 1370 1255 pro
1408 1197 1575 1241 causa
1599 1184 1700 1238 hoc

119 1292 288 1336 totum
347 1283 591 1336 scribere
650 1280 997 1334 commodum
1062 1277 1346 1340 duximus,
1411 1282 1694 1344 quatenus,

115 1384 379 1442 quantum
434 1376 500 1428 ad
549 1373 891 1426 doiuiuorum
933 1371 1014 1424 vel
1059 1369 1358 1424 amicorum
1395 1375 1698 1421 vestrorqu

115 1479 334 1519 causam
369 1473 711 1533 exspectant,
772 1464 822 1514 iu
877 1461 1059 1515 futuro
1103 1460 1392 1513 maximam
1438 1456 1703 1511 adibeatis

111 1556 409 1620 cautelam,
443 1571 507 1609 ne
539 1556 701 1618 forte,
739 1555 880 1622 quod
913 1553 1054 1606 Deus
1083 1567 1186 1606 non
1214 1551 1478 1620 paciatur,
1504 1548 1702 1603 electio

113 1649 294 1702 domui
328 1647 676 1716 imperatoris
714 1647 765 1698 in
801 1654 972 1696 vestra
1000 1658 1164 1698 causa
1203 1641 1514 1695 frustretur.
1556 1638 1703 1692 Misi-

114 1755 234 1792 mus
280 1739 454 1794 etiam
515 1738 776 1792 vasallum
830 1738 1074 1790 nostrum
1138 1733 1284 1787 illum
1341 1728 1700 1793 amicabilem,

1793 548 1979 604 lutem.
2031 547 2182 616 Quod
2242 558 2469 604 actenus
2526 548 2841 620 pateruitati
2910 557 3104 603 vestra:
3157 547 3380 604 minime

1793 641 1986 712 scripsi
2037 651 2094 697 et
2146 641 2275 710 quid
2316 641 2460 696 circa
2505 658 2591 697 me
2632 650 2884 712 ageretur
2928 639 3231 698 evidentius
3274 653 3381 693 non

1794 735 2118 806 significavi,
2147 734 2486 790 ditlicnltates
2511 744 2567 790 et
2605 749 2711 788 non
2738 732 3045 789 voluntates
3086 746 3252 788 causa
3282 746 3380 785 ει·
3457 751 3478 768 ~

1794 830 1965 894 Slllil;
2005 828 2052 882 si
2095 828 2238 883 enim
2265 828 2603 898 oportunitas
2645 827 2874 891 sineret,
2899 825 3141 880 obtarem
3165 823 3384 879 creber-

1799 923 1934 977 rime
1964 921 2114 975 vobis
2155 919 2406 989 conloqui
2442 930 2497 974 et
2538 919 2640 973 hoc
2675 933 2832 988 posse
2855 917 3076 971 daretur
3102 913 3388 970 ditlicultao

1798 1023 1904 1066 tem
1956 1011 2100 1081 longi
2157 1011 2370 1066 itineris
2418 1011 2645 1080 perpeti.
2697 1010 2974 1080 Siquidem
3029 1007 3183 1062 valde
3230 1004 3386 1062 doleo

1797 1105 2084 1173 quodcum
2133 1102 2400 1158 monacho
2454 1113 2655 1166 vestro,
2697 1120 2854 1173 quem
2892 1103 2956 1156 ad
3001 1101 3150 1156 illum
3180 1101 3389 1172 episco-

1799 1212 1923 1265 pum
1955 1197 2198 1261 misistis,
2229 1211 2326 1251 nec
2364 1195 2509 1265 loqui
2545 1210 2719 1264 neque
2769 1196 2836 1249 ab
2873 1194 2963 1249 illo
2992 1192 3256 1250 sciscitari
3296 1193 3389 1246 dc-

1799 1286 2142 1341 siderabilem
2195 1286 2471 1355 sospitatis
2515 1294 2711 1340 vestra:
2755 1285 3170 1354 prosperitatem
3223 1282 3386 1335 valui.

1803 1376 1964 1432 Scitis
1987 1377 2130 1430 enim
2161 1377 2285 1445 quia
2319 1386 2440 1445 post
2466 1375 2673 1430 obitqu
2703 1375 2857 1430 bonae
2885 1373 3162 1441 beataeque
3189 1387 3392 1425 memo-

1757 1511 1762 1516 .
1803 1469 2098 1524 ritedomni
2136 1479 2188 1525 et
2226 1467 2398 1538 patris
2425 1466 2597 1522 nostri
2623 1464 2945 1521 venerabilis
2994 1463 3136 1518 illius
3181 1463 3393 1516 abbatis

1804 1559 2026 1615 minime
2056 1559 2122 1614 ad
2150 1574 2265 1624 vos,
2294 1557 2750 1629 quemadmodum
2781 1555 2946 1618 volui,
2980 1554 3194 1609 mittere
3220 1552 3390 1622 potui,

1805 1665 1860 1707 ut
1888 1654 2003 1724 ejus
2036 1653 2350 1708 memoriam
2388 1653 2441 1708 in
2466 1650 2662 1708 vestris
2687 1649 2856 1706 sacris
2893 1649 3239 1705 oracionibus
3260 1647 3391 1716 jure

1804 1762 1867 1801 ac
1907 1747 1993 1818 pie
2044 1744 2334 1802 recordare
2385 1743 2743 1816 dignaremini
2780 1759 2795 1798 :
2832 1743 2973 1797 unde
3025 1741 3206 1805 modo,
3255 1740 3382 1793 licet

115 1830 516 1906 caritatemque
564 1845 854 1901 precamur
908 1837 968 1881 ut
1023 1827 1257 1898 benigne
1312 1822 1620 1894 suscipiatis
1648 1831 1702 1876 et

1815 1854 1954 1903 sero,
1982 1847 2173 1893 vestra:
2209 1836 2524 1906 benignitati
2555 1844 2666 1891 tres
2688 1834 2895 1906 argenti
2921 1833 3087 1889 libras
3119 1831 3295 1895 mitto,
3331 1839 3389 1882 ut

113 1939 240 1990 erga
277 1921 454 1985 illum,
486 1923 813 1990 ubicmnque
849 1920 1162 1990 indigueril,
1197 1917 1392 1988 agatis,
1420 1926 1472 1970 et
1503 1916 1700 1981 locum,

113 2014 203 2066 ubi
237 2015 414 2067 nostri
440 2013 629 2067 caballi
654 2029 776 2067 esse
802 2013 941 2066 infra
977 2022 1208 2065 vestram
1259 2018 1580 2078 potestatem
1625 2007 1706 2059 vel

109 2106 375 2174 quicquid
401 2106 601 2160 habere
629 2106 880 2167 debeant,
911 2103 1313 2164 demonstretis,
1349 2110 1620 2171 quatenus
1654 2101 1706 2152 in

106 2200 190 2251 via
229 2214 333 2254 uos
392 2199 457 2252 de
513 2198 596 2252 bis
627 2208 836 2254 certum
891 2196 1118 2249 reddere
1170 2194 1346 2248 valeat
1394 2202 1447 2246 et
1496 2193 1709 2246 cllicere

100 2290 244 2358 apud
275 2289 691 2344 mansiouarios
721 2289 902 2340 domui
951 2287 1329 2355 imperatoris,
1363 2286 1450 2354 qui
1478 2285 1530 2338 in
1561 2283 1707 2349 villa,

101 2397 265 2450 quem
300 2383 488 2437 Domo
535 2391 749 2445 vocant,
797 2389 1016 2449 propter
1059 2380 1358 2449 injunctqu
1409 2376 1563 2430 nobis
1595 2373 1708 2429 olli-

102 2475 248 2528 cium
291 2473 648 2527 mansionem
690 2487 987 2541 congruam
1027 2470 1262 2540 presenti
1283 2468 1464 2529 nostri
1503 2465 1708 2522 homini

105 2566 351 2628 tribuat,
385 2565 642 2634 qualiter,
673 2579 797 2617 cum
828 2564 892 2616 ad
919 2579 1019 2620 uos
1041 2563 1267 2626 venerit,
1313 2575 1418 2615 non
1467 2573 1568 2613 nos
1612 2573 1712 2627 pro

108 2659 214 2714 hoc
241 2658 550 2713 sollicitqu
583 2657 788 2710 reddat.
818 2656 953 2708 (lum
979 2655 1122 2710 enim
1174 2655 1272 2709 hec
1305 2653 1488 2708 omnia
1533 2661 1710 2706 vestra

107 2755 317 2808 caritas
379 2752 703 2823 impleverit,
736 2751 1017 2813 remillito,
1051 2762 1240 2817 qneso,
1296 2746 1450 2801 nobis
1492 2760 1713 2815 presen-

111 2856 224 2902 tem
253 2857 509 2901 nostrum
561 2844 813 2904 missum,
863 2843 1175 2896 intimantcs
1221 2839 1478 2910 quicquid
1520 2836 1717 2893 exinde

110 2951 303 2994 vestra
341 2938 554 2993 bonitas
584 2935 792 2990 fecerit.
836 2935 909 2988 De
951 2934 1104 2988 novis
1127 2933 1311 2989 causis
1348 2929 1479 2985 nihil
1509 2930 1575 2984 ad
1598 2943 1719 2999 prec

113 3045 245 3085 scus
291 3030 557 3085 mandare
584 3025 874 3098 possimus,
924 3027 1024 3082 nisi
1058 3028 1180 3095 quia
1213 3024 1324 3078 Ella
1378 3031 1530 3078 extra
1564 3021 1716 3092 palao

105 3125 267 3179 cium
285 3131 348 3178 et.
369 3123 496 3176 mihi
523 3123 588 3175 de
612 3122 728 3192 ejus
752 3121 982 3176 serv-icio
1005 3133 1390 3187 usquequaque
1414 3115 1713 3184 iujuuctum

113 3226 228 3280 est,
259 3224 317 3269 et
352 3213 439 3270 ille
468 3214 667 3268 dudum
713 3223 894 3269 vester
920 3226 1072 3267 come
1108 3209 1310 3278 ret-epit
1347 3223 1495 3263 suam
1523 3208 1711 3271 alode;

113 3308 351 3361 videtur
378 3307 508 3359 mihi
535 3304 650 3372 ejus
678 3303 1094 3374 recuperacioue
1121 3302 1301 3354 iulans
1318 3299 1516 3363 adhuc,
1536 3307 1716 3352 tamen

114 3408 211 3452 est
233 3397 596 3452 comendatus
617 3396 833 3448 attoniti
860 3393 1077 3460 comiti,
1107 3400 1161 3446 et
1187 3389 1443 3459 quoniam
1469 3405 1561 3443 rex
1591 3389 1718 3442 mis-

113 3503 218 3541 sos
245 3501 382 3539 suos
409 3485 548 3555 patri
581 3499 679 3537 suo
701 3483 791 3538 illo
813 3481 1162 3536 kalendarum
1194 3477 1522 3532 marciarum
1575 3475 1720 3528 dire-

116 3579 230 3643 xit,
265 3579 370 3630 tria
407 3576 640 3646 capitula
671 3591 908 3644 rogans:
941 3572 1114 3642 primo
1141 3582 1196 3624 ut
1237 3571 1424 3624 liceret
1446 3567 1495 3623 ei
1540 3565 1718 3621 homi-

112 3675 236 3735 nis,
268 3686 411 3740 quos
452 3671 575 3725 hinc
607 3668 852 3735 adduxit,
899 3680 1082 3723 secum
1125 3665 1287 3718 abere
1322 3673 1376 3716 et
1407 3661 1536 3731 ipsis
1579 3657 1717 3713 infra

115 3772 386 3818 nostrum
433 3776 654 3832 regnum
686 3760 798 3815 suis
829 3755 1273 3829 proprietatibus,
1321 3768 1604 3824 quousque
1643 3751 1719 3805 si-

113 3852 242 3908 mul
281 3867 406 3906 cum
427 3850 597 3905 fratre
625 3849 848 3904 veniens
873 3864 968 3902 eos
996 3847 1177 3902 domui
1207 3844 1552 3916 imperatoris
1566 3843 1722 3898 obtu-

114 3940 285 3994 tibus
314 3945 678 4008 presentaret;
710 3936 946 3991 secundo
969 3944 1026 3988 ut
1050 3933 1312 3988 terminos
1337 3931 1440 3988 sibi
1470 3947 1500 3986 a
1524 3931 1723 3985 domno

111 4032 473 4101 imperatore
503 4043 793 4084 concessos
820 4044 919 4083 nec
945 4028 1085 4082 idem
1114 4029 1413 4096 imperator
1441 4024 1526 4079 vel
1558 4023 1722 4079 etiam

112 4119 420 4178 exercitus
451 4120 566 4189 ejus
587 4117 895 4173 insidiando
925 4117 1227 4176 invaderet.
1251 4115 1504 4185 usquead
1527 4129 1725 4169 inetuo~

109 4222 316 4266 ratum
341 4209 527 4263 lratris
541 4218 594 4263 et
617 4209 696 4263 sui
720 4208 787 4263 ad
811 4215 1022 4278 patrem
1051 4206 1382 4270 adventum;
1435 4205 1595 4260 tertio
1629 4204 1725 4258 ab-

109 4303 377 4358 solveret
403 4301 572 4364 illum,
602 4309 869 4370 quatenus
911 4299 1099 4353 liceret
1136 4297 1184 4351 ei
1232 4296 1456 4353 instanti
1487 4296 1722 4368 quadra-

106 4396 343 4466 gesima
395 4407 493 4462 pro
542 4392 816 4448 communi
857 4391 1030 4445 salute
1077 4389 1452 4444 decertaretur
1502 4406 1515 4442 :
1582 4386 1724 4442 unde

1811 1930 1894 1984 bis
1934 1930 2202 2001 susceptis
2246 1927 2619 1990 refectionem,
2659 1936 2820 1997 prout
2857 1925 3105 1997 potestis,
3137 1923 3397 1978 fratribus

1808 2021 2131 2090 prcparetis,
2162 2019 2381 2090 etquod
2407 2017 2639 2074 defuerit
2685 2034 2751 2073 ex
2795 2026 3002 2081 nostro,
3042 2029 3158 2079 vos,
3184 2021 3242 2066 ut
3265 2012 3397 2067 sub-

1808 2113 2019 2183 pliciter
2063 2121 2206 2182 peto,
2263 2110 2606 2180 adimpleatis
2645 2125 2712 2165 ex
2749 2118 2950 2165 vestro.
2997 2106 3066 2163 Ut
3109 2121 3235 2160 vere
3285 2103 3398 2173 ipse

1809 2207 2046 2259 euntisus
2083 2215 2166 2259 cst
2205 2214 2258 2259 et
2309 2219 2406 2259 nos
2448 2203 2652 2260 obtime
2701 2202 3044 2263 confidimus,
3078 2197 3396 2253 memoriam

1807 2294 1892 2349 sui
1931 2296 2126 2350 crebro
2156 2295 2355 2350 habere
2381 2295 2672 2365 dignentur
2715 2291 2911 2348 fratres
2950 2291 3066 2345 vice
3096 2305 3193 2344 sua
3221 2298 3275 2342 et
3307 2303 3402 2340 no-

1810 2399 1922 2443 stra
1954 2388 2188 2442 cxortari
2224 2388 2614 2456 deprecarique
2643 2383 2954 2456 dignemini.
2988 2381 3080 2436 llle
3109 2381 3272 2435 etiam
3308 2395 3403 2434 no-

1811 2479 1934 2534 bilis
1963 2478 2196 2533 vasallus
2237 2478 2396 2542 illius,
2426 2478 2517 2548 qui
2550 2477 2599 2532 ei
2642 2475 2839 2531 ceteris
2880 2472 3166 2528 amabilior
3192 2471 3399 2534 extitit,

1811 2587 1908 2627 vos
1937 2571 2091 2626 valde
2121 2570 2320 2627 salutat
2345 2580 2400 2625 et
2430 2578 2686 2640 precatur
2723 2568 2835 2638 ipse
2875 2582 2976 2619 una
3008 2579 3218 2618 mecum
3254 2562 3404 2631 (licet.

1813 2665 2061 2720 habeatis
2106 2681 2228 2719 eum
2277 2664 2661 2732 incognitum,
2712 2670 2890 2713 tamen
2939 2665 2993 2711 et
3035 2654 3302 2710 habebitis
3348 2661 3406 2708 et

1814 2757 2023 2811 habetis
2052 2769 2266 2824 semper
2292 2753 2588 2821 devotum),
2621 2762 2679 2805 ut
2705 2748 3057 2804 nihilominus
3095 2747 3176 2801 sui
3211 2746 3403 2815 digne-

1817 2848 1945 2901 mini
1975 2846 2176 2900 habere
2222 2843 2562 2898 memoriam.
2613 2841 2725 2912 Ego
2760 2839 3009 2910 equidem
3050 2836 3140 2890 ille
3180 2844 3404 2906 paratus

1815 2954 1933 2996 sum
1963 2938 2114 2992 vobis
2147 2937 2199 2991 in
2233 2936 2336 3002 his,
2361 2950 2468 3006 que
2494 2934 2633 3005 apud
2663 2949 2759 2987 nos
2793 2929 2984 2985 melius
3020 2927 3394 2992 inveniuntur,

1814 3028 2202 3086 venerabiliter
2247 3039 2410 3098 atque
2457 3023 2816 3080 amicabilitcr
2852 3022 3111 3078 obcdieus
3155 3019 3402 3087 obsequi,

1819 3124 1893 3178 ita
1935 3133 2111 3178 tamen
2152 3130 2211 3176 ut
2248 3121 2417 3174 abbas
2451 3127 2740 3188 prepoteus
2779 3114 3030 3185 pauperis
3074 3129 3177 3165 non
3214 3110 3407 3167 oblivi-

1820 3225 2043 3269 scatur:
2076 3226 2175 3265 vos
2207 3222 2441 3279 namque
2481 3223 2543 3262 ea
2596 3223 2714 3275 qua:
2749 3206 2802 3260 in
2831 3204 3027 3259 divinis
3071 3202 3231 3258 cultis
3283 3211 3407 3270 apta

1819 3313 1967 3366 sunt,
1995 3315 2159 3370 penes
2188 3314 2282 3353 vos
2310 3309 2365 3352 et
2403 3298 2453 3351 ln
2499 3297 2769 3366 regionem
2809 3305 3040 3349 vestram
3074 3291 3308 3353 habetis,
3341 3305 3403 3342 ex

1818 3395 2013 3465 quibus
2051 3391 2203 3447 nobis
2250 3389 2510 3444 solacium
2565 3387 2788 3457 prebcre
2839 3385 3081 3456 potestis,
3135 3392 3195 3436 ut
3242 3382 3410 3435 sacris

1819 3485 1976 3541 lincis
2005 3483 2198 3546 induti,
2233 3481 2469 3552 quando,
2503 3479 2628 3534 licet
2652 3477 2875 3548 indigni,
2910 3476 2974 3529 ad
2998 3481 3406 3528 sacrosanctum

1821 3577 1992 3632 altare
2033 3574 2364 3637 accedimus,
2399 3573 2716 3626 memoriam
2750 3567 2914 3622 vestri
2956 3566 3245 3633 habentes,
3269 3562 3410 3616 sicut

1821 3677 1874 3722 et
1903 3684 1998 3721 vos
2028 3666 2222 3730 nostri,
2263 3663 2587 3735 propensius
2615 3659 2854 3717 oracioni
2884 3655 3282 3719 incumbamus,
3314 3666 3412 3722 pro

1822 3759 2140 3813 salubritate
2179 3766 2354 3811 vestra
2391 3753 2601 3809 Domini
2633 3749 3063 3806 miscricordian'i
3095 3754 3408 3800 exorautes.

1823 3849 1919 3904 Est
1965 3849 2127 3902 etiam
2168 3848 2312 3902 aliud
2353 3845 2508 3899 valde
2550 3841 2886 3916 prccipuum,
2935 3838 3077 3908 quod
3105 3835 3196 3908 [si]
3227 3843 3412 3888 uostre

1822 3941 2097 4014 parvitati,
2136 3941 2275 3996 sicut
2309 3939 2626 4010 promittere
2668 3932 2872 4004 dignati
2916 3930 3073 3993 estis,
3119 3927 3413 3996 inpendere

1823 4033 2163 4096 studueritis,
2197 4032 2490 4086 maximam
2521 4037 2577 4083 et
2607 4036 2850 4082 eteruam
2880 4023 3031 4078 vobis
3061 4019 3199 4090 apud
3243 4017 3410 4071 Deum

1823 4126 2048 4195 proinde
2105 4123 2403 4194 adquiretis
2460 4120 2808 4183 mercedem,
2870 4114 3077 4169 scilicet
3135 4119 3192 4165 ut
3245 4110 3412 4164 libros

1824 4217 2006 4272 domui
2035 4217 2199 4281 illius,
2230 4231 2367 4286 quos
2396 4215 2447 4269 in
2479 4211 2777 4283 Eptaticum
2807 4216 2860 4260 et
2899 4205 2950 4258 in
2984 4201 3411 4256 Machabworunt

1822 4321 1968 4383 gesta
1994 4310 2312 4379 conposuit,
2361 4306 2516 4359 nobis
2564 4299 2921 4369 trauscriptos
2961 4295 3228 4358 mittatis;
3273 4301 3327 4345 et
3367 4293 3411 4346 si

1823 4403 2048 4474 quilibet
2074 4415 2240 4469 penes
2286 4415 2386 4452 nos
2429 4395 2652 4461 fuerint,
2680 4393 2878 4463 quibus
2925 4385 3286 4458 iudi[gjeatis,
3314 4397 3414 4438 nos

107 4499 480 4556 responsura.
513 4483 622 4538 Nos
655 4492 862 4549 autem,
891 4485 933 4537 si
975 4498 1164 4537 eorum
1208 4481 1434 4537 relatum
1471 4477 1709 4548 conperi-

1826 4493 1975 4546 vobis
2007 4490 2254 4544 similiter
2279 4485 2685 4553 transscriptos.
2710 4483 2755 4537 si
2784 4492 2961 4536 tamen
2998 4479 3067 4531 ita
3103 4475 3284 4539 vultis,
3317 4475 3410 4527 dc-

107 4594 277 4641 mus,
325 4585 502 4630 vestre
540 4575 753 4629 caritati
800 4575 1112 4645 signiﬁcare
1161 4574 1508 4637 curavimus,
1572 4581 1630 4624 ut
1667 4577 1723 4622 et

104 4691 222 4729 vos
285 4685 388 4741 pro
431 4669 703 4723 communi
755 4671 985 4723 caritate
1037 4677 1092 4722 et
1135 4666 1317 4720 debita
1368 4666 1470 4719 tide
1511 4661 1721 4719 Domini

107 4760 578 4819 misericordiam
622 4757 892 4812 indefesse
929 4756 1207 4826 implorari
1249 4755 1484 4819 faciatis,
1533 4763 1726 4822 quate-

105 4872 231 4911 nus
297 4853 559 4908 Dominus
612 4866 822 4914 rerum,
883 4850 927 4904 si
989 4850 1104 4903 lleri
1161 4848 1272 4904 ullo
1320 4847 1479 4902 modo
1516 4851 1724 4917 potest,

108 4945 490 5002 concordiam
527 4951 582 4998 et
621 4941 866 4998 ecclesiae
923 4956 1034 4994 suae
1090 4941 1349 4994 unitatem
1407 4937 1724 4993 misericor-

107 5040 284 5098 diter
325 5035 523 5105 largire
559 5035 832 5103 dignetur.
876 5031 1020 5086 Deus
1062 5040 1113 5085 te
1155 5030 1426 5085 custodiat
1484 5042 1721 5098 semper,

109 5125 576 5184 ammantissime
615 5124 788 5179 frater
825 5132 881 5178 et
918 5131 1096 5193 pater,
1133 5119 1186 5174 iu
1226 5121 1476 5174 omnibus
1518 5134 1723 5174 memoo

110 5233 348 5278 I'CI'IIIIS.

903 5305 1036 5363 LVI.

734 5401 846 5476 [AD]
880 5411 1146 5455 assunt.

205 5494 365 5550 Patri
397 5504 452 5552 et
490 5493 707 5549 domino
737 5493 915 5548 abbati
949 5492 1020 5544 illi
1051 5488 1333 5544 carissimo
1384 5487 1473 5542 ille
1503 5487 1725 5543 humilis

1825 4585 2104 4639 votissime
2149 4581 2445 4634 mittemus.
2503 4578 2644 4632 Deus
2691 4573 3038 4641 omnipotens
3079 4585 3174 4621 vos
3206 4566 3414 4620 incolu-

1825 4689 1966 4730 mem
1997 4688 2096 4743 pro
2125 4669 2282 4725 nobis
2315 4677 2566 4736 orantem
2610 4675 2666 4722 et
2705 4679 2805 4736 pro
2843 4663 2997 4718 vobis
3026 4660 3257 4717 feliciter
3284 4673 3414 4712 eon-

1824 4781 2045 4822 servare
2073 4764 2343 4836 dignetur.

2555 4847 2706 4905 LVII.

2260 4957 2547 4998 INDICULUM
2587 4956 2655 4994 AD
2694 4952 2962 4995 ΔΒΒΑΤΕΙ.

1897 5035 2368 5094 Reverendissimo
2395 5033 2613 5088 domino
2638 5031 2887 5101 patrique
2913 5026 3134 5098 egregio
3165 5023 3263 5090 illi,
3284 5038 3416 5078 cun-

1823 5138 2036 5187 ctorum
2086 5143 2366 5183 servorum
2411 5124 2507 5180 Dei
2544 5123 2766 5178 ultimus
2815 5129 3103 5188 vesterque
3140 5115 3250 5186 jam
3283 5115 3413 5169 olim

1828 5221 2079 5274 alumnus
2108 5218 2195 5273 ille
2228 5218 2480 5287 indignus
2511 5215 2563 5270 iu
2590 5230 2747 5270 roseo
2770 5211 2975 5269 Christi
3008 5207 3271 5279 sanguine
3301 5219 3418 5274 pre-

1829 5319 1956 5379 opto
2005 5310 2254 5365 salutem.
2309 5307 2605 5363 Reminisci
2651 5306 2921 5361 conlibeat
2967 5301 3194 5357 almitati
3239 5307 3418 5352 vestro

1828 5401 2142 5470 jamdudum
2171 5399 2455 5471 peticionis
2481 5413 2639 5464 meae,
2661 5411 2821 5468 quam
2850 5411 2954 5450 non
2985 5393 3155 5449 solum
3183 5403 3298 5454 ore,
3322 5387 3418 5442 sed

1833 5508 1898 5548 ex
1948 5494 2132 5558 corde,
2178 5494 2269 5548 sed
2321 5492 2437 5562 ipso
2488 5505 2716 5561 corpore
2768 5494 3059 5559 prostrato,
3109 5479 3420 5552 plenissime

113 5695 207 5734 on
254 5678 528 5731 reconnait
555 5671 859 5744 cependant
881 5670 1009 5742 qu‘il
1038 5668 1195 5740 s’agit
1233 5667 1392 5724 d‘une
1415 5667 1509 5723 des
1533 5668 1730 5736 pbases
1769 5668 1835 5724 de
1865 5669 1911 5723 la
1942 5667 2074 5722 lutte
2102 5664 2338 5738 engagée
2363 5673 2552 5720 contre
2598 5661 2765 5718 Louis
2796 5661 2844 5715 le
2871 5660 3210 5716 Débounaire
3253 5669 3350 5726 par

114 5764 237 5806 tes
271 5748 502 5802 enfants.
