3892 6318
598 311 739 403 itsa

1856 327 2143 387 APPEND.

2275 355 2277 364 >
2306 326 2478 384 ΞᾸΞΕ.
2530 328 2597 383 Χ.
3630 330 3720 387 libb

591 455 747 512 vobis
789 453 1017 510 05tendi.
1066 452 1200 510 Nam
1232 456 1374 525 quod
1418 462 1544 510 tunc
1589 450 2007 523 praesentialiter
2059 450 2169 519 egi,
2201 458 2248 520 Α
2277 445 2637 503 calamitatem
2676 454 2992 515 perorresco
3020 438 3230 503 mundi,
3273 436 3357 494 sed
3395 436 3544 503 lugere
3568 446 3714 500 msh.

588 561 737 606 nunc
793 547 1029 615 iterum,
1079 548 1276 603 absens
1324 562 1590 618 corpore,
1640 546 1733 601 sed
1773 560 2011 619 praesens
2058 543 2170 615 spi-

589 642 724 706 ritu,
769 640 957 695 eadem
1006 638 1323 710 subpliciter
1369 655 1467 709 per
1508 639 1758 693 vitarium
1800 653 1979 693 meum
2023 636 2175 689 illum

589 734 914 791 omnimodis
959 744 1165 804 repeto,
1212 744 1483 805 quatenus
1534 735 1666 790 mihi
1710 750 1948 789 annuere
1993 734 2174 803 digne-

590 825 748 890 mini,
779 826 823 881 si
854 826 966 882 htec
997 826 1246 882 voluntas
1276 843 1393 882 mea
1423 842 1585 898 penes
1622 843 1716 881 vos
1752 825 1959 896 impleri
1990 834 2173 895 queat,

590 930 693 974 nec
723 933 810 974 ne.
853 918 959 974 Sed
992 918 1185 975 scitote
1225 919 1352 988 quia
1402 919 1673 989 plerisque
1706 919 1758 972 in
1786 917 1929 987 locis
1952 916 2019 970 ab
2049 915 2176 986 ipsis

587 1011 754 1068 etiam
798 1012 1241 1069 archimandritis
1281 1012 1477 1083 oppida
1526 1028 1625 1068 sua
1664 1026 1877 1067 sursum
1905 1009 2076 1081 (197),
2118 1016 2176 1062 ut

586 1100 774 1157 seculo
813 1103 1079 1159 derelicto
1112 1102 1293 1158 saltim
1334 1104 1513 1157 nudus
1554 1102 1654 1158 sub
1696 1101 2013 1157 monachico
2048 1114 2176 1155 con-

585 1194 905 1250 versacione
941 1195 1193 1266 degerem
1227 1195 1372 1265 apud
1411 1194 1551 1250 illos.
1582 1195 1653 1248 At
1687 1210 1787 1265 ego
1819 1196 2009 1249 borum
2046 1191 2176 1247 nulli

586 1294 809 1341 actenus
845 1288 1135 1343 adsensum
1166 1288 1392 1358 praebui,
1421 1301 1595 1356 neque
1627 1284 1869 1342 facturus
1897 1300 2038 1347 sum,
2074 1283 2178 1337 Do-

585 1379 738 1435 mino
788 1381 916 1436 mihi
967 1383 1285 1454 sospitatem
1349 1381 1713 1446 concedente,
1770 1379 1947 1450 quoad
2010 1391 2178 1447 usque

584 1472 938 1538 responsione
968 1483 1145 1528 vestra
1178 1488 1416 1537 recrear,
1445 1469 1551 1537 vel,
1572 1471 1714 1541 quod
1738 1469 1900 1537 absit,
1929 1466 2174 1537 dcjiciar.

586 1561 724 1615 Sitio
758 1562 901 1616 enim
932 1562 1084 1619 valde
1112 1563 1317 1618 auditui
1348 1579 1379 1618 a
1410 1562 1565 1617 vobis
1593 1561 1866 1627 veniente,
1896 1558 2173 1629 quoniam,

584 1659 644 1705 ut
666 1652 928 1720 scriptum
951 1660 1052 1717 est,
1084 1653 1384 1709 vulneratus
1408 1654 1624 1708 caritate
1647 1662 1817 1707 vestra
1855 1667 1947 1721 ego
1974 1666 2091 1704 sum
2127 1660 2176 1703 et

583 1744 701 1797 ideo
724 1760 901 1800 amore
925 1746 1165 1817 luugueto
1195 1747 1364 1818 (198).
1394 1748 1562 1804 Maria
1586 1747 1735 1819 prius
1765 1744 2037 1817 peccatrix
2064 1745 2170 1800 hu-

585 1835 790 1891 militer
837 1838 903 1892 ad
949 1839 1111 1907 pedes
1154 1839 1319 1895 Jltesu
1371 1842 1622 1907 accessit,
1668 1839 1908 1896 lacrimis
1956 1837 2171 1910 rigavit,
2206 1821 2251 1882 Β

584 1926 796 1995 capillis
840 1929 995 1983 tersit
1040 1931 1282 1986 osculata
1333 1933 1559 2005 vestigia
1588 1932 1743 2001 ejus;
1782 1939 2003 2002 propter
2030 1929 2174 2000 quod

586 2018 785 2071 meruit
807 2020 996 2076 audire
1027 2023 1253 2077 Domino
1283 2023 1495 2080 dicente
1520 2039 1534 2078 :
1570 2025 1803 2079 Dimisso
1830 2034 1949 2078 sunt
1976 2024 2025 2078 ei
2050 2039 2175 2093 pec-

585 2118 704 2163 cata
750 2111 937 2179 multa,
979 2116 1227 2184 quoniam
1267 2117 1452 2172 dilexit
1502 2118 1723 2173 multum
1762 2118 1930 2192 (199).
1969 2118 2093 2174 Ideo
2122 2118 2175 2172 in

587 2202 688 2256 hac
719 2211 872 2272 parte
901 2205 1143 2275 exemplo
1174 2208 1247 2260 uti
1280 2208 1410 2263 mihi
1440 2225 1660 2266 necesse
1688 2220 1763 2265 est
1797 2210 1981 2280 pocius
2011 2225 2174 2280 quam

585 2288 730 2347 illius
767 2291 1033 2361 Pharisei,
1064 2297 1154 2366 qui
1183 2308 1505 2371 arroganter
1528 2301 1702 2371 ipsum
1730 2301 1932 2356 fontem
1963 2301 2177 2356 miseri-

584 2384 767 2440 cordie
820 2387 1102 2443 Dominum
1153 2392 1497 2460 reprehendit
1534 2394 1758 2449 dicens:
1790 2393 1910 2459 Hic,
1953 2393 1998 2447 si
2046 2403 2176 2448 esset

582 2477 855 2545 propheta,
879 2480 1030 2534 sciret
1062 2483 1236 2545 utique
1278 2499 1376 2553 que
1418 2493 1467 2538 et
1512 2484 1683 2555 qualis
1724 2495 1797 2538 est
1840 2484 2047 2550 mulier,
2080 2501 2176 2553 que

583 2567 752 2635 tangit
791 2584 933 2634 eum,
971 2571 1096 2640 quia
1135 2574 1399 2637 peccatrix
1434 2585 1507 2629 est
1543 2574 1713 2645 (200).
1746 2574 1879 2629 Nam
1925 2590 2039 2639 vos,
2083 2574 2173 2644 qui

583 2655 712 2713 huic
746 2661 943 2716 mundo
968 2663 1114 2717 exuti
1137 2673 1191 2719 et
1222 2665 1369 2735 digni
1406 2667 1536 2721 estis
1565 2667 1741 2722 ell'ecti
1769 2676 1826 2721 ut
1868 2669 2038 2722 nardo
2066 2668 2177 2737 spi-

582 2758 707 2807 eato
754 2753 928 2822 capud
967 2758 1354 2826 perungueatis
1397 2759 1632 2826 Domini,
1663 2771 1987 2830 Oportunum
2025 2759 2175 2814 vobis

582 2844 926 2915 cogitandum
958 2859 1041 2903 est
1076 2861 1134 2906 ut
1173 2850 1305 2907 illud
1336 2851 1538 2907 dictum
1574 2853 1785 2907 Domini
1818 2861 2175 2908 conservetur

581 2948 611 2987 a
639 2936 789 2993 vobis
812 2953 826 2991 :
859 2938 1037 2994 Estote
1062 2956 1185 3011 ergo
1210 2942 1592 3009 misericordes,
1616 2944 1749 2996 sicut
1770 2952 1820 2996 et
1844 2952 1993 3011 pater
2007 2952 2174 2996 vester

579 3027 880 3084 misericors
910 3042 987 3086 est
1018 3031 1194 3102 (901),
1228 3034 1320 3103 qui
1346 3032 1507 3088 solent
1534 3050 1686 3088 suum
1712 3034 1840 3088 oriri
1860 3034 1989 3103 facit
2018 3050 2174 3103 super

580 3116 741 3172 bonos
769 3129 816 3173 et
845 3120 1013 3176 malos
1037 3132 1085 3175 et
1108 3122 1240 3191 pluit
1276 3139 1431 3193 super
1446 3123 1625 3194 justos
1662 3134 1709 3177 et
1730 3123 1956 3194 injustas
1992 3122 2166 3194 (902).

2273 538 2342 593 ab
2368 553 2455 601 eo,
2495 548 2559 591 ac
2588 532 2761 588 Deum
2791 530 3057 587 veraciter
3101 543 3292 601 qnero,
3319 528 3442 581 sicut
3474 529 3534 582 ait
3556 529 3721 588 boni-un

2273 626 2561 684 Christus:
2596 624 2767 680 Petito
2806 631 2856 678 et
2906 621 3197 691 accipietis,
3244 620 3426 688 querito
3453 628 3494 672 et
3531 621 3720 684 inuictis,

2271 717 2477 789 pulsate
2500 726 2548 771 et
2578 716 2845 784 aperietur
2872 712 3045 776 vobis;
3090 711 3261 765 cumis
3286 710 3411 764 enim
3433 711 3508 780 qui
3530 713 3619 780 petit
3641 716 3723 766 mi-

2271 811 2365 879 pit,
2391 819 2438 863 et
2468 808 2558 877 qui
2583 807 2753 878 querit
2799 802 3013 867 inuenit,
3044 811 3092 855 et
3133 798 3360 869 pulsanti
3398 799 3724 869 apertum“),

2271 909 2319 953 et
2377 915 2483 953 non
2518 898 2664 951 dabit
2720 896 2800 950 illi
2847 911 2910 949 eo
2950 892 3090 963 quod
3130 891 3326 945 amicus
3358 890 3460 961 ejus
3488 889 3567 955 sit,
3598 906 3726 959 proptr:

2272 991 2641 1062 inprobitatem
2693 997 2869 1043 tamen
2913 986 3027 1056 ejus
3068 970 3247 1053 surget
3288 993 3334 1037 et
3361 983 3546 1036 dabitei
3571 984 3727 1052 quirqrid

2276 1082 2630 1138 necessarium
2659 1079 2904 1133 habuerit
2926 1075 3099 1148 (207).
3131 1074 3439 1146 Magnopem
3471 1072 3594 1143 cupio
3618 1074 3653 1126 is
3671 1078 3729 1127 hac

2274 1184 2429 1245 parte
2455 1171 2657 1229 imitari
2687 1171 3007 1241 prophetam
3030 1166 3341 1221 dicentem:
3360 1165 3398 1218 Α
3422 1163 3729 1233 ρηὶόιειιπιεά

2276 1278 2325 1321 te
2352 1264 2598 1332 clamaui,
2636 1262 2881 1327 Domine,
2903 1261 3031 1315 dum
3054 1259 3363 1314 auxiaretur
3380 1272 3461 1311 cor
3482 1272 3614 1310 atus:
3629 1255 3729 1323 (1118).

2273 1357 2589 1413 Ahnitatem
2633 1362 2875 1409 vestram
2910 1348 3112 1406 munde
3135 1357 3196 1404 et
3222 1346 3355 1403 mihi
3386 1347 3579 1401 minimo
3597 1361 3733 1399 succut-

2278 1456 2490 1504 rentem
2520 1446 2706 1502 divina
2735 1444 2955 1518 pietatis
2989 1441 3143 1499 calce
3189 1449 3344 1496 tenus
3382 1438 3734 1506 custodirem:-

2278 1550 2386 1597 tur.
2508 1548 2513 1552 ’

2983 1699 3164 1760 LVIII.

2610 1832 2905 1895 tunicatus
2943 1849 3012 1892 sn
3050 1836 3257 1890 autem
3297 1836 3523 1887 meum.
3578 1844 3583 1851 '
3618 1844 3623 1853 ‘

2352 2001 2560 2057 Domno
2608 1993 3057 2055 reverentissimo
3114 2000 3305 2062 atque
3332 1986 3580 2044 carissimo
3610 1997 3674 2038 seu
3701 1981 3741 2035 ab

2277 2091 2531 2149 omnibus
2572 2087 2853 2146 ortodoxis
2886 2084 3295 2157 amplectando,
3333 2078 3579 2149 multiplici
3599 2076 3741 2132 scicntia

2277 2184 2663 2252 variarumque
2716 2180 2979 2234 virtutum
3026 2176 3213 2247 graeia
3260 2171 3521 2243 insigniter
3555 2168 3741 2225 decorata.

2278 2276 2391 2341 illo,
2421 2275 2512 2345 qui
2553 2274 2607 2328 in
2636 2272 2889 2327 erunibus
2929 2267 3200 2340 profunda
3230 2264 3451 2323 solercia
3493 2263 3577 2318 hac
3610 2272 3739 2314 simul

2276 2366 2553 2439 v'gilantia
2597 2363 2903 2421 necessaria
2934 2375 3041 2431 que
3079 2357 3369 2415 animabus
3389 2364 3436 2411 et
3460 2354 3588 2409 utilia
3606 2350 3739 2418 sapite

2280 2468 2362 2513 ter
2398 2454 2685 2517 discernis,
2716 2467 2818 2524 ego
2848 2450 2941 2506 ille
2973 2448 3209 2519 exiguus
3244 2447 3439 2501 advena
3662 2454 3740 2508 pte

2277 2549 2379 2603 suli
2406 2546 2829 2603 sincerissimam
2868 2544 2923 2598 in
2968 2542 3206 2598 Domino
3247 2541 3355 2595 Deo
3382 2547 3552 2593 eterno
3579 2533 3740 2588 saluum

2275 2642 2387 2712 Age
2418 2638 2556 2710 iam,
2587 2652 2620 2693 ο
2651 2651 2804 2692 meus
2842 2633 3122 2690 carissime
3151 2631 3358 2700 frater,
3389 2645 3482 2701 ego
3508 2638 3551 2682 te
3574 2622 3740 2695 sapientis

2278 2733 2507 2803 dapibus
2537 2730 2780 2798 impleari
2811 2727 2989 2796 cupio,
3020 2733 3076 2778 ut
3122 2732 3181 2780 te
3228 2722 3485 2795 palmitem
3524 2719 3619 2772 vitis
3637 2716 3738 2769 electa

2276 2824 2493 2881 celestis
2532 2832 2797 2893 expurget
2854 2819 3097 2882 colonus,
3129 2832 3263 2872 cum
3325 2815 3505 2872 divinis
3541 2809 3661 2866 fontis
3683 2808 3739 2859 iu-

2276 2919 2467 2976 bribus
2494 2917 2662 2974 fueris
2693 2917 2997 2976 inroratus;
3054 2927 3269 2983 nosque
3314 2924 3414 2962 una
3449 2905 3593 2973 adque
3626 2898 3737 2955 eadm

2276 3010 2514 3082 paradisi
2545 3007 2834 3063 amoenitas
2865 3007 3105 3076 recipere
3127 2996 3511 3073 exopt[am]ns,
3534 3006 3580 3048 ut
3602 2993 3639 3046 in
3657 2988 3741 3058 regii

2277 3104 2492 3161 celestis
2523 3101 2772 3159 libertate
2795 3098 3031 3171 gaudere
3054 3113 3185 3153 cum
3216 3093 3419 3150 sanctis
3448 3091 3493 3144 in
3519 3084 3742 3142 etiamsin-

580 3211 652 3265 At
687 3227 804 3283 vos,
841 3213 931 3284 qui
970 3214 1141 3269 instar
1167 3225 1441 3271 astrorum
1488 3216 1580 3271 Dei
1626 3216 1856 3271 rutilans
1901 3206 2170 3289 inlu[mi]-

2279 3195 2529 3263 titudine,
2554 3193 2646 3251 ubi
2665 3193 2808 3248 nulla
2837 3200 2922 3248 est
2952 3206 3077 3245 vere
3106 3183 3499 3261 bea[ti]tudinis
3519 3173 3739 3289 inmutauit

579 3310 775 3357 nantes
818 3312 1046 3369 terram,
1099 3304 1242 3361 sicut
1288 3307 1366 3361 ait
1417 3306 1724 3364 Dominus:
1768 3308 1867 3364 Vos
1912 3310 2035 3364 estis
2079 3308 2174 3363 lux

578 3392 762 3447 mundi
798 3393 967 3464 (205),
1000 3395 1342 3454 considerate
1367 3398 1494 3468 quia
1542 3414 1647 3453 non
1680 3399 1853 3454 solum
1885 3401 1937 3453 in
1974 3399 2174 3454 monti-

578 3481 681 3538 bus
727 3492 786 3538 et
832 3484 1061 3555 campis,
1106 3484 1259 3542 silvis
1304 3495 1360 3543 et
1407 3489 1579 3557 pratis
1617 3490 1943 3553 amantibus,
1992 3489 2086 3544 sed
2120 3488 2172 3543 in

577 3574 907 3644 paluﬂribus
932 3588 986 3632 et
1023 3577 1222 3633 cloacis
1261 3580 1474 3636 radiant
1516 3581 1668 3637 locis.
1718 3581 2006 3651 Apostolus
2041 3598 2175 3652 quo-

579 3680 685 3735 que
721 3668 772 3721 in
816 3668 1164 3725 inferioribus
1202 3671 1644 3727 condescendens
1679 3672 1877 3728 Christi
1914 3672 2174 3727 membris

579 3758 789 3827 pariter
821 3762 1148 3829 conpaciens
1185 3763 1353 3818 dicit:
1384 3763 1450 3817 lu
1487 3765 1643 3818 domo
1668 3765 1844 3819 divitis
1875 3782 1979 3821 non
2001 3766 2173 3820 solum

580 3863 742 3903 aurea
779 3859 825 3901 et
864 3863 1134 3918 argentea,
1165 3854 1256 3906 sed
1284 3867 1330 3909 et
1364 3855 1534 3925 lignea
1565 3866 1613 3910 et
1643 3856 1830 3923 fictilia
1859 3867 1981 3912 sunt
2022 3874 2172 3924 vasa,

580 3947 630 3991 et
684 3938 830 3991 aliud
874 3941 1081 4017 quidem
1114 3959 1202 3997 vas
1245 3945 1301 3997 in
1337 3945 1569 4011 honore,
1622 3947 1770 4002 aliud
1806 3948 1861 4001 in
1900 3961 2172 4004 contume-

580 4027 710 4081 liam
741 4028 914 4099 (204).
944 4030 1062 4099 Ipse
1095 4047 1313 4103 quoque
1360 4034 1495 4090 alias
1535 4037 1701 4091 inseri
1747 4053 1845 4094 nos
1881 4048 2093 4095 ortatur
2119 4040 2172 4095 in

578 4116 777 4173 bonam
801 4119 998 4173 olivam
1025 4120 1203 4193 (205);
1236 4128 1369 4178 nam
1390 4124 1515 4194 quia
1537 4125 1772 4182 oleaster
1795 4129 1999 4184 inutilis
2027 4145 2171 4197 sum,

580 4207 786 4263 idcirco
828 4209 990 4265 inseri
1032 4212 1190 4280 cupio
1232 4212 1285 4266 in
1328 4214 1523 4268 bonam
1554 4215 1773 4271 olivam.
1805 4218 2034 4276 Omissis
2057 4218 2171 4289 jam

581 4296 833 4351 omnibus
861 4296 1145 4352 arboribus
1185 4296 1481 4369 frugistris,
1517 4302 1652 4358 adeo
1682 4318 1778 4360 vos
1814 4314 1869 4360 et
1911 4305 2175 4376 adloquar

581 4382 651 4438 de
676 4384 820 4438 ulmo
845 4393 898 4438 et
929 4384 1115 4449 salice,
1142 4387 1265 4454 quia
1293 4402 1414 4442 cum
1442 4388 1556 4458 ipse
1580 4391 1813 4447 fructum
1839 4410 1942 4450 non
1973 4394 2170 4460 lerant,

580 4482 797 4544 portant
840 4482 1018 4529 tamen
1061 4473 1294 4529 iructum
1335 4476 1495 4531 simul
1544 4494 1665 4533 cmn
1712 4481 1839 4536 vite.
1891 4482 1995 4537 Sed
2042 4484 2168 4553 quia

2278 3288 2576 3359 corruptio,
2608 3302 2706 3357 per
2725 3284 3005 3341 caritatem
3039 3281 3214 3338 solam
3252 3277 3448 3336 Christi
3470 3274 3603 3350 Ihesu
3626 3268 3738 3324 adis:

2275 3380 2466 3436 venire
2519 3376 2813 3432 valeamus.
2871 3374 3012 3428 Ante
3057 3372 3247 3426 omnia
3290 3370 3527 3425 debemus
3566 3361 3617 3418 ad
3651 3360 3738 3413 istst!

2277 3473 2562 3527 caritatem
2591 3466 2943 3528 contendere,
2973 3472 3031 3517 ut
3059 3471 3183 3533 post
3220 3460 3455 3517 seculum
3485 3461 3737 3527 regularem

2276 3563 2498 3619 Christo
2540 3573 2822 3632 possemus
2863 3556 2982 3613 sine
3026 3554 3133 3609 line
3183 3553 3239 3608 in
3291 3561 3471 3608 eterna
3510 3540 3739 3603 lectitatis.

2275 3654 2505 3724 Propter
2530 3652 2672 3723 quod
2708 3651 2938 3706 obsecro
2966 3656 3025 3701 ut
3051 3646 3217 3712 hujus
3247 3643 3468 3716 epistole
3501 3637 3626 3694 verba
3647 3632 3739 3724 limi-

2275 3720 2432 3804 teret
2460 3720 2826 3802 indubitanter
2853 3750 3057 3805 teneas,
3086 3738 3214 3807 quia
3239 3736 3367 3792 levis
3393 3744 3439 3790 et
3466 3727 3643 3801 inﬁdelis
3658 3720 3741 3777 tili-

2274 3839 2340 3896 lis
2368 3849 2441 3895 est
2469 3836 2710 3909 ﬂuctibus
2758 3834 2922 3887 maris
2962 3840 3010 3885 et
3055 3829 3324 3883 arundine
3376 3824 3507 3880 amici
3536 3829 3647 3875 scuto

2275 3941 2383 3986 tato
2433 3929 2604 4001 (209).
2654 3925 2760 3981 Pro
2810 3924 2914 3979 hoc
2960 3922 3166 3977 suadeo
3213 3919 3345 3985 tibi,
3393 3916 3439 3971 si
3475 3915 3547 3968 vis
3577 3914 3740 4001 tam:

2276 3992 2456 4094 spatio
2479 3992 2634 4075 divisi
2660 4016 2829 4072 simus
2852 4014 3028 4084 adque
3051 4022 3457 4081 sequestramur
3478 4009 3524 4062 in
3544 3992 3742 4093 vallem

2275 4122 2328 4169 et
2370 4114 2471 4167 celi
2513 4110 2745 4181 incquali
2782 4107 3000 4163 climate
3034 4104 3381 4169 dirimemus,
3409 4099 3516 4172 pari
3545 4094 3742 4150 unum

2275 4204 2621 4259 bulacionum
2651 4200 3023 4274 depremimur
3053 4197 3190 4254 Iace.
3216 4197 3445 4266 Propter
3469 4188 3591 4261 quod
3606 4182 3743 4280 dil'f'

2278 4296 2484 4351 tissime
2509 4295 2774 4365 deprecor
2806 4309 2902 4349 vos
2934 4291 3011 4346 uti
3035 4306 3136 4346 nos
3160 4289 3465 4346 orationum
3489 4290 3632 4335 mutua
3651 4282 3743 4321 mf

2275 4386 2509 4443 situdinc
2542 4385 2745 4456 jugiter
2783 4384 3119 4447 muniantur,
3159 4394 3265 4435 nos
3305 4374 3657 4456 reminiscentes

2276 4480 2451 4536 monis
2494 4454 2737 4543 Domini,
2779 4491 2886 4546 que
2934 4474 3070 4528 dixit
3117 4473 3262 4527 sicut
3309 4455 3632 4524 scnserit:£t
3664 4450 3741 4503 IN

580 4566 836 4634 queritati
876 4568 1009 4622 estis
1047 4567 1445 4625 multitudinem
1492 4570 1670 4640 inopia
1718 4576 2009 4629 sustentari
2058 4552 2163 4630 non
2198 4564 2242 4622 D
2269 4572 2408 4638 dico,
2448 4570 2524 4625 rel
2566 4580 2668 4623 tres
2709 4585 2867 4639 super
2910 4578 3105 4621 terram
3151 4564 3215 4617 de
3264 4560 3408 4616 omni
3448 4574 3497 4610 τε
3539 4552 3742 4640 ιιιείξαέ

579 4670 760 4727 posse,
809 4658 1021 4712 coniido
1065 4658 1117 4712 in
1169 4658 1360 4724 Deum,
1396 4660 1520 4725 quia
1575 4662 1691 4732 ipse
1735 4678 1830 4717 vos
1878 4663 2169 4735 instigante

580 4756 832 4817 receptus
870 4747 1021 4803 fuero
1049 4764 1079 4802 a
1110 4750 1281 4805 vobis.
1333 4748 1446 4806 Non
1496 4764 1590 4805 ero
1644 4751 1795 4807 vobis
1837 4753 2170 4823 inplacabilis

580 4855 756 4911 neque
812 4840 1038 4899 nimium
1092 4843 1268 4900 ooeri.
1306 4842 1425 4901 Non
1477 4846 1621 4901 enim
1671 4855 2044 4916 paupertatem
2087 4847 2171 4904 vel

649 5066 800 5139 {197)
822 5066 862 5139 ll
889 5066 1003 5139 faut
1028 5066 1439 5139 probablement
1464 5067 1713 5139 corriger
1733 5084 1924 5139 suasus
1947 5084 2085 5123 sum.

637 5137 796 5259 s(’198)
824 5137 1033 5193 Cantic.
1078 5137 1366 5204 canticor.,
1412 5154 1532 5207 cap.
1574 5137 1647 5203 ll',
1697 5138 1725 5210 §
1775 5138 1850 5203 5;
1897 5155 2017 5209 cap.
2075 5138 2160 5206 IV,

647 5276 792 5349 (199)
822 5278 1025 5349 Evang.
1057 5292 1168 5334 sec.
1200 5276 1425 5349 Lucam,
1462 5293 1584 5348 cap.
1618 5279 1728 5343 VII,
1763 5295 1814 5332 v.
1840 5279 1928 5333 47.

649 5347 796 5417 (200)
826 5347 1053 5414 Ibidem,
1075 5362 1195 5417 cap.
1222 5347 1330 5414 VII,
1356 5363 1410 5401 ν.
1437 5350 1523 5404 59.

648 5415 797 5487 (illi)
829 5418 1054 5484 Ibidem,
1075 5415 1193 5487 cap.
1214 5417 1315 5487 ,Vl,
1345 5433 1398 5471 v.
1423 5418 1513 5473 56.

648 5484 797 5559 ($93.)
826 5488 1027 5559 Evang.
1063 5484 1173 5544 sec.
1207 5486 1539 5559 Manlianum,
1569 5504 1687 5559 cap.
1720 5490 1782 5556 ν,
1816 5506 1866 5543 v.
1890 5490 1981 5546 45.

646 5555 798 5629 (eos)
824 5555 1052 5629 ibidem,
1081 5557 1389 5629 (κειμένῃ.
1412 5558 1499 5613 14.

645 5625 795 5752 (ξὲι)
823 5624 992 5695 Epist.
1026 5624 1249 5685 second.
1283 5627 1347 5682 Β.
1377 5628 1525 5684 Pauli
1554 5631 1619 5686 ad
1649 5629 1910 5697 Timoth.,
1938 5646 2057 5704 cap.
2096 5631 2162 5699 Il,

574 5713 629 5753 Υ.
669 5713 761 5752 Ἅυ.

2273 4633 2535 4728 petierint,
2578 4658 2672 4726 fiat
2714 4633 2820 4710 illis
2861 4674 2894 4710 α
2939 4664 3089 4724 patre
3118 4652 3298 4723 (211),
3338 4659 3387 4703 et
3413 4633 3741 4723 'JWW'W

2278 4751 2457 4805 valere
2484 4750 2537 4803 in
2562 4749 2802 4812 Christo,
2832 4748 2988 4819 cujus
3029 4748 3133 4801 istc
3171 4744 3428 4799 celestem
3453 4733 3649 4804 sophian
3670 4732 3743 4776 5"“

2277 4844 2579 4916 amplector
2614 4861 2627 4897 :
2654 4859 2755 4914 ego
2778 4841 2866 4897 ille
2892 4840 3222 4913 epigraphus
3247 4834 3433 4892 curavi
3462 4828 3542 4884 tibi
3558 4820 3742 4879 οιιτῑῐσθ

2340 5062 2492 5134 (ἓοδ)
2516 5061 2689 5133 Epist.
2731 5060 2793 5115 Β.
2839 5058 2992 5114 Pauli
3029 5058 3097 5113 ad
3151 5056 3406 5119 Romam,
3434 5065 3540 5119 cap.
3563 5039 3636 5103 XI.
3656 5050 3687 5085 τι
3708 5024 3742 5080 ’ἶ

2271 5135 2490 5275 Θιέἂί)
2540 5202 2746 5274 Evang.
2808 5217 2921 5257 sec.
2987 5199 3326 5260 Matthteum,
3380 5206 3495 5262 cap.
3529 5184 3634 5243 Yll,
3667 5168 3741 5225 ποῖ

2271 5277 2489 5414 el(£67)
2528 5344 2733 5414 Evang.
2763 5356 2880 5414 sec.
2925 5340 3152 5414 Lucam,
3184 5352 3307 5407 cap.
3338 5332 3424 5398 XI,
3448 5347 3494 5385 v.
3515 5330 3559 5383 8.

2345 5411 2494 5484 (208)
2523 5411 2722 5469 Psaltti.
2752 5411 2878 5484 LX,
2898 5428 2945 5464 v.
2978 5412 3032 5484 3.

2344 5463 3063 5555 zéaés'a‘agi1'sgjguau,
3107 5479 3152 5544 ι,
3296 5476 3355 5531 θ.
3389 5469 3640 5531 -Εηυε-
3675 5463 3737 5505 εε-

2272 5552 2609 5618 Mattlta'nm,
2638 5570 2758 5622 cup.
2796 5552 2887 5612 XI,
2917 5568 2967 5604 v.
3002 5552 3054 5604 7.

3101 5620 3344 5689 corriger
3389 5629 3449 5670 ce
3496 5613 3671 5681 [HW
3703 5602 3739 5641 δ’

2272 5696 2435 5751 Iisant
2458 5694 2755 5749 intervallo.
3582 5741 3632 5756 η..

2344 5746 2749 5836 (ῗὴίίνίίέὖιιιιεζ
2776 5779 2863 5820 sec
2893 5762 3180 5818 Joannem.
3215 5774 3330 5829 cap.
3360 5752 3490 5818 XVI,
3516 5764 3557 5801 ι.
3580 5746 3645 5796 ἃδε
