3892 6318
112 276 239 334 Mli!

100 487 167 541 de
198 481 494 554 religionis.
519 479 826 536 Salutamus
850 488 901 535 te
926 477 1125 534 obnixe
1155 484 1209 533 et
1240 492 1335 548 per
1357 484 1685 547 perlatorem

104 576 283 645 aliqua
310 571 575 631 exemiola
606 571 699 625 tibi
730 570 1126 626 mandavimus.

818 681 953 739 LIX.

371 790 661 835 INDICULUI
703 788 987 830 ABBA'I'ISSA
1024 786 1094 828 AD
1134 788 1404 830 ΑΒΒᾹΤΕΙ.

166 867 383 922 Domno
428 866 524 922 Dei
562 865 768 920 fanmlo
791 870 844 919 et
883 878 913 918 a
945 863 1103 920 nobis
1140 879 1265 919 cum
1318 863 1555 919 maxima
1589 879 1682 919 ve-

96 959 385 1015 neratione
432 959 724 1021 plurimum
776 956 1052 1028 diligendo
1099 957 1298 1013 domno
1351 957 1441 1013 illo
1473 956 1680 1025 abbati,

89 1055 287 1127 exigua
338 1054 584 1111 omnium
637 1053 962 1108 famularum
1017 1051 1220 1108 Christi
1287 1061 1345 1108 et
1378 1060 1579 1113 vestra
1624 1050 1681 1107 in

87 1147 345 1203 omnibus
380 1147 518 1219 bene
542 1146 769 1218 cupiens
797 1143 880 1201 vel
907 1157 1100 1202 omnes
1133 1143 1187 1200 in
1222 1142 1441 1209 Christo
1466 1157 1682 1200 sorores

93 1238 407 1293 servientes
442 1247 658 1293 vestras
686 1236 980 1308 plurimum
1017 1237 1071 1293 iu
1110 1236 1340 1293 Domino
1379 1235 1678 1293 almitatem

85 1338 327 1385 vestram
378 1329 690 1385 amabiliter
734 1337 791 1384 et
836 1326 1074 1383 dulciter
1107 1326 1349 1382 salutare
1395 1326 1680 1395 praesumi-

82 1434 205 1472 mus
242 1431 418 1488 usque
447 1420 514 1473 ad
553 1417 808 1489 gaudium
844 1415 1261 1486 sempiternum.
1295 1413 1675 1484 Cognuseatis,

83 1510 384 1571 carissimi,
428 1510 573 1579 quod
608 1510 662 1564 in
707 1508 829 1565 istis
862 1507 1068 1564 sanctis
1101 1507 1296 1563 diebus
1333 1505 1511 1571 omnis
1546 1521 1675 1560 con-

80 1600 330 1672 gregatio
357 1600 675 1671 psalterium
703 1613 802 1672 per
826 1612 1019 1655 omnes
1043 1597 1156 1653 dies
1199 1612 1405 1653 canens
1440 1612 1539 1668 pro
1569 1595 1676 1651 vita

80 1702 137 1749 et
177 1692 486 1750 stabilitate
522 1701 726 1761 vestra,
775 1700 837 1748 ut
883 1690 1145 1747 Dominus
1189 1704 1307 1746 eam
1349 1704 1676 1747 conservare

82 1782 333 1854 dignetur
353 1782 516 1840 anuis
544 1782 749 1851 multis,
782 1792 838 1840 et
863 1780 1306 1843 consolacionem
1330 1790 1589 1839 vestram.
1614 1780 1681 1836 Et

81 1890 180 1930 uos
220 1889 320 1945 pro
363 1874 571 1946 grande
611 1874 807 1931 fiducia
853 1873 920 1928 ad
951 1880 1164 1928 vestros
1210 1870 1543 1941 diregimus;
1579 1870 1676 1926 de-

85 1976 379 2036 precamur
410 1966 561 2021 vobis
595 1964 963 2038 sub[p]|icitcr
990 1973 1048 2019 ut
1073 1964 1315 2035 iubeatis
1353 1964 1512 2020 nobis
1538 1979 1672 2020 con-
1702 2022 1705 2023 ν

79 2056 258 2112 solare
286 2056 598 2126 quantitate
628 2056 697 2111 de
721 2060 846 2123 hoc,
879 2066 939 2112 ut
973 2055 1179 2127 aliquid
1217 2057 1285 2112 de
1317 2065 1368 2113 te
1394 2056 1675 2131 h[abe]am

78 2148 144 2201 ad
199 2159 394 2205 sancto
442 2147 558 2216 illo,
605 2148 735 2217 quia
792 2148 989 2209 exinde
1041 2150 1248 2221 gramle
1293 2150 1687 2221 necessitatem

81 2239 440 2295 habebimus.
472 2240 820 2306 Amabiliter,
843 2240 1156 2298 dulcissime
1189 2242 1391 2298 domno
1413 2251 1469 2297 et
1494 2249 1672 2312 pater,

78 2333 238 2389 annis
285 2333 476 2389 ιιιιιιιίε
502 2333 571 2389 de
608 2342 788 2391 vestra
823 2334 1061 2405 gaudere
1103 2350 1416 2395 mereamur
1445 2350 1675 2407 prospe-

81 2424 242 2481 ritate
269 2431 326 2480 et
351 2421 635 2479 felicitate.

276 2661 573 2704 INDICULUI
613 2661 681 2700 AD
719 2660 965 2701 ΛΒΒΔΤΕΙ
1007 2661 1106 2700 νει.
1146 2662 1462 2703 EPISCOPUH.

149 2736 455 2808 Religionis
528 2736 766 2793 culmine
834 2737 1131 2807 conspicue
1188 2737 1344 2792 titulo
1412 2739 1673 2794 decorate

78 2829 276 2887 domno
297 2830 482 2888 abbati
505 2829 585 2885 vel
610 2830 864 2901 episcopo
885 2829 996 2896 illo,
1016 2843 1116 2899 ego
1132 2828 1219 2884 ille
1241 2828 1476 2886 famulus
1492 2838 1673 2887 vester

82 2922 133 2976 in
165 2924 425 2987 onmibus
470 2923 723 2994 proprius
764 2938 955 2980 servus
995 2921 1081 2977 vel
1131 2935 1324 2983 omnes
1368 2922 1419 2978 in
1451 2922 1671 2980 Christo

81 3014 392 3070 servientes
416 3014 583 3070 vestri
614 3012 833 3087 plurimi
880 3012 932 3068 in
961 3012 1193 3069 Domino
1221 3012 1526 3069 altnitatem
1574 3028 1670 3071 ve-

76 3112 251 3157 stram
271 3103 512 3160 salutare
536 3105 885 3175 presuminus
912 3119 1084 3174 usque
1127 3104 1196 3161 ad
1230 3104 1490 3176 gaudium
1524 3120 1669 3162 sem-
1693 3092 1742 3157 C

73 3194 376 3265 piternum.
422 3194 805 3265 Cogn‘uscatis,
861 3195 1105 3267 piissime
1134 3205 1308 3266 pater,
1356 3196 1520 3267 quale
1574 3212 1671 3252 ne-

75 3285 343 3341 cessitate
366 3295 622 3356 :propter
646 3287 750 3342 hoc
780 3285 936 3341 vobis
959 3286 1322 3356 deprecamur
1350 3286 1677 3357 subpliciter

73 3388 135 3434 ut
160 3379 407 3451 iubeatis
425 3379 697 3436 consolari
727 3380 795 3434 de
826 3379 926 3434 hac
957 3378 1307 3445 necessitate,
1349 3379 1477 3450 quia
1511 3380 1671 3437 nobis

72 3473 454 3526 necessarium
486 3481 590 3527 est.
627 3458 1007 3542 Benignissimi
1034 3471 1260 3538 domini,
1291 3472 1437 3544 agite
1463 3473 1667 3541 taliter,

70 3571 131 3617 ut
160 3561 320 3619 vobis
349 3571 667 3634 permaneat
694 3562 894 3619 mercis
927 3572 983 3619 et
1011 3562 1190 3618 oratio
1211 3564 1568 3636 setnpiterna.

799 3698 936 3757 LXI.

532 3805 664 3846 tri-zu
704 3806 870 3847 Αιιυιί
912 3788 1220 3848 Ianicuwu.

141 3881 449 3954 Religionis
475 3884 715 3943 culmine
761 3886 1071 3958 conspicua:
1105 3886 1262 3942 titulo
1296 3887 1553 3944 decorate
1592 3886 1665 3943 illi

70 3975 237 4042 abba,
262 3990 367 4045 ego
410 3975 600 4034 ultima
626 3978 916 4034 verculana
945 3978 1101 4051 (212)
1138 3988 1321 4036 vestra
1371 3979 1666 4051 plurimum

75 4064 239 4119 vobis
300 4064 356 4119 in
410 4064 641 4121 Domino
684 4067 998 4124 amabiliter
1044 4077 1102 4124 et
1153 4068 1391 4126 dulciter
1427 4070 1667 4127 salutare

75 4169 343 4223 presumo
372 4172 544 4227 usque
571 4157 638 4211 ad
663 4158 918 4227 gaudium
946 4160 1360 4230 sempiternum,
1388 4170 1447 4218 et
1469 4162 1676 4233 depre-.

67 4262 165 4303 cor
209 4247 535 4319 subpliciter
583 4258 642 4303 ut
692 4248 932 4318 iubeatis
985 4267 1071 4306 me
1112 4252 1329 4307 infirma
1373 4253 1427 4309 in
1470 4255 1665 4310 vestris

67 4339 253 4395 sacris
297 4339 640 4396 orationibus
689 4356 1018 4406 memorare,
1068 4343 1194 4413 quia
1248 4358 1373 4414 ego,
1414 4345 1664 4415 quamvis

1360 266 1717 326 FORMULAE
1757 267 2097 326 VETERES.

106 399 172 453 de
196 395 313 466 agla
336 390 489 449 crafa
520 386 696 461 adque
718 390 784 444 de
810 386 1007 469 inclitis
1032 384 1164 441 viris
1197 384 1481 441 catholicis
1512 385 1685 454 adque
1714 387 1787 459 Ai

3234 271 3377 331 ue:
3394 224 3403 233 ’

2452 389 2459 394 ’
2496 385 2654 443 LXII.

2359 477 2515 552 [Sine
2545 478 2799 552 rubrica.|

1857 563 2188 623 Memorabili
2237 578 2401 641 atque
2423 570 2886 628 excellentissimo
2911 570 3029 628 viro
3072 571 3371 628 mitissimo

1787 654 2000 725 placida
2031 658 2275 717 bonitate
2299 678 2512 720 necnon
2541 663 2826 721 honestate
2866 673 2923 721 et
2956 679 3172 722 morum
3197 665 3373 737 digni-

1690 764 1695 769 ·
1786 758 1895 809 tate
1922 767 2046 809 cum
2072 752 2221 807 omni
2262 754 2682 811 mansuetudine
2724 755 2935 827 repleto
2966 765 3025 812 et
3062 757 3266 814 Christi
3297 758 3373 812 fa-

1784 845 1991 902 mulatu
2027 846 2334 902 insaciabili
2375 847 2477 914 illi,
2522 847 2612 903 ille
2657 847 2893 918 lnequali
2943 850 3372 920 comparacione

1784 932 2098 993 bonitatum
2134 945 2442 993 vestrarum
2468 937 2700 1009 iuvenili
2743 946 2889 995 etate
2936 939 3159 1004 ﬂorens,
3191 949 3371 996 tamen

1785 1025 1961 1084 ﬁdelis
1995 1036 2052 1084 et
2093 1028 2233 1084 bene
2267 1027 2497 1084 devoms
2519 1040 2704 1086 vester
2734 1030 3126 1101 perpetualiter
3162 1032 3369 1098 existit,
3425 1034 3429 1039 '

1782 1118 2016 1175 salutem
2071 1120 2368 1190 optabilem
2423 1130 2479 1176 et
2539 1130 2985 1191 perseverantem
3041 1122 3264 1178 mandat
3313 1124 3369 1179 in

1683 1226 1686 1232 λ
1782 1211 2031 1268 Domino.
2097 1213 2336 1284 Epistula
2397 1215 2700 1271 reverentie
2764 1214 3116 1286 dignitatisve
3172 1226 3371 1274 vestrae

1780 1318 1951 1373 usque
1994 1304 2062 1358 ad
2118 1304 2381 1361 vilitatem
2404 1308 2661 1376 personae
2705 1320 2839 1361 mete
2882 1308 3151 1379 pervenit,
3205 1323 3371 1379 quam

1782 1401 1892 1450 tota
1937 1395 2061 1451 nisu
2094 1396 2394 1469 perlegens,
2424 1398 2475 1452 in
2523 1398 2632 1454 imo
2680 1397 2864 1456 cordis
2912 1400 3117 1457 recludi
3153 1402 3367 1469 volens,

1779 1500 1901 1542 eam
1970 1489 2153 1560 sepius
2205 1490 2455 1547 iterando
2506 1490 2560 1545 in
2612 1500 2827 1547 tenuem
2882 1491 3067 1548 locum
3109 1494 3372 1549 mem‘orie

1781 1596 1901 1637 mee
1948 1582 2265 1652 recondere,
2309 1583 2435 1656 quia
2479 1583 2820 1641 dulcedinem
2861 1584 3037 1643 mellis
3084 1586 3138 1642 in
3190 1585 3371 1642 fauces

1783 1686 1933 1731 meas
1958 1675 2217 1747 portavit,
2265 1675 2568 1749 magistrali
2618 1677 3014 1750 compositione
3063 1677 3283 1735 suffulta
3312 1689 3370 1735 et

1782 1764 2022 1822 maxima
2074 1768 2319 1838 piissima
2365 1769 2771 1826 ammouicione
2803 1770 3039 1828 mentem
3080 1771 3369 1843 parvitatis

1778 1855 2105 1916 confortavit
2130 1869 2184 1917 et
2211 1860 2460 1932 exemplo
2490 1860 2647 1918 senili
2673 1859 3019 1930 iuventutem
3042 1878 3217 1918 meam
3246 1864 3367 1918 edi-

1781 1946 1979 2005 licavit.
2008 1949 2351 2024 Quapropter
2380 1961 2675 2024 cognoscat
2701 1954 3051 2025 sagacissima
3079 1956 3366 2025 prudentia

1783 2049 1959 2098 vestra
1995 2057 2083 2099 me
2104 2059 2211 2101 non
2240 2059 2405 2116 parva
2429 2044 2678 2117 angustia
2710 2046 2966 2111 coartari,
2996 2047 3122 2118 quia
3155 2045 3209 2101 in
3238 2047 3363 2117 qui-

1776 2134 1877 2190 bus
1905 2134 2089 2192 verbis
2113 2136 2288 2192 eidem
2317 2134 2588 2192 dulcedini
2616 2149 2902 2193 occurram
2930 2152 3037 2193 non
3069 2137 3289 2194 invenio
3310 2148 3366 2194 et

1758 2236 1836 2281 ut
1858 2228 2203 2298 sponsionem
2236 2229 2654 2286 convenientem
2697 2229 2800 2287 sibi
2838 2244 3080 2304 congruo
3110 2245 3365 2287 sermone

1774 2315 2083 2385 perfungat,
2138 2317 2211 2372 ita
2259 2319 2544 2374 dumtaxat
2595 2328 2655 2375 ut
2697 2334 2926 2391 opacam
2969 2320 3362 2391 benignitatem

1775 2417 2011 2464 vestram
2058 2409 2357 2465 humillima
2410 2410 2569 2469 laude
2610 2411 2913 2484 amplectar
2948 2422 3005 2469 et
3037 2412 3364 2484 plenitudini

1774 2500 2019 2571 opusculi
2066 2502 2168 2557 mei
2197 2502 2582 2558 honestissime
2609 2510 2664 2558 et
2686 2512 2955 2574 Oportune
2979 2514 3178 2560 metam
3212 2503 3365 2573 inpo-

1684 2640 1689 2645 .
1780 2609 1929 2660 nam,
1961 2604 2021 2650 ut
2067 2593 2255 2651 favore
2279 2594 2627 2666 patcruitatis
2650 2605 2831 2652 vestre
2873 2596 3158 2652 commoda
3186 2603 3242 2651 et
3280 2595 3364 2650 in-

1776 2683 2222 2755 reprehensibilis
2249 2684 2501 2739 donetur.
2534 2685 2610 2740 De
2648 2694 2834 2741 cetero
2863 2684 3119 2755 cognovit
3145 2683 3375 2740 almitas‘i

1774 2786 1967 2831 vestrm
2009 2791 2094 2830 me
2129 2775 2182 2831 in
2224 2776 2501 2847 presentia
2532 2775 2813 2831 vilissimis
2855 2776 3096 2832 vestibus
3138 2774 3357 2833 indueri

1772 2878 1828 2924 et
1857 2868 1931 2923 nil
1978 2868 2320 2939 pargamenis
2348 2869 2447 2933 uti,
2500 2868 2606 2925 nisi
2638 2868 2767 2923 mihi
2807 2866 3125 2926 excellentia
3159 2877 3351 2925 vestra

1772 2974 2035 3020 consueta
2085 2976 2189 3034 ope
2228 2964 2514 3019 subveniat
2563 2974 2725 3034 atque
2774 2979 2803 3018 a
2843 2972 2998 3035 parte
3050 2963 3359 3033 largissima

1774 3072 1935 3111 manu
1980 3057 2087 3122 his,
2141 3056 2193 3111 in
2237 3057 2434 3126 quibus
2481 3057 2636 3125 inops
2675 3066 2731 3112 et
2759 3072 2966 3127 pauper
2995 3058 3201 3120 videor,
3242 3057 3355 3110 fre-

1772 3148 2022 3219 quentari
2050 3164 2291 3219 congruo
2340 3158 2583 3219 tempore
2623 3157 2679 3203 et
2723 3147 2828 3204 frui
2856 3148 3225 3221 congratuler.
3268 3144 3373 3217 Et;

1771 3248 1831 3295 ut
1857 3239 1926 3294 ita
1960 3239 2161 3304 dicam,
2184 3237 2424 3295 Domnus
2452 3253 2582 3295 vero
2604 3240 3145 3311 nosteriuventutem
3171 3253 3353 3297 meant

1771 3330 2002 3401 despicit
2028 3341 2087 3387 et
2121 3331 2269 3387 illam
2299 3331 2571 3403 castigare
2589 3332 2949 3404 contempnit,
2984 3344 3215 3389 necnon
3237 3346 3358 3386 mo-
3412 3401 3419 3405 _

1771 3439 1859 3478 res
1888 3422 2330 3480 abhominabitur
2376 3433 2431 3479 et
2473 3438 2560 3479 me
2585 3438 2684 3481 ceu
2727 3425 2983 3496 quotdam
3024 3424 3360 3481 inmundicie

1774 3515 2002 3585 respuit,
2029 3526 2086 3572 et
2121 3515 2429 3587 adiutorem
2461 3532 2519 3573 se
2548 3516 2677 3572 mihi
2701 3516 2902 3573 labenti
2944 3515 3224 3589 porrigere
3253 3515 3360 3573 dif-

1773 3608 1914 3674 fert;
1953 3606 2178 3678 sediam
2213 3623 2454 3664 suuuuos
2481 3608 2683 3681 gradus
2709 3608 2990 3679 dignitatis
3028 3606 3083 3665 in
3129 3622 3216 3664 me
3242 3608 3360 3666 vult

1773 3698 1993 3765 habere,
2039 3698 2143 3755 hac
2168 3699 2365 3755 stultos
2389 3714 2583 3756 sensus
2611 3700 2824 3756 diucius
2846 3699 3083 3771 proiicit,
3120 3700 3302 3770 querit
3324 3715 3356 3755 a

1774 3804 1861 3845 nte
1891 3789 2037 3860 quod
2085 3804 2193 3847 non
2244 3790 2419 3847 habeo
2451 3799 2508 3845 et
2533 3790 2677 3862 quod
2707 3789 2983 3846 desiderat
3028 3787 3219 3845 adhuc
3246 3799 3367 3846 non

1772 3882 2044 3939 subsistit.
2071 3883 2376 3954 Antequam
2414 3883 2547 3939 mihi
2582 3882 2724 3939 Deus
2749 3883 3008 3940 anuuerit
3029 3891 3085 3938 et
3122 3882 3367 3939 aliorum

1772 3971 2126 4044 exemplariis
2170 3974 2471 4030 instructus
2513 3974 2597 4029 vir
2640 3972 2916 4045 perfectus
2972 3981 3029 4031 et
3069 3972 3358 4045 placabilis

1771 4061 2001 4131 eiliciar,
2041 4063 2246 4122 idcirco
2275 4065 2477 4121 obnixe
2500 4073 2627 4136 pcto
2654 4074 2715 4120 ut
2734 4065 3002 4123 citissime
3033 4067 3140 4122 huc
3170 4066 3357 4123 venia-

1772 4156 1842 4212 tis
1863 4163 1919 4212 et
1960 4156 2344 4215 serenissimus
2385 4165 2570 4213 vester
2595 4155 2781 4212 vultus
2809 4164 3088 4228 appareat,
3115 4157 3208 4228 qui
3239 4157 3354 4228 iam

1772 4246 2033 4303 terribilis
2051 4256 2106 4304 et
2125 4248 2343 4305 odibilis
2361 4246 2494 4302 mihi
2516 4245 2824 4313 videbatur,
2848 4247 3110 4303 moderno
3132 4247 3353 4319 quippe,

1770 4337 2043 4394 destructa
2094 4338 2213 4409 lege
2232 4338 2428 4406 veteri,
2468 4336 2652 4395 oblitis
2688 4336 2963 4405 omnibus;
2993 4351 3155 4394 carus
3182 4347 3241 4394 et
3268 4352 3357 4394 se-

66 4429 266 4487 debida
308 4440 368 4487 et
420 4431 649 4503 fragilis,
690 4449 791 4504 pro
835 4434 988 4489 vobis
1033 4435 1084 4488 iu
1133 4438 1381 4491 oratione
1427 4437 1658 4493 adsisto.
1697 4444 1742 4500 ι)
1771 4443 1935 4485 renus
1966 4428 2198 4499 iudicat.
2227 4431 2294 4486 Et
2325 4430 2430 4487 hoc
2459 4445 2558 4503 pro
2590 4437 2743 4486 certo
2773 4430 2969 4487 scitote
2999 4430 3143 4501 quod
3178 4430 3233 4485 in
3260 4444 3355 4485 vo—

65 4520 458 4593 Cognoscatis,
493 4524 723 4594 piissimi
750 4525 977 4592 domini,
1009 4525 1062 4580 in
1099 4542 1260 4597 quam
1287 4529 1493 4598 grande
1533 4544 1667 4599 pau-

66 4620 290 4681 pertate
330 4621 386 4667 et
442 4614 668 4684 penuria
708 4613 943 4669 remansi
1002 4629 1102 4684 pro
1155 4615 1363 4672 obitum
1419 4618 1667 4675 seniores

67 4718 250 4771 meos,
302 4703 398 4773 qui
448 4719 537 4760 me
585 4703 824 4774 in,hune
863 4706 1194 4761 monasterio
1224 4706 1409 4762 venire
1450 4707 1664 4764 fecerit.

66 4792 311 4851 Proinde
334 4809 468 4865 ergo
493 4794 931 4865 suggestiuncula
958 4796 1244 4865 parvitatis
1291 4814 1426 4854 mea:
1464 4800 1533 4854 ad
1563 4801 1668 4856 cle-

71 4886 355 4941 menciam
378 4895 614 4941 vestram
641 4886 917 4942 destinare
949 4901 1244 4958 presumo;
1278 4889 1544 4960 deprecor
1570 4908 1667 4947 vo—

67 4978 155 5034 bis
202 4976 529 5050 subpliciter
580 4985 640 5033 ut
682 4978 815 5033 mihi
870 4979 1152 5035 consolare
1205 4980 1463 5052 dignetis,
1524 4985 1667 5040 unde

74 5066 377 5121 luminaria
404 5065 601 5123 faciam
638 5083 737 5138 pro
760 5067 973 5123 animas
993 5084 1205 5135 eorum,
1238 5071 1331 5141 qui
1360 5088 1448 5128 me
1476 5072 1531 5128 in
1558 5074 1665 5130 isto

80 5158 426 5215 monasterio
478 5159 816 5229 reciperunt,
861 5159 945 5216 vel
980 5161 1236 5233 quicquid
1285 5163 1548 5222 Dominus
1584 5166 1668 5222 in-

71 5249 292 5319 spirare
331 5251 541 5336 iubeat,
576 5256 701 5325 quia
749 5253 882 5309 mihi
918 5256 1099 5311 omnia
1150 5258 1459 5312 necessaria
1512 5268 1663 5316 sunt.

72 5340 191 5411 Ego
222 5342 382 5414 iuxta
427 5344 540 5401 Deo
567 5356 622 5401 et
647 5356 839 5403 sancto
875 5347 966 5404 illo
1005 5356 1120 5405 toto
1148 5347 1423 5418 adiutorio
1453 5360 1509 5407 et
1534 5367 1665 5410 con-

75 5435 415 5493 solacionem
466 5455 565 5508 per
608 5456 705 5497 vos
761 5456 952 5513 spero,
998 5441 1310 5499 dulcissime
1363 5443 1561 5503 domne
1609 5454 1665 5505 ct

74 5544 143 5598 pa
151 5538 255 5584 ter.

148 5706 302 5780 (ἳίῖ)
337 5712 591 5786 Corrigez
620 5712 914 5771 vernacula.

1771 4520 1853 4576 bis
1888 4522 2123 4577 maxime
2174 4523 2453 4581 conlidens
2489 4532 2545 4580 et
2579 4524 2645 4581 de
2688 4523 2774 4579 his
2824 4521 3083 4578 omnibus
3114 4520 3353 4591 iudicem

1770 4612 1929 4685 elegi,
1962 4624 2019 4671 et
2045 4626 2231 4670 vestro
2252 4613 2895 4688 eru[di]tissimoiudicio
2923 4629 3011 4672 me
3041 4613 3353 4670 conﬁrmari

1770 4708 1909 4779 apud
1935 4708 2218 4763 Dominum
2248 4709 2481 4765 studete.

1770 4860 2131 4933 Altilhronus,
2157 4862 2249 4932 qui
2283 4870 2471 4933 regnat
2500 4861 2553 4916 iu
2582 4871 2710 4917 ante
2740 4861 2987 4932 polorum

1775 4932 1872 4987 Det
1904 4934 2055 4987 vobis
2078 4934 2321 5003 requiem
2352 4932 2519 4987 vitam
2546 4933 2820 5004 donetque
2850 4948 3164 5004 perennem.

1769 5008 1868 5073 Ast
1888 5004 2052 5058 faciat
2079 5001 2335 5073 magnum
2362 5017 2458 5057 vos
2487 5001 2755 5073 scandere
2781 5001 2947 5057 limen
2982 5001 3243 5073 Olimphi,

1772 5072 1959 5143 bivido
1987 5072 2378 5142 mortiferaque
2408 5072 2594 5142 procul
2624 5081 2751 5143 tunc
2781 5081 2986 5128 tartara
3018 5072 3201 5143 pellat.

1767 5142 2002 5198 Grandis
2024 5142 2169 5197 enim
2205 5141 2358 5198 vobis
2386 5141 2703 5211 mercesque
2732 5141 2913 5197 futura
2935 5141 3195 5209 manebit,

1767 5213 1824 5285 [ιι
1854 5212 1990 5268 oleis
2015 5213 2269 5285 quoniam
2302 5228 2556 5285 magnam
2583 5213 2862 5268 meruistis
2893 5213 2947 5285 in
2968 5213 3135 5285 arvis.

1769 5282 1999 5353 Semper
2025 5284 2171 5338 enim
2210 5282 2417 5338 rectqu
2452 5294 2744 5338 exercente
2766 5284 3050 5341 vocaberis
3070 5284 3276 5340 insons.

1767 5352 2124 5424 pinnipotens
2152 5354 2315 5417 Deus,
2354 5353 2574 5424 indigno
2596 5353 2880 5410 concedito
2903 5369 3087 5419 servo,

1767 5421 1915 5478 Dona
1934 5421 2077 5479 mihi
2101 5428 2243 5494 quod
2266 5439 2451 5493 posco,
2473 5421 2691 5493 quidem
2717 5424 2808 5492 qui
2832 5440 2892 5481 es
2912 5426 3159 5480 conditor
3176 5425 3327 5483 orbis

1765 5494 1915 5565 angi
1931 5494 2374 5565 salutiferamque
2399 5495 2712 5564 supradicto
2740 5496 3054 5565 sanitatem,

1765 5562 1875 5623 Nec
1906 5564 2056 5622 illum
2086 5562 2522 5636 tangit.'Cbristo
2547 5566 2705 5631 duce,
2732 5564 2955 5624 morbus
2982 5566 3240 5638 iniquus;
