3958 6224
385 381 486 441 'll
1709 383 1782 447 B.
1826 383 2127 452 URBANI
2169 383 2224 448 II
2268 384 2522 448 PAPJE.

3741 384 3814 449 12

413 517 480 568 ut
506 513 619 586 ipsi
645 513 703 570 in
744 519 1052 573 stemmate
1073 516 1361 590 gentilitio
1393 515 1627 574 familias
1657 516 2054 575 Castellionea:
2086 518 2142 587 Α
2170 517 2418 574 deviavit
2462 518 2612 576 alius
2641 521 2980 578 earumdem
3012 519 3288 594 partium,
3321 535 3581 594 nuperus
3611 523 3816 576 auctor

416 599 610 658 locum
643 605 943 678 dederint,
962 606 1061 662 ubi
1093 605 1328 663 Milonis
1359 604 1602 676 filius,et
1631 606 1914 664 Guidonis
1943 608 2063 664 Ma-

415 691 612 748 nassis
639 710 706 748 ac
738 694 981 751 alterius
1013 695 1248 752 Milonis
1279 696 1457 751 frater
1484 695 1666 752 fuisse
1688 695 1920 752 dicitur.

487 783 558 836 At
587 783 917 856 refragatur
960 783 1100 840 huic
1121 783 1422 841 sententiae
1445 783 1769 856 Albericus,
1803 785 1900 858 qui
1933 784 2068 841 licet

417 867 716 926 Urbanum
775 889 846 928 ea:
893 874 1088 945 oppido
1121 873 1470 930 Castellionis
1495 889 1661 946 super
1687 874 1936 930 Marnam
1965 891 2066 930 na-

420 966 536 1014 tum
567 959 769 1028 fuisse,
789 965 872 1017 at
901 963 1115 1030 caeteri,
1166 962 1488 1036 scripserit,
1523 967 1818 1020 asseverat
1845 965 2065 1033 tamen,

421 1065 488 1104 ex
512 1048 752 1122 Hugone
777 1055 834 1106 et
857 1051 1122 1107 Guidone
1147 1051 1487 1108 auctoribus
1518 1068 1666 1123 quos
1689 1049 1909 1118 laudat,
1933 1068 2084 1115 eum.

423 1137 606 1194 fuisse
656 1137 870 1194 ﬁlium'
894 1140 1122 1198 domini
1167 1141 1234 1196 de
1278 1141 1492 1209 Lageri.
1523 1140 1674 1196 Tum
1705 1140 2070 1217 delejusdem

424 1226 767 1299 cognatione
811 1225 1056 1306 subdit:
1109 1229 1316 1284 lIabuit
1364 1229 1544 1301 (idem
1575 1227 1866 1302 Urbanus)
1897 1225 2074 1284 alium

421 1315 655 1386 fratrem
695 1316 1010 1388 Rodulfum,
1037 1323 1261 1388 patrem
1283 1318 1529 1386 Gerardi,
1563 1317 1718 1388 cujus
1745 1319 1897 1389 ﬁlius
1935 1319 2076 1374 alter

427 1403 694 1460 Gerardus
739 1408 929 1476 genuit
975 1407 1210 1464 Odonem
1254 1414 1471 1479 patrem
1529 1405 1718 1478 Egidii
1759 1405 1828 1464 de
1871 1408 2074 1478 Lageri

425 1495 682 1550 monachi
713 1490 1006 1564 Reme'rtsis,
1037 1497 1194 1568 cujus
1237 1513 1390 1552 soror
1423 1495 1710 1552 Hersemlis
1747 1497 1861 1568 fuit
1899 1499 2078 1552 mater

430 1584 696 1650 Baldulsi,
731 1601 874 1651 acu,
909 1589 974 1640 ut
1005 1585 1180 1642 habet
1211 1585 1393 1640 codex
1423 1601 1560 1654 ms.,
1593 1585 1859 1642 Balduini
1881 1601 2075 1641 mona-

428 1674 518 1728 chi
568 1675 798 1744 lgniaci.
835 1673 997 1730 Certe
1029 1675 1086 1729 in
1120 1673 1457 1746 Necrologio
1507 1675 1847 1730 monasterii
1879 1674 2076 1732 Molis-

432 1762 658 1818 mensis
689 1761 746 1816 in
781 1761 1100 1834 Campania
1144 1763 1311 1818 Nonis
1337 1764 1499 1818 Junii
1525 1767 1926 1818 memorantur
1943 1765 2080 1819 Heu-

431 1851 648 1907 cherius
678 1868 782 1908 seu
812 1851 1154 1920 Eucherius,
1189 1859 1244 1910 et
1291 1851 1538 1907 lsabellis
1584 1868 1730 1908 uxor
1755 1852 1891 1923 ejus,
1921 1855 2082 1923 pater

433 1944 482 1995 et
498 1945 676 1996 mater
689 1941 903 1996 domini
916 1959 1074 2013 papae
1093 1940 1318 2008 Urbani,
1340 1956 1594 2012 quorum,
1612 1945 1678 1996 ut
1698 1939 1776 1996 ibi
1811 1940 2079 2008 habetur,

401 2061 407 2066 τ
435 2031 879 2086 anniversarium
898 2030 1150 2085 debemus
1169 2031 1350 2102 facere
1368 2028 1776 2084 solemniter.Et
1795 2029 1856 2084 in
1877 2027 2080 2084 eodem

433 2119 848 2191 Necronologio
868 2119 957 2174 die
973 2137 1033 2174 ιιι
1045 2117 2085 2188 KalendasAugusti,Urbanusdicitur

437 2207 619 2264 fuisse
641 2209 905 2279 ejusdem
928 2207 1040 2264 loci
1061 2208 1523 2278 congregationis,
1547 2206 1606 2261 id
1636 2209 1728 2261 est
1755 2221 1995 2278 precum
2025 2211 2083 2262 et

435 2294 686 2351 aliorum
699 2294 1184 2368 piorumoperum
1199 2295 1620 2368 particeps;sed
1633 2294 1750 2351 sive
1764 2295 2084 2352 Eucherius

437 2383 556 2446 ille.
608 2380 922 2458 Lageriaci,
967 2385 1068 2458 qui
1109 2385 1274 2442 vicus
1318 2390 1408 2440 est
1439 2384 1744 2441 Remensis
1789 2383 2078 2454 dimcesis,

404 2473 733 2543 .dominus,
777 2474 898 2530 sive
944 2473 1079 2530 Milo
1127 2473 1494 2533 Castellionis
1536 2473 1818 2546 toparcha
1867 2473 2082 2531 Urbani

439 2567 604 2634 pater
634 2563 829 2629 fuerit,
860 2563 1055 2635 ipsum
1090 2562 1399 2619 Romensis
1424 2562 1736 2635 provinciae
1775 2561 2082 2634 alumnum

437 2652 623 2707 fuisse
671 2652 972 2706 fatendum
1029 2655 1136 2707 est.
1171 2651 1294 2706 Imo
1325 2668 1460 2706 cum
1505 2651 1882 2724 Lageriacum
1915 2652 2084 2723 cujus

439 2739 682 2808 domini,
719 2744 784 2794 ut
811 2739 968 2794 infra
981 2739 1268 2805 dicemus,
1294 2739 1538 2795 fortasse
1568 2754 1636 2794 ex
1663 2737 2084 2796 Castellionen-

407 2828 604 2884 .sibus
647 2828 758 2884 orti
803 2833 990 2897 erant,
1031 2827 1190 2884 haud
1235 2827 1437 2900 procul
1487 2827 1559 2883 ab
1592 2827 1737 2884 urbe
1767 2827 2084 2884 Remorum

292 2970 305 2983 _
405 2917 634 2980 .distet,
667 2921 724 2972 et
764 2916 961 2990 ipsum
1007 2915 1375 2972 Castellionis
1433 2919 1716 2981 castrum,
1765 2914 1898 2972 licet
1925 2919 2089 2973 extra

438 3005 734 3061 diceeesim
765 3005 966 3073 situm,
1013 3005 1085 3060 ad
1133 3005 1478 3062 Itemensem
1523 3009 1720 3062 tamen
1768 3004 2086 3062 Ecclesiam

411 3095 806 3168 'pertinuerit,
859 3096 1106 3167 ejusque
1149 3093 1392 3150 clientes
1443 3098 1611 3150 erant
1639 3097 1695 3150 et
1734 3094 2086 3150 vicedomini

409 3183 926 3240 .Castellionenses
957 3183 1266 3256 toparchae,
1296 3184 1530 3256 utrique
1559 3184 1753 3240 Remis
1793 3188 1858 3240 ut
1904 3183 2086 3256 pluri-

2173 607 2481 678 (G.V10Ls)
2529 607 2587 664 in
2619 609 2752 665 Vita
2771 611 2957 666 sancti
2995 609 3266 666 Germani
3298 607 3814 678 Antisiodorensis,

2175 697 2272 768 qui
2304 713 2372 752 ex
2415 698 2610 754 nescio
2657 699 2874 770 quibus
2923 697 3108 766 falsis,
3162 701 3264 755 aut
3305 697 3456 754 male
3506 697 3815 754 intellectis

2175 787 2572 844 monumentis
2591 787 2826 860 scripsit
2845 787 3062 844 Urbani
3085 788 3336 860 majores
3353 787 3692 844 monasterii
3718 787 3820 844 Re-

2174 874 2507 948 gniacensis
2555 876 2612 932 in
2670 876 2902 934 dioecesi
2963 875 3429 934 Antisiodorensi
3493 875 3820 933 conditores

2175 964 2378 1020 fuisse.
2413 965 2473 1020 Id
2497 965 2715 1038 quippe
2759 965 2846 1022 vel
2869 982 2938 1023 ex
2967 965 3076 1022 hoc
3097 964 3222 1021 solo
3257 963 3415 1037 rejici
3439 964 3630 1033 debet,
3662 965 3820 1036 quod

2179 1053 2571 1128 Regniarense
2611 1055 3034 1112 monasterium
3047 1053 3267 1110 ordinis
3282 1053 3685 1110 Cisterciensis
3699 1052 3822 1110 lon-

2179 1159 2248 1216 ge
2269 1147 2402 1215 post
2437 1141 2652 1199 Urbani
2693 1143 2920 1200 obitum
2955 1146 3316 1201 exstructum
3345 1143 3538 1200 fuerit.
3564 1141 3824 1214 Denique

2181 1248 2295 1287 non
2309 1231 2608 1288 immorari
2617 1233 2641 1304 j
2651 1237 2785 1288 uvat
2798 1231 2858 1288 in
2873 1231 3292 1289 refellendisiis
3305 1232 3404 1305 qui
3420 1232 3704 1298 Odonem,
3722 1230 3826 1287 Ur-

2181 1319 2314 1376 bani
2339 1321 2396 1375 in
2425 1320 2678 1377 Ostiensi
2701 1321 3036 1394 episcopatu
3053 1337 3473 1391 successorem,
3506 1319 3635 1391 ejus
3650 1319 3830 1376 fuisse

2184 1413 2448 1480 nepotem
2473 1407 2763 1478 dixerunt,
2785 1426 2921 1465 cum
2954 1409 3011 1464 id
3040 1407 3200 1466 nullo
3221 1413 3588 1482 argumento,
3623 1412 3836 1479 praeter
3862 1435 3875 1444 ο

2184 1497 2441 1554 nominis
2458 1495 2926 1565 similitudinem,
2955 1498 3220 1571 probent.
3245 1497 3408 1554 Certe
3427 1497 3484 1552 id
3517 1513 3633 1552 non
3656 1495 3834 1552 habet

2184 1585 2616 1658 Baldricus,qui
2635 1586 2792 1642 hunc
2813 1585 3076 1644 Odonem
3099 1585 3160 1644 in
3181 1585 3542 1642 carminibus
3572 1588 3732 1641 tomo
3767 1583 3835 1640 iV

2181 1673 2414 1730 Gbesnii
2443 1674 2712 1730 Historic.
2746 1674 3318 1747 Franc.laudatquod
3351 1691 3666 1730 commune
3697 1690 3834 1730 cum

2185 1763 2417 1819 Urbano
2447 1763 2664 1818 Odonis
2693 1780 2905 1819 nomen
2937 1763 3227 1831 habuerit,
3253 1764 3518 1820 eamdem
3555 1761 3836 1820 monachi

2185 1853 2366 1908 vitam
2397 1851 2573 1907 fuerit
2603 1854 2922 1923 professus,
2954 1852 3221 1908 eamdem
3253 1853 3452 1910 sedem
3491 1852 3835 1918 obtinuerit,

2188 1941 2454 1997 eamdem
2487 1941 2738 2013 denique
2759 1941 3102 2014 dignitatem
3127 1941 3330 2014 (istum
3345 1958 3552 2016 nempe
3565 1941 3838 1998 futurum

2189 2047 2401 2104 papam
2458 2029 2826 2101 praedicebat)
2869 2029 3180 2086 habiturus
3224 2029 3320 2098 sit,
3354 2047 3470 2086 non
3501 2030 3840 2086 omissurus

2189 2117 2813 2190 consanguineitatem,
2847 2117 2896 2174 si
2933 2117 3132 2190 aliqua
3163 2118 3842 2174 interillosintercessis-

2191 2211 2296 2264 set.
2331 2207 2527 2280 Neque
2552 2208 2728 2262 etiam
2763 2207 2820 2262 id
2839 2207 3015 2264 habet
3041 2207 3358 2264 Guibertus
3377 2206 3460 2264 lib
3491 2225 3529 2263 ιι
3567 2209 3644 2263 De
3677 2223 3846 2264 sacra

2191 2294 2574 2368 expeditione,
2609 2295 2704 2350 ubi
2731 2295 2971 2350 alterius
2993 2294 3174 2366 hujus
3191 2295 3411 2351 Odonis
3442 2296 3735 2351 meminit.

2263 2384 2438 2439 Porro
2476 2382 2691 2438 Urbani
2741 2385 3034 2456 parentes,
3085 2382 3422 2456 quicunque
3468 2385 3714 2440 demum
3757 2382 3846 2438 illi

2194 2471 2426 2538 fuerint,
2460 2471 2680 2526 domini
2711 2476 2878 2528 erant
2898 2471 3007 2527 vici
3040 2471 3478 2539 Bainsonensis,
3510 2473 3582 2528 ad
3613 2473 3848 2529 radices

2193 2560 2484 2618 montisin
2507 2577 2623 2632 quo
2636 2560 2816 2614 situm
2839 2559 3308 2617 estCastellionis
3323 2561 3607 2636 oppidum
3643 2560 3846 2635 positi.

2193 2649 2355 2706 Unde
2377 2649 2512 2721 quis
2543 2651 2688 2705 forte
2710 2665 2825 2704 non
2855 2647 3148 2706 immerito
3185 2649 3585 2722 suspicabitur
3612 2666 3720 2707 eos
3735 2649 3850 2706 etsi

2195 2737 2490 2810 Lageriaci
2534 2738 2645 2793 vici
2677 2736 2968 2803 dominos.
3001 2753 3070 2794 ex
3099 2737 3279 2810 stirpe
3308 2743 3507 2794 tamen
3537 2737 3854 2795 Castellio-

2194 2827 2466 2884 nensium
2497 2826 2935 2900 toparcharum,
2969 2830 3034 2883 ut
3049 2843 3184 2884 mox
3212 2826 3476 2884 dicebam
3505 2826 3808 2900 prodiisse
3833 2845 3848 2885 :

2193 2932 2330 2973 cum
2364 2933 2478 2972 non
2527 2916 2700 2973 modo
2747 2915 3152 2986 Bainsonium,
3203 2916 3304 2972 sed
3351 2920 3410 2972 et
3457 2915 3849 2990 Lageriacum

2195 3022 2428 3078 quoque
2441 3005 2595 3061 haud
2629 3003 2830 3078 procul
2851 3022 2886 3060 a
2905 3003 3348 3062 Castellionensi
3369 3004 3581 3078 oppido
3595 3004 3652 3060 di
3662 3008 3847 3074 stent,

2195 3101 2253 3151 et
2283 3094 2551 3151 Urbanus
2602 3093 2846 3166 passim,
2878 3097 3186 3150 auctorum
3217 3098 3338 3149 tam
3361 3097 3624 3150 veterum
3656 3109 3849 3166 quam

2195 3184 2580 3240 recentiorum
2611 3199 2922 3250 consensu,
2949 3183 3392 3238 Castellioneusis
3421 3181 3614 3238 dictus
3638 3183 3848 3239 fuerit.

446 3291 610 3328 mum
643 3273 1044 3339 morabantur,
1075 3273 1148 3329 ob
1177 3272 1236 3328 id
1268 3272 1646 3344 potissimum
1697 3273 1852 3346 quod
1891 3276 2089 3330 essent
2116 3257 2160 3324 C
2197 3272 2361 3340 Quod
2390 3289 2524 3328 vero
2569 3270 2950 3327 Bainsonium
2995 3270 3067 3325 ad
3111 3269 3326 3327 Urbani
3359 3273 3628 3342 parentes
3663 3271 3851 3344 perti-

331 3379 342 3393 ‘
447 3363 752 3419 Remensis
799 3361 1065 3418 Ecclesiae
1111 3360 1364 3430 milites;
1419 3366 1596 3434 atque
1641 3362 1785 3418 adeo
1815 3379 1884 3419 ex
1913 3362 2089 3419 alter-

447 3451 598 3508 utris
648 3451 916 3508 Urbanus
959 3451 1017 3506 in
1069 3451 1198 3525 ipsa
1257 3451 1572 3508 Remorum
1644 3451 1872 3509 civitate
1925 3452 2087 3510 nasci

445 3541 722 3612 potuit.ld
774 3545 926 3598 certe
971 3541 1165 3598 innuit
1193 3539 1505 3596 0rdericus
1554 3539 1764 3597 Vitalis
1805 3540 1956 3598 libro
1984 3558 2086 3598 vm

443 3630 707 3685 Historiae
759 3629 1182 3696 ecclesiasticae,
1235 3629 1336 3684 ubi
1393 3645 1528 3688 eum
1559 3629 1734 3686 civem
1777 3630 2088 3686 Remensem

443 3717 659 3773 diserte
689 3715 961 3788 appellat.
1014 3716 1143 3784 0do,
1189 3715 1400 3788 inquit,
1447 3718 1670 3773 natione
1727 3718 1936 3788 Gallus,
1986 3735 2086 3774 no-

443 3807 656 3862 bilita-te
683 3813 734 3861 et
781 3806 1204 3862 mansuetudine
1248 3805 1453 3872 clarus,
1485 3807 1621 3860 civis
1645 3805 1939 3874 ﬂammis,
1972 3810 2082 3862 etc.

511 3893 710 3966 Neque
757 3893 866 3950 hoc
915 3895 986 3950 ab
1039 3910 1106 3950 eo
1137 3897 1374 3950 auctore
1404 3897 1622 3948 temere
1653 3892 1875 3948 dictum
1903 3893 2086 3951 fuisse

414 3983 660 4056 aliquis
687 3987 868 4056 putet.
920 3982 1068 4038 Nam
1126 3985 1519 4054 praeterquam
1567 3981 1722 4054 quod
1773 3981 2084 4040 0rdericus

407 4117 414 4122 .
438 4090 554 4146 prae
576 4072 800 4129 czeteris
830 4070 1217 4144 scriptoribus
1256 4073 1566 4126 accuratus
1597 4075 1655 4128 et
1683 4069 1934 4144 diligens
1971 4077 2080 4143 est,

438 4162 492 4217 id
526 4161 720 4234 ipsum
743 4179 776 4217 a
796 4161 1020 4218 Joanne
1051 4159 1333 4233 magistro
1377 4175 1504 4227 suo,
1541 4159 1737 4216 Remis
1769 4164 1924 4230 nato,
1960 4161 2081 4219 dis-

437 4267 565 4306 cere
578 4253 865 4322 potuerat,
886 4247 1122 4304 illarum
1137 4263 1334 4304 rerum
1347 4248 1526 4320 probe
1537 4247 1846 4318 instructo,
1881 4254 2080 4323 utpote

435 4339 536 4411 qui
567 4356 637 4395 ex
658 4337 1004 4396 scholastice
1048 4337 1354 4394 Remensis
1401 4335 1694 4406 Ecclesiae,
1716 4337 1774 4392 in
1805 4355 2077 4410 quacum

431 4427 558 4500 ipso
607 4427 803 4484 Odone
823 4427 980 4482 haud
1002 4425 1180 4481 dubio
1195 4426 1381 4481 fuerat
1397 4426 1704 4498 educatus,
1741 4427 1930 4485 factus
1949 4427 2073 4484 Uti-

432 4515 624 4573 censis
653 4515 996 4582 monachus,
1027 4515 1157 4586 ejus
1187 4515 1526 4570 monasterii
1559 4513 1790 4572 scholas
1813 4521 2076 4590 tempore

2199 3361 2413 3429 nuerit,
2445 3360 2542 3417 ille
2561 3360 2687 3433 ipse
2711 3363 2963 3415 testatur
2993 3358 3054 3414 in
3084 3355 3404 3430 diplomate
3435 3375 3539 3431 pro
3567 3358 3701 3430 ejus
3736 3359 3853 3416 loci

2194 3450 2477 3524 prioratu,
2501 3465 2677 3522 quem
2707 3465 2948 3505 suorum
2973 3455 3267 3520 parentum
3290 3447 3653 3519 facultatibus
3677 3449 3854 3505 dota-

2194 3546 2320 3596 tum
2371 3537 2554 3594 fuisse
2598 3537 2828 3594 asserit.
2881 3537 3110 3593 Etenim
3163 3535 3320 3592 hunc
3377 3535 3594 3604 locum,
3665 3554 3856 3610 quem

2193 3625 2562 3684 Theobaldus
2579 3624 2960 3680 Suessionum
2993 3625 3302 3697 episcopus
3323 3622 3584 3697 primum
3605 3640 3733 3680 sua:
3751 3626 3858 3681 Ec-

2195 3715 2382 3772 clesiae
2425 3713 2793 3782 attribuerat,
2843 3730 2910 3770 ac
2969 3713 3348 3787 postmodum
3403 3717 3612 3787 agente
3658 3712 3856 3772 altero

2193 3803 2548 3872 Theobaldo,
2577 3802 2787 3860 comite
2806 3803 3063 3876 palatino
3081 3802 3376 3871 Trecensi,
3401 3807 3467 3858 ut
3488 3802 3664 3859 refert
3695 3803 3852 3860 Che-

2193 3892 2744 3964 snius,monasterio
2759 3892 3155 3950 Coinciacensi
3170 3893 3280 3950 sub
3292 3891 3498 3964 viginti
3510 3890 3853 3950 solidorum

2191 3999 2385 4040 annuo
2415 3999 2592 4040 censu
2622 3981 2921 4039 canonicis
2948 3979 3393 4042 Suessionensis
3422 3977 3694 4036 Ecclesiae
3711 3998 3856 4055 per-

2190 4071 2464 4129 solvendo
2521 4071 2871 4144 subjecerat,
2936 4068 3419 4128 Cluniacensibus
3467 4068 3853 4127 confirmavit

2188 4161 2466 4235 pontifex,
2489 4178 2607 4218 non
2637 4161 2811 4216 modo
2841 4160 3206 4230 auctoritate,
3239 4175 3356 4231 qua
3384 4156 3662 4231 pollebat,
3697 4175 3852 4232 apo-

2187 4249 2394 4309 stolica
2430 4269 2444 4320 ;
2478 4267 2682 4308 verum
2730 4250 2908 4306 etiam
2957 4249 3030 4306 ob
3060 4246 3302 4322 id,quod
3332 4247 3427 4303 hic
3457 4262 3672 4303 census
3710 4264 3852 4304 cum

2181 4341 2358 4414 patris
2402 4341 2493 4396 sui
2530 4355 2793 4396 consensu
2829 4337 3138 4395 institutus
3170 4335 3398 4403 fuisset,
3441 4339 3500 4392 et
3545 4333 3714 4392 locus
3748 4336 3855 4396 ille

2184 4447 2310 4487 eum
2357 4446 2427 4486 ex
2479 4433 2775 4502 parentum
2829 4429 2960 4501 jure
2999 4427 3334 4498 contingeret
3409 4424 3844 4481 Bainsonensis

2184 4523 2378 4576 autem
2400 4518 2696 4590 prioratus
2707 4517 2997 4588 hodieque
3010 4513 3368 4581 subsistit,in
3384 4509 3648 4585 catalogo
3667 4529 3851 4586 gene-

431 4604 689 4661 0rderici
712 4604 1138 4678 regebat.Haud
1163 4603 1418 4658 multum
1444 4604 1516 4660 ab
1540 4621 1608 4660 ea
1627 4604 1898 4676 opinione
1928 4623 2078 4664 rece-
2105 4622 2154 4687 D
2186 4607 2292 4664 rali
2315 4607 2730 4665 beneﬁciorum
2759 4603 2983 4662 ordinis
3023 4599 3428 4658 Cluniacensis
3470 4599 3659 4656 Sancti
3685 4602 3856 4659 Petri

428 4695 514 4751 dit
540 4693 856 4750 Guibertus
902 4692 1201 4768 Novigenti
1253 4693 1458 4760 abbas,
1503 4697 1564 4748 et
1611 4692 1738 4767 ipse
1767 4699 2074 4753 accuratus

427 4787 648 4851 auctor,
683 4788 946 4856 tempore
967 4785 1025 4838 et
1055 4781 1181 4837 loco
1206 4781 1531 4854 proximus,
1565 4781 1668 4854 qui
1701 4783 1977 4840 Urbanum
2003 4801 2074 4842 ex

421 4874 656 4928 Francia
686 4875 835 4928 claro
883 4889 953 4928 ex
995 4873 1243 4942 germine
1288 4871 1582 4927 oriundum
1611 4887 1680 4927 ex
1715 4874 1990 4930 territorio
2019 4879 2072 4930 et

422 4962 564 5016 clero
589 4963 854 5028 Reme-nsi,
872 4964 1004 5034 post
1024 4959 1240 5016 multos
1253 4959 1472 5032 gradus
1485 4961 1553 5015 ad
1575 4960 1790 5016 summi
1818 4962 2070 5035 denique

424 5049 802 5123 pontificatus
834 5049 1056 5123 apicem
1089 5048 1400 5122 pertigisse
1421 5050 1730 5106 scribit.Ex
1749 5051 1840 5106 his
1870 5060 2064 5107 autem

420 5143 577 5211 patet
607 5156 784 5211 quam
839 5137 955 5193 late
1004 5137 1344 5208 accipienda
1373 5137 1493 5192 sint
1523 5137 1805 5196 Guidonis
1833 5139 2064 5197 abbatis

418 5228 613 5296 verba,
638 5228 736 5300 qui
767 5231 923 5280 tome
946 5223 1350 5280 IBibliotheca:
1366 5225 1705 5296 Labbeanae,
1739 5227 1797 5282 in
1821 5227 2064 5284 historia

417 5317 694 5371 abbatum
746 5313 932 5370 sancti
992 5312 1265 5368 Germani
1314 5314 1809 5372 Antisiodorensis
1855 5333 1980 5388 cap.
2027 5318 2062 5370 8

416 5405 680 5476 scripsit:
707 5403 984 5460 Urbanum
999 5403 1059 5456 in
1080 5403 1539 5459 Antisiodorensis
1575 5405 1812 5459 civitatis
1826 5406 2060 5474 conﬁnio

413 5497 612 5548 natum
639 5501 691 5547 ct
744 5491 1030 5547 educatum
1067 5493 1258 5562 fuisse.
1308 5493 1378 5548 Et
1407 5492 1644 5564 quidem
1687 5507 1902 5564 magna
1929 5507 2059 5548 esse

414 5597 530 5636 non
577 5580 746 5636 debet
788 5596 856 5636 ea
889 5580 948 5636 in
996 5598 1056 5637 re
1081 5581 1211 5653 ejus
1233 5580 1540 5654 scriptoris
1584 5579 1926 5650 auctoritas,
1957 5581 2058 5653 qui

413 5667 626 5732 saeculo
647 5685 750 5730 xm
773 5669 1282 5730 exeunte-vivebat.
1317 5671 1392 5728 At
1434 5667 1620 5728 multo
1652 5667 1841 5748 magis
1861 5685 1897 5728 a
1921 5685 2056 5733 vero

2181 4697 2246 4752 de
2293 4698 2554 4754 Buissono
2604 4693 2953 4769 appellatus,
3025 4689 3266 4746 dilucesis
3323 4688 3740 4746 Suessionensis
3789 4693 3856 4750 in

2179 4787 2335 4852 Bria,
2385 4803 2488 4842 seu
2544 4783 2738 4857 potius
2778 4779 2838 4836 in
2867 4777 3206 4852 Campania,
3249 4795 3420 4852 prope
3451 4778 3852 4836 Castellionem

2176 4891 2344 4948 supra
2373 4873 2698 4929 Matronam.

2321 4963 2390 5018 Il.
2429 4961 2680 5018 Urbanus
2712 4959 2890 5014 Remis
2914 4955 3172 5012 educatus
3201 4955 3301 5011 sub
3327 4955 3383 5012 S.
3411 4957 3688 5012 Brunone.

2246 5051 2505 5106 Odonem
2537 5049 2595 5102 in
2629 5045 2901 5103 Remonsi
2931 5041 3210 5112 Ecclesia,
3235 5061 3364 5116 quae
3395 5047 3536 5101 tunc
3566 5048 3692 5101 erat
3705 5061 3851 5103 ma-

2172 5154 2423 5211 gnorum
2453 5136 2714 5192 virorum
2744 5135 2806 5190 in
2839 5131 3044 5190 Galliis
3065 5131 3475 5202 seminarium,
3509 5133 3848 5191 educatum

2171 5227 2352 5283 fuisse
2365 5241 2590 5282 cmmes
2603 5241 2719 5280 uno
2733 5239 2830 5280 ore
2843 5223 3178 5290 fatentur;et
3189 5221 3427 5294 quidem
3441 5221 3544 5279 seb
3556 5223 3852 5282 Brunone

2170 5313 2570 5388 magistro,cuj
2580 5331 2649 5370 us
2663 5313 2820 5370 fama
2831 5309 3325 5384 illistemporibus
3338 5328 3442 5384 per
3452 5314 3632 5367 totam
3647 5311 3733 5367 Eu
3744 5329 3850 5370 ro-

2167 5419 2304 5476 pam
2325 5401 2570 5459 celebris
2589 5404 2942 5475 erat,postea
2952 5403 3150 5456 tamen
3169 5399 3354 5457 multo
3367 5398 3654 5457 illustrior
3667 5399 3846 5456 futu-

2165 5507 2391 5559 ra,cum
2406 5491 2636 5566 primus
2649 5489 2871 5547 ordinis
2891 5486 3418 5548 Carthasianorum
3431 5488 3742 5546 institutOr
3775 5493 3844 5546 et

2164 5598 2376 5656 parens
2403 5581 2594 5638 factus
2624 5583 2733 5638 est.
2779 5583 2944 5636 Certe
2998 5577 3261 5636 Odonem
3299 5577 3486 5634 fuisse
3525 5577 3844 5634 Brunonis

2163 5669 2528 5749 discipulum
2557 5675 2826 5731 auctores
2853 5667 3078 5748 vulgati
3105 5665 3328 5746 passim
3339 5667 3601 5756 tradunt,
3621 5680 3828 5742 neque
