3958 6224
151 328 246 415 a3

1789 353 2002 420 VITA.

179 487 233 543 id
263 485 583 558 quisquam
605 486 1010 557 jureinticiari
1030 491 1241 558 potest,
1265 503 1398 543 cum
1431 504 1594 560 isque
1616 491 1839 544 certum
1866 486 1924 557 Α
1953 488 2476 546 Remensiscuram
2488 488 2733 558 dimisit,
2762 490 3091 546 vixannum
3104 489 3394 561 attigisset
3408 489 3599 547 aetatis

154 638 159 645 ,
180 575 270 644 sit,
292 575 526 631 nemine
537 575 959 645 dissentiente,
981 576 1380 634 etBrunonem
1398 581 1541 633 tunc
1561 576 1841 650 temporis

182 665 487 721 Bernensis
517 665 803 721 Ecclesia:
821 664 1038 722 scholis
1054 665 1378 737 praefuisse,
1399 671 1458 722 et
1487 665 1788 725 Urbanum
1807 684 1841 721 a

178 754 391 811 teneris
420 753 483 808 in
519 754 729 809 eadem
750 753 1011 810 Ecclesia
1035 754 1217 811 fuisse
1236 755 1578 811 enutritum.
1608 755 1839 811 Utrum-

150 906 153 909 _
178 860 287 916 que
315 843 541 900 diserte
571 842 839 899 afﬁrmat
866 847 1031 899 vetus
1061 847 1263 899 auctor
1293 842 1472 900 libelli
1506 849 1581 901 De
1602 843 1835 900 institu-

177 932 437 988 tionibus
466 931 1025 998 Carthusianorum,
1058 950 1092 987 a
1121 932 1348 990 Labbeo
1378 936 1538 989 tomo
1568 938 1593 988 Ι
1626 932 1837 989 Biblio-

175 1022 356 1078 theca
388 1038 551 1078 nova:
582 1039 654 1077 ex
684 1024 920 1077 vetusto
967 1021 1162 1078 codice
1213 1022 1554 1095 Remigiano
1602 1021 1834 1091 editus;

174 1112 273 1183 qui
298 1112 486 1168 etiam
516 1110 688 1166 addit
715 1110 1052 1167 Brunonem
1084 1111 1329 1166 Romam
1360 1111 1575 1168 adiisse
1619 1115 1840 1180 cogente

176 1202 410 1272 Urbano,
442 1200 604 1273 cujus
632 1199 909 1273 quondam
928 1205 1236 1272 praeceptor
1259 1201 1460 1272 fuerat.
1485 1201 1555 1257 Et
1600 1200 1837 1273 quidem

172 1291 265 1346 hic
294 1288 542 1346 libellus
572 1288 829 1345 habetur
854 1288 914 1343 in
938 1289 1134 1347 codice
1152 1306 1263 1345 ms.
1288 1289 1607 1346 Carthusize
1638 1290 1838 1345 Porta-

170 1396 323 1449 rum,
361 1378 763 1451 quadraginta
789 1377 1022 1435 circiter
1042 1379 1211 1434 annis
1244 1382 1376 1452 post
1403 1378 1695 1435 Brunonis
1717 1379 1838 1436 obi-

167 1475 296 1525 tum
328 1471 596 1525 exarata.

236 1558 341 1612 His
374 1560 661 1629 opponet,
691 1556 936 1612 fortasse
989 1573 1102 1612 non
1154 1574 1325 1614 nemo
1375 1574 1576 1614 eorum
1609 1558 1832 1630 opinio-

165 1664 300 1702 nem
334 1648 443 1719 qui
460 1647 790 1701 Brunonem
811 1645 1382 1719 quinquagenarium
1400 1648 1614 1704 obiisse
1632 1648 1836 1704 dicunt

165 1754 321 1792 anno
357 1735 524 1790 H01.
560 1734 620 1790 Si
649 1735 806 1790 enim
831 1734 1012 1791 semel
1046 1735 1100 1790 id
1146 1736 1511 1803 admittatur,
1545 1754 1680 1791 cum
1729 1737 1830 1792 Ur-

164 1827 361 1881 banus
393 1841 555 1879 anno
586 1823 677 1878 sui
710 1823 1087 1896 pontificatus
1117 1824 1463 1881 duodecimo
1495 1826 1722 1892 obierit,
1777 1831 1832 1884 et
1861 1863 1908 1929 B

164 1915 411 1987 quidem
442 1916 581 1991 ante
594 1912 949 1981 Brunonem,
970 1913 1377 1970 dicenduserit
1402 1916 1528 1988 ipso
1558 1914 1830 1972 Brunone

164 2008 339 2060 atate
368 2001 721 2075 provectior,
771 2006 874 2057 aut
918 2000 1124 2058 saltem
1174 2003 1415 2075 aequalis
1446 2005 1495 2059 ei
1528 2004 1829 2073 fuisse,-ac

142 2092 415 2166 'proinde
445 2108 565 2147 non
599 2090 859 2164 potuisse
889 2092 1000 2147 sub
1029 2091 1159 2163 ejus
1189 2092 1523 2165 magisterio
1551 2094 1782 2150 educari
1813 2112 1827 2160 ;

167 2186 231 2237 at
258 2181 320 2236 id
348 2178 566 2235 falsum
598 2196 729 2235 esse
761 2180 1088 2236 manifestis
1118 2182 1482 2253 argumentis
1532 2182 1698 2238 facile
1728 2185 1827 2239 de-

163 2269 533 2327 monstrabo.

142 2354 147 2359 ’
232 2360 457 2415 Verum
493 2358 842 2431 priusquam
874 2358 945 2413 de
963 2358 1253 2415 Brunonis
1270 2364 1434 2416 (etate
1466 2361 1686 2433 aliquid
1710 2367 1827 2418 sta-

163 2454 439 2516 tuamus,
471 2448 592 2502 duo
622 2447 1033 2519 praemittenda
1062 2454 1219 2503 sunt.
1255 2449 1470 2517 Primo,
1515 2450 1827 2523 scriptores

168 2540 354 2594 ferme
367 2553 577 2594 omnes
589 2537 708 2593 sive
721 2536 1015 2608 antiquos,
1047 2536 1165 2593 sive
1178 2538 1548 2607 recentiores,
1561 2540 1826 2597 unanimi

163 2643 457 2684 consensu
490 2626 826 2682 Brunonem
857 2622 1073 2680 Urbani
1105 2626 1450 2699 magistrum
1474 2627 1823 2702 appellasse.

164 2717 462 2781 Secundo,
494 2713 815 2771 nonnullos
837 2713 984 2770 alios
1016 2732 1046 2771 e
1076 2716 1366 2772 Brunonis
1419 2716 1723 2790 discipulis
1751 2720 1822 2775 ad

167 2807 597 2879 episcopatum,
632 2802 865 2859 Urbano
895 2803 1087 2859 adhuc
1106 2804 1350 2875 vivente,
1374 2810 1600 2863 evectos
1620 2807 1822 2877 fuisse,

170 2895 323 2967 quod
356 2892 604 2966 proinde
633 2908 797 2963 aeque
827 2890 1059 2947 Urbano
1090 2910 1155 2948 ac
1185 2892 1315 2949 istis
1345 2894 1679 2969 contingere
1725 2914 1824 2970 po-

168 2984 301 3039 tuit.
334 2984 493 3039 Sane
523 2984 749 3036 certum
782 2985 876 3036 est
904 2980 974 3036 de
1012 2981 1210 3037 Odone
1255 2982 1608 3057 Burgundias
1658 2985 1826 3043 ducis

172 3072 348 3128 fratre
374 3087 447 3127 ac
505 3067 772 3143 principe
801 3068 1018 3142 eregia
1063 3069 1419 3128 Francorum
1465 3074 1667 3148 stirpe,
1724 3076 1825 3148 qui

170 3161 305 3217 licet
325 3160 573 3226 litteras,
608 3161 674 3213 ut
703 3157 955 3230 ipsemet
984 3162 1232 3216 testatus
1262 3165 1370 3230 est,
1403 3163 1515 3219 sub
1555 3164 1827 3222 Brunone

174 3250 371 3307 Remis
402 3248 731 3316 didicisset,
747 3263 904 3303 anno
926 3251 1119 3305 tamen
1136 3250 1294 3318 1085,
1327 3256 1600 3309 monente
1616 3254 1825 3328 Vigue-
1854 3231 1897 3299 Ε

170 3340 276 3408 rio,
311 3336 709 3411 Lingonensis
738 3335 1049 3409 episcopus
1082 3338 1268 3395 factus
1307 3344 1416 3411 est,
1468 3342 1829 3417 proindeque

168 3427 424 3486 triennio
454 3431 776 3500 antequam
811 3426 1079 3483 Urbanus
1116 3427 1394 3485 thronum
1443 3432 1825 3503 apostolicum

173 3516 616 3573 conscenderet.
650 3512 942 3573 Similiter
971 3515 1319 3573 Lambertus
1350 3519 1753 3588 Pultariensis,
1772 3527 1829 3578 et

170 3607 379 3662 Petrus
410 3607 472 3662 S.
498 3604 746 3662 Joannis
778 3603 1089 3660 Vinearum
1110 3608 1263 3679 apud
1285 3608 1626 3666 Suessiones
1651 3611 1825 3667 abba-

152 3701 281 3765 :tes,
315 3694 419 3769 qui
450 3693 629 3750 etiam
659 3693 951 3749 Brunonis
982 3695 1337 3767 magisterio,
1372 3702 1436 3753 ut
1466 3697 1578 3771 ipsi
1628 3699 1831 3756 dicunt

168 3787 228 3841 in
260 3783 479 3841 rotulis
504 3787 639 3855 post
667 3787 915 3838 mortem
939 3784 1123 3840 sancti
1152 3784 1257 3840 viri
1279 3788 1668 3859 transmissis,
1693 3791 1830 3848 ado-

152 3875 455 3941 leverunt,
482 3872 591 3927 has
606 3870 1180 3944 dignitates,vivente
1202 3873 1395 3931 adhuc
1416 3875 1667 3946 Urbano,
1683 3879 1830 3935 obti-

168 3967 454 4020 nuerunt.
482 3963 630 4019 Cum
662 3960 863 4032 itaque
876 3961 994 4016 haec
1010 3963 1270 4018 omnimo
1289 3964 1360 4019 de
1378 3964 1496 4022 illis
1518 3972 1673 4023 certa
1690 3969 1829 4037 sint,

166 4072 286 4110 non
316 4052 496 4107 video
513 4067 633 4125 qua
664 4048 888 4105 ratione
904 4056 1254 4123 negarentur
1268 4053 1340 4110 de
1371 4054 1622 4125 Urbano,
1658 4074 1833 4129 quem

168 4160 239 4198 ex
268 4145 545 4197 veterum
577 4142 889 4195 auctorum
946 4140 1283 4198 testimonio
1338 4147 1567 4199 constat
1615 4145 1833 4202 factum

167 4231 545 4304 pontiﬁcem,
578 4244 716 4283 cum
745 4230 911 4284 a’tate
936 4228 1223 4286 mediocris
1253 4237 1427 4302 esset,
1461 4237 1521 4288 et
1548 4249 1617 4290 ea
1646 4234 1836 4293 adhuc

167 4320 426 4377 ﬂorente
450 4321 703 4373 mortem
733 4314 969 4373 obiisse.
1292 4372 1297 4377 ,

240 4410 382 4465 Jam
411 4422 553 4462 vero
583 4405 633 4461 si
661 4405 735 4461 de
765 4406 1060 4463 Brunonis
1109 4412 1276 4464 aetate
1322 4409 1714 4483 inquiramus,
1746 4414 1839 4471 vix

171 4493 439 4553 dubitari
453 4496 649 4568 potest
672 4492 815 4565 quin
832 4493 1011 4551 vitam
1027 4494 1184 4552 ultra
1203 4498 1635 4572 quinquaginta
1653 4519 1838 4560 annos

1949 594 2069 634 suae
2097 578 2452 652 vigesimum
2485 578 2897 652 quintum,aut
2926 583 3082 635 certe
3101 576 3455 651 vigesimum
3476 594 3602 635 sex-

1949 671 2098 723 tum.
2133 672 2366 724 Certum
2400 668 2616 740 quippe
2639 671 2728 724 est
2755 683 2892 724 eum
2921 666 3140 724 rexisse
3194 665 3399 723 multis
3426 666 3599 724 annis

1948 756 2179 813 scholas
2212 759 2551 826 Remenses;
2584 757 2738 830 quod
2771 756 3006 813 nonnisi
3037 757 3108 813 ad
3142 753 3477 829 quindecim
3497 759 3601 812 aut

1948 846 2255 903 duodecim
2288 864 2474 903 annos
2504 846 2734 903 extendi
2765 850 2977 920 potest,
3002 854 3057 903 et
3089 844 3172 903 sic
3201 843 3602 902 celeberrima-

1946 953 2078 991 rum
2092 934 2303 992 harum
2317 935 2650 993 scholarum
2663 935 3064 1009 praefecturam
3079 932 3436 1006 suscepisset
3444 949 3598 989 anno

1944 1025 2130 1082 mtatis
2162 1042 2282 1081 suae
2314 1025 2545 1081 circiter
2601 1024 2971 1091 duodecimo,
3032 1027 3136 1079 aut
3163 1023 3238 1079 ad
3290 1037 3596 1079 summum

1947 1114 2153 1186 quinto
2184 1114 2602 1186 decimozquod
2625 1130 2795 1169 nemo
2823 1130 2977 1170 sana:
2989 1112 3228 1179 mentis,
3258 1114 3326 1169 ut
3354 1110 3595 1183 quidem

1946 1204 2094 1259 mihi
2123 1204 2375 1271 videtur,
2407 1203 2635 1259 dixerit.
2650 1207 2983 1258 Brunonem
3009 1218 3143 1259 vero
3160 1200 3263 1258 diu
3293 1198 3597 1258 Remensi-

1945 1294 2056 1350 bus
2087 1292 2305 1350 scholis
2336 1292 2636 1365 przefuisse
2656 1291 2891 1348 disertis
2914 1291 3107 1348 verbis
3122 1290 3424 1346 afﬁrmant
3443 1288 3597 1346 inter

1945 1382 2093 1439 alios
2122 1384 2252 1455 ejus
2277 1382 2636 1448 laudatores,
2666 1380 2725 1435 in
2756 1379 2969 1436 rotulis
2998 1383 3130 1453 post
3166 1378 3299 1450 ejus
3339 1382 3592 1435 mortem

1945 1474 2017 1531 ad
2048 1472 2208 1529 varia
2236 1471 2362 1527 loca
2391 1468 2779 1537 transmissis,
2810 1468 3100 1526 Noliensis
3125 1466 3466 1525 monasterii
3495 1482 3592 1524 ca-

1943 1562 2135 1618 nonici
2172 1559 2487 1633 regulares,
2522 1559 2623 1631 qui
2653 1559 2773 1614 visa
2828 1556 3081 1614 schedula
3140 1573 3259 1628 quae
3305 1555 3590 1612 Brunonis

1945 1651 2391 1722 incmnparabilis
2417 1648 2728 1721 philosophi
2751 1648 2956 1704 obitum
2981 1648 3234 1718 patefecit
3252 1645 3588 1718 ingemuere

1942 1742 2013 1798 ob
2038 1739 2184 1797 tanti
2216 1727 2319 1795 viri
2350 1754 2646 1804 occasum,
2676 1738 2775 1809 qui
2798 1735 3006 1791 dudum
3032 1736 3285 1791 Ecclesiae
3311 1733 3453 1790 sedis
3483 1733 3589 1789 Re—

1941 1833 2213 1887 mensium
2241 1844 2482 1883 summus
2495 1827 2847 1882 didascalus..
2859 1833 2928 1881 .et
2942 1825 3195 1880 columna
3216 1827 3379 1880 totius
3394 1829 3591 1879 metro-

1935 1923 2076 1995 polis
2091 1920 2189 1974 diu
2204 1915 2886 1975 emstitcrat.Noliensibus
2897 1912 3272 1970 consentiunt
3287 1913 3477 1969 caeteri
3489 1911 3589 1968 Ec-

1937 2010 2250 2067 elesiarum
2284 2011 2343 2063 et
2372 2004 2861 2062 monasteriorum
2873 2006 3193 2059 conventus
3208 2000 3268 2057 in
3290 1999 3587 2059 similibus

1938 2099 2165 2167 rotulis,
2199 2098 2297 2152 ubi
2313 2093 2634 2152 eumvariis
2662 2090 3154 2149 honorumtitulis
3174 2090 3585 2148 condecorant.

1938 2190 2102 2244 Hunc
2126 2202 2393 2259 gemmam
2438 2184 2648 2256 sophia
2698 2181 2998 2256 appellant
3052 2178 3319 2237 canonici
3365 2178 3588 2235 Sancta:

1939 2276 2131 2335 Mariis
2164 2274 2477 2341 Blesensis;
2512 2274 2686 2328 lucem
2702 2269 3062 2328 ecclesiarum
3092 2264 3364 2324 monachi
3397 2264 3585 2322 Bello-

1936 2380 2212 2422 vacenses
2268 2363 2465 2419 Sancti
2530 2360 2817 2421 Luciani;
2872 2359 3247 2414 clarissimum
3288 2355 3587 2427 sophistam

1937 2454 2329 2511 Maciacenses
2358 2450 2556 2507 Sancti
2612 2446 2952 2514 Maximini;
3008 2444 3280 2501 doctorem
3306 2443 3586 2499 doctorum

1936 2544 2371 2609 Bernacenses;
2416 2540 2811 2610 magistrorum
2854 2534 3016 2590 decus
3064 2532 3367 2603 remigium
3411 2529 3587 2586 turba:

1934 2634 2210 2690 Bernensis
2240 2627 2597 2685 Parisienses
2617 2626 2841 2683 Sanctis
2856 2622 3050 2680 Mariae
3071 2620 3314 2694 majoris
3328 2617 3587 2676 ecclesiis

1935 2721 2220 2789 canonici;
2252 2719 2409 2775 hunc
2439 2717 2705 2772 doctrina:
2740 2712 3040 2786 praebuisse
3080 2708 3292 2766 undam
3333 2706 3589 2781 gentibus

1932 2822 1986 2871 et
2003 2813 2184 2877 cleris,
2217 2809 2385 2865 aiunt
2410 2804 2607 2861 Sancti
2639 2801 2898 2860 Gervasii
2939 2798 3334 2866 Valesienses;
3373 2799 3592 2853 cunctos

1933 2915 2214 2975 superasse
2261 2899 2366 2953 toto
2410 2897 2472 2951 iu
2510 2893 2637 2950 orbe
2680 2891 2992 2961 magistros.
3051 2886 3251 2945 Sancti
3295 2884 3587 2941 Timothei

1935 2992 2272 3047 Remenses:
2304 2987 2420 3057 ejus
2450 2983 2699 3040 doctrina
2729 2984 2805 3037 tot
2831 2982 3001 3051 factos
3027 2991 3141 3034 esse
3166 2975 3436 3050 sapientes
3464 2980 3593 3046 quot

1932 3095 2087 3137 meas
2114 3077 2286 3133 nescit
2312 3075 2536 3131 Sanctae
2565 3070 2754 3127 Mariis
2769 3067 3211 3141 Spulingenses;
3236 3068 3294 3122 et
3313 3062 3589 3121 monachi

1935 3167 2132 3227 Sancti
2193 3161 2411 3221 Nicolai
2464 3158 2903 3232 Andegavensis
2959 3156 3077 3228 ejus
3130 3155 3437 3211 doctrinam
3477 3158 3585 3210 toto

1933 3259 2147 3332 fulgere
2175 3257 2237 3311 in
2265 3254 2410 3321 orbe,
2445 3250 2599 3306 unde
2610 3249 2739 3320 ejus
2758 3261 3011 3320 sequaces
3025 3260 3155 3301 esse
3186 3245 3394 3332 optant
3408 3257 3586 3300 cano-

1935 3330 2052 3404 nici
2084 3340 2434 3401 cathedralis
2463 3337 2718 3396 ecclesia
2734 3336 2958 3392 Sanctae
2977 3332 3178 3390 Crucis
3202 3330 3583 3389 Aurelianen-

1935 3438 2039 3494 sis.
2072 3433 2302 3490 Nimius
2333 3445 2524 3486 essem
2552 3428 2610 3482 in
2638 3425 2862 3483 caeteris
2891 3421 3095 3495 elogiis
3122 3422 3253 3494 ejus
3274 3434 3582 3477 recensen-

1924 3526 2124 3583 .dis.At
2155 3521 2421 3577 omittere
2452 3506 3584 3581 nonlicetcanonieorumAndegavensis

1937 3610 2203 3670 Ecclesiae
2231 3605 2582 3665 cathedralis
2610 3601 2799 3661 sancti
2845 3598 3107 3657 Mauricii
3154 3595 3583 3663 testimonium,

1938 3721 2054 3777 quo
2102 3702 2434 3756 Brunonem
2493 3696 2768 3752 asserunt
2819 3690 3170 3763 magistrum
3230 3685 3415 3777 fuisse
3467 3702 3585 3742 non

1938 3775 2275 3866 puerorum,
2307 3790 2411 3842 aut
2443 3783 2738 3839 minorum
2769 3779 3135 3848 clericorum,
3173 3777 3293 3866 sedp
3328 3775 3588 3866 virorum

1938 3862 2204 3953 gravium
2235 3880 2293 3935 et
2313 3876 2440 3946 jam
2469 3873 2796 3937 doctorum,
2826 3868 2929 3941 qui
2972 3868 3084 3924 sub
3139 3882 3206 3924 eo
3260 3864 3471 3935 divina,
3529 3862 3591 3919 id

1939 3952 2050 4034 est,
2108 3964 2463 4036 theologiam
2523 3959 2923 4017 addiscebant.
2986 3956 3149 4022 Quod
3206 3970 3348 4013 sane
3396 3952 3593 4027 arguit

1941 4073 2077 4114 eum
2097 4056 2223 4127 jam
2256 4057 2395 4107 tunc
2453 4053 2695 4105 maturae
2753 4047 2941 4103 aetatis
2974 4044 3156 4101 fuisse
3197 4059 3334 4100 cum
3393 4041 3593 4098 Remis

1943 4152 2079 4203 ante
2108 4158 2283 4201 suum
2316 4155 2616 4197 secessum
2667 4137 2918 4195 doceret.
2973 4135 3058 4191 En
3113 4132 3337 4206 aliquot
3386 4145 3595 4189 eorum

1940 4250 2146 4292 VOPSUS
2160 4273 2172 4288 .

2016 4325 2147 4396 Ejus
2175 4324 2229 4378 et
2246 4320 2457 4377 eximia
2485 4317 2793 4374 celebratur
2820 4315 3023 4387 ubique
3051 4311 3264 4385 sophia,

2018 4413 2319 4483 Plusquam
2347 4408 2584 4464 Maronis
2614 4406 2874 4463 laudatur
2902 4405 3100 4474 lingua
3128 4400 3424 4466 Brunonis,

2020 4502 2205 4557 Gloria
2224 4500 2476 4555 Plutonis
2508 4496 2717 4553 vilescit
2744 4494 2903 4551 laude
2931 4492 3226 4549 Brunonis.

174 4584 549 4659 produxerit.
576 4581 741 4648 Quod
775 4585 840 4637 ut
867 4582 1184 4654 evincatur,
1229 4586 1419 4659 primo
1464 4593 1840 4651 statuendum
1872 4603 1920 4668 1)
2023 4593 2118 4646 Hic
2142 4587 2489 4661 praecellebat
2516 4585 2841 4653 doctoribus,
2875 4584 2964 4640 hic
2992 4581 3229 4655 faciebat

175 4679 267 4731 est
290 4680 535 4747 tempus
565 4677 683 4745 Quo
716 4670 915 4728 Remis
945 4673 1149 4730 docere
1179 4675 1376 4732 desiit.
1413 4680 1576 4735 Certe
1606 4698 1673 4737 ex
1716 4686 1847 4740 Gre-

178 4762 331 4836 gorii
361 4761 465 4818 VII
494 4757 733 4827 litteris,
767 4762 826 4814 et
853 4776 921 4815 ex
946 4760 1223 4819 Guiberto
1262 4763 1568 4837 Novigenti
1617 4769 1844 4840 abbate,

182 4851 376 4926 colligi
410 4867 587 4925 posse
648 4848 882 4904 videtur
924 4849 1255 4907 Brunonem
1286 4852 1588 4912 Remensis
1636 4858 1847 4916 scholae

183 4942 598 5011 prafecturam
632 4938 933 4995 dimisisse
950 4939 1253 4997 occasione
1285 4943 1591 4999 turbarum
1617 4962 1764 5018 quas
1789 4949 1846 5003 in

182 5046 248 5087 ea
276 5030 544 5089 Ecclesia
595 5028 903 5084 Manasses
949 5027 1426 5102 archiepiscOpus
1481 5035 1846 5106 excitaverat,

180 5121 552 5194 proindeque
613 5134 769 5173 anno
820 5116 1050 5173 circiter
1104 5118 1263 5186 1076,
1304 5124 1407 5175 aut
1456 5124 1742 5193 sequenti.
1780 5126 1850 5181 Et

178 5209 446 5282 quidem,
481 5206 657 5263 initio
688 5205 828 5261 anni
873 5206 1031 5276 4078,
1093 5205 1418 5279 Godefridus
1462 5212 1847 5284 cancellarius,

175 5298 481 5356 Brunonis
510 5295 574 5352 in
608 5293 828 5351 scholis
855 5294 1126 5368 regendis
1155 5300 1213 5351 et
1238 5296 1300 5350 in
1317 5297 1645 5354 cancellarii
1667 5301 1853 5375 digni-

182 5392 299 5446 tate
326 5400 680 5452 successor,
715 5383 1063 5456 subscripsit
1090 5382 1333 5441 concilio
1354 5386 1761 5446 Suessionensi
1791 5391 1852 5447 in

171 5495 353 5536 causa
382 5473 664 5534 ecclesiae
694 5472 890 5528 Sancti
914 5472 1198 5538 Quintini.
1249 5474 1340 5542 At,
1373 5476 1424 5532 si
1452 5477 1645 5534 Bruno
1699 5496 1854 5536 anno

170 5569 302 5627 4101
341 5561 934 5643 quinquagenarius,
969 5567 1032 5619 ut
1060 5561 1266 5618 volunt
1312 5564 1649 5637 adversarii,
1682 5584 1713 5624 e
1736 5568 1854 5625 vita

162 5656 597 5731 mansisset,
629 5666 790 5712 anno
819 5650 960 5714 4076
985 5655 1089 5713 aut
1131 5656 1431 5731 sequente,
1478 5671 1594 5734 quo
1646 5655 1854 5723 schola

2026 4682 2274 4735 Summas
2302 4677 2557 4739 doctores,
2589 4690 2701 4730 non
2724 4671 3061 4730 instituendo
3086 4671 3352 4727 minores:

2028 4774 2228 4825 Doctor
2252 4765 2533 4823 doctorum
2559 4764 2670 4834 fuit
2694 4764 2803 4831 hic,
2833 4777 2944 4817 non
2972 4757 3381 4816 clericulorum.

2026 4859 2164 4913 Nam
2192 4871 2291 4909 nec
2320 4854 2566 4909 honestas
2596 4853 2903 4917 verborum,
2934 4864 3033 4904 nec
3060 4846 3356 4917 gravitates

1980 4976 1988 4995 .
2028 4944 2269 5015 Sumpsit
2300 4941 2577 4996 Brunonis
2603 4939 2722 4995 nisi
2749 4939 2836 4993 vir
2857 4952 3073 5006 magna
3096 4932 3354 4990 rationis.

2026 5034 2259 5091 Nuntiat
2287 5030 2567 5100 egregiam
2593 5027 2784 5083 divina
2810 5024 3044 5083 docendo
3071 5021 3349 5095 sophiam.

1957 5124 2103 5180 Hinc
2134 5122 2192 5177 in
2226 5118 2510 5175 Chronico
2541 5114 2908 5174 Malleacenci
2927 5113 3121 5169 Bruno
3136 5111 3404 5184 perfectus
3428 5105 3613 5179 philo-

1957 5212 2157 5285 sophus
2185 5206 2257 5265 ab
2286 5206 2615 5264 Adhemaro
2658 5203 3004 5278 appellatur;
3060 5216 3235 5274 quem
3267 5197 3420 5253 inter
3468 5192 3615 5285 alios

1960 5281 2076 5357 non
2108 5296 2516 5370 Berengarius,
2549 5299 2616 5351 ut
2641 5294 2883 5367 quidam
2915 5291 3065 5349 male
3104 5286 3482 5370 intelligunt,_
3511 5281 3616 5370 sed

1962 5388 2276 5447 Fulbertus
2299 5365 2703 5452 Uarnotensis,
2735 5399 2888 5439 anno
2917 5382 3056 5438 1028
3070 5376 3401 5440 defunctus,
3426 5365 3618 5441 philo-

1964 5475 2184 5550 sophia:
2215 5491 2333 5530 suae
2364 5473 2653 5529 haeredem
2684 5471 3018 5543 reliquerat.

2033 5567 2063 5623 J
2070 5582 2165 5621 am
2186 5578 2324 5620 vero
2341 5561 2475 5634 quis
2504 5561 2715 5617 dixerit
2728 5564 2958 5616 tantum
2968 5558 3183 5624 virum,
3217 5562 3391 5639 quem
3413 5556 3622 5639 omnes

1965 5655 2148 5718 ferme
2178 5626 2518 5721 Galliarum,
2548 5647 2768 5724 Anglia:
2793 5650 2851 5709 et
2899 5645 3074 5708 Italiae
3121 5634 3391 5707 Ecclesiae
3434 5626 3621 5692 veluti
