3958 6224
377 385 484 453 ξιῦ

1703 388 1775 450 Β.
1820 387 1986 453 ΗΕΒ

2253 386 2511 449 pars.
3719 357 3809 440 "re

409 515 2132 596 celeberrimumscientiarummagistrumcertatimcom-'A
2233 519 2380 573 \‘ero
2429 517 2684 574 similius
2740 521 2848 585 est,
2909 517 3064 588 quod
3125 513 3360 588 scripsit
3411 514 3720 571 Albericus
3749 515 3810 570 in

405 615 777 683 mandarunt,
811 611 918 669 has
949 612 1153 669 laudes
1175 609 1362 668 annos
1378 611 1582 683 viginti
1603 614 1704 666 aut
1729 610 1902 682 paulo
1920 609 2053 682 plus

402 707 504 758 aut
533 703 947 758 minusnatum
977 701 1552 774 promeruisse?Quis
1585 700 1846 770 inquam,
1868 699 1974 754 sibi
1999 699 2053 752 in

401 793 670 848 animum
698 791 993 848 induxerit
1024 792 1356 847 Brunonem
1388 806 1455 844 ea
1485 793 1648 844 aetate
1673 789 1771 844 diu
1824 787 2056 843 scholas

402 882 546 938 adeo
593 881 850 937 celebres
901 897 1035 936 cum
1084 885 1248 936 tanta
1290 877 1638 935 eruditionis
1687 882 1743 932 et
1781 876 2054 932 doctrina:

401 970 558 1025 fama
583 970 822 1040 rexisse,
863 975 928 1024 ut
945 972 1077 1042 post
1103 967 1307 1040 viginti
1331 965 1679 1022 secessionis
1692 982 1876 1020 annos
1900 981 2058 1019 mors

401 1061 530 1131 ejus
561 1063 842 1131 tanquam
875 1059 1142 1114 omnium
1174 1059 1480 1112 doctorum
1515 1055 1780 1127 magistri
1804 1072 1836 1109 a
1857 1052 2059 1126 pleris-

404 1148 687 1219 queorbis
705 1147 1018 1203 Christiani
1044 1145 1316 1201 Ecelesiis
1330 1144 1748 1200 celebrioribus
1762 1143 2061 1216 deplorata

406 1228 600 1292 fuerit.
636 1227 912 1308 ﬁenique,
947 1235 996 1292 si
1025 1235 1278 1291 visiones
1306 1231 1366 1288 in
1399 1237 1612 1290 nostra;
1641 1249 1830 1289 causae
1866 1231 2057 1288 subsi-

405 1316 570 1381 dium
603 1326 890 1381 adducere
914 1324 1102 1392 liceat,
1128 1325 1321 1379 Bruno
1340 1340 1513 1379 senex
1531 1327 1676 1389 erat,
1702 1322 2061 1396 proindeque

405 1407 794 1488 quadraginta
824 1415 1086 1487 quinque
1115 1418 1219 1469 aut
1239 1413 1416 1469 etiam
1448 1411 2061 1484 quinquagintaannis

407 1504 613 1575 major,
628 1519 763 1559 cum
787 1503 847 1558 in
862 1502 1492 1558 Calabriamoraretur.
1521 1501 1752 1557 Etenim
1779 1499 2060 1572 Rogerius

405 1609 620 1660 comes,
653 1597 715 1647 ut
751 1592 874 1664 ipse
905 1592 966 1647 in
999 1587 1238 1664 vulgata
1279 1607 1348 1646 ea
1377 1589 1450 1645 de
1503 1606 1562 1645 re
1593 1589 1796 1645 charta
1842 1593 2060 1656 narrat,

407 1697 539 1736 cum
569 1681 824 1753 Capuam
860 1681 1154 1735 obsideret
1182 1698 1216 1735 a
1243 1696 1370 1734 sene
1399 1679 1680 1735 revercmli
1709 1681 1911 1742 vultus,
1961 1677 2062 1750 qui

407 1768 458 1824 ei
491 1769 821 1823 venerabilis
852 1769 1019 1823 Pater
1045 1769 1228 1822 Bruno
1258 1784 1388 1822 esse
1437 1767 1760 1832 videbatur,
1804 1765 2063 1822 monitus

411 1857 520 1912 fuit
551 1861 614 1912 ut
644 1858 714 1912 ab
749 1857 980 1912 insidiis
1006 1857 1192 1928 Sergii
1215 1857 1524 1927 cujusdam
1555 1855 1864 1928 proditoris
1895 1871 2056 1910 cave-

411 1950 514 2002 ret.
549 1947 628 2001 Ex
640 1947 854 2018 quibus
867 1946 1143 2001 omnibus
1156 1945 1324 2001 facile
1338 1945 1633 2016 colligitur
1653 1943 1798 1999 nihil
1821 1943 2061 2000 omnino

409 2035 694 2106 impedire
725 2035 1048 2106 quominus
1083 2034 1435 2090 admittatur
1467 2035 1799 2088 Brunonem
1845 2032 2064 2088 Urbani

409 2139 546 2178 cum
580 2124 637 2178 in
669 2123 941 2179 Remensi
975 2121 1174 2180 schola
1204 2123 1411 2178 litteris
1431 2126 1678 2189 vacaret,
1711 2121 2063 2194 magistrum

413 2213 614 2276 fuisse,
644 2211 818 2284 idque
840 2227 994 2268 anno
1024 2211 1221 2268 seaculi
1255 2211 1551 2267 undecimi
1582 2211 1812 2266 circiter
1827 2224 2064 2283 sexage-

412 2298 583 2358 simo;
621 2293 781 2356 Unde
802 2313 998 2356 rerum
1032 2299 1212 2356 series
1237 2300 1320 2356 sic
1351 2299 1609 2355 ordinari
1627 2301 1837 2372 potest:
1859 2301 2067 2356 tier-va-

414 2389 538 2446 sius
569 2406 724 2446 anno
757 2391 897 2444 1055
917 2389 1195 2446 thronum
1230 2389 1578 2445 Remensem
1600 2389 1866 2460 adeptus,
1892 2387 2066 2460 paulo

412 2484 544 2551 post
573 2479 930 2544 Brunonem,
947 2479 1075 2551 jam
1105 2483 1296 2546 antea,
1331 2489 1396 2534 ut
1425 2477 1726 2534 Manasses
1756 2475 2069 2533 afﬁrmavit

410 2567 470 2622 in
503 2563 612 2622 sua
659 2562 946 2640 apologis,
1006 2567 1325 2623 canonicus
1373 2564 1742 2622 Coloniensis
1800 2564 2066 2622 Ecclesia:

409 2655 609 2712 Sancti
640 2655 1002 2728 Chuniberti,
1036 2657 1248 2712 Remos
1277 2655 1598 2722 advocavit,
1645 2656 1816 2726 eique
1854 2653 2069 2710 collata

411 2743 740 2800 cancellarii
755 2743 1060 2817 dignitate,
1076 2761 1195 2799 suae
1211 2743 1480 2800 Ecclesia:
1513 2743 1843 2800 scholarum
1867 2759 2066 2799 curam

415 2832 810 2900 demandavit;
841 2833 1249 2888 enutriebatur
1277 2837 1416 2888 tunc
1466 2833 1618 2888 inter
1648 2832 1792 2889 alios
1844 2831 2068 2889 nobiles

416 2923 546 2995 ejus
575 2923 763 2977 (etatis
787 2921 1032 2977 clericos
1061 2922 1184 2977 Odo
1211 2927 1425 2990 noster,
1459 2937 1633 2994 quem
1665 2923 1713 2976 si
1747 2939 1898 2978 anno
1930 2923 2069 2977 1060

402 3000 1010 3067 ὀοιανυῐῐι’ἀροίωἰιῐῑι
1047 3011 1276 3066 circiter
1304 3011 1494 3068 aetatis
1524 3027 1642 3068 sua:
1668 3027 1888 3066 annum
1931 3011 2067 3067 atti-

411 3100 570 3173 gisse
600 3097 1006 3166 admittamus,
1039 3097 1196 3170 quod
1229 3113 1370 3154 sane
1395 3113 1542 3170 pene
1567 3100 1791 3154 certum
1813 3097 2063 3165 videtur;

407 3188 560 3245 nihil
593 3189 832 3244 omnino
860 3188 1116 3245 obstabit
1172 3186 1490 3260 quominus
1524 3204 1592 3243 eo
1635 3193 1896 3260 tempore
1953 3188 2062 3243 sub

409 3277 708 3334 Brunonis
723 3277 1036 3350 disciplina
1055 3275 1368 3341 enutritus,
1387 3281 1444 3332 et
1463 3281 1663 3348 postea
1681 3275 1857 3331 variis
1879 3276 2068 3349 digni-

413 3366 611 3422 atib‘us
637 3367 924 3433 decursis,
957 3365 1363 3437 pontiﬁcatum
1419 3365 1745 3420 Romanum
1803 3365 2069 3436 adeptus,

415 3454 589 3511 fuerit
617 3471 769 3511 anno
803 3456 942 3510 1088
970 3453 1156 3510 etatis
1186 3471 1305 3510 sum
1323 3470 1477 3509 anno
1509 3453 1738 3510 circiter
1765 3455 1837 3515 h6
1860 3455 2073 3510 modica

418 3549 603 3611 wtale,
631 3550 688 3601 et
745 3545 982 3600 tandem
1038 3559 1192 3599 anno
1256 3544 1394 3597 1099
1451 3543 1788 3611 decesserit,
1849 3559 2070 3598 annum

419 3626 600 3705 agens
628 3636 718 3699 57,
752 3633 943 3688 adhuc
965 3635 1165 3702 ﬂorens
1195 3637 1252 3686 et
1281 3636 1539 3704 vegetus.
1575 3632 1704 3687 Haec
1730 3633 1877 3688 forte
1898 3633 2070 3705 paulo

416 3721 608 3777 fusius
629 3737 805 3793 quam
839 3720 1139 3792 oportebat
1179 3724 1422 3775 tractata
1465 3727 1624 3788 sunt;
1677 3722 1778 3778 sed
1809 3721 1865 3776 id
1892 3723 2071 3796 exigit

418 3809 712 3865 Brunonis
743 3808 922 3864 simul
952 3813 1011 3865 et
1041 3808 1262 3863 Odonis
1284 3825 1384 3864 seu
1421 3809 1633 3864 Urbani
1683 3827 1881 3880 causa,
1933 3828 2067 3868 cum

413 3898 803 3955 honerilicum
839 3897 917 3954 sit
945 3898 1204 3954 Brunoni
1243 3902 1470 3954 tantum
1499 3898 1777 3956 habuisse
1809 3900 2068 3973 discipu-

417 3987 568 4053 lum,
584 3993 642 4044 ‘et
654 3987 836 4042 Odoni
856 3988 1097 4042 subtam
1113 3987 1299 4042 sancti
1314 3987 1745 4062 viridisciplina
1756 3990 2066 4046 educatum

411 4076 614 4133 fuisse.
645 4079 942 4142 Quantum
963 4091 1098 4132 vero
1113 4075 1448 4132 subcelebri
1470 4076 1570 4133 illo
1602 4079 2070 4151 magistroinlit-

411 4171 670 4222 terarum
693 4163 907 4222 studiis
919 4169 974 4221 et
991 4165 1283 4220 exercitiis
1297 4165 1580 4221 virtutum
1599 4167 1902 4238 profecerit
1921 4169 2064 4234 Odo,

412 4271 598 4327 pauca
629 4272 756 4327 qua:
783 4272 850 4310 ex
881 4256 1010 4327 ejus
1069 4253 1310 4326 scriptis
1358 4259 1695 4327 supersunt,
1746 4272 1811 4311 ac
1843 4255 2068 4330 reliqua

413 4343 572 4400 illius
603 4345 733 4399 vitae
765 4343 1045 4416 praeclara
1072 4346 1257 4415 gesta,
1290 4359 1419 4414 qua:
1451 4343 1576 4400 suis
1622 4343 1767 4400 locis
1815 4361 2064 4417 expone-

415 4449 570 4500 mus,
602 4433 746 4488 satis
778 4433 1125 4504 abundeque
1155 4433 1464 4487 testantur.
1893 4499 1912 4524 Ι

494 4539 592 4595 ΙΙΙ.
629 4541 878 4597 Urbanus
907 4556 980 4595 an
1007 4540 1282 4595 erensis
1312 4540 1604 4594 canonicam
1630 4542 1682 4594 et
1704 4540 1982 4596 archidia-

578 4628 762 4666 con-us.
797 4613 931 4683 Ejus
957 4626 1114 4664 amor
1142 4612 1202 4664 in
1228 4610 1539 4666 Ecclesium
1569 4611 1903 4668 Remensem.

481 4699 780 4756 Urbanum
795 4717 910 4756 non
926 4698 1117 4755 solum
1142 4699 1202 4754 in
1218 4697 1524 4755 Remensis
1551 4697 1819 4756 Ecclesiae
1841 4703 2064 4774 gremio

377 4777 382 4780 ’
410 4791 732 4846 enutritum
765 4790 966 4856 fuisse,
1002 4788 1104 4844 sed
1134 4787 1311 4844 etiam
1343 4787 1400 4842 in
1429 4787 1612 4842 nobili
1645 4789 1774 4860 ejus
1795 4790 2065 4848 Ecclesiae

411 4868 822 4933 canonicorum
837 4877 1078 4950 collegio
1091 4876 1286 4932 locum
1299 4875 1625 4932 obtinuisse
1646 4876 1785 4932 varii
1799 4883 2066 4938 auctores

412 4966 632 5036 passim
663 4968 920 5021 tradunt.
952 4967 1097 5022 Cum
1114 4961 1248 5021 vero
1281 4960 1380 5018 illa
1399 4963 1657 5020 Ecclesia
1677 4971 1915 5022 crateras
1948 4987 2062 5026 non

411 5052 694 5125 dignitate
711 5053 1038 5120 solum,sed
1063 5055 1239 5110 etiam
1265 5069 1496 5108 morum
1518 5056 1827 5110 sanctitate
1847 5063 1905 5110 et
1936 5057 2064 5113 vita:

411 5141 743 5196 communis
761 5141 1158 5199 observatione
1173 5147 1311 5198 tunc
1329 5141 1712 5208 antecelleret,
1737 5145 1864 5214 ejus
1891 5161 2061 5202 cauo-

411 5230 525 5284 nici
556 5229 692 5284 dicti
725 5235 865 5283 sunt
896 5247 930 5284 a
967 5231 1269 5285 nonnullis
1329 5229 1646 5302 regulares.
1695 5233 1884 5302 Atque
1929 5233 2062 5290 inde

412 5324 546 5374 nata
575 5323 666 5374 est
699 5318 1085 5390 posteriorum
1104 5320 1494 5392 quorumdam
1515 5323 1821 5374 auctorum
1842 5321 2057 5394 opinio,

409 5408 510 5480 qui
567 5407 865 5464 Urbanum
907 5406 1052 5462 olim
1101 5407 1447 5464 canonicum
1496 5406 1822 5479 regularem
1879 5409 2061 5468 fuisse

411 5497 798 5568 scripserunt,
817 5495 1122 5568 etquidem
1139 5497 1546 5552 Lateranensis
1569 5497 2057 5571 congregationis,

412 5591 476 5640 ut
500 5585 596 5641 alii
631 5584 924 5653 addidere;
954 5584 1098 5640 adeo
1147 5585 1417 5656 proclivis
1445 5589 1533 5640 est
1561 5602 1595 5640 a
1644 5590 2060 5660 praeconceptis

408 5675 783 5749 opinionibus
809 5673 881 5732 ad
913 5689 1163 5734 errorem
1195 5673 1436 5749 gradus.
1466 5674 1578 5733 Sed
1609 5672 1705 5732 his
1756 5672 2060 5741 immorari

409 5780 525 5828 non
552 5767 740 5826 vacat.

2165 607 2469 664 Chronico.
2507 606 2802 663 Urbanum
2843 605 3105 660 Ecclesia:
3125 602 3430 660 Remensis
3451 601 3814 660 archidiaco-

2168 713 2308 752 num
2340 696 2540 750 fuisse.
2577 696 2630 750 ls
2663 695 2819 750 enim
2839 694 2964 768 ipse
2995 693 3242 762 estOdo,
3273 693 3320 750 si
3343 709 3454 749 non
3490 693 3639 749 fallit
3661 697 3816 748 cata-

2165 793 2332 866 logus
2347 793 2890 848 archidiaconorum
2907 791 3282 848 Remensium
3298 809 3331 848 a
3345 791 3587 848 Marloto
3615 797 3774 848 tomo
3798 793 3818 847 Ι

2166 883 2500 954 Metropolis
2533 883 2840 938 Remensis
2877 881 3092 948 editus,
3154 879 3252 954 qui
3285 898 3438 936 anno
3495 881 3636 937 1070
3665 884 3818 937 hanc

2166 972 2302 1042 dign
2314 971 2511 1027 itatem
2525 972 2992 1027 obtinebat.Cave
3013 975 3208 1026 tamen
3225 987 3295 1025 ne
3310 970 3475 1026 illum
3490 971 3662 1026 confu
3674 971 3819 1027 udas

2168 1076 2299 1114 cum
2333 1059 2446 1116 alio
2478 1061 2742 1132 ejusdem
2775 1059 3032 1116 nominis
3067 1059 3472 1115 archidiacono
3521 1059 3819 1126 Remensi,

2169 1148 2271 1220 qui
2303 1149 2478 1205 variis
2519 1149 2738 1205 chartis
2783 1149 2892 1206 sub
2941 1147 3192 1204 Widone
3221 1153 3278 1204 et
3324 1148 3598 1204 Gervasio
3629 1143 3822 1204 archi-

2169 1237 2519 1310 praesulibus
2578 1237 2729 1293 inter
2776 1237 2922 1294 alios
2965 1237 3385 1312 subscripsisse
3435 1241 3818 1296 memoratur.

2168 1327 2312 1382 Cum
2345 1328 2501 1383 enim
2534 1327 2642 1383 iste
2658 1328 2806 1383 hanc
2821 1327 3167 1400 dignitatem
3184 1343 3336 1383 anno
3361 1327 3822 1395 10520btineret,

2172 1423 2236 1470 ut
2269 1421 2424 1486 patet
2453 1432 2521 1470 ex
2549 1415 2822 1472 Widonis
2879 1416 3300 1488 archiepiscopi
3357 1415 3582 1481 charta,
3642 1431 3826 1489 quam

2171 1504 2450 1559 Marlotus
2483 1511 2637 1560 tome
2672 1506 2718 1561 ll
2753 1505 2971 1574 retulit,
2996 1505 3148 1562 alius
3179 1505 3508 1562 necessario
3537 1505 3827 1561 dicendus

2171 1600 2250 1648 es!
2292 1595 2469 1648 luisse
2502 1599 2749 1650 anostro
2781 1593 3272 1667 Odone,quianno
3303 1594 3443 1650 1088
3474 1612 3608 1649 cum
3632 1595 3830 1650 adhuc

2171 1683 2410 1737 modica:
2442 1684 2627 1738 aetatis
2658 1688 2830 1745 esset,
2867 1689 2930 1738 ut
2960 1683 3222 1756 loquitur
3252 1683 3562 1740 Ordericus
3593 1680 3828 1755 Vitalis,

2175 1772 2427 1843 pontifex
2452 1777 2538 1825 est
2569 1772 2961 1828 renuntiatus.
2995 1778 3154 1828 Certe
3186 1771 3403 1828 Odonis
3437 1775 3650 1828 nomen
3675 1791 3834 1831 com-

2175 1861 2412 1914 munius
2443 1868 2580 1916 tunc
2613 1862 2891 1933 temporis
2923 1867 3066 1929 erat,
3101 1868 3164 1916 ut
3197 1862 3330 1934 quis
3375 1861 3623 1957 inlicipmi
3668 1863 3828 1932 velit,

2175 1957 2321 2012 duos
2352 1959 2478 2024 eius
2515 1958 3222 2015 nominisarchidiaconos
3245 1976 3310 2014 eo
3341 1959 3551 2014 saeculo
3573 1976 3705 2016 esse
3733 1979 3830 2032 pu-

2171 2046 2354 2099 tuisse
2387 2047 2726 2102 inllemensi
2749 2047 3080 2102 Ecclesia.Si
3112 2047 3243 2120 quis
3273 2064 3407 2102 vero
3440 2047 3496 2102 id
3530 2049 3832 2123 perneget,

2175 2137 2534 2206 proferemus
2557 2137 2610 2190 in
2636 2135 3035 2192 testimonium
3055 2137 3317 2207 ejusdem
3333 2136 3600 2192 Ecclesia:
3623 2137 3835 2195 Nec-ro-

2174 2225 2395 2294 togium
2428 2230 2614 2286 vetus,
2649 2225 2702 2278 in
2729 2241 2844 2296 quo
2876 2225 2968 2279 die
2999 2225 3202 2296 quinta
3227 2225 3523 2280 Februarii
3545 2243 3834 2284 memora-

2175 2315 2272 2366 tur
2300 2313 2478 2368 obilus
2509 2313 2708 2367 Odonis
2737 2313 3137 2374 archidiaconi;
3167 2312 3378 2369 diversi
3413 2314 3616 2386 procul
3649 2315 3832 2373 dubio

2177 2417 2211 2454 a
2235 2406 2432 2456 nostro
2455 2400 2576 2474 qui,
2598 2419 2798 2457 mense
2818 2402 2974 2458 Julio
3001 2403 3592 2476 desinente,pontil’ex
3615 2405 3832 2466 Roma-

2175 2507 2289 2544 nus
2321 2506 2350 2544 e
2383 2490 2496 2545 vita
2519 2491 2781 2546 recessit.

2246 2604 2421 2660 Porro
2455 2605 2798 2662 Remeusem
2817 2605 3134 2663 Ecclesiam
3165 2607 3591 2681 sempercoluit
3611 2626 3678 2665 ac
3695 2609 3836 2666 fovit

2177 2693 2446 2749 Urbanus
2475 2695 2649 2750 etiam
2685 2696 3098 2768 postadeptum
3132 2697 3560 2769 pontiﬁcatum,
3581 2699 3742 2770 quod
3765 2715 3835 2756 ex

2175 2783 2352 2838 variis
2383 2783 2510 2853 ejus
2541 2783 2825 2855 epistulis,
2859 2802 3007 2856 quas
3046 2803 3154 2841 suo
3184 2785 3388 2841 ordine
3435 2788 3830 2860 proferemus,

2175 2871 2412 2946 patebit.
2475 2871 2612 2943 Ejus
2653 2873 2867 2945 quippe
2919 2878 2976 2930 et
3033 2873 3194 2930 illius
3249 2873 3834 2949 archiepiscoporum

2176 2961 2584 3034 prmrogativas
2616 2960 2833 3032 insigni
2863 2961 3178 3034 diplomate
3227 2965 3500 3033 asseruit;
3533 2970 3594 3020 et
3641 2965 3832 3022 altero

2175 3049 2536 3106 confirmavit
2563 3049 2826 3119 eiusdem
2858 3050 3126 3117 Ecclesia
3161 3053 3831 3126 canonicorumprivile-

2175 3149 2289 3222 gia,
2317 3149 2456 3203 dum
2474 3148 2790 3204 monachos
2805 3149 3176 3222 Remigianos
3206 3151 3486 3206 adversus
3510 3151 3835 3224 lngelram-

2100 3249 2143 3320 ο
2185 3254 2324 3293 num
2347 3236 2609 3292 Lauduni
2641 3235 2979 3309 episcopum
3011 3239 3198 3295 tuitus
3229 3243 3340 3306 est,
3377 3245 3440 3296 ut
3466 3240 3612 3296 nihil
3635 3241 3834 3300 dicam

2179 3327 2251 3382 de
2277 3323 2592 3383 Baselianis
2624 3326 2949 3395 monachis,
2973 3345 3122 3399 quos
3152 3329 3224 3384 ab
3251 3329 3512 3388 advocati
3530 3329 3836 3386 saecularis

2171 3417 2318 3490 jugo
2350 3413 2634 3471 liberavit.
2669 3415 2884 3471 Mirum
2915 3421 3004 3472 est
3032 3421 3228 3472 autem
3261 3421 3546 3490 quantum
3576 3419 3834 3476 desuda-

2177 3515 2324 3572 verit
2352 3517 2485 3587 pius
2516 3513 2772 3588 pontifex
2795 3512 2852 3568 in
2880 3513 3244 3570 restituenda
3257 3514 3573 3588 episcopali
3599 3517 3839 3573 Atreba-

2178 3611 2302 3661 tum
2335 3606 2493 3671 sede,
2545 3619 2737 3676 quisa
2792 3601 3066 3658 trecentis
3125 3602 3307 3659 ferme
3361 3604 3534 3660 annis
3593 3606 3836 3678 proprio

2176 3711 2448 3766 episcopo
2487 3695 2773 3755 caruerat,
2835 3690 2991 3762 quod
3047 3707 3110 3747 se
3167 3689 3297 3747 ideo
3350 3692 3556 3749 fecisse
3605 3695 3836 3766 passim

2175 3779 3224 3851 testatur,utRemorummetropolim
3259 3781 3316 3836 in
3342 3781 3645 3854 antiquam
3658 3791 3834 3840 suam

2177 3871 2519 3944 dignitatem
2573 3868 2923 3924 restitueret.
2973 3867 3223 3926 Urbanus
3279 3869 3519 3942 quippe,
3577 3874 3643 3926 ut
3687 3871 3836 3928 Her-

2177 3977 2430 4015 mannus
2488 3957 2664 4013 habet
2715 3957 2773 4012 in
2827 3956 3082 4013 Historia
3128 3959 3573 4015 restaurationis
3629 3960 3836 4016 Sancti

2176 4049 2409 4105 Martini
2439 4045 2845 4114 Tornacensis,
2871 4045 3166 4120 Spicilegii
3190 4047 3502 4104 Achcriani
3519 4052 3681 4104 tome
3705 4048 3834 4106 Xli:

2171 4148 2434 4218 quoniam
2463 4147 2523 4200 in
2553 4145 2795 4201 Ecclesia
2846 4144 3096 4199 Remensi
3138 4144 3395 4200 educatus
3437 4147 3641 4217 [νει-αι,
3672 4148 3838 4204 ualde

2173 4251 2294 4291 eam
2323 4250 2484 4306 super
2510 4234 2654 4288 alias
2677 4233 2958 4303 diligebat;
2991 4237 3044 4288 et
3073 4237 3134 4288 ut
3165 4236 3456 4304 antiquam
3493 4236 3548 4289 ei
3583 4233 3837 4306 dignita-

2171 4329 2279 4379 tem
2307 4323 2588 4379 duodecim
2613 4323 2985 4394 episcoporum
3017 4321 3241 4378 reddere
3262 4331 3456 4395 posset,
3495 4337 3604 4379 non
3625 4339 3837 4395 parum

2174 4413 2475 4468 laborabat.
2501 4409 2728 4466 Etenim
2756 4415 2964 4482 praeter
2990 4411 3456 4478 Atrebatensem,
3503 4415 3836 4470 tentaverat

2171 4502 2348 4558 etiam
2418 4502 2849 4557 Tornacensem
2935 4497 3253 4555 Ecclesium
3327 4516 3361 4554 a
3417 4500 3832 4557 Noviomensis

2097 4621 2143 4688 Β
2175 4591 2432 4664 episcopi
2489 4586 3168 4688 subjectiope-liberare.
3226 4590 3300 4642 At
3354 4588 3510 4660 quod
3567 4589 3698 4688 ipse
3753 4591 3831 4688 ob

2174 4682 2512 4754 ingruentes
2570 4675 2950 4734 difﬁcultates
3021 4675 3250 4732 efﬁcere
3303 4693 3421 4732 non
3479 4677 3693 4750 potuit,
3753 4677 3832 4735 ab

2175 4771 2435 4844 Eugenio
2493 4769 2568 4824 ΙΙΙ
2619 4771 2754 4840 post
2809 4765 3034 4838 aliquot
3087 4783 3294 4836 annos,
3357 4773 3566 4840 agente
3621 4772 3834 4823 sancto

2175 4868 2489 4934 Bernardo,
2550 4864 2876 4938 prmstitum
2933 4867 3041 4918 est.
3102 4863 3236 4918 Erat
3311 4867 3506 4921 autem
3583 4864 3836 4936 antiqua

2176 4956 2480 5014 ltemensis
2513 4953 2820 5026 provincia:
2853 4952 2910 5006 in
2945 4951 3146 5007 Galliis
3175 4952 3574 5026 prierogativa,
3601 4957 3667 5008 ut
3685 4953 3834 5010 duo-

2173 5049 2360 5102 decim
2395 5042 2826 5117 episcopalibus
2848 5041 3088 5097 sedibus
3119 5042 3402 5115 gaudens,
3415 5041 3642 5114 judicia
3657 5057 3836 5098 cano-

2173 5145 2304 5201 nica
2333 5145 2390 5198 in
2406 5140 2640 5215 preprio
2655 5139 3039 5211 sinu,absque
3051 5137 3378 5196 alienarum
3387 5139 3828 5212 provinciarum

2171 5251 2279 5306 ope
2309 5231 2607 5288 absolvere
2665 5231 2881 5300 posset.
2942 5227 3226 5284 Ceterum
3284 5245 3422 5284 cum
3467 5229 3830 5302 periclitanti

2171 5321 2438 5379 Ecclesia:
2498 5315 2770 5374 Remensi
2829 5327 2965 5387 post
3044 5315 3326 5388 Raynaldi
3397 5317 3828 5390 archiepiscopi

2169 5413 2396 5472 obitum
2428 5405 2738 5465 subvenire
2766 5403 3049 5460 voluisset
3100 5409 3193 5461 lvo
3238 5407 3687 5463 Carnotensium
3718 5423 3827 5463 an-

2168 5503 2356 5568 tistes,
2389 5493 2606 5554 Urbani
2639 5508 2808 5566 opem
2839 5491 3170 5564 imploravit
3185 5494 3434 5568 epistola
3457 5496 3582 5565 116,
3614 5496 3676 5552 in
3707 5509 3831 5569 qua

2167 5591 2219 5648 ei
2246 5590 2397 5645 hanc
2455 5582 2772 5641 Ecclesium
2831 5597 2942 5636 non
2969 5582 3144 5638 solum
3201 5583 3342 5655 quod
3396 5587 3554 5656 regni
3601 5583 3830 5642 haberet

2165 5677 2438 5749 diademo,
2478 5672 2760 5735 etca’tsris
2808 5685 2950 5749 pene
2975 5671 3226 5732 Ecclesiis
3282 5673 3582 5733 Gallicanis
3636 5689 3830 5736 exem-
