3958 6224
126 300 190 375 t7
1752 308 1963 385 νιτΑ.
3487 314 3565 384 {8

124 441 469 517 ptumi-uince
490 442 583 502 vel
604 445 1038 505 resurrectionis
1051 447 1324 519 existeret,
1347 446 1801 520 commendavit;
1831 451 1887 521 Α
1917 452 2180 525 ejusdem
2202 451 2354 511 Petri
2380 449 2739 527 discipulum
2764 450 2985 526 passim
3009 448 3284 526 appellat,
3309 468 3563 526 eumque

131 533 217 593 sed
255 534 443 592 etiam
497 537 670 609 quod
706 536 815 595 illa
845 537 1161 611 aliquando
1190 539 1320 612 ejus
1347 548 1523 596 mater
1568 539 1800 597 fuisset.

135 627 461 697 Rcmensem,
512 627 746 704 inquit,
798 630 1159 701 metmpolim,
1222 630 1524 702 aliquando
1572 634 1804 687 matrem

140 721 379 781 vestram,
413 720 560 784 δια,
596 720 797 774 vestris
844 718 1310 774 consolationibus
1349 722 1583 790 refoveri
1615 730 1801 792 postu-

141 808 323 863 lamus.
340 806 419 862 Et
438 807 696 878 quidem
715 823 889 863 cassa
905 824 1021 863 non
1051 808 1159 863 fuit
1176 808 1366 864 Ivonis
1387 810 1799 880 expostulatio,

143 900 201 951 ut
217 899 373 968 patet
392 913 466 951 ex
494 896 680 952 variis
701 896 938 962 litteris,
964 914 1111 968 quas
1132 898 1391 969 pontifex
1411 914 1479 954 ea
1498 898 1801 955 occasione

144 985 507 1057 conscripsit,
526 985 585 1039 in
608 985 835 1056 quibus
853 986 1145 1042 sincerum
1165 1004 1302 1059 erga
1314 987 1465 1042 hanc
1482 987 1797 1044 Ecclesium

144 1074 307 1139 animi
341 1075 439 1129 sui
473 1075 757 1131 affectum
805 1075 998 1132 verbis
1047 1075 1381 1133 tenerrimis
1438 1076 1712 1149 explicat,
1745 1082 1802 1132 et

144 1164 445 1220 aﬂ'eetibus
469 1165 902 1236 comprobavit.
936 1165 1191 1237 Insignis
1213 1171 1303 1221 est
1334 1183 1447 1237 prae
1479 1168 1702 1222 caeteris
1734 1184 1803 1221 ea

145 1253 206 1307 de
231 1252 489 1308 relocus
520 1254 581 1307 in
615 1242 866 1326 epistola
897 1254 968 1309 ad
1002 1254 1244 1321 clerum,
1269 1255 1558 1321 ordinem,
1584 1254 1799 1310 milites

144 1345 193 1397 et
206 1340 442 1414 plebem
466 1342 671 1399 Remis
700 1342 1037 1408 existentes,
1064 1345 1159 1398 ubi
1192 1343 1276 1399 sic
1308 1360 1406 1401 eos
1438 1344 1795 1416 alloquitur:

142 1433 451 1503 Jﬁectionis
479 1436 688 1491 nostrae
715 1435 946 1497 viscera,
990 1435 1100 1504 ﬁlii
1129 1438 1190 1490 in
1220 1436 1436 1491 Christo
1464 1435 1798 1501 charissimi,

144 1526 430 1593 angustata
479 1526 633 1588 sunt,
691 1524 827 1593 quia
879 1539 985 1581 vos,
1025 1526 1260 1595 pastoris
1306 1524 1794 1580 sollicitudine.....

141 1614 387 1669 sovisnus
466 1612 772 1667 destitutos.
847 1612 951 1668 Sed
1006 1614 1065 1668 in
1123 1614 1478 1669 tribulatione
1545 1613 1648 1667 hac
1701 1628 1801 1683 per

144 1702 526 1773 ominipotemis
543 1702 647 1756 Dei
672 1703 913 1771 gratiam
941 1702 1231 1759 charitatis
1258 1706 1458 1759 nostra:
1481 1701 1799 1774 praecordia

1914 543 1986 600 ob
2008 543 2065 600 id
2088 543 2466 617 potissimum
2489 542 2876 616 laudat,quod
2903 542 3078 599 etiam
3097 542 3354 615 pontifex
3376 545 3564 600 factus

1911 633 2067 690 hunc
2085 634 2279 706 ipsum
2303 634 2538 690 Petrum
2559 633 2736 689 veluti
2763 633 3123 707 magistrum
3141 650 3317 688 suum
3330 649 3563 705 semper

1912 724 2194 779 reveritus
2226 722 2418 779 fuerit.
2471 724 2854 779 Consentiunt
2903 727 3098 779 vetera
3139 721 3274 788 alia,
3309 721 3573 778 maxime.

1911 813 2256 882 domestica,
2297 816 2677 869 monumenta
2723 812 3001 868 Cavensis
3032 809 3374 867 monasterii
3402 810 3558 883 apud

1911 900 2239 973 Ugbellum.
2264 902 2335 956 At
2366 900 2511 955 nihil
2543 918 2611 956 ea
2632 901 2702 955 de
2724 918 2785 956 re
2817 900 2991 956 habet
3019 899 3355 955 Venusinus
3376 900 3559 955 abbas

1909 1008 2258 1063 anonymus,
2284 991 2382 1062 qui
2411 990 2558 1045 Petri
2584 994 2640 1045 et
2671 990 2918 1045 aliorum
2941 990 3267 1061 primorum
3291 989 3556 1060 ejusdem

1908 1079 2017 1136 loci
2076 1081 2357 1136 abbatum
2414 1079 2578 1136 Vitas
2655 1078 2830 1151 paulo
2906 1084 3038 1151 post
3096 1078 3241 1133 illud
3320 1082 3557 1149 tempus

1909 1170 2276 1242 conscripsit.
2310 1173 2508 1224 Exstat
2532 1174 2727 1224 tamen
2755 1169 3017 1239 ejusdem
3073 1167 3223 1223 Petri
3252 1166 3368 1223 alia
3401 1165 3553 1232 Vita,

1909 1276 2086 1332 quam
2119 1275 2185 1313 ex
2201 1259 2401 1314 eodem
2422 1276 2531 1313 ms.
2558 1258 2817 1313 Romano
2840 1273 3016 1328 penes
3039 1273 3145 1312 nos
3166 1256 3472 1322 habemus,
3496 1254 3555 1309 in

1908 1366 2025 1421 qua
2046 1348 2315 1403 Urbanus
2338 1346 2487 1402 Petri
2509 1346 2914 1417 condiscipulus
2945 1344 3083 1400 olim
3108 1345 3288 1400 luisse
3318 1344 3553 1410 dicitur,

1909 1442 2081 1510 atque
2141 1437 2370 1492 itineris
2425 1437 2553 1507 ejus
2613 1452 2747 1490 cum
2786 1452 2818 1490 e
2876 1434 3064 1490 Gallia
3117 1434 3324 1488 Cavam
3383 1433 3558 1489 rediit

1908 1543 2124 1583 comes.
2182 1526 2347 1581 Certe
2393 1528 2711 1597 utrumque
2770 1523 2950 1579 simul
2997 1523 3152 1595 apud
3210 1522 3555 1577 Cluniacum

1905 1615 2117 1672 vixisse
2147 1614 2240 1670 vix
2268 1614 2581 1687 quisquam
2616 1613 2863 1669 inﬁciari
2896 1615 3109 1685 potest,
3132 1616 3190 1666 et
3220 1612 3344 1682 ipse
3373 1611 3555 1665 abbas

1904 1704 2239 1761 Venusinus
2272 1707 2518 1760 testatur
2561 1703 2817 1769 Petrum,
2871 1719 3007 1757 cum
3038 1703 3365 1757 moraretur
3422 1698 3556 1754 Clu-

142 1789 465 1856 dilatantur,
499 1791 633 1860 quia
662 1806 775 1860 vos,
797 1795 930 1856 etc.,
964 1792 1224 1863 aniptiori
1250 1790 1528 1847 devotione
1566 1807 1798 1859 congra—
1828 1822 1877 1889 Β
1907 1795 2080 1861 niaei,
2112 1794 2272 1849 varia
2299 1793 2478 1849 simul
2512 1793 2591 1848 ibi
2624 1792 2816 1849 officia
2860 1791 3208 1848 exercuisse.
3254 1788 3330 1844 Ut
3359 1792 3426 1843 ut
3455 1788 3551 1855 sit,

144 1879 406 1934 talanutr.

143 1984 227 2041 IV.
258 1984 327 2040 V.
358 1987 622 2041 Urbanus
650 1986 854 2055 cogitat
881 1986 948 2041 de
974 2002 1182 2041 secessu
1214 2004 1243 2041 e
1262 1987 1475 2041 sacculo.
1504 1988 1588 2041 Fit
1612 2002 1799 2040 mona-

204 2057 337 2112 chus
370 2058 654 2112 Clum'aci.
707 2059 932 2113 Romam
979 2075 1013 2112 a
1067 2058 1325 2128 Gregorio
1362 2059 1449 2115 νη
1474 2065 1793 2114 acccrsztur.

213 2134 329 2196 Qua
349 2130 650 2185 occasione.

207 2234 334 2290 Non
365 2233 568 2307 itaque
610 2233 907 2291 immerito
951 2235 1344 2306 applaudebat
1393 2236 1504 2291 sibi
1534 2238 1605 2292 de
1634 2240 1794 2291 tanto

139 2322 378 2379 alumno
410 2322 725 2381 Remensis
785 2322 1066 2393 Ecclesia;
1119 2325 1222 2382 sed
1257 2324 1351 2381 ille
1396 2327 1620 2397 majora
1666 2325 1796 2381 cha-

140 2413 380 2468 rismata
391 2410 713 2468 aemulatus
732 2412 806 2468 ad
826 2411 1007 2469 vitam
1033 2415 1437 2485 perfectiorem
1462 2413 1792 2482 anhelabat;

139 2518 237 2557 nec
285 2500 543 2559 dubium
604 2502 749 2573 quin
788 2501 949 2556 eain
983 2518 1043 2557 re
1091 2503 1381 2559 Brunonis
1426 2503 1686 2560 consiliis
1739 2508 1796 2559 et

138 2590 654 2651 adhortationibus
700 2589 1023 2661 plurimum
1058 2592 1299 2663 adjutus
1327 2598 1384 2648 et
1415 2594 1796 2648 conﬁrmatus

136 2681 327 2736 fuerit.
349 2680 503 2735 Nam
524 2679 742 2745 Bruno,
768 2683 834 2735 ut
852 2696 922 2735 ex
951 2682 1081 2752 ejus
1109 2680 1373 2752 epistola,
1398 2698 1578 2754 quam
1611 2681 1796 2738 multo

137 2773 335 2841 postea
346 2769 407 2824 in
422 2767 699 2825 Calabria
710 2768 942 2840 positus
952 2768 1215 2826 adltadul
1222 2770 1297 2841 pb
1308 2788 1404 2827 um
1419 2772 1796 2843 praepositum

137 2858 392 2930 scripsit,
424 2860 612 2929 patet,
635 2857 855 2929 saepius
887 2874 1021 2915 eum
1054 2858 1186 2915 aliis
1206 2860 1510 2916 Remensis
1534 2859 1798 2917 Ecclesia:

137 2946 518 3021 primoribus,
551 2963 586 3000 θ
634 2962 896 3017 quorum
949 2965 1195 3005 numero
1247 2966 1389 3005 sane
1421 2950 1542 3007 Odo
1600 2952 1798 3021 utpote

139 3035 593 3092 archidiaconus
643 3039 791 3100 erat,
852 3035 924 3091 de
982 3042 1323 3108 contemptu
1382 3037 1609 3103 mundi,
1642 3042 1700 3093 et
1727 3037 1800 3092 de

137 3124 375 3183 alterius
413 3122 546 3179 vitae
603 3122 843 3195 gaudiis
898 3123 1188 3197 colloquia
1246 3126 1495 3182 miscere
1551 3126 1794 3194 solebat,

1905 1884 2030 1957 ipse
2064 1884 2331 1940 Urbanus
2353 1900 2467 1938 non
2493 1884 2662 1938 modo
2679 1899 2741 1938 se
2772 1881 2958 1937 ﬁlium
2988 1884 3048 1936 et
3070 1878 3377 1936 alumnum
3400 1877 3556 1934 beati

1905 1973 2167 2046 Hugonis
2189 1971 2519 2045 appellavit,
2546 1970 2631 2025 uti
2647 1973 2773 2042 jam
2796 1987 2863 2025 ex
2884 1971 3012 2041 ejus
3032 1967 3558 2041 epistolaobserva-

1903 2062 2118 2130 vimus,
2151 2078 2352 2117 verum
2386 2060 2563 2116 etiam
2592 2058 2828 2115 disertis
2856 2058 3048 2114 verbis
3070 2059 3376 2131 proﬁtetur
3396 2073 3459 2112 se
3481 2056 3554 2111 ab

1904 2169 1970 2207 eo
2002 2152 2128 2223 ipso
2157 2151 2219 2206 in
2267 2149 2591 2205 monastica
2636 2148 2950 2220 disciplina
2978 2146 3317 2202 institutum
3347 2144 3551 2200 fuisse.

1905 2243 1985 2297 En
2018 2243 2147 2313 ejus
2176 2241 2361 2296 verba.
2381 2256 2449 2295 ex
2497 2238 2799 2311 privilegio
2830 2237 2987 2309 quod
3019 2236 3209 2295 eidem
3245 2234 3468 2305 llugoni
3497 2237 3580 2295 ct,

1905 2329 2257 2386 monasterio
2282 2327 2649 2385 Cluniacensi
2675 2327 2863 2398 primo
2884 2324 3259 2398 pontificatus
3276 2321 3368 2379 sui
3398 2339 3553 2377 anno

1905 2417 2209 2474 concessit.
2268 2419 2375 2482 Est,
2410 2415 2621 2487 inquit,
2678 2422 2950 2485 praeterea
2981 2411 3121 2482 quod
3152 2427 3248 2466 nos
3301 2411 3405 2465 tibi
3442 2425 3551 2464 non

1904 2509 2109 2570 minus,
2163 2510 2359 2576 tuoque
2400 2504 2727 2560 monasterio
2776 2504 2947 2573 faciat
2975 2500 3259 2565 debitores,
3294 2498 3554 2570 quoniam

1900 2613 2001 2669 per
2029 2604 2080 2651 te
2134 2596 2448 2651 monastij
2503 2592 2789 2661 religionis
2844 2590 3162 2646 rudimenta
3214 2589 3444 2659 suscepi,
3494 2588 3555 2641 in

1904 2692 1995 2742 tuo
2024 2685 2264 2740 cmuobio
2312 2699 2413 2755 per
2458 2681 2753 2738 secundam
2782 2681 2836 2736 S.
2887 2680 3126 2753 Spiritus
3167 2680 3407 2749 gratiam
3432 2693 3555 2731 sum

1906 2784 2146 2832 renatus.

1976 2863 2190 2919 Verum
2223 2860 2507 2916 oculatior
2555 2864 2679 2915 erat
2726 2860 2785 2915 S.
2829 2859 2994 2931 Hugo
3026 2873 3202 2929 quam
3236 2859 3303 2911 ut
3331 2857 3556 2912 tantam

1904 2952 2205 3009 lucernam
2233 2950 2342 3007 sub
2384 2949 2579 3005 modio
2610 2948 2947 3005 delitescere
2977 2947 3080 3003 diu
3110 2946 3346 3002 sineret.
3370 2947 3559 3011 Quare

1906 3041 2072 3097 illum
2103 3038 2363 3096 Cluniaci
2400 3038 2653 3111 priorem
2680 3036 2935 3091 instituit
2957 3037 3123 3106 (circa
3149 3052 3242 3091 an.
3268 3034 3453 3105 1076).
3478 3034 3560 3089 Ea

1908 3129 2191 3203 dignitate
2222 3144 2285 3184 se
2314 3126 2630 3199 aliquando
2662 3125 2914 3197 potitum
2940 3123 3122 3179 fuisse
3141 3121 3265 3195 ipse
3286 3122 3558 3178 Urbanus

139 3214 354 3286 quibus
407 3211 665 3292 inviam
719 3213 793 3271 ad
853 3195 1310 3287 saeculi—fugam
1359 3216 1791 3272 animabantur.
1828 3195 1870 3262 (ἶ
1908 3195 2102 3292 palam
2159 3195 2462 3289 professus
2513 3219 2602 3270 est
2632 3195 2690 3269 in
2734 3229 3003 3270 sermone
3031 3228 3205 3284 quem
3259 3210 3467 3266 habuit
3495 3209 3556 3265 in

138 3302 382 3358 Caeteros
403 3301 606 3367 autem
630 3301 1005 3374 praecessisse
1017 3302 1245 3359 videtur
1260 3304 1554 3360 0do.Nam
1578 3304 1801 3375 aliquot

141 3392 327 3460 annis,
350 3394 681 3462 antequam
715 3390 915 3446 Bruno
945 3392 1379 3449 Carthasiensis
1409 3394 1632 3449 ordinis
1662 3394 1797 3448 fun-

144 3482 411 3537 damenta
431 3483 701 3553 poneret,
730 3479 878 3551 ipse,
901 3481 1146 3551 abjectis
1166 3482 1547 3538 saecularibus
1570 3483 1800 3554 pompis

138 3573 194 3625 et
220 3570 397 3636 curis,
432 3568 490 3623 in
524 3568 868 3625 coenobium
902 3568 1283 3628 Cluniacense
1313 3571 1575 3628 secessit.
1613 3571 1695 3627 Ibi
1728 3571 1799 3627 ab

138 3658 377 3729 Hugone
393 3658 615 3714 abbate
632 3656 1010 3714 sanctissimo
1031 3664 1189 3714 veste
1208 3660 1536 3716 monastica
1550 3661 1802 3716 donatus

139 3751 242 3813 est,
296 3749 469 3818 cujus
502 3746 638 3802 ideo
670 3761 735 3801 se
763 3746 948 3815 ﬁlium
982 3752 1035 3802 et
1089 3749 1381 3804 alumnum
1431 3748 1688 3821 appellat
1743 3749 1803 3803 in

140 3835 381 3908 epistola
401 3851 585 3906 quam
614 3834 689 3890 ad
712 3851 851 3890 eum
872 3835 1045 3906 paulo
1069 3841 1201 3908 post
1221 3854 1388 3893 suam
1412 3838 1481 3893 ad
1508 3837 1807 3909 pontiﬁca-

140 3928 261 3981 tum
289 3923 771 3995 assumptionem
805 3923 1061 3995 scripsit.
1087 3928 1210 3991 Quo
1239 3942 1372 3981 vero
1395 3926 1451 3981 id
1484 3943 1637 3983 anno
1667 3943 1805 3982 con-

140 4012 332 4086 tigerit
355 4013 652 4068 incertum
677 4015 790 4067 est.
813 4012 907 4080 At,
940 4012 988 4068 si
1011 4013 1132 4069 Odo
1164 4014 1339 4071 fuerit
1371 4015 1681 4070 Remensis
1712 4014 1808 4070 ille

144 4102 623 4167 archidiaconus,
657 4106 725 4156 ut
754 4101 1073 4161 verisimile
1103 4112 1213 4174 est,
1241 4119 1417 4175 quem
1449 4120 1519 4159 ex
1549 4103 1810 4176 catalogo

141 4190 363 4249 Μανιοίὶ
398 4206 587 4262 supra
619 4188 1015 4259 laudavimus,
1039 4192 1237 4248 Remis
1253 4192 1445 4250 adhuc
1466 4194 1812 4250 versabatur

141 4296 291 4337 anno
350 4281 525 4346 1070;
589 4278 813 4350 quippe
861 4281 960 4351 qui
1018 4281 1127 4338 hoc
1184 4298 1338 4338 anno
1393 4282 1814 4354 subscripserit

141 4369 444 4424 donationi
475 4370 643 4423 facta:
695 4365 969 4449 Ecclesia:
1004 4370 1468 4439 Ruminiacensi,
1502 4370 1585 4426 uti
1618 4371 1811 4428 videre

141 4457 397 4530 estapud
422 4456 702 4513 eumdem
721 4456 1056 4514 Marlotum.
1085 4459 1249 4515 Iiaud
1278 4464 1471 4515 tamen
1485 4460 1586 4514 diu
1612 4465 1813 4531 postea

1907 3306 2269 3364 dedicatione
2299 3304 2542 3375 majoris
2572 3302 2774 3357 altaris
2810 3301 3074 3372 ejusdem
3107 3300 3237 3369 loci,
3269 3300 3354 3355 uti
3402 3298 3557 3355 infra

1906 3395 2256 3452 videbimus.
2282 3394 2340 3447 Id
2364 3409 2495 3447 vero
2519 3408 2631 3446 non
2656 3389 2907 3446 multum
2931 3393 3062 3461 post
3077 3390 3206 3460 ejus
3227 3388 3556 3444 conversio-

1911 3502 2042 3541 nem
2075 3485 2292 3538 factum
2326 3480 2505 3536 fuisse
2526 3482 2776 3534 testatur
2796 3479 3112 3532 Guibertus
3134 3476 3282 3530 libro
3308 3493 3346 3530 ιι
3374 3476 3558 3530 Histo-

1910 3573 2005 3629 ria:
2035 3569 2556 3642 Jerosolymitanaa,
2589 3567 2681 3623 his
2713 3566 2939 3622 verbis:
2974 3568 3023 3621 Is
3056 3565 3351 3620 Cluniacus
3380 3567 3557 3636 factus

1908 3680 1979 3719 ex
2004 3663 2199 3719 clerico
2245 3659 2605 3714 monachus...
2648 3672 2759 3712 non
2794 3656 2967 3711 multo
2992 3659 3113 3727 post
3141 3656 3289 3710 rexit
3318 3654 3558 3724 officium

1906 3754 2207 3825 prioratus,
2255 3752 2320 3803 ut
2350 3746 2573 3803 scilicet
2602 3744 2802 3801 abbati
2832 3761 2938 3800 suo
2970 3742 3218 3816 Hugoni,
3252 3742 3431 3799 variis
3463 3759 3561 3798 ne-

1913 3841 2088 3916 gotiis
2111 3841 2412 3910 occupato,
2429 3836 2768 3905 adjumento
2789 3838 2961 3890 esset.
2982 3833 3131 3899 Quid
3153 3836 3347 3888 autem
3376 3831 3562 3888 hacin

1915 3930 2200 4002 dignitate
2222 3925 2576 3981 constitutus
2602 3923 2953 3996 praestiterit,
2973 3922 3237 3994 ignotum
3270 3920 3437 3977 nobis
3453 3924 3561 3985 est,

1916 4017 2033 4075 nisi
2054 4016 2206 4089 quod
2230 4013 2528 4070 nonnullis
2548 4012 2767 4068 chartis
2780 4009 3563 4082 subscripsisseinveniatur.

1916 4108 2181 4162 Praesens
2211 4108 2334 4159 erat
2367 4102 2521 4174 apud
2566 4100 2904 4165 Avalonem,
2936 4100 3171 4170 quando
3202 4098 3367 4171 Hugo
3421 4098 3565 4153 Bur-

1918 4195 2283 4268 gundionum
2334 4193 2453 4247 dux
2506 4189 2812 4246 ecclesiam
2870 4192 3094 4244 Sanctae
3157 4188 3353 4243 Mariae
3408 4186 3568 4242 illius

1919 4283 2096 4341 castri
2128 4281 2405 4336 Cluniaco
2454 4279 2724 4349 subjecit.
2768 4278 2851 4334 Ibi
2899 4277 3056 4333 enim
3102 4277 3229 4349 ipse
3260 4276 3368 4332 0do
3411 4278 3569 4346 prior

1921 4373 2176 4429 Cluniaci
2231 4370 2501 4426 eumdem
2561 4368 2865 4439 Hugonem
2911 4384 3045 4437 cum
3084 4365 3362 4422 fratribus
3414 4366 3564 4435 ejus,

1918 4463 2137 4523 Odone,
2183 4463 2239 4513 et
2296 4458 2542 4513 Roberto
2594 4461 2735 4511 tunc
2794 4455 3025 4522 clerico,
3085 4459 3260 4526 atque
3316 4454 3567 4510 Widone

143 4546 360 4601 diﬂ‘erri
396 4551 593 4618 potest
631 4546 764 4616 ejus
817 4550 1141 4616 conversio,
1165 4549 1215 4604 si
1241 4566 1437 4604 verum
1470 4549 1546 4606 sit
1563 4550 1715 4620 quod
1745 4568 1812 4605 ex
1843 4564 1886 4629 ι)
1918 4545 2821 4617 comiteMatisconensi,uliisque
2837 4543 3190 4617 Burgundio:
3204 4542 3563 4615 proceribus,

148 4634 524 4692 Cluniacensi
571 4634 878 4691 Charlario
927 4636 1118 4710 colligi
1174 4654 1344 4710 posse
1391 4638 1641 4705 videtur,
1674 4654 1807 4695 eum

146 4740 298 4783 anno
319 4724 559 4781 circiter
592 4724 756 4789 4076,
772 4725 900 4794 jam
931 4726 1184 4797 priorem
1209 4726 1470 4783 Cluniaci
1492 4728 1802 4785 exstitisse.

147 4813 217 4871 Et
267 4813 511 4885 quidem
576 4811 689 4868 hoc
719 4811 850 4883 ipso
911 4829 1063 4871 anno
1108 4816 1225 4872 duo
1256 4814 1353 4871 alii
1392 4815 1810 4887 archidiaconi,

147 4918 454 4974 nunquam
470 4904 676 4957 autem
696 4900 897 4973 plures
918 4902 977 4958 in
994 4904 1250 4960 Ecclesia
1264 4905 1533 4960 Remensi
1554 4905 1808 4974 fuerunt,

146 4990 333 5047 Guido
390 4990 666 5049 videlicet
730 4994 789 5045 et
841 4992 1113 5059 Gai-inus,
1171 4993 1473 5049 donationi
1525 4994 1813 5050 Manassis

152 5078 578 5152 archiepiscopi
627 5078 799 5136 facta;
848 5081 1030 5136 sancti
1062 5080 1254 5138 Basoli
1288 5082 1641 5138 monasterio
1672 5083 1814 5139 sub-

150 5167 463 5240 scripsisse
490 5184 635 5223 cum
688 5167 960 5222 Brunone
985 5168 1352 5231 cancellario,
1389 5175 1811 5225 memorantur.

220 5256 341 5313 Odo
380 5255 651 5312 Cluniaci
711 5256 1063 5313 constitutus
1123 5258 1520 5314 institutorem
1582 5258 1641 5313 in
1700 5259 1816 5314 vita

152 5345 477 5403 monastica
496 5344 716 5401 habuit
734 5344 992 5414 Petrum,
1014 5346 1115 5419 qui
1144 5346 1524 5419 postmodum
1541 5346 1818 5403 Cavensis

150 5432 205 5489 in
234 5433 402 5491 Italia
428 5433 627 5493 abbas
661 5437 721 5488 et
765 5431 1064 5491 Policastri
1093 5435 1408 5507 episcopus
1440 5433 1568 5503 fuit,
1615 5434 1664 5489 si
1695 5451 1818 5491 cre-

148 5522 353 5580 damus
398 5525 645 5579 vetusto
707 5521 929 5578 auctori
978 5524 1078 5595 qui
1123 5522 1514 5580 dedicationis
1561 5523 1817 5579 ecclesize

1920 4639 2019 4712 qui
2074 4638 2185 4693 huc
2244 4639 2651 4702 convenerant,
2712 4634 2771 4689 in
2828 4637 3069 4704 fratrum
3126 4634 3569 4687 Cluniacensium

1915 4730 2224 4785 societatem
2301 4724 2547 4789 admisit,
2626 4728 2687 4778 ut
2739 4724 2949 4778 scilicet
3006 4723 3062 4775 in
3126 4719 3465 4774 orationibus
3519 4727 3572 4773 et

1917 4815 2292 4885 eleemosynis,
2325 4813 2410 4867 vel
2466 4814 2633 4866 etiam
2662 4811 2869 4866 co’lcris
2910 4811 3034 4879 jam
3088 4807 3224 4862 dicti
3266 4807 3369 4862 loci
3409 4807 3568 4863 bene-

1917 4906 2080 4978 factis
2131 4920 2166 4958 a
2195 4901 2349 4957 modo
2394 4901 2690 4971 participes
2733 4900 3044 4953 owisterent.
3078 4895 3325 4951 Habitus
3356 4899 3447 4951 est
3474 4895 3573 4951 hic

1920 4996 2241 5050 conventus
2292 5007 2347 5044 x1
2402 4986 2690 5045 Kalendas
2748 4985 2939 5042 Martii
2994 5000 3147 5041 anno
3208 4985 3382 5051 1078;
3416 4984 3576 5055 quod

1923 5082 2130 5156 probat
2151 5083 2356 5151 printer
2373 5080 2638 5133 nostrum
2668 5074 2965 5147 exemplar
2986 5073 3230 5130 indictio
3256 5091 3275 5130 1
3298 5073 3377 5129 ibi
3399 5089 3577 5143 appo-

1923 5170 2056 5233 sita,
2087 5167 2355 5239 quamvis
2389 5166 2456 5221 ad
2493 5181 2712 5220 annum
2749 5163 3168 5236 praecedentem
3194 5162 3254 5218 in
3282 5158 3575 5233 Spicilegii

1922 5257 2229 5315 Aeheriani
2266 5264 2419 5310 lomo
2443 5254 2538 5323 Vl,
2562 5254 2765 5309 eadem
2784 5252 3019 5308 donatio
3042 5251 3345 5307 referatur.
3370 5250 3576 5304 Coram

1924 5347 2128 5404 eodem
2160 5345 2358 5400 Odone
2380 5343 2573 5415 priore
2604 5342 2936 5397 Bernardus
2957 5339 3200 5411 quidam
3230 5339 3290 5395 in
3321 5333 3577 5407 capitulo

1927 5433 2153 5490 dimisit
2182 5450 2249 5489 ea
2278 5449 2405 5504 quae
2454 5429 2821 5486 Clutiacensi
2862 5428 3215 5485 monasterio
3246 5425 3520 5497 rapuerat
3548 5434 3579 5470 e

1928 5523 2099 5580 bonis
2128 5539 2256 5593 quas
2284 5522 2466 5575 frater
2493 5520 2621 5588 ejus
2651 5520 3017 5574 Tosceranus
3039 5515 3110 5569 ad
3141 5510 3578 5593 conversionem

152 5612 424 5673 Cavensis
456 5609 785 5669 historiam
830 5587 1198 5686 conscripsit.
1240 5611 1293 5667 Is
1323 5611 1480 5667 enim
1520 5610 1821 5670 Urbanum
1928 5587 2168 5668 veniens
2197 5587 2549 5674 contulerat,
2571 5610 2636 5661 ut
2661 5608 2933 5662 narratur
2956 5602 3016 5658 in
3039 5600 3380 5660 chartisltﬁ
3400 5598 3455 5651 ct
3473 5587 3581 5645 605
