3958 6224
370 349 449 420 υ
1667 353 1741 417 Β.
1784 350 2018 418 URBAI

2220 353 2476 419 PAPE.

3698 332 3791 411 αθ

361 502 567 548 earum
596 502 726 565 qua
755 483 867 547 sub
912 490 1114 547 sancto
1144 488 1385 563 Hugone
1415 488 1576 545 factm
1608 492 1784 557 sunt;
1845 488 2001 543 idem
2027 493 2087 562 Α
2114 489 2280 563 pejus
2311 488 2561 547 abirent.
2584 487 2775 554 Quare
2794 501 2981 562 operae
3002 483 3258 561 pretium
3284 499 3413 543 esse
3440 481 3673 542 censuit
3691 481 3791 541 vis

365 578 488 636 Odo
518 578 677 652 prior
705 582 1065 635 memoratur
1090 578 1148 633 in
1180 578 1383 634 charta
1406 579 1528 634 321.

436 667 649 736 Quanti
677 670 876 725 autem
906 667 1100 723 meriti
1132 667 1325 735 fuerit,
1356 668 1488 723 inde
1519 666 1790 739 colligere
1811 682 2018 739 possu-

362 773 501 814 mus
528 756 704 829 quod,
737 772 873 812 cum
902 756 1217 830 Gregorius
1238 756 1384 824 VIII,
1419 756 1517 827 qui
1552 759 1690 811 tunc
1736 756 2013 811 Romanm

362 843 2017 917 Ecclesiae,difticillimistemporibus,praeerat,ahHugone

368 934 579 991 abbate
606 934 836 1007 aliquot
863 952 896 991 e
952 934 1077 991 suis
1135 934 1441 990 monachis
1497 934 1652 989 viros
1683 931 1928 988 scientia
1963 935 2021 986 et

367 1022 585 1080 virtute
622 1027 967 1097 punctuates
998 1022 1284 1097 petiisset,
1307 1040 1453 1095 quos
1475 1023 1533 1078 in
1565 1021 1859 1089 maximis,
1890 1037 2019 1093 quae

370 1114 514 1169 tunc
537 1112 1118 1186 urgebanLEcclesize
1140 1112 1387 1186 negotiis
1400 1112 1697 1184 adjutores
1715 1114 1912 1184 posset
1922 1110 2022 1165 ad-

373 1200 596 1268 bibere,
627 1201 782 1258 inter
800 1201 944 1259 alios
965 1202 1212 1274 primus,
1236 1205 1569 1258 Hermanno
1599 1204 1768 1266 teste,
1800 1198 2020 1255 electus

374 1290 551 1348 fuerit
579 1290 724 1359 Odo,
779 1290 881 1363 qui
937 1290 1030 1346 his
1060 1290 1119 1346 in
1172 1291 1464 1365 angustiis
1496 1288 1757 1363 pontiﬁci
1810 1291 2021 1361 praesto

372 1382 528 1436 esset
552 1379 855 1452 (an.1078).
879 1379 973 1436 Sic
993 1380 1151 1435 cnim
1174 1379 1272 1436 ille
1292 1380 1353 1436 in
1371 1379 1626 1437 Historia
1647 1376 2022 1435 restauratio-

373 1468 467 1525 nis
497 1468 695 1525 Sancti
726 1467 959 1525 Martini
994 1469 1382 1525 Tornacensis
1404 1470 1531 1540 jam
1568 1467 1839 1523 laudata:
1874 1466 2022 1521 Tem-

366 1573 503 1631 pore
528 1558 718 1614 domni
744 1558 985 1629 Hugonis
1039 1558 1415 1614 Cluniacensis
1450 1558 1681 1622 abbatis,
1712 1555 1937 1626 contigit
1964 1556 2024 1608 ut

374 1646 601 1720 quidam
623 1648 898 1703 Bernensis
926 1646 1180 1703 Ecclesiae
1208 1648 1526 1714 canonicus,
1574 1660 1794 1716 magna:
1836 1642 2023 1716 probi-

373 1737 501 1792 tatis
527 1736 637 1802 vir,
666 1736 889 1792 nomine
921 1734 1050 1806 0do,
1082 1736 1255 1791 vitam
1302 1736 1627 1792 saecularem
1672 1734 2025 1804 relinqueret,

372 1831 423 1881 et
451 1825 515 1879 in
568 1823 757 1880 eadem
807 1824 1154 1881 Cluniacensi
1192 1826 1437 1881 Ecclesia
1492 1823 1793 1879 monachus
1847 1824 2020 1894 ﬁeret.

379 1912 619 1984 Cumque
648 1912 729 1968 ibi
763 1927 867 1985 per
896 1913 1105 1985 aliquot
1134 1929 1307 1969 annos
1334 1913 1749 1982 religiosissime
1774 1912 2022 1976 vixisset,

376 2005 432 2058 et
457 2001 688 2057 domnus
737 2018 884 2074 papa
913 2001 1202 2073 Gregorius
1237 2004 1326 2059 VII
1350 2002 1526 2058 eidem
1562 2002 1759 2057 domno
1813 1999 2028 2071 Hugoni

377 2090 572 2147 abbati
618 2090 933 2147 mandasset
963 2099 1026 2147 ut
1068 2091 1178 2147 sibi
1220 2092 1435 2164 aliquos
1461 2091 1526 2146 de
1580 2090 1858 2145 monachis
1911 2089 2028 2143 suis

378 2181 524 2236 viros
550 2180 831 2252 sapientes
850 2182 1257 2249 transmitteret,
1280 2196 1411 2251 quos
1438 2183 1800 2252 competenter
1823 2179 2028 2249 episco-

374 2283 473 2341 pos
499 2268 760 2325 ordinare
805 2276 984 2340 posset
1019 2267 1249 2327 domnus
1299 2270 1451 2340 Hugo
1507 2269 1559 2323 ei
1616 2268 1760 2322 inter
1805 2269 2029 2322 crrteros

376 2359 676 2430 praefatum
730 2357 969 2415 Odonem
1021 2357 1343 2427 transmisit,
1374 2374 1534 2429 quem
1558 2373 1707 2429 papa
1754 2355 1888 2411 urbi
1935 2355 2029 2410 Os-

379 2448 549 2504 tiensi
574 2446 886 2519 episcopum
913 2448 1263 2503 consecravit.
1298 2446 1614 2503 Guibertus
1656 2444 1831 2501 etiam
1858 2444 2029 2516 profi-

377 2537 555 2593 ciente
582 2537 794 2605 merito,
845 2536 1108 2592 Odonem
1159 2537 1373 2591 civitati
1429 2535 1590 2591 Ostiae
1646 2533 1893 2604 Gregorii
1944 2532 2034 2587 VII

374 2641 532 2699 papa
542 2625 707 2696 jussu
731 2624 1066 2680 destinatum
1092 2626 1262 2695 fuisse
1290 2623 1486 2679 tradit.
1512 2622 1736 2687 Quibus
1768 2620 2033 2677 auctori-

380 2714 494 2771 bus
514 2711 887 2770 consentiens
916 2712 1225 2768 Ordericus
1254 2711 1461 2767 Vitalis
1495 2712 1641 2767 libro
1674 2728 1727 2766 ιν
1763 2709 2031 2767 Historiae

384 2800 809 2869 ecclesiastica,
835 2801 994 2857 addit
1024 2799 1172 2857 alios
1201 2817 1434 2873 quoque
1464 2799 1875 2856 Cluniacenses
1907 2815 2033 2854 mo-

384 2890 607 2948 nachos
633 2889 821 2947 Odoni
843 2890 1031 2946 socios
1061 2890 1226 2945 datos
1246 2890 1445 2954 fuisse,
1479 2906 1512 2945 a
1543 2888 1815 2961 pontiﬁce
1835 2886 2032 2943 animo

383 2978 640 3054 gratanti
666 2982 996 3052 susceptos,
1020 2979 1398 3050 Odonemque
1420 2996 1536 3051 prae
1559 2976 1782 3035 caeteris
1810 2977 1871 3031 in
1902 2992 2036 3032 con-

383 3068 671 3126 siliarium
687 3067 934 3125 electum
954 3067 1137 3125 fuisse
1154 3083 1166 3122 :
1192 3070 1460 3135 Poscenti,
1479 3066 1691 3140 inquit,
1706 3082 1866 3138 papae
1881 3068 2034 3134 Hugo

385 3158 761 3214 Cluniacensis
819 3157 984 3213 abbas
1015 3156 1252 3214 Odonem
1307 3158 1553 3229 prwfati,
1606 3154 2031 3219 Cluniacensis,

2121 578 2552 652 gilantissimus
2579 577 2837 651 pontifex
2861 580 2925 633 ut
2951 575 3183 649 aliquos
3212 591 3413 633 secum
3436 578 3648 648 presto
3679 573 3789 630 had

2122 668 2285 724 heret
2311 668 2466 724 viros
2525 685 2754 724 morum
2802 668 3110 724 sanctitate
3156 682 3222 722 ac
3270 665 3572 737 sapientiai
3622 665 3790 722 fama

2125 756 2404 825 illustres,
2426 774 2573 829 quos
2599 774 2701 829 pro
2722 756 3176 829 opportunitate,
3205 759 3271 811 ut
3291 754 3472 810 habet
3495 755 3785 810 Herman-

2126 863 2259 912 nus,
2309 846 2627 919 praeﬁceret
2673 844 2945 902 Ecclesiis
2992 844 3269 901 viduatis.
3323 843 3499 899 Electi
3548 843 3621 899 ad
3670 843 3789 898 hoc

2127 939 2268 990 sunt
2290 935 2438 992 inter
2454 935 2598 991 alios
2620 934 2742 991 Odo
2781 938 3000 1002 noster,
3049 938 3107 989 et
3134 934 3340 989 Petrus
3371 932 3472 1004 qui
3504 936 3637 987 ante
3668 930 3787 987 alia

2129 1026 2271 1095 quot
2296 1040 2482 1079 annos
2525 1040 2557 1079 e
2588 1022 2827 1080 Cavensi
2858 1038 3037 1095 prope
3068 1020 3372 1078 Salvinum
3424 1021 3793 1077 monasterio

2128 1111 2469 1169 Cluniacum
2499 1112 3045 1185 transmigraverat:
3078 1110 3168 1165 vir
3187 1110 3330 1166 adeo
3359 1109 3791 1177 industrius,ut-

2129 1201 2208 1257 ibi
2242 1205 2487 1274 septem,
2511 1205 2587 1271 et,
2620 1205 2686 1255 ut
2714 1200 2813 1256 alii
2837 1201 3061 1269 dicunt,
3094 1199 3269 1256 etiam
3294 1198 3466 1272 plura
3494 1198 3687 1255 ofﬁcia
3708 1199 3791 1254 si:

2130 1290 2255 1347 mul
2284 1290 2544 1347 Cluniaci
2579 1289 2921 1347 exercuerit.
3788 1304 3794 1317 '

2412 1379 2506 1435 VI.
2547 1381 2631 1435 An
2658 1382 2824 1437 Caute
2850 1386 3094 1436 moratus
3121 1379 3193 1434 sit
3226 1378 3493 1435 Urbanus.

2203 1468 2318 1525 Hos
2352 1467 2412 1524 in
2435 1467 2661 1525 Italiam
2688 1467 2989 1541 appulsos,
3023 1470 3158 1540 post
3186 1466 3509 1523 salutatum
3541 1466 3798 1539 pontifi-

2132 1572 2279 1625 cem,
2302 1561 2512 1613 Cavam
2542 1557 2847 1612 divertisse
2875 1557 2969 1612 vix
2999 1556 3256 1612 dubitari
3288 1559 3500 1627 potest,
3524 1572 3656 1611 cum
3685 1572 3787 1612 eos

2132 1646 2211 1702 ibi
2245 1645 2588 1717 aliquandiu
2621 1645 2800 1701 simul
2824 1645 3034 1702 vixisse
3061 1644 3300 1701 disertis
3319 1644 3510 1701 verbis
3532 1645 3789 1701 affirmet

2131 1739 2298 1791 vetus
2329 1744 2532 1791 auctor
2561 1735 2824 1791 Historia:
2872 1734 3263 1791 dedicationis
3311 1735 3577 1805 ejusdem
3628 1733 3740 1790 loci
3769 1752 3797 1790 ει

2135 1841 2241 1881 nec
2271 1841 2413 1881 sane
2438 1823 2552 1880 alio
2583 1823 2752 1880 titulo
2800 1824 3056 1896 potuerit
3084 1823 3374 1891 Urbanus,
3411 1827 3477 1880 ut
3522 1823 3670 1879 mihi
3699 1823 3790 1878 vi-

2133 1914 2322 1981 detur,
2345 1912 2498 1970 inter
2522 1913 2677 1969 viros
2694 1912 2953 1969 illustres
2975 1912 3148 1970 istius
3172 1911 3533 1982 monasterii,
3557 1916 3623 1969 ut
3653 1928 3789 1985 pas-

2134 2002 2247 2058 sim
2280 2003 2364 2070 lit,
2399 1999 2703 2058 recenseri.
2736 2003 2942 2057 Fateor
2969 2000 3238 2073 equidem
3267 2000 3540 2057 abbatem
3591 2002 3789 2057 Venu-

2135 2091 2354 2158 sinum,
2387 2091 2489 2163 qui
2529 2091 2588 2147 in
2619 2091 2754 2146 Vita
2783 2090 2970 2147 sancti
3002 2090 3153 2146 Petri
3184 2090 3457 2145 eumdem
3491 2089 3726 2146 Petrum
3757 2107 3790 2146 e

2132 2180 2336 2249 Gallia,
2361 2180 2729 2253 permittente
2758 2180 3018 2252 Hugone,
3042 2178 3251 2235 Cavam
3274 2193 3577 2234 reversum
3609 2179 3790 2236 fuisse

2137 2268 2361 2336 scribit,
2395 2268 2541 2325 nihil
2591 2285 2834 2342 prorsus
2885 2268 3099 2324 habere
3129 2268 3201 2324 de
3251 2267 3470 2334 Odone,
3527 2272 3632 2324 aut
3660 2269 3790 2339 ejus

2137 2357 2311 2414 sociis
2341 2375 2376 2413 a
2404 2357 2678 2430 Gregorio
2724 2356 3021 2429 expetitis:
3055 2361 3116 2413 at
3143 2355 3303 2412 illius
3352 2354 3583 2412 silentio
3637 2366 3797 2429 prae:

2137 2447 2464 2520 ponderant
2509 2448 2714 2501 auctor
2759 2445 3035 2502 laudatus
3083 2444 3352 2500 Historiae
3403 2445 3790 2502 dedicationis

2137 2534 2434 2602 Cavensis,
2469 2534 2614 2591 alter
2651 2533 2793 2590 Vitta
2837 2534 3023 2590 sancti
3053 2533 3205 2590 Petri
3253 2532 3521 2605 scriptor,
3569 2538 3627 2590 et
3676 2533 3798 2590 alia-

2140 2629 2519 2679 monumenta
2547 2622 2845 2679 Cavensia.
2882 2623 3105 2680 Deinde
3161 2637 3295 2679 cum
3331 2626 3555 2678 certum
3585 2623 3664 2679 sit
3694 2627 3792 2679 ut-

2139 2730 2409 2785 rumque,
2440 2713 2557 2768 sive
2590 2712 2789 2778 simul,
2827 2712 2947 2769 sive
2975 2710 3247 2780 seorsim,
3280 2711 3375 2767 his
3430 2711 3793 2785 temporibus

2139 2820 2169 2858 e
2195 2802 2399 2859 Galliis
2433 2803 2490 2857 in
2543 2802 2771 2859 Italiam
2818 2801 3292 2876 transmigrasss,
3335 2799 3652 2857 verisimile
3704 2806 3799 2858 est

2140 2892 2398 2959 eosdem,
2448 2891 2496 2947 si
2531 2890 2768 2963 quidem
2802 2896 3052 2963 uterque
3095 2906 3212 2946 non
3243 2889 3443 2946 statim
3476 2894 3652 2962 atque
3677 2891 3793 2948 huc

2139 2981 2517 3047 advenerunt,
2552 2980 2622 3035 ad
2657 2979 2876 3037 infulas
2907 2978 3273 3052 pontificales
3301 2981 3444 3034 sunt
3472 2980 3788 3052 assumpti,

2139 3068 2373 3141 aliquod
2405 3069 2686 3142 temporis
2717 3068 3092 3124 intervallum
3126 3068 3183 3124 in
3212 3067 3413 3140 aliquo
3434 3068 3791 3125 monasterio

2140 3159 2431 3231 exegisse;
2487 3161 2545 3214 et
2589 3157 2830 3230 quidem
2881 3157 3075 3230 potius
3129 3157 3187 3212 in
3219 3156 3484 3222 Cavensi,
3516 3173 3697 3230 quam
3727 3158 3786 3214 in

378 3248 702 3304 monasterii
720 3248 988 3319 priorem,
1010 3248 1107 3318 qui
1132 3246 1409 3303 Remensis
1443 3246 1701 3302 Ecclesia
1726 3244 2024 3300 monachus
2053 3232 2100 3301 (ἶ
2131 3246 2243 3303 alio
2273 3262 2643 3319 quocunque,
2670 3246 2824 3319 quod
2844 3245 2990 3301 illud
3011 3244 3592 3317 CluniacensLordini
3614 3247 3805 3302 addi-v

374 3337 580 3408 fuerat,
610 3351 736 3392 cum
761 3336 893 3391 aliis
923 3335 1131 3393 idoneis
1165 3336 1439 3393 cenabitis
1490 3337 1712 3391 Romam
1762 3334 2024 3390 transmi-

375 3426 469 3481 sit.
503 3426 643 3494 Quos
665 3441 817 3498 papa
843 3425 991 3482 velut
1018 3441 1054 3480 a
1082 3425 1189 3481 Deo
1208 3425 1319 3499 sibi
1346 3425 1538 3480 missos
1561 3424 1837 3496 adjutores
1864 3438 2029 3479 ovan-

374 3516 458 3568 ter
483 3515 743 3587 suscepit.
774 3511 1012 3570 Odonem
1034 3529 1227 3586 nempe
1256 3514 1605 3586 prmeipuum
1631 3512 1739 3567 sibi
1764 3512 2024 3568 consilia-

375 3603 526 3659 rium
552 3604 740 3673 elegit,
769 3606 821 3659 et
851 3604 1089 3660 Ostiensi
1114 3603 1372 3659 Ecclesiae
1385 3603 1700 3674 pontiﬁcem
1718 3602 2022 3657 constituit.

376 3694 507 3746 Haec
535 3690 814 3748 Odericus
844 3691 916 3747 ad
964 3706 1186 3747 annum
1236 3691 1396 3758 1078,
1451 3689 1545 3746 ubi
1574 3690 1879 3745 occasione
1908 3687 2024 3744 ele-

377 3777 592 3836 ctionis
619 3778 883 3853 Gregorii
901 3778 1001 3835 VII
1015 3779 1088 3836 ad
1106 3778 1532 3852 pontiﬁcatum,
1559 3777 1745 3833 multa
1762 3776 1821 3832 in
1838 3793 2024 3832 unum

375 3866 690 3941 congessit,
723 3884 873 3940 quae,
904 3867 1004 3924 illo
1027 3868 1285 3935 sedente,
1306 3866 1484 3924 variis
1504 3864 1866 3938 temporibus
1886 3880 2021 3919 con-

375 3955 660 4031 tigerunt.
720 3957 981 4014 Odonem
1026 3972 1162 4013 vero
1192 3959 1327 4012 ante
1356 3971 1579 4012 annum
1611 3953 1749 4009 4078
1778 3957 2023 4009 Romam

374 4062 493 4102 non
518 4045 739 4105 adiisse
793 4045 1112 4119 plusquam
1160 4044 1458 4118 probabile
1487 4046 1578 4100 est
1605 4060 1673 4099 ex
1712 4042 2022 4099 donatione

373 4134 636 4210 Hugonis
665 4135 1019 4209 Burgundias
1050 4135 1218 4191 ducis
1250 4132 1523 4205 superius
1552 4132 1806 4200 laudata,
1842 4147 2021 4202 quam

369 4223 482 4280 hoc
510 4223 639 4297 ipso
671 4240 824 4280 anno
867 4224 1083 4279 factam
1129 4221 1313 4277 fuisse
1343 4219 1625 4289 diximus,
1659 4236 1794 4276 cum
1827 4219 2021 4276 adhuc

369 4312 493 4369 Odo
511 4312 672 4387 prior
698 4315 855 4370 esset
878 4309 1220 4368 monasterii
1250 4308 1660 4367 Cluniacensis
1684 4326 1697 4364 :
1735 4309 1847 4366 nisi
1876 4309 2020 4366 forte

371 4401 601 4458 dicatur
625 4400 884 4457 Odonem
916 4399 1107 4472 primo
1127 4402 1261 4455 ante
1284 4397 1428 4454 illud
1446 4402 1679 4471 tempus
1694 4416 1728 4454 a
1744 4398 2019 4470 Gregorio

372 4489 620 4546 Romam
645 4489 1012 4556 accersitum,
1037 4487 1246 4544 deinde
1268 4487 1329 4543 in
1352 4486 1571 4544 Gallias
1594 4487 2020 4553 rediisse,unde

369 4581 577 4667 postea
605 4593 759 4667 anno
803 4577 1188 4667 iO78iterum
1224 4576 1285 4632 in
1313 4575 1540 4633 Italiam
1572 4576 1863 4649 profectus
1892 4577 2015 4667 fue-
2050 4602 2097 4667 D

369 4666 465 4736 rit,
498 4665 825 4724 Ostiensem
877 4666 1277 4740 episcopatum
1325 4670 1691 4738 accepturus.
1725 4668 1886 4721 Certe
1913 4665 2022 4721 Pe-

365 4759 496 4813 trus
525 4754 802 4814 Cavensis
831 4756 1073 4830 quicum
1100 4756 1222 4813 Odo
1252 4755 1312 4811 in
1346 4755 1571 4812 Italiam
1592 4754 1909 4812 accessisse
1936 4755 2020 4811 di-

364 4846 537 4913 citur,
567 4845 618 4902 si
648 4844 816 4903 alteri
835 4847 966 4918 ejus
985 4845 1128 4901 Vitas
1146 4845 1414 4918 scriptori
1444 4846 1774 4913 credamus,
1805 4844 1878 4900 ah
1905 4843 2019 4899 Hil-

362 4935 662 4992 debrando
673 4936 826 4991 nond
836 4952 936 4991 um
953 4936 1227 5009 pontifice
1241 4939 1544 4991 revocatus
1556 4934 1845 4990 fuerat.At
1856 4933 2023 4989 nulla

359 5023 594 5080 videtur
617 5038 748 5081 esse
775 5023 954 5095 hujus
990 5024 1243 5098 duplicis
1273 5023 1504 5080 itineris
1536 5021 1884 5080 admittendi
1915 5039 2016 5079 ne-

361 5111 635 5179 cessitas;
669 5110 888 5167 Odonis
932 5129 1067 5168 vero
1096 5129 1233 5169 cum
1282 5113 1413 5184 ejus
1462 5112 1636 5168 sociis
1668 5112 1729 5166 in
1789 5110 2012 5166 Italiam

360 5199 697 5258 accersendi
719 5200 944 5258 occasio
966 5200 1085 5258 haec
1113 5201 1345 5259 videtur
1366 5201 1568 5269 fuisse,
1603 5217 1763 5256 mors
1794 5199 2016 5256 scilicet

359 5287 593 5347 Geraldi
615 5288 902 5346 Ostiensis
921 5289 1198 5363 episcopi,
1222 5290 1315 5346 cui
1339 5307 1524 5357 anno,
1554 5294 1616 5343 ut
1645 5288 1851 5343 scribit
1882 5288 2015 5342 Ber-

357 5376 578 5447 toldus,
598 5379 738 5433 1077
757 5378 1056 5448 defuncto,
1080 5379 1361 5436 Henricus
1380 5381 1683 5451 Augustus
1708 5376 2014 5432 factiosum

360 5467 678 5540 quemdam
708 5467 1009 5524 hominem
1040 5467 1588 5526 Joannemnomine
1610 5464 2010 5522 substituerat.

354 5555 677 5612 Verebatur
686 5556 843 5612 enim
860 5557 1197 5631 Gregorius,
1216 5573 1306 5623 ne,
1323 5556 1374 5612 si
1388 5552 1748 5612 schismatici
1764 5569 1829 5608 eo
1843 5554 2014 5610 modo

352 5644 693 5703 invaderent
742 5644 942 5719 plures
994 5643 1309 5712 Ecclesias,
1363 5661 1453 5702 res
1486 5640 1923 5700 Catholicorum
1954 5643 2015 5700 in

2135 3340 2293 3392 ctum
2325 3340 2509 3403 esset;
2542 3336 2818 3408 quodque
2848 3336 2928 3391 ibi
2960 3335 3187 3400 Petrus,
3220 3335 3391 3407 cuius
3422 3334 3543 3391 Odo
3574 3334 3783 3393 saltem

2135 3425 2361 3481 amicus
2386 3428 2530 3494 erat,
2563 3429 2622 3481 et
2645 3424 2801 3496 apud
2823 3420 3168 3479 Cluniacum
3188 3422 3316 3478 vitae
3341 3424 3674 3480 monasticae
3696 3442 3804 3481 εον

2135 3512 2260 3569 cius
2290 3512 2468 3568 vitam
2499 3513 2884 3569 monasticam
2909 3512 3211 3583 professus
3244 3511 3470 3567 fuisset.
3500 3511 3807 3569 Fabulan-v

2135 3606 2232 3657 tur
2260 3601 2552 3668 nonnulli,
2586 3601 2746 3672 iique
2768 3599 2964 3656 nescio
2987 3599 3204 3672 quibus
3230 3598 3454 3672 decepti
3485 3600 3810 3673 scriptoriv

2134 3692 2266 3759 bus,
2292 3691 2592 3748 Urbanum
2616 3690 2810 3745 Romae
2835 3689 3094 3761 primum
3114 3687 3177 3744 in
3196 3688 3569 3745 Lateranensi
3587 3705 3792 3746 mona-

2135 3779 2309 3836 sterio
2340 3778 2680 3835 canonicam
2705 3777 2883 3833 vitam
2903 3775 3259 3849 amplexum,
3281 3777 3548 3833 arctioris
3572 3777 3791 3834 deinde

2132 3868 2260 3922 vitae
2292 3866 2486 3923 studio
2515 3867 2575 3921 in
2620 3867 2877 3922 Cavense
2907 3866 3259 3934 secessisse;
3320 3865 3459 3921 hinc
3503 3867 3789 3921 transmi-

2132 3972 2336 4029 grasse
2364 3955 2732 4021 Cluniacum,
2766 3953 2966 4027 ibique
2994 3955 3104 4011 sub
3136 3953 3379 4010 0dilone
3408 3957 3512 4010 aut
3538 3957 3791 4028 Hugone

2132 4045 2343 4101 vixisse
2374 4061 2507 4100 cum
2538 4043 2952 4110 Hildebrando,
2987 4043 3089 4116 qui
3121 4048 3245 4099 tum
3286 4047 3342 4099 et
3370 4042 3496 4115 ipse
3520 4042 3785 4100 Cluniaci

2133 4133 2459 4190 monachus
2498 4136 2653 4202 erat;
2686 4133 2758 4190 ab
2789 4134 2994 4189 eodem
3044 4138 3265 4205 postea,
3300 4131 3479 4190 simul
3526 4135 3705 4203 atque
3732 4132 3788 4188 is

2133 4224 2434 4280 Romanus
2466 4222 2727 4296 pontifex
2746 4227 2978 4279 creatus
3008 4226 3116 4288 est,
3150 4223 3397 4278 Romam
3428 4219 3787 4277 accersitum

2131 4311 2565 4384 cardinalisque
2601 4311 2889 4385 dignitate
2920 4317 3094 4384 atque
3124 4310 3411 4367 Ostiensis
3440 4309 3785 4382 episcopatu

2130 4406 2403 4459 ornatum
2433 4402 2634 4458 fuisse.
2682 4401 2795 4457 Sed
2827 4400 2949 4457 haec
2978 4400 3178 4456 omnia
3207 4416 3377 4455 mera:
3420 4415 3587 4470 nugae
3618 4403 3787 4468 sunt,

2129 4491 2346 4564 quibus
2375 4489 2707 4547 refellendis
2737 4489 3039 4546 immorari
3073 4487 3252 4560 piget.

2375 4579 2497 4635 VII.
2552 4579 2803 4637 Urbanus
2841 4579 2905 4650 ﬁt
2932 4578 3214 4649 episcopus
3244 4575 3530 4633 Ostiensis.

2201 4669 2327 4725 Non
2358 4668 2459 4724 diu
2490 4667 2661 4724 licuit
2689 4665 2875 4722 Odoni
2907 4669 3008 4720 aut
3034 4665 3201 4721 Petro
3222 4664 3281 4719 in
3304 4663 3545 4720 Cavensi
3577 4661 3789 4720 solitu-

2126 4757 2265 4813 dine
2293 4755 2660 4813 commorari.
2697 4755 2843 4810 Nam
2878 4753 3193 4827 Gregorius
3222 4753 3334 4810 hoc
3366 4754 3517 4826 ipso,
3571 4767 3690 4825 quo
3722 4753 3787 4811 in

2126 4846 2354 4903 Italiam
2403 4846 2777 4908 advenerant,
2828 4858 2982 4898 anno
3014 4841 3176 4914 4078,
3224 4846 3356 4915 post
3384 4841 3786 4911 exturbatum,

2127 4940 2194 4992 ut
2224 4939 2474 4991 testatur
2503 4929 2785 5005 Ughellus
2814 4929 2875 4985 in
2899 4929 3066 4986 Italia
3094 4947 3280 4999 sacra,
3309 4931 3598 4987 Joannem
3630 4930 3791 4987 schi-

2125 5023 2466 5091 smaticum,
2497 5020 2756 5076 Odonem
2787 5020 3130 5093 episcopum
3166 5019 3493 5077 Ostiensem
3523 5019 3742 5076 creavit
3767 5040 3781 5090 ;

2125 5113 2330 5169 Petrus
2379 5127 2510 5166 vero
2540 5125 2651 5165 non
2683 5110 2854 5165 multo
2879 5114 3000 5182 post
3024 5125 3212 5179 suum,
3241 5113 3306 5164 ut
3344 5111 3545 5164 narrat
3569 5123 3783 5165 secun-

2125 5201 2237 5255 dus
2272 5200 2400 5271 ejus
2447 5197 2589 5253 Vitae
2620 5202 2844 5267 auctor,
2875 5215 2905 5253 e
2937 5199 3201 5255 Cluniaco
3251 5196 3509 5266 reditum,
3558 5196 3783 5253 Palica-

2122 5291 2346 5344 strensis
2376 5288 2655 5360 episcopus
2684 5286 2971 5342 ordinatus
3008 5295 3107 5343 est.
3158 5287 3357 5359 Neque
3388 5302 3497 5341 nos
3546 5300 3783 5343 movere

2127 5378 2297 5434 debet
2322 5376 2630 5449 utriusque
2657 5375 2801 5431 Vita:
2823 5375 2885 5431 S.
2908 5373 3061 5430 Petri
3080 5374 3418 5442 auctoritas,
3452 5372 3552 5429 ubi
3571 5372 3781 5431 Petrus

2124 5484 2241 5522 non
2271 5465 2463 5522 solum
2494 5484 2529 5522 a
2559 5464 2712 5520 clero
2742 5467 2800 5519 et
2852 5461 3089 5536 populo,
3121 5464 3224 5520 sed
3263 5463 3440 5520 etiam
3473 5478 3507 5516 a
3549 5460 3781 5520 Gisulfo

2123 5555 2490 5612 Salernitano
2522 5552 2781 5626 principe
2802 5550 3245 5608 Policastrensis
3275 5551 3440 5607 urbis
3465 5549 3781 5623 episcopus

2124 5643 2456 5717 postulatus
2487 5657 2614 5699 esse
2643 5640 2878 5697 dicitur.
2902 5641 3045 5697 Nam
3080 5639 3342 5700 Gisulfus
3366 5641 3493 5712 jam
3524 5640 3597 5696 ab
3620 5655 3779 5697 anno
