3958 6224
169 308 230 380 υ
1452 314 1461 327 ,
1556 320 1563 323 ,

3464 287 3534 307 δια

166 445 275 507 1075
313 440 674 503 Salernitano
725 436 1053 516 principatu
1101 436 1385 515 spoliatus
1432 454 1468 495 a
1514 434 1764 495 Roberto
1792 429 1849 497 Α
1877 430 2192 507 psalteriis,
2227 446 2294 489 ac
2325 426 2527 487 missis
2573 424 2898 491 celebratis,
2932 443 2965 481 ει
2996 425 3109 479 Doo
3147 425 3358 516 audire
3408 441 3534 516 me-

164 534 437 596 Guiscardo
457 531 669 603 fuerat,
695 514 764 589 ut
784 514 993 587 scribit
1011 514 1338 603 anonymus
1361 525 1699 584 Caslnensis
1720 523 1780 581 in
1892 528 2177 590 rerentur,
2196 526 2263 579 ut
2303 520 2444 578 olim
2487 522 2688 577 sancto
2719 516 2994 589 Gregorio
3027 514 3202 571 simili
3234 514 3537 570 occasione

163 624 423 690 Chronico,
451 626 628 695 atque
654 620 770 677 hoc
814 620 945 694 ipso
993 636 1145 676 anno
1176 619 1425 674 Romam
1455 616 1527 673 ad
1560 616 1778 688 Grego-
1890 613 2235 687 contigerat,
2265 613 2405 686 quid
2464 612 2535 668 de
2578 608 2940 667 cucharistiae
2996 608 3110 662 fide
3168 605 3541 662 sentiendum

163 713 284 770 rium
310 710 663 784 confugerat.
699 709 847 775 Quid
876 725 1013 782 ergo
1046 708 1116 764 ad
1150 706 1492 764 electionem
1524 704 1700 769 Petri,
1729 706 1779 760 si
1890 708 2065 760 esset.
2138 776 2143 779 ν

159 802 282 857 facta
307 800 501 857 fuisset
536 815 697 855 anno
745 799 903 865 1078,
939 797 1212 870 princeps
1254 795 1352 853 ille
1390 798 1602 853 exutus
1642 810 1777 866 con-
2316 792 2405 849 IX.
2437 794 2512 849 De
2545 793 2785 850 Wiberto
2824 793 3105 864 antipapa.

161 891 332 946 ducere
358 887 578 961 potuit?
610 887 741 943 Nisi
769 887 918 943 forte
949 886 1105 958 apud
1129 884 1475 956 Gregorium
1500 884 1778 939 interces-
1958 886 2117 938 Certe
2150 882 2497 939 difﬁcillima
2537 887 2705 938 erant
2752 887 2892 937 tunc
2934 886 3201 954 tempora
3231 882 3303 935 ob
3336 899 3540 954 graves

162 979 291 1045 serit,
319 983 377 1032 ut
404 977 632 1044 Petrus,
668 992 847 1049 quem
896 975 1088 1030 virum
1129 976 1353 1031 bonum
1403 978 1461 1029 et
1504 977 1777 1029 sanctum
1887 972 2210 1028 discordias
2268 988 2394 1044 quae
2455 971 2605 1027 inter
2660 971 3048 1028 sacerdotium
3108 975 3165 1026 et
3220 970 3535 1043 imperium

161 1067 306 1142 probe
350 1067 604 1133 noverat,
637 1064 701 1121 in
743 1063 1157 1121 Policastrensi
1193 1063 1340 1119 solio
1379 1061 1775 1132 collocaretur.
1885 1065 2012 1118 tum
2062 1060 2314 1118 maxime
2358 1061 2633 1132 vigebant
2673 1063 2783 1131 (an.
2821 1062 3000 1129 1080),
3037 1078 3300 1133 quasque
3354 1063 3535 1117 ferme

160 1160 313 1228 Atque
350 1155 458 1210 hoc
504 1154 687 1210 modo
735 1152 903 1209 facile
961 1153 1307 1208 conciliatur
1361 1156 1606 1224 uterque
1635 1150 1777 1205 Vitae
1886 1150 2246 1207 insanabiles
2277 1150 2607 1206 reddiderat
2636 1149 2916 1205 Henricus
2943 1151 3263 1205 Germanice
3295 1168 3392 1205 rex
3415 1151 3539 1206 olea

161 1245 281 1301 Petri
333 1244 577 1316 scriptor
641 1260 782 1298 cum
840 1241 975 1298 aliis
1029 1241 1344 1299 historicis.
1376 1242 1523 1298 Nam
1570 1238 1777 1296 Gisulﬁ
1886 1240 2075 1296 ctione
2123 1239 2383 1296 Guiberti
2441 1239 2697 1295 hominis
2743 1238 3073 1307 facinerosi,
3108 1257 3281 1311 quem
3342 1241 3460 1311 jam
3504 1257 3537 1295 a

160 1335 304 1390 etiam
331 1349 361 1389 e
387 1332 572 1406 patria
614 1331 776 1405 pulsi
824 1331 1078 1387 multum
1127 1331 1405 1388 intererat
1451 1336 1518 1386 ut
1562 1329 1776 1402 aliquis
1886 1330 2137 1385 triennio
2185 1330 2323 1385 sede
2354 1328 2719 1385 Ravennensi
2758 1334 3082 1393 extrusum,
3117 1328 3223 1383 hoc
3273 1346 3425 1384 anno
3476 1329 3535 1383 in‘

160 1423 246 1479 sibi
272 1426 430 1478 notus
462 1422 614 1479 hanc
647 1421 998 1495 dignitatem
1040 1420 1352 1477 obtineret.
1377 1420 1540 1477 Certe
1571 1420 1777 1476 Petrus
1885 1418 2448 1492 pseudOpontificem
2497 1418 2817 1474 renuntiari
2848 1418 3091 1485 curavit,
3127 1422 3192 1473 ut
3234 1417 3382 1472 hanc
3414 1417 3536 1472 lar-

160 1530 246 1568 non
267 1513 425 1568 multo
440 1516 563 1584 post
591 1528 765 1567 suum
783 1526 815 1566 θ
834 1510 1094 1566 Cluniaco
1114 1510 1372 1577 reditum,
1397 1514 1462 1564 ut
1489 1509 1666 1565 habet
1686 1524 1777 1563 se-
1885 1524 2014 1563 vam
2049 1507 2324 1581 Gregorio
2371 1507 2631 1579 legitimo
2672 1507 2931 1579 pontifici
2963 1511 3300 1580 opponeret.
3335 1508 3397 1561 Id
3447 1507 3538 1561 fa-

159 1602 326 1657 cunde
353 1601 490 1656 Vita
519 1605 753 1665 auctor,
771 1598 1219 1656 Policastrensis
1248 1599 1559 1671 episc0pus
1588 1598 1777 1652 factus
1886 1601 2044 1652 ctum
2076 1601 2165 1653 est
2183 1597 2336 1669 apud
2360 1596 2655 1653 Brixinam
2678 1595 2869 1652 Norici
2895 1596 3097 1651 urbem
3122 1596 3178 1650 in
3203 1594 3535 1651 concilabu-

160 1695 245 1747 est.
264 1692 375 1757 Qua
394 1689 451 1746 in
480 1689 778 1763 dignitate
809 1704 943 1744 cum
970 1705 1170 1761 pamm
1197 1690 1457 1761 tempori:
1487 1685 1776 1758 expendis-
1886 1684 1941 1741 lo
1972 1685 2211 1758 triginta
2234 1685 2643 1758 episcoporum
2668 1684 3177 1742 schismaticorum
3202 1702 3354 1741 anno
3379 1686 3535 1751 1080,

156 1782 237 1843 sei,
265 1780 317 1835 in
346 1778 773 1835 monasterium
799 1777 1049 1834 Cavense
1077 1794 1362 1844 reversus,
1378 1777 1576 1833 statim
1602 1774 1777 1831 Leoni
1809 1805 1855 1871 Β
1887 1774 2136 1871 septi-mo
2165 1774 2442 1831 Kalendis
2471 1775 2634 1842 Julii,
2664 1781 2728 1831 ut
2752 1776 2947 1832 videre
2972 1780 3059 1832 est
3088 1775 3241 1848 apud
3274 1779 3540 1831 auctores

165 1868 325 1924 abbati
349 1867 515 1941 paulo
546 1872 691 1924 ante
723 1867 852 1938 ejus
881 1870 1153 1935 mortem,
1176 1871 1241 1923 ut
1270 1884 1339 1923 ex
1368 1871 1616 1937 utroque
1643 1864 1778 1919 Vita:-
1813 1862 1854 1871 “’
1888 1862 2110 1935 passim
2145 1863 2435 1937 vulgatos.

159 1962 357 2013 auctore
384 1960 633 2024 constat,
669 1955 1033 2013 substitutus
1062 1960 1170 2012 est.
1203 1956 1313 2012 Leo
1345 1959 1564 2023 autem,
1597 1953 1682 2009 uti
1712 1968 1782 2007 ex
2102 1952 2167 2008 X.
2206 1954 2453 2010 Urbanus
2479 1955 2671 2010 scribit
2698 1954 2937 2010 Simonis
2965 1957 3321 2028 epitaphium.

161 2044 464 2102 Kalendario
510 2042 762 2101 Cavensi
805 2047 863 2099 et
909 2043 1192 2101 Chronico
1241 2044 1399 2101 brevi
1459 2044 1531 2099 ad
1590 2041 1780 2116 cyclos
1960 2044 2124 2097 Anno
2157 2043 2296 2099 1082
2334 2043 2530 2099 Romae
2582 2044 2773 2099 adhuc
2820 2046 3160 2101 morabatur
3187 2047 3329 2114 Odo,
3364 2047 3414 2102 si
3446 2058 3547 2102 ve-‘

163 2133 427 2205 paschales
455 2137 692 2191 certum
735 2133 984 2200 videtur,
1017 2132 1162 2190 obiit
1188 2149 1391 2189 mene
1436 2132 1593 2189 Julio
1642 2134 1779 2188 anni
1892 2145 2021 2184 rum
2055 2129 2131 2184 sit
2161 2145 2296 2185 eum
2329 2130 2586 2186 Simonis
2610 2148 2640 2187 e
2669 2131 3015 2204 Cripseiensi
3044 2134 3253 2189 comite
3277 2138 3414 2190 tunc
3436 2135 3539 2190 Ju-

162 2222 278 2278 1079
303 2241 316 2277 :
343 2240 461 2296 quae
490 2221 705 2279 omnia
729 2237 866 2277 cum
908 2221 1064 2278 intra
1097 2222 1275 2279 unius
1305 2221 1443 2279 anni
1475 2227 1534 2278 et
1562 2220 1785 2293 aliquot
1890 2218 2079 2274 rensis
2109 2218 2403 2286 monachi,
2426 2236 2492 2275 eo
2514 2237 2689 2288 anno,
2715 2226 2778 2276 ut
2801 2225 2962 2277 notat
2984 2221 3309 2289 Albericus,
3332 2224 3539 2280 defun-

160 2312 414 2368 mensium
443 2312 714 2385 spatium
748 2308 917 2366 facile
960 2310 1298 2384 contingere
1327 2310 1648 2385 potuerint,
1679 2326 1782 2365 no-
1891 2307 1990 2373 cti,
2039 2307 2402 2380 epitaphium
2454 2310 2795 2381 scripsisse;
2830 2327 2936 2366 nec
2985 2312 3202 2367 mirum
3248 2317 3339 2368 est
3384 2314 3544 2368 hunc

160 2405 257 2456 stre
282 2399 496 2457 calculo
524 2399 759 2473 optime
788 2399 1160 2456 concordant.
1190 2400 1296 2457 His
1322 2417 1436 2456 non
1463 2400 1781 2456 admodum
1891 2396 2172 2453 honorem
2227 2396 2453 2453 Simoni
2504 2398 2685 2454 fuisse
2732 2398 3013 2467 delatum,
3049 2400 3139 2455 cui
3183 2400 3345 2457 locus
3394 2402 3544 2458 inter

159 2491 407 2545 consentit
437 2488 605 2546 bulla
646 2503 829 2560 quam
861 2488 1130 2545 Urbanus
1160 2489 1219 2545 in
1250 2489 1594 2546 Cavensium
1627 2488 1783 2544 favo-
1891 2484 2243 2558 apostolicos
2290 2486 2550 2542 tumulos
2589 2488 2647 2542 in
2679 2487 2960 2544 Vaticana
3009 2488 3250 2545 basilica
3298 2482 3542 2546 conces-

165 2594 264 2633 rem
292 2578 454 2634 dedit.
485 2578 715 2635 Verum
747 2576 808 2631 in
838 2576 948 2633 hac
991 2576 1153 2635 bulla
1182 2577 1505 2649 complura,
1529 2595 1656 2650 quae
1686 2594 1783 2632 va-
1893 2592 1995 2632 sus
2025 2574 2155 2643 fuit,
2191 2592 2305 2631 non
2337 2576 2529 2631 solum
2562 2577 2634 2633 ob
2661 2576 2933 2633 eximiam
2965 2578 3092 2649 ejus
3122 2580 3352 2652 generis
3383 2580 3553 2635 nobi-‘

163 2667 245 2721 riis
269 2668 625 2741 temporibus
658 2670 1001 2735 evenerunt,
1032 2666 1209 2723 simul
1255 2668 1311 2723 in
1357 2683 1541 2722 unum
1573 2682 1782 2739 conge-
1892 2663 2138 2730 litatem,
2171 2665 2294 2731 sed,
2326 2670 2382 2721 et
2433 2666 2489 2721 id
2535 2667 2807 2734 maxime,
2834 2667 2907 2722 ob
2938 2667 3201 2740 ingentia
3243 2670 3451 2724 merita
3481 2662 3541 2723 in

159 2759 229 2810 sta
268 2762 415 2812 sunt.
464 2755 697 2813 Deinde
741 2754 948 2811 multis
991 2754 1558 2828 interpolationibus,
1593 2759 1657 2811 ut
1703 2754 1783 2810 le-
1892 2752 2209 2809 Ecclesiam
2260 2754 2606 2819 Romanam,
2657 2756 2749 2810 cui
2800 2756 3026 2811 tuendae
3078 2773 3111 2812 a
3157 2756 3431 2830 Gregorio
3482 2758 3540 2813 in

162 2844 289 2917 genti
328 2849 500 2918 patet,
528 2844 867 2901 deformata
893 2848 1010 2913 est;
1060 2860 1247 2916 neque
1276 2846 1453 2900 etiam
1503 2844 1560 2900 in
1610 2844 1786 2899 variis
1894 2840 2118 2897 Italiam
2163 2845 2482 2899 accersitus
2528 2844 2734 2912 fuerat,
2769 2845 2853 2899 uti
2897 2848 3168 2901 narratur
3195 2845 3253 2901 in
3286 2848 3414 2917 ejus
3443 2847 3540 2900 Vi-

162 2933 552 3006 exemplaribus
585 2932 708 2990 sibi
740 2936 991 3004 constat,
1023 2932 1106 2990 ita
1135 2937 1199 2989 ut
1237 2933 1425 2990 multa
1454 2933 1514 2989 in
1549 2949 1663 2989 uno
1686 2949 1786 2988 oc—
1830 2924 1833 2925 ν
1892 2933 1973 2995 ta,
2014 2932 2234 2988 Saculo
2283 2933 2346 2999 V,
2380 2938 2542 3005 parte
2599 2950 2638 2987 ιι
2695 2935 2819 2988 Act.
2870 2935 2963 2989 SS.
3016 2934 3238 2989 ordinis
3297 2935 3544 2991 Bcnedi-‘

158 3026 361 3079 currant
387 3039 514 3095 quae
544 3022 611 3077 in
650 3020 833 3077 altero
863 3021 1125 3095 exemplo
1155 3022 1584 3078 desiderantur.
1893 3019 2054 3075 ctini.

218 3110 481 3202 Si_t_3“_1°n
512 3117 746 3167 certum
792 3108 1046 3202 ουίΡίδξΠ
1078 3111 1343 3202 Videat“?
1373 3110 1623 3202 Patrum
1654 3114 1788 3166 ante
1821 3176 1861 3202 η
1898 3130 1993 3185 XI.
2022 3130 2275 3185 Wiberto
2318 3133 2381 3202 iii
2417 3131 2675 3185 Vaticana
2714 3131 2941 3186 basilica
2980 3133 3331 3202 inlronizato,
3365 3148 3543 3188 conm-

162 3197 337 3256 Gisulfi
372 3199 573 3273 fugam
607 3202 875 3255 creatum
916 3199 1258 3272 episcopum
1302 3200 1505 3267 fuisse,
1541 3204 1608 3255 ut
1636 3203 1789 3256 certe
1820 3176 1863 3244 (ἶ
2125 3202 2265 3256 lium
2288 3200 2569 3257 indicitur.
2598 3202 2706 3258 Odo
2724 3202 2792 3257 ab
2822 3205 3052 3257 Henrico
3080 3206 3313 3275 rapitur.

162 3288 328 3344 innuit
355 3295 604 3362 uterque
634 3287 782 3342 Vitae
812 3292 1034 3356 auctor,
1068 3288 1384 3345 dicendum
1414 3288 1525 3346 erit
1552 3290 1789 3345 Petrum
1971 3289 2236 3346 Ecclesiae
2285 3289 2647 3345 calamitates
2679 3307 2825 3345 novo
2856 3290 3109 3348 facinore
3139 3293 3297 3347 auxit
3345 3293 3547 3348 Henri-

164 3375 320 3433 multo
361 3382 493 3436 ante
523 3377 798 3435 Odonem
847 3378 907 3433 in
955 3376 1183 3433 Italiam
1236 3378 1417 3434 fuisse
1469 3395 1789 3444 reversum,
1902 3396 2007 3435 cus
2036 3381 2358 3450 Augustus,
2391 3394 2543 3432 anno
2576 3379 2731 3443 1083,
2764 3394 2898 3432 cum
2930 3383 3064 3451 post
3110 3384 3397 3435 tentatam
3432 3382 3549 3435 fru-

145 3482 315 3539 quem
341 3467 575 3524 nonnisi
625 3469 763 3539 post
805 3466 1029 3538 aliquot
1058 3484 1243 3523 annos
1271 3468 1392 3523 Udo
1442 3467 1795 3523 subsecutus
1903 3473 2027 3526 stra
2055 3467 2458 3539 superioribus
2498 3466 2669 3522 annis
2715 3467 2919 3523 urbem
2969 3468 3235 3535 Romam,
3279 3486 3398 3524 una
3426 3470 3555 3540 ejus

164 3556 342 3610 Cavam
376 3555 747 3623 convenerit;
781 3570 1124 3628 errasseque
1156 3556 1481 3612 secundum
1515 3555 1656 3612 Vitae
1687 3572 1795 3611 au-
1906 3561 2071 3631 parte
2117 3557 2227 3612 hoc
2275 3573 2427 3611 anno
2476 3556 2715 3628 potitus,
2750 3559 3034 3629 captaque
3086 3557 3344 3613 Leonina
3390 3559 3555 3625 urbe,

166 3648 353 3701 clorem
387 3645 487 3718 qui
514 3643 673 3702 illud
722 3643 833 3699 iter
859 3645 1015 3715 quod
1066 3644 1125 3700 hi
1174 3644 1280 3700 viri
1316 3644 1503 3701 sancti
1550 3644 1796 3701 seorsim
1909 3646 2253 3704 Guibertum
2283 3660 2455 3700 suum
2488 3645 2545 3699 in
2578 3645 2767 3700 sancti
2814 3645 2965 3701 Petri
2996 3644 3241 3702 basilica
3271 3646 3382 3702 sub
3413 3646 3560 3705 falso

167 3733 525 3802 confecerant,
565 3730 748 3788 simul
780 3731 853 3788 ab
899 3731 974 3789 iis
1013 3736 1355 3806 susceptum
1406 3732 1585 3790 fuisse
1614 3733 1801 3789 credi-
1908 3734 2224 3793 Clementis
2254 3734 2332 3790 III
2366 3734 2604 3791 nomine
2644 3733 2977 3807 pontiﬁcem
3017 3735 3363 3808 proclamari
3393 3754 3561 3793 cura-

166 3820 316 3878 derit.
1909 3825 2021 3892 vit;
2047 3840 2222 3897 quem
2249 3839 2363 3879 non
2384 3821 2672 3879 Ostiensis
2702 3828 2758 3879 et
2787 3823 3134 3881 Albanensis
3166 3842 3267 3881 seu
3291 3825 3565 3883 Portuen-

550 3942 702 3999 v[[1_
734 3945 822 3999 [νει
847 3960 1005 4017 papa,
1032 3947 1401 4002 consiliarius_
1913 3913 1998 3970 sis
2025 3911 2338 4017 antistites,
2361 3911 2432 3967 ad
2465 3928 2616 4017 quos
2636 3911 2715 4017 iii‘
2717 3912 2977 4017 muneris
2996 3912 3167 3983 juxta
3195 3913 3563 4017 privilegium

1915 4019 2118 4059 eorum
2165 4001 2408 4057 sedibus
2458 4017 2491 4054 a
2540 4001 2638 4056 SS.
2675 4000 2943 4056 Patribus
2975 4018 3338 4064 concessum,
3373 4008 3438 4058 ut
3485 4004 3569 4059 ait

230 4085 365 4150 Quid
393 4103 535 4144 vero
566 4085 690 4141 Odo
723 4086 909 4142 factus
942 4086 1230 4144 Ostiensis
1258 4088 1570 4162 episcopus
1600 4089 1808 4163 primis
1918 4089 2243 4158 Bertoldus,
2294 4090 2642 4163 pertinebat,
2695 4090 2796 4146 sed
2849 4089 3201 4147 Mutinensis
3250 4096 3308 4147 et
3355 4092 3568 4148 Arimi-

172 4173 527 4249 episcopatus
549 4174 644 4231 sui
667 4177 837 4233 annis
862 4176 1076 4242 fecerit,
1105 4193 1394 4249 nusquam
1418 4177 1634 4251 legitur
1653 4180 1809 4252 apud
1918 4180 2118 4236 nensis
2149 4178 2407 4252 episcopi
2438 4180 2559 4250 jam
2581 4180 2773 4234 multis
2803 4181 2967 4234 armis
3003 4181 3235 4251 depositi
3260 4185 3310 4236 et
3342 4183 3569 4237 anathe-

172 4268 420 4321 auctores
452 4264 766 4337 antiquos;
814 4268 873 4320 at
899 4282 1035 4321 eum
1067 4271 1206 4321 tunc
1254 4268 1531 4339 Gregorio
1580 4270 1812 4342 magnis
1918 4270 2173 4326 matisati
2218 4268 2747 4334 inthronimrerunt,
2792 4268 2946 4340 quod
3001 4267 3098 4322 alii
3151 4268 3224 4323 ab
3273 4268 3405 4325 aliis
3451 4271 3570 4343 epi-

176 4352 405 4424 negotiis
424 4369 579 4426 pene
600 4352 809 4408 obruto
836 4369 1069 4425 semper
1089 4358 1297 4427 praesto
1321 4355 1502 4413 fuisse
1521 4357 1677 4413 haud
1700 4358 1811 4414 du-
1920 4358 2114 4431 scopis
2144 4358 2360 4413 factum
2409 4357 2695 4413 scribunt.
2729 4357 3094 4412 Praeferenda
3136 4362 3291 4412 esset
3322 4358 3575 4414 Bertoldi

176 4439 319 4495 bium
349 4446 458 4498 est.
482 4444 651 4498 Certe
680 4441 794 4497 huc
835 4441 1089 4499 revocari
1119 4447 1310 4515 potest
1338 4444 1597 4502 0rderici
1629 4445 1811 4515 locus,
1923 4446 2257 4513 auctoritas,
2292 4450 2491 4517 utpote
2524 4446 2621 4518 qui
2656 4450 2794 4502 tunc
2824 4447 3073 4511 vivebat,
3098 4451 3155 4502 et
3188 4463 3280 4501 res
3313 4446 3580 4520 singulas

172 4528 283 4599 jam
312 4546 346 4585 a
372 4529 547 4586 nobis
573 4546 756 4602 supra
782 4529 1081 4599 laudatus,
1104 4530 1165 4587 in
1195 4549 1311 4604 quo
1340 4534 1652 4608 Gregorius
1685 4536 1820 4592 dici-
1848 4542 1896 4608 1)
1927 4554 2031 4611 per
2062 4535 2328 4608 singulos
2350 4551 2535 4591 annos
2562 4539 2825 4591 accurate
2848 4535 3113 4608 digessit,
3138 4536 3187 4591 si
3215 4536 3325 4591 sibi
3350 4542 3585 4593 consta-

179 4622 266 4673 tur
302 4621 411 4675 sibi
456 4619 728 4676 Odonem
772 4622 1117 4693 praecipuum
1142 4622 1531 4680 consiliarium
1578 4626 1822 4695 elegisse.
1935 4630 2039 4683 ret.
2071 4627 2144 4680 At
2173 4625 2419 4696 ipsemet
2447 4641 2598 4680 anno
2631 4625 2770 4680 1084
2809 4623 2935 4681 loco
2980 4624 3369 4679 Ariminensis
3398 4624 3587 4680 Areti-

185 4706 280 4771 Qui
308 4707 506 4782 reipsa
534 4712 657 4765 toto
689 4708 780 4764 sui
824 4709 1194 4782 episcopatus
1222 4711 1412 4783 primo
1443 4714 1829 4785 quadriennio
1939 4731 2082 4772 num
2114 4713 2407 4780 nominat;
2441 4714 2596 4785 quod
2635 4712 2735 4769 alii
2774 4729 3006 4785 quoque
3053 4715 3320 4767 auctores
3347 4711 3587 4768 habent.

184 4810 393 4868 semper
420 4795 724 4870 pontificis
755 4795 934 4853 laeteri
957 4797 1294 4867 adbtesit,ut
1317 4816 1453 4857 eum
1484 4803 1611 4859 suis
1640 4803 1831 4862 consi-
1940 4805 2011 4861 Et
2040 4802 2278 4875 quidem
2309 4801 2612 4873 episcOpos
2643 4801 3028 4856 Mutinensem
3054 4804 3112 4878 et
3138 4799 3441 4856 Aretinum
3474 4818 3593 4857 non

188 4880 530 4960 liis,suaque
546 4887 1061 4959 operaadjuvaret.
1081 4888 1142 4943 Id
1166 4887 1361 4945 innuit
1375 4891 1573 4947 Benno
1590 4895 1835 4964 pseudo-
1942 4890 2429 4957 benedictionem,
2459 4890 2559 4946 sed
2592 4889 3033 4945 damnationem
3065 4903 3244 4961 quam
3276 4887 3593 4955 habebant,

189 4973 486 5031 cardinalis
507 4979 566 5032 et
583 4974 847 5048 Gregorii
869 4980 1046 5049 atque
1063 4977 1337 5034 Romanis
1354 4979 1624 5037 Ecclesiae
1648 4980 1837 5039 hostis
1946 4980 2301 5053 imposuisse
2329 4979 2612 5047 Wiberto,
2651 4978 2857 5033 scribit
2898 4978 3274 5034 Gebehardus
3304 4978 3598 5035 Salisbur-

190 5058 760 5136 infensissimus,qui
788 5064 1049 5122 Odonem
1076 5065 1327 5137 Gregorii
1348 5068 1705 5142 pedisequum
1736 5089 1839 5146 ap-
1949 5072 2147 5146 gensis
2178 5068 2651 5141 archiepiscopus
2674 5068 2734 5123 in
2760 5066 2929 5141 epist.
2957 5068 3029 5123 ad
3052 5067 3452 5123 Hermannum
3486 5068 3601 5122 Me-

192 5148 396 5220 pellare
429 5152 603 5209 solet.
639 5152 800 5209 Idem
830 5152 957 5226 ipse
986 5160 1191 5211 auctor
1219 5161 1416 5212 narrat
1448 5157 1505 5213 in
1540 5158 1674 5215 Vita
1702 5161 1841 5217 Gre-
1952 5167 2201 5217 tensem.
2227 5158 2392 5214 Haud
2422 5158 2667 5213 dubium
2699 5157 2842 5229 quin
2873 5160 2931 5212 et
2959 5156 3347 5212 Ariminensis
3378 5160 3435 5211 et
3462 5158 3601 5211 Are—

196 5238 331 5310 gorii
362 5241 459 5297 VII
506 5242 771 5299 Odonem
816 5247 1085 5319 nostrum
1134 5249 1191 5301 et
1236 5251 1556 5317 Cunonem,
1591 5248 1847 5306 fervente
1954 5250 2118 5306 tinus
2175 5247 2432 5321 episcopi
2492 5247 2631 5303 huic
2688 5246 3043 5303 czeremonize
3093 5245 3434 5301 adfuerint:
3470 5256 3605 5296 nam

198 5329 1187 5399 quastionedeeucharistiacontra
1204 5332 1618 5404 Berengarium
1640 5336 1699 5393 in
1719 5355 1851 5395 con-
1959 5337 2265 5395 Bertoldus
2311 5338 2598 5403 observat,
2650 5336 2721 5391 ad
2772 5351 2993 5390 annum
3048 5334 3208 5399 1084,
3255 5336 3461 5406 praeter
3512 5342 3613 5384 eos

200 5415 324 5473 cilio
353 5419 619 5476 Romano
660 5420 800 5475 anni
849 5423 1006 5490 1079,
1030 5421 1248 5479 missos
1280 5440 1315 5479 a
1344 5423 1624 5497 Gregorio
1671 5427 1853 5485 fuisse
1962 5444 2111 5500 quos
2140 5427 2676 5494 nominat,caeteros
2708 5440 2938 5496 quoque
2958 5422 3261 5494 episcOpos
3284 5428 3618 5477 excommu-

204 5505 267 5559 δᾶ
297 5507 570 5566 Sanctam
601 5510 996 5580 Anastasiam,
1022 5514 1088 5567 ut
1120 5512 1201 5567 ibi
1232 5529 1366 5567 cum
1400 5514 1675 5588 Suppone
1697 5518 1853 5589 ejus-
1965 5517 2189 5572 nicatos
2210 5514 2461 5571 Wiberti
2493 5512 2846 5569 ordinationi
2878 5510 3235 5577 interfuisse,
3262 5523 3439 5582 quam
3465 5511 3619 5557 anno

207 5593 329 5653 dem
359 5597 626 5656 Ecclesiae
676 5598 1201 5675 archipresbytero,
1227 5601 1457 5673 jejunio
1490 5608 1547 5659 et
1576 5604 1857 5663 orationi-
1968 5605 2348 5677 subsequenti
2400 5601 2671 5659 Albertus
2729 5599 3031 5656 Stadensis
3089 5601 3145 5652 et
3203 5598 3301 5654 alii
3355 5593 3623 5650 auctores

209 5682 315 5741 bus
344 5703 579 5760 operam
611 5688 819 5748 dantes
848 5690 1040 5750 tribus
1068 5690 1305 5760 diebus,
1328 5692 1588 5753 recitatis
1618 5694 1862 5754 totidem
1975 5694 2342 5767 consignant.
