3958 6224
362 364 448 436 Ξι
1669 367 1743 433 Β.
1787 362 2015 434 URBAl

2223 365 2474 431 PAPE.
3699 367 3782 432 24

438 505 504 562 In
533 504 700 564 tanta
725 520 922 564 rerum
950 504 1390 580 perturbatione
1418 505 1609 562 visum
1633 509 1722 561 est
1751 501 2014 560 Ecclesiae
2043 501 2099 570 Α
2127 503 2299 558 Deum
2327 503 2641 561 timentibus
2665 520 2766 578 pro
2795 512 2940 562 certo
2983 503 3177 562 haberi
3215 501 3478 578 cognovit,
3510 512 3572 562 ut
3593 517 3786 563 eorum

365 595 706 670 proceribus
739 611 926 669 opera:
970 595 1220 669 pretium
1271 612 1399 651 esse
1449 611 1802 667 congregare
1854 609 2025 665 syno~

365 684 534 753 dum,
558 686 728 758 cujus
752 689 979 752 statuta,
1007 685 1200 757 inquit
1221 685 1546 752 Bertoldus,
1566 684 1629 738 de
1653 699 1815 738 causa
1847 682 2022 750 regni,

364 791 467 832 nec
492 776 744 843 Henrico,
775 791 874 830 nec
922 775 1197 840 Romanis,
1233 775 1343 828 imo
1387 774 1534 826 nulli
1577 774 1796 842 penitus
1845 759 2032 825 liceret

361 865 747 939 praevaricari.
779 863 921 920 Eam
966 861 1278 934 Gregorius
1329 877 1527 916 mense
1581 859 1886 915 Novembri
1918 859 2024 913 ha-

369 954 625 1012 bendam
656 951 887 1018 indixit,
921 951 1131 1006 litteris
1161 968 1228 1006 ea
1257 951 1328 1005 de
1363 967 1424 1005 re
1465 951 1535 1004 ad
1566 966 1768 1004 omnes
1801 949 2022 1019 episco-

371 1060 480 1118 pos
509 1047 568 1099 et
596 1042 836 1098 abbates
883 1041 1057 1096 datis.
1091 1039 1374 1095 Henricus
1402 1055 1536 1094 vero
1586 1038 1644 1092 in
1696 1037 2023 1108 Langobar-

374 1133 533 1190 diam
565 1147 852 1197 reversus,
885 1128 1147 1185 adhibito
1172 1128 1581 1198 jurejurando,
1615 1125 1907 1199 pollicitus
1936 1130 2026 1181 est

375 1237 612 1279 omnem
642 1219 1014 1276 securitatem
1047 1215 1336 1272 universis
1366 1217 1464 1288 qui
1499 1220 1602 1271 aut
1631 1217 1700 1271 ad
1737 1215 2022 1287 synodum

375 1309 515 1369 ituri
547 1313 761 1375 essent,
793 1311 913 1374 aut,
946 1323 1013 1361 ea
1058 1305 1240 1368 ﬁnita,
1275 1305 1343 1360 ad
1393 1305 1626 1377 propria
1669 1307 2024 1359 reverteren-

377 1404 502 1466 tur;
559 1403 617 1454 at
671 1395 1098 1469 promissorum
1161 1409 1401 1449 suorum
1460 1395 1788 1456 immemor,
1849 1390 2024 1464 paulo

376 1491 528 1562 post,
557 1487 740 1542 fracta
759 1485 892 1552 ﬁde,
919 1484 1229 1556 plerosque
1257 1500 1458 1540 eorum
1481 1483 1580 1554 qui
1607 1483 1677 1538 ad
1709 1481 2024 1536 concilium

375 1575 788 1650 properabant,
813 1591 878 1629 ac
917 1573 1068 1628 inter
1095 1572 1244 1628 alios
1273 1573 1467 1644 ipsum
1501 1573 1758 1627 Odonem
1789 1571 2024 1625 Ostien-

377 1682 501 1724 sem
532 1665 893 1738 episcopum,
920 1678 1094 1734 quem
1139 1661 1211 1718 ad
1242 1678 1375 1717 eum
1407 1660 1721 1732 Gregorius
1769 1659 2023 1731 legatum

377 1755 638 1822 miserat,
661 1753 725 1809 in
755 1751 961 1808 itinere
1009 1750 1369 1823 apprehendi
1397 1750 1598 1821 jussit,
1635 1753 1808 1822 atque
1839 1750 1894 1803 in
1929 1766 2021 1804 ca-

2131 594 2539 665 simplicitatem
2583 596 2782 650 melius
2810 596 3206 651 circumvenire
3241 603 3432 668 posset,
3464 595 3534 651 ad
3578 596 3789 652 callida

2133 698 2188 738 se
2204 687 2524 753 argumenta
2540 686 2818 740 convertit.
2845 689 2972 740 Post
2992 687 3298 757 captionem
3319 687 3502 756 itaque
3523 685 3792 742 Ostiensis

2135 771 2372 841 episcopi
2399 781 2448 826 et
2477 773 2716 828 aliorum.
2748 775 3065 838 multorum,
3101 790 3230 845 quos
3261 775 3483 846 recepit,
3515 774 3794 830 absolutos

2134 857 2378 920 dimisit;
2417 863 2686 916 universis
2715 864 2936 917 Romam
2975 863 3196 918 visitare
3235 863 3534 918 volentibus
3561 864 3791 933 ﬁrmam

2133 951 2476 1004 securitatem
2503 949 2668 1017 dedit,
2701 967 2865 1022 quam
2893 951 3209 1022 jurame-nto
3249 953 3467 1022 publice
3495 952 3791 1022 conﬁrma-

2133 1039 2226 1092 vit.
2255 1039 2319 1092 Et
2347 1047 2406 1093 ut
2432 1041 2674 1109 favorem
2701 1041 3020 1112 popularem
3047 1042 3272 1096 omnino
3299 1043 3717 1113 prosequeretur
3741 1048 3800 1096 et

2133 1123 2394 1194 gratiam,
2425 1130 2488 1182 in
2524 1129 2740 1200 publico
2791 1129 2956 1192 dixit,
2991 1130 3128 1202 quod
3175 1147 3206 1184 (ι
3255 1129 3474 1184 domino
3533 1129 3796 1200 Gregorio

2129 1231 2274 1287 papa
2304 1218 2612 1301 imperialis
2655 1234 2865 1273 corona:
2909 1218 3232 1285 dignitatem
3260 1219 3420 1274 vellet
3452 1221 3790 1290 accipere...

2134 1306 2200 1358 At
2233 1306 2519 1374 Gregorius
2549 1307 2822 1378 respondit.
2853 1326 2901 1362 :u
2933 1309 3040 1378 Ego
3079 1309 3341 1362 versutias
3377 1311 3428 1362 et
3460 1307 3795 1363 calliditates

2134 1396 2273 1464 regis
2301 1397 2614 1466 frequenter
2661 1399 2915 1466 empertus
2945 1413 3082 1451 sum.
3118 1398 3177 1450 Si
3206 1405 3385 1452 autem
3436 1397 3552 1451 vult
3604 1399 3661 1452 in
3718 1399 3797 1451 iis

2133 1483 2333 1554 quibus
2356 1485 2643 1556 mani/"este
2664 1487 2904 1556 peccavit
2932 1485 3036 1540 Deo
3073 1489 3126 1540 et
3167 1486 3418 1542 Ecclesia
3445 1487 3790 1558 satis/acere,

2136 1573 2365 1628 libenter
2393 1574 2688 1640 absolvam,
2717 1564 2772 1628 et
2816 1575 3162 1646 imperiulem
3207 1575 3317 1630 sibi
3361 1590 3616 1630 coronam
3661 1592 3796 1630 cum

2135 1661 2503 1718 benedictione
2551 1665 2947 1734 imponam»...
2983 1663 3120 1734 quod
3145 1665 3362 1718 verbum
3395 1681 3515 1718 cum
3547 1681 3664 1730 rex,
3700 1681 3796 1719 re-

2131 1751 2408 1806 mordente
2465 1754 2824 1818 conscientia,
2883 1753 3099 1822 penitus
3166 1750 3457 1820 denegaret
3516 1755 3763 1824 facere...
3782 1795 3797 1806 .

377 1843 642 1917 ptivitate
672 1843 940 1898 detentos
971 1839 1174 1896 multis
1203 1841 1510 1895 tormentis
1537 1839 1873 1894 immaniter
1901 1856 2026 1894 cru-
2057 1875 2108 1940 B
2133 1839 2392 1912 Pontifex
2433 1841 2688 1911 difﬁdens
2734 1857 2847 1896 sese
2889 1843 2947 1896 in
3002 1842 3310 1896 Crescentii
3355 1845 3591 1896 castrum
3642 1859 3796 1898 rece-

377 1932 540 1990 ciari.
572 1931 913 1989 Audiendus
956 1947 1024 1985 ea
1052 1929 1124 1985 de
1153 1946 1214 1984 re
1255 1927 1583 1996 Bertoldus,
1617 1929 1716 2000 qui
1769 1945 1890 1984 rem
1936 1927 2030 1983 his

375 2021 569 2079 verbis
598 2019 834 2092 exponit
865 2036 878 2074 :
911 2020 1099 2090 Legati
1128 2017 1589 2075 Theutonicorum
1613 2019 1930 2088 principum
1955 2017 2025 2072 ad

379 2109 694 2169 concilium
726 2109 808 2164 ire
835 2107 1153 2173 debuerant,
1177 2107 1268 2162 sed
1305 2108 1378 2162 ab
1417 2109 1647 2162 Henrico
1675 2109 1734 2161 in
1764 2108 1852 2162 via
1882 2107 2028 2178 apud

376 2199 781 2258 Forum-Cassii
808 2198 955 2268 capti
983 2201 1034 2252 et
1060 2197 1254 2268 ftedati
1281 2199 1410 2252 sunt
1453 2197 1602 2251 circa
1627 2201 1826 2266 festum
1849 2199 2028 2251 sancti

377 2289 626 2356 Martini,
659 2289 784 2344 licet
821 2287 1070 2342 omnibus
1101 2287 1258 2341 illam
1299 2285 1566 2356 synodum
1607 2286 1914 2356 petentibus
1941 2302 2025 2340 se-

376 2381 673 2435 curitatem
705 2377 1022 2450 jar-amento
1046 2375 1449 2445 promiserit...
1473 2375 1644 2428 Erant
1679 2383 1859 2430 autem
1891 2376 2024 2430 reli-

375 2467 674 2539 giosissimi
699 2465 962 2522 monachi
999 2473 1050 2520 et
1089 2465 1298 2532 clerici,
1321 2480 1449 2536 quos
1479 2465 1539 2518 in
1567 2465 1874 2534 captivitate
1897 2466 2027 2534 fecit

373 2557 637 2624 cruciari,
669 2571 796 2612 cum
825 2555 1020 2626 quibus
1054 2557 1105 2610 et
1132 2553 1374 2608 Ottonem
1399 2553 1769 2608 venerandum
1815 2554 2024 2608 Ostien-

372 2663 487 2705 sem
517 2648 829 2718 episcopum
865 2645 1216 2716 captivatmn,
1240 2642 1488 2698 videlicet
1513 2641 1583 2696 ad
1615 2643 1790 2712 ipsum
1812 2643 1880 2697 ab
1900 2659 2023 2712 apo-

371 2737 566 2794 stolica
593 2734 714 2790 sede
743 2734 1146 2790 transmissum.
1171 2731 1301 2786 Haec
1331 2729 1428 2786 ille
1454 2749 1466 2787 :
1495 2747 1696 2786 verum
1746 2747 1852 2786 nec
1899 2729 2022 2797 illa,

372 2841 480 2883 nec
509 2823 687 2881 etiam
717 2821 806 2878 vis
851 2820 1114 2876 acerbior
1141 2820 1400 2875 Odonem
1433 2837 1466 2875 a
1490 2819 1746 2893 Gregorii
1777 2819 2021 2892 legitimi

369 2912 668 2989 pontiﬁcis
697 2908 1029 2968 obedientia
1061 2925 1323 2980 unquam
1363 2909 1655 2964 dimovere
1685 2912 2017 2980 potuerunt.

369 3003 427 3062 Is
456 2999 782 3059 econtrario
813 3015 946 3056 cum
994 2997 1118 3054 suis
1161 2996 1420 3071 collegis,
1449 2997 1766 3054 Albanensi
1795 3003 1854 3054 et
1885 2995 2019 3053 Por-

368 3091 565 3151 tuensi
586 3087 899 3162 episcopis,
921 3088 1197 3154 libentius,
1221 3088 1307 3142 uti
1331 3087 1401 3141 ad
1425 3103 1646 3142 annum
1679 3091 2019 3159 sequentem

369 3181 548 3250 habet
572 3177 904 3246 Bertoldus,
925 3181 1185 3232 extrema
1215 3193 1456 3249 quisque
1488 3177 1775 3232 sustinere
1805 3193 2022 3250 praeop-

2131 1931 2236 2000 pit,
2271 1935 2378 1985 etc.

2221 2037 2365 2092 XIII.
2400 2038 2660 2092 Henricus
2690 2055 2724 2092 a
2754 2037 3006 2092 Guiberto
3035 2041 3360 2104 coronatur,-
3389 2053 3698 2094 excommu-

2843 2111 3080 2164 nitatur.

2209 2195 2490 2252 Henricus
2520 2213 2652 2252 vero
2681 2197 2780 2269 qui
2803 2199 3262 2253 .Laterancnsem
3296 2196 3597 2253 basilicam
3629 2197 3801 2254 inva-

2135 2291 2306 2352 serat,
2333 2285 2460 2358 ipsa
2488 2286 2795 2342 Dominicis
2819 2285 3261 2342 resurrectionis
3287 2286 3399 2354 die,
3426 2303 3699 2342 coronam
3727 2289 3794 2344 in

2135 2373 2408 2443 Ecclesia,
2432 2392 2540 2431 non
2555 2377 2769 2447 gloria),
2787 2380 2849 2430 ut
2871 2376 2952 2430 ait
2975 2374 3295 2442 Bcrtoldus,
3314 2375 3408 2430 sed
3425 2377 3792 2447 confusionis,

2135 2480 2168 2516 a
2199 2480 2304 2519 suo
2337 2464 2609 2520 Guiberto
2652 2467 2929 2536 suscepit,
2953 2463 3416 2536 Gregoriumque
3446 2463 3786 2537 legitimum

2134 2553 2464 2624 pontificem
2498 2554 2554 2608 in
2607 2553 2787 2610 altera
2837 2553 2998 2609 urbis
3047 2558 3210 2626 parte
3257 2553 3504 2609 obsedit.
3541 2555 3792 2612 Inutiles

2132 2646 2325 2698 tamen
2359 2645 2516 2698 fuere
2545 2645 2674 2714 ejus
2715 2649 2959 2699 conatus
2993 2661 3005 2698 :
3040 2659 3172 2697 nam
3208 2643 3482 2714 pontifex,
3519 2644 3786 2700 Rotberti

2133 2731 2434 2786 Guiscardi
2458 2733 2994 2788 Northmannorum
3028 2731 3084 2785 in
3110 2729 3272 2786 Italia
3295 2731 3574 2802 principis
3605 2749 3794 2804 opera

2131 2819 2304 2892 paulo
2336 2825 2465 2892 post
2513 2820 2814 2887 liberatus,
2847 2821 3134 2892 synodum
3185 2819 3244 2874 in
3295 2820 3422 2891 ipsa
3453 2820 3603 2876 Urbe
3631 2821 3788 2876 cele-

2130 2908 2337 2978 bravit,
2370 2911 2427 2964 in
2461 2927 2578 2982 qua
2624 2909 2986 2966 schismatici
3033 2923 3239 2964 rursus
3287 2909 3788 2965 excommunicati

2130 2997 2384 3052 fuerunt.
2410 2999 2489 3054 De
2515 2998 2622 3054 hac
2644 2999 2866 3070 synodo
2887 2996 3194 3052 Bertoldus
3223 2996 3294 3052 ad
3325 2994 3483 3052 hunc
3515 3013 3738 3054 annum
3771 3017 3786 3054 :

2129 3088 2391 3142 Dominus
2426 3095 2608 3142 autem
2640 3103 2806 3159 papa,
2837 3086 3048 3158 inquit,
3071 3087 3293 3141 collecta
3322 3085 3546 3156 synodo,
3582 3089 3792 3142 iterum

2131 3177 2451 3230 sententiam
2497 3175 2862 3232 anathematis
2893 3176 2951 3230 in
2985 3174 3297 3230 Guibertum
3337 3174 3786 3244 lueresiarcham,

369 3245 584 3336 tasset,
637 3283 820 3340 quam
875 3243 990 3322 tam
1040 3243 1319 3335 sacrilege,
1365 3243 1624 3319 Guiberti
1682 3243 2022 3321 ordinationi
2051 3243 2094 3309 C
2132 3265 2421 3318 Henricum
2449 3272 2498 3319 et
2525 3279 2707 3319 omnes
2736 3280 2924 3320 eorum
2948 3265 3192 3334 [autores
3219 3263 3606 3334 promulgavit,
3639 3243 3790 3336 quod

372 3366 638 3432 tanquam
706 3355 1108 3428 superbissimx
1179 3356 1634 3427 praesumptioni,
1702 3355 2020 3410 immisceri.

375 3447 600 3506 Bonam
627 3445 983 3502 voluntatem
1027 3444 1234 3500 etl‘ectu
1285 3443 1760 3516 comprobarunt,
1793 3442 1842 3498 si
1891 3443 2020 3514 qui-

373 3538 511 3596 dem
539 3537 757 3592 domino
802 3533 1090 3606 apostolico
1119 3531 1392 3604 Gregorio
1423 3532 1714 3603 conjuncti
1754 3533 2018 3588 eamdem

366 3624 795 3682 ordinationem
827 3621 1091 3694 synodali
1119 3620 1347 3692 judicio
1371 3619 1645 3676 canonice
1675 3621 2020 3676 condemna~

365 3718 524 3770 "In"
650 3799 774 3854 xu.
809 3799 881 3853 De
904 3813 1040 3868 pace
1069 3797 1284 3867 ιισίευνί
1319 3795 1426 3851 θάο
1451 3795 1739 3850 "Mam"

394 3940 400 3944 .
430 3889 558 3958 (An.
584 3887 769 3957 1084.)
799 3886 1021 3941 Tantas
1053 3900 1186 3940 vero
1229 3887 1468 3955 tamque
1514 3900 1721 3956 graves
1754 3884 2015 3942 Ecclesiae

357 3977 724 4044 calamitates
754 3990 903 4048 aegre
935 3973 1315 4048 patiebantur
1340 3972 1446 4027 viri
1480 3973 1702 4045 passim
1733 3973 2010 4048 religiosi,

356 4084 388 4125 θ
419 4066 640 4140 quibus
670 4062 960 4130 nonnulli,
989 4061 1090 4134 qui
1136 4061 1327 4118 neutri
1358 4063 1506 4134 parti
1537 4064 1792 4136 suspecti
1826 4072 2008 4122 erant.

355 4155 430 4213 ad
459 4169 667 4229 pacem
697 4151 850 4209 inter
877 4149 1214 4222 pontiﬁcem
1255 4153 1312 4206 et
1352 4167 1545 4223 regem
1585 4152 2011 4211 conciliandam

356 4258 597 4318 operam
628 4238 1021 4299 contulerunt.
1054 4238 1184 4294 Haec
1213 4255 1282 4294 ex
1321 4239 1604 4296 Pandulfo
1635 4240 1921 4298 discimus
1949 4243 2008 4298 in

357 4331 548 4390 Gestis
567 4329 938 4404 pontificum,
953 4326 1053 4384 ubi
1076 4327 1228 4382 inter
1249 4325 1394 4385 alios
1413 4327 1460 4384 si
1468 4332 1718 4401 gnanter
1735 4330 2010 4404 exprimit

354 4422 660 4494 Hngonem
704 4417 966 4475 Gluniaci
1015 4416 1306 4478 abbatem,
1358 4417 1458 4488 qui
1511 4435 1646 4473 cum
1697 4419 1826 4475 aliis
1869 4420 2007 4476 viris

351 4509 554 4584 probis
583 4506 898 4564 Henricum
921 4505 1151 4560 monuit
1175 4523 1247 4561 ne
1267 4506 1640 4562 anathemata
1661 4525 1695 4562 a
1716 4512 1802 4562 tot
1821 4510 2007 4580 ponti-

2129 3360 2180 3408 ει
2209 3355 2265 3407 in
2285 3355 2417 3424 festo
2435 3355 2614 3408 sancti
2632 3354 2858 3408 Joannis
2878 3353 3135 3424 Baptista:
3150 3352 3437 3422 prwterito
3446 3351 3789 3424 jamdudum

2131 3442 2316 3498 Romae
2339 3445 2640 3514 [evincunt
2667 3443 2928 3497 Henricus
2950 3441 3127 3496 adhuc
3154 3441 3234 3496 ibi
3261 3445 3590 3496 moraretur.
3625 3443 3784 3500 Tum

2129 3531 2291 3588 addit
2319 3532 2471 3586 hanc
2511 3530 2858 3588 sententiam
2890 3547 2924 3585 a
2952 3529 3158 3602 legatis
3209 3529 3568 3602 apostolicis,
3612 3531 3786 3588 Petro

2125 3619 2386 3676 videlicet
2419 3620 2730 3675 Albanensi
2780 3619 3051 3690 episcopo
3097 3617 3160 3672 in
3213 3616 3472 3686 Francia,
3505 3625 3563 3674 et
3592 3619 3787 3678 Ottone

2129 3711 2364 3766 Ostiensi
2417 3712 2660 3780 episcopo
2728 3711 2786 3764 in
2851 3710 2998 3762 terra
3065 3707 3512 3764 Theutonicorum
3580 3710 3789 3782 ubique

2125 3799 2307 3855 fuisse
2349 3799 2706 3869 divulgatum.
2743 3797 2925 3868 Atque
2955 3795 3076 3852 haec
3107 3795 3298 3868 prima
3328 3801 3417 3852 est
3463 3796 3784 3870 legationis

2124 3887 2451 3960 apostolicae
2491 3886 2730 3952 ruentia,
2777 3902 2897 3957 qua
2945 3885 3066 3940 Odo
3116 3891 3312 3940 uoster
3358 3885 3417 3940 in
3466 3887 3786 3943 Germania

2123 3976 2358 4033 functus
2387 3980 2491 4032 est.

2121 4083 2262 4138 XIV.
2294 4083 2400 4138 Odo
2433 4083 2643 4151 legatus
2689 4083 2748 4135 in.
2795 4083 3112 4138 Germania.
3149 4081 3522 4137 (labe/tardum
3569 4083 3782 4152 episco-

2496 4171 2630 4224 pum
2659 4154 3124 4209 Constantiensem
3154 4154 3392 4209 ordinat.

2191 4241 2315 4296 Una
2344 4245 2540 4296 autem
2573 4259 2604 4298 c
2637 4241 2942 4314 praecipuis
2966 4242 3094 4312 ejus
3123 4241 3278 4297 curis
3310 4241 3368 4296 in
3391 4257 3459 4296 ca
3486 4238 3783 4312 legatione

2118 4330 2248 4396 fuit,
2278 4335 2342 4384 nt
2372 4331 2665 4386 antistites
2685 4329 2948 4386 ecclesiis
2970 4331 3188 4386 orbatis
3219 4329 3565 4402 provideret,
3591 4330 3778 4386 animi

2117 4419 2311 4490 vigore
2341 4423 2397 4474 et
2428 4404 2712 4490 probitate
2744 4417 2986 4497 morum.
3006 4421 3369 4491 praestantes,
3399 4417 3604 4490 quales
3637 4436 3781 4476 sane

2115 4508 2384 4580 exigebat
2415 4509 2751 4579 iniquorum
2791 4501 3386 4584 illorumfté'mporum
3431 4508 3777 4566 necessitas.

351 4597 565 4654 ﬁcibus
584 4595 746 4654 illata
766 4595 1227 4670 parvipenderet.
1251 4594 1452 4650 Paruit
1479 4595 1597 4662 ille,
1623 4600 1724 4652 aut
1753 4600 1924 4664 certe,
1941 4603 2006 4654 ut
2035 4611 2082 4676 ί)
2114 4597 2194 4652 Ex
2223 4597 2316 4654 his
2342 4597 2453 4652 fuit
2473 4596 2760 4653 Henricus
2781 4613 2976 4652 comes
2997 4597 3067 4652 de
3086 4589 3424 4668 'Aslo,quem
3456 4596 3782 4655 Hcrmanni

349 4685 545 4744 innuit
579 4685 676 4743 ille
705 4691 929 4756 auctor,
955 4699 1155 4757 parere
1200 4683 1528 4756 simulavit;
1563 4690 1740 4756 atque
1781 4687 1998 4756 OdOne,

349 4775 692 4850 ceterisque
713 4774 958 4849 captivis
978 4774 1252 4831 libertate
1273 4773 1550 4828 redeundi
1573 4774 1641 4828 ad
1665 4775 1898 4847 propria
1919 4777 2018 4832 do-

348 4865 524 4933 natis,
549 4881 684 4921 cum
715 4863 990 4936 Gregorio
1024 4880 1086 4920 se
1116 4877 1321 4934 pacem
1355 4861 1636 4916 initurum
1675 4866 2011 4934 spopondit,

349 4953 402 5010 si
432 4952 530 5008 ille
553 4951 666 5009 sibi
694 4951 868 5008 vellet
899 4950 1202 5021 imperiale
1248 4949 1521 5006 diadema
1548 4950 1869 5024 imponere.
1902 4957 2012 5010 Sed

351 5057 487 5100 cum
501 5040 818 5113 Gregorius
838 5039 894 5094 id
916 5056 978 5095 se
1001 5040 1293 5096 facturum
1317 5044 1550 5112 negaret
1577 5040 1690 5094 nisi
1712 5042 1821 5096 sub
1840 5043 2014 5099 certis

352 5127 811 5193 conditionibus,
832 5144 980 5199 quas
1009 5127 1294 5184 Henricus
1324 5128 1651 5196 recusabat,
1678 5145 1769 5183 res
1801 5129 2014 5187 infecta

351 5217 668 5284 remansit;
693 5219 750 5272 et
769 5213 888 5282 ille,
913 5215 972 5269 in
997 5213 1314 5272 schismate
1345 5216 1712 5283 obﬁrmatus,
1737 5233 2010 5274 coronam

352 5325 389 5365 a
417 5322 524 5363 suo
555 5303 834 5362 Guiberto
881 5301 1222 5360 solemniter
1268 5304 1520 5376 recepit;
1556 5321 1670 5375 quo
1723 5306 1871 5358 facto
1925 5308 2011 5363 tas

351 5395 629 5468 deinceps
659 5410 777 5450 non
801 5392 912 5448 fuit
933 5395 1096 5448 atrox
1119 5391 1266 5448 illud
1291 5392 1639 5449 scandalum
1663 5393 1736 5446 ab
1755 5391 2013 5451 Ecclesia

351 5500 665 5543 removere.
690 5481 860 5538 Libet
887 5481 1153 5538 Pandulti
1183 5481 1377 5538 locum
1402 5483 1698 5554 integrum
1722 5480 2008 5552 proferre;

349 5577 415 5634 In
461 5573 641 5641 tertio,
692 5571 905 5644 inquit,
939 5586 1148 5644 quoque
1198 5587 1344 5628 anno
1401 5587 1502 5626 rex
1549 5569 1620 5624 ad
1661 5567 2011 5626 obsidendam

351 5664 578 5722 Romam
606 5675 848 5718 reversus
875 5669 981 5726 est;
1009 5660 1102 5716 sed
1132 5660 1263 5730 quia
1309 5675 1365 5716 se
1411 5661 1595 5730 ipsum
1631 5664 2007 5716 excommuni-

353 5756 537 5810 catum
583 5767 618 5807 η
676 5750 1023 5806 Cluniacensi
1078 5748 1286 5813 abbate,
1337 5757 1498 5817 atque
1552 5745 1686 5801 aliis
1741 5745 2012 5815 religiosis

2113 4687 2264 4760 regis
2318 4691 2376 4742 et
2423 4685 2555 4740 cleri
2603 4702 2668 4742 ac
2705 4685 2903 4758 populi
2947 4685 3440 4742 Paderbornensis
3480 4702 3780 4744 consensu

2123 4793 2189 4833 ac
2221 4776 2438 4832 Odonis
2469 4775 2641 4849 legati
2687 4773 2988 4846 apostolici
3018 4775 3363 4844 auctoritate
3395 4775 3780 4832 Paderborna:

2123 4867 2463 4938 episcOpum
2512 4863 2849 4919 institutum
2899 4864 3082 4920 fuisse
3130 4870 3417 4920 memorat
3445 4863 3781 4924 Schatenus

2121 4953 2180 5008 in
2213 4955 2477 5026 ejusdem
2511 4952 2776 5008 Ecclesiae
2801 4952 3146 5010 Annalibus.
3171 4955 3292 5010 Huc
3311 4955 3489 5010 etiam
3517 4957 3779 5010 revocari

2121 5043 2293 5098 debet
2325 5041 2654 5097 Reinwardi
2683 5041 2743 5096 in
2775 5042 3138 5098 Mindensem
3174 5043 3514 5116 episcopum
3545 5042 3778 5116 electio,

2121 5131 2169 5187 si
2201 5147 2400 5184 verum
2435 5129 2528 5192 sit,
2555 5138 2618 5184 ut
2647 5129 2800 5184 idem
2832 5135 3035 5186 auctor
3064 5130 3260 5197 habet,
3279 5147 3407 5186 cum
3435 5132 3781 5190 acclamante

2119 5221 2261 5275 clero
2289 5229 2339 5274 ct
2377 5220 2578 5290 populo
2635 5220 2701 5273 ab
2751 5220 2942 5275 Ottone
2997 5219 3228 5276 Ostiensi
3283 5222 3548 5292 episcopo,
3597 5221 3778 5290 legato

2120 5311 2410 5382 apostolico
2443 5310 2692 5377 Gregorii
2729 5309 3007 5380 pontiﬁcis
3048 5325 3150 5380 per
3197 5310 3494 5365 Saxoniam
3525 5309 3586 5366 in
3618 5311 3778 5385 Egil-

2121 5399 2270 5455 berti
2303 5398 2591 5454 demortui
2613 5396 2802 5452 locum
2829 5397 3214 5468 subrogatum
3239 5397 3439 5454 fuisse.
3466 5398 3578 5454 Sed
3602 5417 3779 5457 nemo

2121 5505 2189 5546 ex
2220 5489 2310 5544 his
2341 5485 2623 5544 celebrior
2653 5486 2762 5540 fuit
2781 5485 3122 5541 Gebchardo
3154 5487 3273 5542 filio
3297 5486 3552 5543 Bartoldi
3583 5488 3779 5556 ducis,

2121 5593 2294 5650 quem
2327 5575 2555 5648 legatus
2585 5589 2816 5629 morum
2848 5574 3156 5630 sanctitate
3188 5580 3245 5631 et
3273 5575 3561 5631 natalium
3587 5576 3785 5648 splen-

2121 5668 2260 5723 dore
2279 5664 2585 5730 illustrem,
2610 5679 2678 5718 cx
2701 5662 2986 5717 monacho
3001 5661 3403 5736 llirsaugiensi
3429 5662 3779 5737 episcopum

2121 5752 2626 5810 Constantiensem
2657 5749 2908 5820 creavit;
2945 5753 3146 5822 postea
3167 5752 3431 5809 futurum
3453 5750 3612 5810 sedis
3642 5769 3782 5827 apo-
