3958 6224
184 326 248 391 ιε
1758 310 1832 375 Vl

1954 352 1967 373 .
3489 312 3567 376 26

188 458 372 519 δίοιίοω
424 454 714 530 legatum,
780 458 837 511 et
866 448 1340 511 strenuissimum
1389 446 1449 507 in
1498 446 1809 507 Germania
1836 446 1890 516 Α
1918 446 2239 514 tuerentur,
2273 444 2559 522 synodum
2584 444 2951 508 indicendum
2977 453 3329 523 statuerunt,
3354 472 3484 530 quae
3506 455 3565 513 in

187 549 421 607 Ecclesia
451 546 761 603 catholicae
792 545 1177 601 defensorem.
1214 543 1376 598 Hunc
1419 542 1671 606 invitum,
1704 540 1811 594 imo

188 640 385 695 multum
412 638 805 691 reclamante":
868 651 930 689 ac
958 635 1272 706 cjulantem,
1313 633 1528 686 clericis
1558 632 1607 684 et
1657 630 1811 683 lairis

184 728 451 801 petentibus
478 735 528 781 et
560 725 945 792 laudantibus,
980 724 1050 779 ab
1069 723 1267 779 Odone
1296 721 1404 776 hoc
1438 736 1589 775 anno
1622 736 1675 772 xx
1703 722 1811 771 Ka-

186 818 360 873 lendas
383 815 651 871 Januarii
710 816 1122 868 consecratum
1155 811 1338 865 fuisse
1387 810 1655 864 observat
1687 808 1817 862 Ber-

187 907 371 961 toldus.
399 905 538 960 Cum
569 902 783 975 pridie,
836 903 892 957 id
923 906 1019 965 est,
1054 904 1187 969 festo
1217 902 1397 954 sancti
1426 900 1639 953 leom'e
1687 913 1814 967 pre-

189 997 370 1068 sbyter,
394 1010 524 1048 cum
547 993 810 1064 ipsomet
834 989 1147 1047 Bertholdo
1169 987 1435 1044 Chronici
1461 987 1741 1058 scriptore
1763 990 1819 1039 et

190 1085 298 1141 aliis
314 1082 553 1145 clericis,
570 1081 789 1136 fuisset
811 1081 1131 1135 ordinatus.
1149 1078 1554 1134 Gebehardum
1570 1094 1601 1131 a
1620 1080 1818 1130 nostro

192 1175 350 1229 Ottone
394 1172 577 1227 fuisse
630 1173 1042 1226 consecratum
1088 1171 1333 1223 testatur
1382 1166 1553 1221 etiam
1604 1164 1819 1219 Paulus

191 1261 599 1319 Berurediensis
633 1259 696 1315 in
730 1260 867 1313 Vita
898 1257 1156 1329 Gregorii
1187 1257 1323 1315 VII:
1358 1273 1463 1311 nec
1494 1255 1820 1310 audiendus

192 1359 363 1407 contra
390 1354 589 1405 tantos
632 1354 822 1405 testes
852 1347 1170 1401 Bruschius
1221 1363 1421 1401 recens
1471 1349 1690 1409 auctor,
1722 1343 1819 1415 qui

191 1442 234 1496 id
263 1458 292 1496 a
318 1440 479 1495 Petro
509 1436 841 1493 Albanensi
877 1437 1092 1491 factum
1126 1436 1305 1492 fuisse
1338 1434 1556 1489 scribit.
1594 1433 1659 1487 Et
1690 1432 1821 1504 qui—

192 1531 302 1586 dem
332 1543 665 1600 anonymus
719 1526 1000 1598 apologis:
1032 1524 1261 1580 lienrici
1297 1524 1367 1578 Ν
1399 1528 1601 1577 auctor
1629 1520 1823 1577 Ottoni

192 1619 278 1692 (sic
305 1618 515 1691 quippe
546 1616 819 1671 Odonem
856 1619 1120 1669 nostrum
1154 1612 1443 1685 appellare
1467 1616 1665 1666 amant
1688 1611 1825 1664 seri-

192 1713 360 1781 ptores
407 1706 718 1773 Germani)
752 1703 890 1759 vitio
946 1703 1119 1757 vertit
1173 1703 1325 1757 hanc
1375 1701 1822 1764 ordinationem,

192 1797 335 1871 quasi
365 1796 470 1851 hoc
503 1795 660 1850 facto
692 1810 950 1850 canones
980 1791 1270 1857 violasset,
1324 1790 1421 1863 qui
1456 1791 1533 1853 id,
1568 1789 1673 1844 etsi
1712 1806 1821 1842 non

194 1892 324 1942 esset
349 1884 667 1958 provincia:
707 1880 1215 1953 metropolitanus,
1246 1882 1471 1951 absque
1502 1877 1827 1950 Moguntini

197 1973 587 2046 archiepiscopi
644 1969 927 2028 facultate
980 1971 1169 2025 facere
1200 1986 1379 2024 ausus
1434 1968 1661 2023 fuisset.
1695 1968 1831 2021 Erat

195 2077 327 2129 vero,
356 2064 433 2117 uti
465 2078 683 2118 omnes
718 2059 1115 2126 consentiunt,
1149 2057 1526 2113 Gcbchardus
1575 2056 1663 2110 vir
1693 2074 1830 2110 san-

205 2156 332 2215 ctus,
359 2157 409 2206 et
437 2148 770 2223 episcopali
803 2148 1085 2219 dignitate
1111 2147 1265 2202 haud
1301 2146 1597 2219 indignus,
1623 2144 1745 2217 qui,
1769 2149 1833 2198 ut

202 2242 349 2297 refert
375 2239 750 2297 Trithemius
784 2239 840 2292 in
873 2237 1154 2293 Chronico
1174 2234 1597 2308 Hirsaugiensi,
1622 2235 1834 2303 regula-

201 2332 403 2384 risvila:
433 2330 732 2384 fervorem
780 2343 954 2397 quem
1009 2326 1067 2380 in
1118 2325 1470 2379 monasterio
1521 2326 1836 2377 innocenter

200 2420 358 2474 rivens
384 2434 605 2473 seniore
636 2420 993 2472 consueverat
1041 2414 1348 2487 episcopus
1397 2414 1583 2469 factus
1615 2410 1836 2467 minine

202 2507 813 2562 intermisitﬂzeterum
841 2506 1098 2560 Odonem
1122 2503 1467 2559 Constantia!
1492 2501 1834 2574 aliquandiu

199 2603 601 2652 commoratum
636 2595 847 2656 fuisse.
882 2592 1195 2667 multaque)
1230 2592 1306 2646 ibi
1340 2593 1408 2647 ad
1445 2591 1710 2646 Erclesim
1744 2591 1838 2645 bo-

201 2703 320 2740 num
350 2686 662 2741 ordinasse
696 2700 765 2739 ex
812 2684 1136 2739 cauonibus
1169 2681 1396 2737 concilii
1429 2679 1835 2747 Quinde'ibur-

199 2774 371 2846 gensis
403 2790 556 2829 anno
584 2773 858 2845 proximo
890 2772 1071 2827 habiti
1094 2770 1405 2844 colligitur.

395 2863 519 2918 XV;
550 2862 670 2919 Odo
701 2861 968 2931 colloquio
1002 2862 1058 2915 in
1092 2860 1330 2915 Saxonia
1363 2862 1603 2915 interest.

256 2952 419 3007 initio
449 2951 636 3008 annio
669 2951 971 3022 sequentis
1006 2950 1208 3021 (1085),
1243 2950 1363 3005 Odo
1413 2950 1834 3013 Hermannum,

200 3058 353 3112 quem
382 3045 647 3097 Saxones
682 3040 962 3095 adversus
992 3039 1305 3094 Henricum
1357 3037 1479 3091 loco
1513 3036 1743 3091 Rudolti
1778 3036 1836 3090 in

200 3146 372 3201 regem
402 3130 731 3204 elegerant,
766 3129 1068 3194 convenit;
1093 3133 1149 3183 et
1179 3127 1465 3198 colloquio
1500 3127 1652 3198 quod
1688 3126 1838 3179 inter

1924 536 2047 609 ipsa
2080 537 2377 593 Paschalis
2403 538 2770 596 hebdomade
2810 544 2963 614 apud
3016 544 3562 620 Quindeliburgum,

1921 626 2364 693 seu,utillorum
2380 636 2706 702 temporum
2720 636 2985 701 auctores
3000 634 3266 689 Germani
3285 636 3564 704 scribunt,

1922 715 2497 789 Quintilineburgum
2530 720 2785 774 Saxonioe
2818 712 3134 794 superioris
3186 727 3387 780 urbem
3422 727 3566 782 cele-

1923 805 2089 859 brata
2117 810 2222 871 est,
2259 823 2390 861 cum
2426 808 2641 864 ibidem
2665 809 2784 865 Odo
2812 811 3061 881 legatus,
3086 814 3452 869 Hermannus
3476 834 3569 872 rex

1924 897 1981 948 et
2033 893 2127 947 alii
2162 911 2427 965 proceres
2477 899 2837 970 peregissent
2884 903 3032 957 festa
3080 904 3393 975 paschalia.
3446 909 3569 961 Huc

1926 999 2243 1038 convenere
2275 1002 2405 1040 cum
2428 986 2617 1056 legato
2640 990 2754 1045 duo
2804 991 3246 1064 archiepiscopi,
3288 993 3573 1049 Gebehar-

1927 1072 2040 1126 dus
2067 1072 2530 1145 Salisbiu-gensis
2563 1081 2616 1131 et
2656 1078 2991 1152 Ilartwigus
3027 1082 3569 1157 Magdeburgensis,

1929 1159 2143 1232 aliique
2179 1164 2509 1233 complures
2557 1166 2834 1240 episcopi,
2868 1170 2967 1240 qui
3023 1171 3204 1226 multa
3235 1177 3291 1227 et
3334 1173 3571 1245 quidem

1929 1252 2224 1321 praeclara,
2258 1255 2311 1307 in
2348 1255 2451 1309 hac
2484 1258 2702 1327 synodo
2736 1263 3081 1326 statuerunt,
3109 1278 3231 1332 qua?
3256 1278 3286 1315 a
3308 1262 3574 1319 Bertoldo

1930 1342 2001 1397 ad
2035 1342 2187 1397 hunc
2215 1360 2435 1398 annum
2470 1344 2817 1399 referuntur.

2004 1437 2066 1486 lu
2100 1433 2299 1486 eadem
2328 1433 2549 1504 synodo
2582 1435 2967 1490 condemnata
2996 1441 3084 1492 est
3115 1437 3456 1505 \Veziliana,
3490 1439 3573 1494 uti

1933 1537 2059 1577 eam
2087 1523 2387 1585 vocabant,
2408 1522 2663 1589 haeresis,
2688 1524 2758 1579 de
2781 1541 2893 1595 qua
2920 1525 3188 1596 superius
3212 1526 3497 1596 diximus;
3521 1534 3579 1584 et

1936 1611 2195 1683 synodali
2224 1611 2466 1681 judicio,
2504 1618 2567 1667 ut
2589 1613 2764 1668 habet
2790 1614 3113 1679 Bertoldus,
3139 1615 3374 1671 laudata
3402 1621 3579 1690 atque

1935 1702 2277 1756 conﬁrmata
2312 1700 2417 1755 fuit
2440 1702 2725 1757 ordinatio
2745 1704 2939 1759 domui
2958 1704 3279 1760 Gcbehardi
3298 1706 3580 1762 Constan-

1937 1790 2144 1845 tiensis
2175 1791 2455 1863 episc0pi,
2490 1809 2666 1861 quam
2701 1792 2821 1847 Odo
2852 1811 3006 1849 anno
3056 1795 3403 1866 praecedenti
3434 1794 3581 1851 cele-

1938 1882 2166 1947 braret;
2193 1882 2321 1947 imo,
2357 1879 2441 1934 uti
2475 1880 2569 1935 ille
2601 1885 2803 1935 auctor
2832 1883 3225 1954 prosequitur,
3249 1882 3342 1939 hic
3370 1884 3580 1941 conﬁr-

1939 1973 2100 2024 mata
2127 1969 2285 2023 fuere
2314 1986 2381 2024 ea
2407 1973 2591 2024 omnia
2625 1987 2749 2042 qum
2770 1976 3034 2042 pra/atus
3081 1974 3222 2027 sedis
3273 1975 3583 2045 apostolica;

1940 2060 2162 2129 legatus,
2225 2075 2347 2112 cum
2404 2063 2534 2113 esse!
2596 2060 2949 2128 Constanter,
3008 2062 3372 2117 ordinaverat.
3433 2064 3584 2118 Tum

1942 2147 2255 2202 anathema
2286 2148 2505 2202 dictum
2559 2153 2647 2203 est
2695 2149 2749 2203 in
2803 2150 3106 2223 episcopos
3157 2151 3582 2217 schismaticos,

1943 2253 2261 2307 eorumque
2286 2242 2459 2307 caput
2480 2237 2812 2293 Wibertum
2837 2240 2993 2295 sedis
3014 2240 3342 2311 apostolicae
3365 2240 3589 2296 invaso-

1944 2342 2088 2383 rem.
2122 2326 2368 2396 ejusque
2400 2327 2968 2396 pseudocardinales.
3014 2329 3314 2401 lIugonem
3351 2330 3585 2396 Album,

1943 2414 2225 2469 Joannem
2257 2415 2652 2481 Portuensem,
2689 2416 2919 2471 Petrum
2953 2416 3385 2483 cancellarium,
3435 2423 3541 2474 etc.
3571 2436 3585 2486 ;

1945 2520 2121 2574 quam
2157 2502 2525 2571 sententiam,
2578 2520 2649 2559 ne
2698 2503 2894 2575 aliqua
2938 2505 3281 2562 solemnitas
3336 2507 3584 2573 deesset,

1947 2592 2143 2647 Patres
2177 2609 2377 2647 omnes
2406 2608 2678 2648 accensas
2706 2594 2976 2649 candelas
3003 2595 3273 2649 manibus
3295 2600 3589 2667 gestantes

1946 2680 2177 2753 publice
2207 2681 2671 2751 promulgarunt.
2708 2683 2916 2737 Mirum
2953 2683 3117 2738 estin
3150 2684 3329 2755 hujus
3361 2685 3589 2740 concilii

1948 2769 2500 2842 subscriptionibus,
2537 2789 2662 2844 qua:
2697 2773 3028 2827 referuntur
3058 2772 3113 2827 in
3156 2773 3486 2846 Appendice
3519 2774 3587 2830 ad

1946 2865 2171 2914 tomum
2228 2864 2273 2913 Χ
2307 2860 2685 2916 conciliorum
2733 2863 2969 2925 Labbei,
3019 2863 3277 2919 Odonem
3328 2864 3440 2918 sub
3470 2862 3591 2919 solo

1946 2950 2197 3003 monachi
2227 2947 2600 3005 Cluniacensis
2628 2960 2678 3006 ct
2728 2952 2894 3018 legati
2926 2952 3172 3021 Gregorii
3217 2970 3376 3024 papa?
3421 2951 3591 3007 titulo

1946 3039 2252 3105 recenseri,
2307 3038 2468 3094 nulla
2500 3040 2849 3111 pontificalis
2896 3043 3026 3111 ejus
3084 3042 3386 3112 dignitatis
3442 3041 3593 3096 facta

1949 3126 2280 3181 mentione:
2331 3126 2465 3183 licet
2495 3134 2715 3182 certum
2769 3128 2843 3184 sit
2876 3147 3008 3186 eum
3068 3134 3205 3193 tunc
3252 3131 3591 3201 episcopum

198 3220 337 3291 ipsos
351 3226 614 3276 Saxones
631 3222 691 3274 et
706 3216 1084 3273 Henricianos
1104 3215 1373 3271 habitum
1396 3220 1484 3270 est
1505 3216 1596 3270 die
1619 3215 1687 3270 15
1708 3218 1837 3286 post
1866 3188 1910 3255 δ
1948 3216 2272 3271 Ostiensem
2299 3215 2496 3272 fuisse.
2523 3217 2786 3289 Episcopi
2808 3236 2939 3274 vero
2962 3188 3594 3276 sanctionislllenricia-

199 3308 389 3365 festum
422 3307 773 3383 Epiphaniae
804 3307 1087 3361 interluit.
1123 3307 1234 3361 Sed
1260 3306 1400 3360 nihil
1436 3305 1513 3361 ibi
1537 3306 1835 3360 decretum

200 3402 294 3466 est,
324 3404 635 3473 propterea
659 3396 815 3469 quod
841 3401 1087 3467 utraque
1119 3412 1273 3467 pars,
1309 3400 1438 3467 post
1460 3394 1677 3450 multas
1711 3411 1839 3448 con-

202 3487 549 3556 certationes,
585 3486 703 3543 sibi
733 3485 904 3556 quasi
937 3485 1007 3539 de
1028 3484 1271 3539 victoria
1292 3482 1654 3555 applaudens
1677 3501 1709 3538 a
1730 3481 1840 3537 col-

199 3574 375 3648 loquio
401 3574 772 3632 discesserit.
804 3574 932 3628 Non
963 3574 1231 3629 convenit
1260 3572 1413 3627 inter
1431 3576 1699 3627 auctores
1722 3588 1837 3643 quo

197 3664 249 3719 in
292 3664 410 3720 loco
440 3663 690 3720 habitus
742 3660 915 3717 fuerit
940 3660 1036 3716 ille
1067 3666 1405 3725 conventus,
1452 3677 1625 3733 quem
1659 3660 1839 3715 abbas

200 3750 1054 3829 UrspergensisetTrithemius
1068 3750 1125 3805 in
1140 3750 1420 3805 Chronico
1434 3750 1837 3820 Hirsaugiensi

200 3845 335 3915 apud
368 3844 659 3899 Berbares
690 3840 973 3913 oppidum
992 3838 1345 3912 Thuringioe,
1373 3839 1468 3893 alii
1502 3840 1838 3909 Gestruugae

200 3937 287 3986 aut
310 3930 590 3988 Goslariae
621 3931 684 3985 in
715 3930 920 3985 eadem
952 3929 1247 4000 provincia
1277 3927 1630 3982 celebratum
1662 3926 1841 3982 fuisse

198 4019 401 4076 volunt.
426 4020 517 4076 Ibi
551 4016 935 4076 Gebchardus
967 4016 1433 4089 Saiisburgcnsis
1465 4015 1845 4088 archiepisco-

200 4126 301 4181 pus
321 4108 753 4165 catholicarum
773 4112 968 4178 partes
993 4105 1215 4177 prolixa
1236 4105 1495 4160 oratione
1518 4105 1703 4160 tuitus
1725 4108 1840 4171 est;

200 4200 279 4253 cui
310 4195 686 4254 cumWerilo
708 4196 1186 4266 archiepiscopus
1214 4194 1590 4273 Moguntin‘us
1610 4192 1668 4246 in
1693 4193 1845 4247 lien-

201 4288 293 4342 rici
325 4289 582 4344 favorem
635 4284 1056 4357 respondisset,
1106 4301 1196 4339 res
1228 4298 1293 4337 eo
1341 4280 1570 4337 devenit
1617 4285 1681 4335 ut
1728 4298 1843 4337 non

202 4377 361 4431 modo
390 4375 609 4440 verbis,
644 4374 746 4429 sed
779 4372 957 4429 etiam
988 4373 1168 4427 armis
1199 4369 1409 4426 acriter
1432 4369 1602 4425 fuerit
1624 4386 1843 4440 pugna-

202 4467 557 4522 tum.Eodem
571 4467 835 4535 tempore
847 4462 969 4516 Odo
983 4458 1575 4532 apostolicuslegatus
1590 4457 1846 4513 Udonem

1948 3322 2051 3369 nae,
2088 3305 2183 3375 qui
2221 3306 2386 3359 tertia
2414 3305 2782 3360 hebdomade
2832 3312 2964 3378 post
3014 3308 3238 3362 {initam
3272 3308 3423 3362 hanc
3455 3325 3593 3380 syn-

1948 3392 2016 3446 od
2029 3393 3595 3464 umMoguntiamconvcnerant,pariterexcommunica—

1948 3486 2085 3536 runt
2106 3480 2359 3551 Gregorii
2382 3481 3261 3554 defensorem.atqueepiscopos
3278 3483 3594 3540 catholicos

1948 3587 2015 3625 ex
2048 3587 2165 3624 suae
2184 3569 2488 3641 potestatis
2505 3570 2835 3627 civitatibus
2859 3572 3513 3644 oxpulcrunt,sublectis
3535 3574 3593 3628 in

1947 3676 2147 3714 eorum
2171 3658 2363 3713 locum
2387 3659 2535 3725 aliis,
2562 3661 2659 3732 qui
2686 3660 2826 3732 ipsis
2849 3660 3229 3717 adluererent.
3258 3662 3446 3734 llujus
3466 3681 3597 3719 con-
3676 3701 3684 3708 ~

1949 3748 2201 3802 ciliabnli
2228 3748 2629 3819 episcoporum
2656 3750 2893 3804 nomina
2914 3755 3208 3823 praetereo,
3234 3768 3360 3823 qu:e
3381 3752 3596 3808 videsis

1951 3838 2007 3892 in
2040 3838 2241 3893 eadem
2274 3836 2650 3893 conciliorum
2685 3839 2895 3895 Labbei
2918 3840 3282 3911 Appendice:
3311 3845 3367 3896 at
3396 3841 3598 3897 Catho-

1951 3926 2045 3981 lici
2078 3927 2521 3998 quatuordecim
2544 3927 2767 3982 concilii
2801 3928 3401 4001 Quindcliburgcnsis,
3449 3947 3596 4002 quos

1953 4015 2036 4070 illi
2096 4017 2700 4081 exrommunicarunt,
2736 4017 2775 4070 ii
2816 4021 2980 4073 erant
3012 4035 3024 4073 :
3081 4018 3419 4074 Ge'zchanlus
3452 4019 3595 4075 Sali-

1951 4105 2279 4175 sburgensis,
2316 4105 2628 4160 llardwicns
2658 4106 3172 4185 itlagdrnburgensi,
3212 4126 3313 4163 seu
3367 4109 3597 4180 Magde-

1954 4193 2146 4266 burgi,
2210 4193 2472 4247 Adnlhero
2528 4195 2998 4265 li’irltburgensis,
3051 4196 3377 4251 Altmannus
3400 4197 3600 4251 Boiha-

1954 4284 2151 4346 vcnsis,
2190 4300 2287 4337 seu
2322 4282 2557 4349 Patavii,
2590 4285 2919 4349 Bernartius,
2953 4302 3025 4339 an
3056 4284 3464 4352 \Yernharius,
3499 4302 3601 4340 seu

1957 4371 2333 4437 Guernerius,
2396 4372 2838 4443 Mcrsburgensis,
2901 4373 3208 4428 Guntherus
3288 4375 3602 4442 Citirensts,

1956 4463 2141 4516 Benno
2203 4461 2509 4527 .ilzrsiunus,
2573 4479 2674 4518 seu
2729 4463 2922 4533 potius
2974 4462 3306 4528 Misueusis,
3359 4463 3606 4519 Albertus

201 4552 763 4612 Hildesheimensem
777 4548 1260 4624 cpiscopum,qui
1286 4546 1503 4603 relictis
1524 4547 1849 4602 Saxonibus
1886 4562 1926 4626 ο
1964 4552 2293 4617 Vangionas,
2326 4549 2383 4603 id
2418 4554 2505 4605 est
2537 4551 2891 4615 Wormatiaa,
2926 4552 3244 4606 Biar/raritas
3296 4552 3605 4607 llalbersta-

203 4642 267 4696 ad
280 4643 795 4699 schismaticorum
812 4642 1006 4712 partes
1021 4634 1540 4702 transierat,sacris
1555 4636 1851 4690 interdixit

203 4729 343 4786 Nihil
373 4748 510 4788 vero
543 4731 692 4788 adeo
739 4728 1158 4786 catholicorum
1194 4726 1423 4781 animos
1471 4725 1755 4796 permovit
1786 4740 1849 4780 ac

208 4836 341 4875 nova
368 4820 697 4876 Wicelonis
728 4816 1149 4889 archiepiscopi
1174 4815 1437 4881 assertio,
1468 4813 1566 4886 qui
1599 4813 1656 4867 in
1681 4813 1850 4883 pleno

207 4914 479 4965 conventu
507 4908 737 4965 veritus
785 4922 902 4962 non
953 4910 1044 4961 est
1093 4904 1387 4959 afﬁrmare
1436 4918 1851 4976 quemcunque

208 4995 490 5055 hominem
511 4997 724 5054 tandiu
741 4993 1197 5066 divinislegibus
1211 4993 1512 5064 subjacere
1532 5008 1642 5045 non
1660 5008 1850 5063 posse,

212 5088 459 5156 quandiu
472 5086 570 5142 ille
583 5083 763 5141 fuerit
776 5084 954 5139 rebus
968 5084 1092 5138 suis
1104 5081 1598 5154 spoliatus.Quam
1615 5079 1850 5151 quidem

210 5176 545 5231 sententiam
558 5173 855 5238 haeresim,
871 5173 1184 5244 ipsumque
1197 5171 1339 5225 adeo
1362 5167 1719 5223 Wicelonem
1744 5168 1856 5223 haz-

210 5266 535 5321 resiarcham
564 5263 850 5345 deinceps
880 5258 1157 5316 Catholici
1198 5258 1489 5331 appellare
1541 5274 1653 5312 non
1688 5256 1855 5311 dubi-

212 5356 417 5409 tarunt.
1002 5391 1014 5399 -

355 5440 491 5497 XVI.
528 5443 801 5498 Convocat
829 5440 1125 5494 concilium
1152 5434 1702 5507 Quindeliburgensc.

276 5529 527 5586 Turbata
545 5530 642 5586 his
666 5529 809 5584 rixis
831 5529 1159 5593 Germania,
1196 5525 1233 5580 ii
1259 5525 1358 5597 qui
1380 5523 1654 5595 Gregorio
1673 5522 1860 5578 adhic-

215 5617 425 5687 rebant,
453 5624 595 5677 utse
617 5634 879 5689 suosque
895 5622 1097 5674 contra
1117 5614 1586 5673 adversariorum
1610 5616 1854 5668 conatus

1960 4640 2147 4706 tomis,
2208 4639 2550 4693 Ilermunnus
2580 4639 3029 4708 iiletiz'omatricus,
3092 4638 3423 4709 Reginardus
3469 4640 3607 4693 Min-

1959 4728 2159 4791 dcnsz’s,
2199 4727 2468 4797 ii’igoldus
2526 4730 2893 4798 Augustanus,
2938 4728 3279 4783 Gebehardus
3339 4727 3609 4783 Constan-

1960 4817 2175 4884 tz'cnsis,
2200 4822 2249 4870 et
2281 4817 2546 4871 Henricus
2578 4818 3009 4887 Bambergrnsis.
3164 4799 3169 4805 ’

2343 4904 2507 4959 XVII.
2543 4905 2832 4975 Gregorius
2864 4907 2951 4961 VII
2981 4906 3233 4960 moritur.

2036 4989 2259 5046 Interea
2288 4992 2624 5065 Gregorius,
2658 4994 2778 5066 qui,
2813 4993 3012 5050 relicta
3044 4994 3213 5061 Urbe,
3266 4992 3523 5066 primum
3551 4995 3609 5048 in

1965 5081 2387 5136 monasterium
2415 5082 2729 5138 Casinense
2751 5088 3088 5147 secesserat,
3115 5082 3339 5138 Salerni
3362 5083 3614 5139 moritur

1967 5167 2058 5221 die
2090 5183 2187 5222 V111
2220 5169 2505 5225 Kalendas
2536 5171 2694 5227 Junii
2729 5172 2931 5243 (1085),
2954 5172 3051 5226 ubi
3076 5173 3133 5226 in
3156 5170 3397 5227 ecclesia
3413 5169 3611 5226 Sancti

1968 5256 2221 5311 Matthrri
2256 5260 2327 5312 ab
2367 5277 2433 5314 eo
2485 5266 2821 5317 consecrata
2854 5261 3170 5316 honorifice
3203 5254 3608 5331 sepultus'est.

1967 5346 2111 5400 Cum
2135 5362 2269 5402 vero
2301 5349 2599 5419 proximus
2632 5354 2785 5405 esset
2817 5350 3009 5413 morti,
3044 5348 3435 5418 interrogatus
3467 5348 3611 5416 quid

1967 5431 2210 5489 sentiret
2240 5436 2311 5490 de
2342 5438 2536 5492 futuro
2568 5438 2679 5492 sibi
2712 5454 3066 5502 successore,
3119 5431 3429 5491 nonnullos
3454 5434 3525 5486 ad
3552 5433 3610 5489 id

1967 5539 2184 5577 munus
2216 5530 2382 5597 aptos
2433 5526 2771 5598 designasse
2813 5527 3012 5591 fertur,
3059 5525 3359 5595 Hugonem
3392 5518 3614 5576 scilicet

1970 5611 2241 5680 Lugduni
2274 5614 2800 5685 archiepiscopum,
2862 5611 3205 5665 Anselmum
3265 5609 3608 5672 Lucensem,
