3958 6224
352 354 436 422 27
1656 355 1730 418 D.
1775 352 2072 420 URBANI
2112 350 2174 416 II
2211 349 2466 416 PAPJE.

3684 348 3778 416 28'

352 491 610 553 Odonem
645 489 994 562 Ostiensem,
1028 491 1132 548 aut
1159 491 1313 549 certe
1343 489 1708 551 Desiderium
1726 490 1997 551 abbatem
2026 487 2084 557 Α
2109 491 2316 562 fuisse,
2350 496 2416 550 ut
2443 491 2502 550 in
2533 493 2832 566 posterum
2857 487 2986 564 ejus
3009 485 3294 548 festivitas
3325 485 3418 546 die
3445 503 3524 545 vn
3543 483 3758 546 Kalen-

354 582 569 642 Montis
599 581 793 640 Casini
819 599 832 638 :
866 583 952 638 sic
981 581 1246 656 plerique
1261 583 1489 656 antiqui
1512 587 1798 640 auctores.
1820 585 1892 640 At
1904 584 1999 642 Pe-

350 677 480 730 trus
508 671 844 730 Casinensis
874 673 957 728 ait
985 671 1328 745 Gregorium
1351 671 1650 728 hortatum
1673 673 1852 730 fuisse
1877 673 1997 747 epi-

352 780 558 836 scopos
589 767 648 818 et
667 761 994 818 cardinales
1019 765 1082 816 ut
1103 761 1467 818 Desiderium
1485 761 1780 834 eligerent,
1805 769 1924 827 aut,
1950 762 1999 818 si

351 851 410 908 id
442 851 569 908 ﬁeri
601 867 717 907 non
747 855 963 924 posset,
995 867 1179 906 unum
1227 849 1482 924 aliquem
1535 868 1603 906 ex
1630 851 1820 906 tribus
1868 851 1998 908 aliis

352 940 714 998 memoratis.
729 940 1068 996 Anselmum
1089 939 1305 996 omittit
1323 938 1540 995 Paulus
1557 939 1998 998 Bernradiensis

351 1030 412 1087 in
458 1029 594 1086 Vita
621 1029 904 1102 Gregorii,
942 1030 1065 1097 sed,
1118 1029 1421 1085 recensitis
1456 1029 1646 1086 tribus
1676 1029 1808 1085 aliis
1849 1047 1996 1102 quos

351 1118 608 1194 pontifex
660 1118 1024 1184 indicaverit,
1083 1117 1429 1190 subiungit:
1493 1120 1686 1174 Verum
1715 1121 1846 1194 quia
1879 1120 1998 1176 Otto

349 1209 592 1265 nondum
622 1225 656 1264 a
684 1208 988 1264 Germanize
1018 1213 1066 1262 et
1098 1207 1288 1262 Galliae
1313 1208 1566 1279 partibus
1595 1209 1860 1271 redierat,
1902 1210 1998 1264 ubi

349 1299 646 1372 apostolica
691 1298 960 1366 legatione
1011 1299 1300 1367 functus...
1357 1301 1409 1352 et
1453 1298 1578 1352 alia
1628 1299 1900 1354 norm-ulla
1927 1297 1997 1354 ad

347 1388 786 1444 stabilimentum
817 1387 1070 1442 Ecclesiae
1095 1386 1394 1458 prudenter
1422 1387 1804 1448 ordinaverat;
1835 1391 1996 1458 [Iugo

345 1492 555 1548 quoque
589 1492 689 1532 sua
719 1476 964 1531 lustrans
993 1475 1368 1546 gubernacula
1392 1493 1450 1546 μ’
1464 1477 1582 1532 ocul
1611 1476 1818 1544 aberat,
1852 1478 1994 1532 inte-

347 1565 456 1621 rim
481 1566 659 1620 suasit
687 1565 820 1636 eligi
847 1565 1092 1620 vicinum
1131 1565 1473 1620 Desiderium
1501 1566 1629 1622 licet
1681 1566 1996 1621 brevissime

343 1656 638 1721 victurum,
670 1658 778 1710 etc.
811 1656 884 1709 At
912 1652 1006 1709 vix
1027 1669 1290 1726 unquam
1313 1653 1521 1710 adduci
1546 1655 1737 1726 potuit
1757 1654 1992 1710 Deside-

345 1743 470 1800 rius
501 1746 568 1798 ut
613 1743 1020 1816 pontiﬁcatum
1067 1758 1240 1814 quem
1293 1742 1490 1798 statim
1548 1747 1683 1815 post
1733 1744 1992 1816 Gregorii

2110 585 2216 642 das
2247 584 2512 657 ejusdem
2546 583 2768 640 mensis
2797 579 3211 638 celebraretur.

2181 675 2304 731 I-Iuc
2335 673 2590 732 revocari
2620 673 2792 730 debet
2820 689 2912 728 res
2967 670 3136 739 mira,
3169 685 3348 743 quam
3409 671 3610 726 sancto
3643 667 3760 726 Hu-

2109 765 2244 837 goni
2263 765 2415 836 apud
2445 766 2811 829 Nantuacum,
2845 763 2986 818 dum
3020 761 3115 818 hic
3131 760 3254 818 Odo
3278 761 3476 815 noster
3497 758 3762 815 moraba-

2108 859 2228 921 tur,
2276 853 2596 926 contigisse
2644 855 2993 908 memorant.
3026 851 3172 908 Cum
3202 848 3361 906 enim
3411 847 3464 905 ei
3513 847 3763 903 relatum

2109 939 2316 996 fuisset
2334 939 2711 1008 Willencum,
2747 939 2846 1011 qui
2878 943 3004 994 tum
3034 941 3159 994 erat
3181 937 3339 1008 prior
3354 933 3766 1002 Charitatis,ex

2107 1029 2216 1086 hac
2245 1029 2362 1085 vita
2383 1029 2692 1103 migrasse,
2725 1029 2925 1086 statim
2954 1026 3044 1082 vir
3071 1030 3310 1082 sanctus
3339 1025 3410 1082 ad
3445 1023 3629 1084 altare
3657 1041 3764 1096 pro

2106 1121 2378 1177 defuncto
2401 1119 2654 1176 hostiam
2684 1117 2872 1174 vivam
2893 1118 3008 1174 Deo
3037 1115 3192 1174 Patri
3225 1115 3529 1172 oblaturus
3565 1130 3760 1171 acces-

2107 1209 2202 1266 sit.
2224 1211 2296 1264 At
2321 1227 2436 1264 non
2468 1225 2680 1281 passus
2709 1210 2797 1263 est
2825 1211 3052 1262 tantum
3101 1205 3294 1260 virum
3345 1202 3468 1259 falli
3495 1203 3770 1259 veritatis.

2105 1301 2326 1364 auctor,
2379 1297 2814 1368 revelatumque
2845 1296 2896 1352 ei
2939 1297 3048 1360 est,
3082 1310 3197 1350 non
3248 1291 3621 1358 Willencum,
3656 1291 3756 1348 sed

2107 1387 2309 1444 Orium
2343 1389 2458 1444 fato
2489 1387 2756 1465 functum
2775 1401 2922 1441 esse.
2949 1384 3108 1448 Quod
3130 1370 3372 1440 sanctus
3393 1381 3579 1438 abbas
3597 1397 3756 1457 com-

2106 1475 2258 1550 pleto
2281 1475 2566 1532 sacriﬁcio
2600 1473 2931 1532 astantibus
2953 1471 3145 1546 palam
3164 1469 3637 1528 declaravit.Eral
3659 1469 3772 1536 ibi,

2105 1565 2301 1638 inquit
2328 1565 2495 1637 Hugo
2527 1562 2853 1619 monachus
2881 1560 3026 1618 Vitae
3048 1560 3237 1617 sancti
3261 1559 3524 1632 Hugonis
3553 1561 3761 1615 auctor

2105 1653 2370 1728 aequalis,
2403 1655 2530 1719 Odo,
2565 1654 2662 1726 qui
2685 1653 2847 1725 prior
2873 1653 2983 1724 fuit
3028 1651 3425 1717 Cluniacensis,
3469 1655 3598 1722 post
3641 1649 3758 1722 epi-

2102 1761 2293 1816 scopus
2327 1744 2633 1804 Ostiensis.
2689 1742 2886 1798 deinde
2945 1741 3250 1813 apostolica
3305 1738 3447 1794 sedis
3498 1739 3757 1811 ponti/ea:

345 1831 574 1888 obilum
605 1831 657 1888 ei
677 1848 884 1890 omnes
915 1830 1267 1900 detulerunt,
1301 1835 1646 1901 assumeret,
1680 1849 1890 1906 resque
1931 1832 1992 1888 in
2023 1861 2072 1926 Β
2100 1850 2345 1890 summus
2379 1833 2626 1892 Urbanus
2651 1831 2949 1888 secundus:
2980 1830 3376 1903 qui,legalione
3407 1829 3754 1895 tranunissa,

345 1921 588 1994 longum
618 1924 912 1994 protracta
932 1925 1041 1977 est.

415 2028 609 2086 XVIII.
645 2028 1282 2102 OdoCluniaco‘transil.
1313 2031 1546 2085 Nantuz
1573 2046 1766 2102 corpus
1795 2029 1852 2086 S.
1883 2031 1996 2086 Μα-

620 2101 770 2156 ximi
799 2101 991 2156 elevat.
1025 2100 1080 2156 S.
1108 2102 1352 2172 Hugonis
1374 2100 1730 2156 miraculum.

415 2189 539 2245 Odo
567 2192 762 2246 autem
794 2207 863 2244 ex
884 2189 1226 2245 Germanica
1245 2190 1532 2262 legatione
1553 2190 1612 2245 in
1640 2189 1866 2247 Italiam
1885 2191 1995 2247 hoc

345 2295 501 2334 anno
531 2294 802 2335 reversus
825 2277 1206 2334 Cluniacense
1239 2295 1380 2334 suos
1414 2278 1468 2334 in
1490 2279 1740 2335 transitu
1772 2278 1993 2350 invisit,

345 2367 545 2440 ibique
574 2367 948 2422 inﬁrmorum
980 2365 1282 2423 ecclesiam
1309 2368 1685 2432 consecravit,
1712 2367 1793 2424 uti
1817 2367 1991 2424 disci-

346 2471 480 2512 mus
511 2471 579 2512 ex
607 2455 856 2512 historia
883 2455 1288 2512 translationis
1321 2455 1509 2514 sancti
1561 2456 1820 2513 Maximi.
1853 2457 1989 2522 Quae

344 2542 650 2600 translatio
703 2543 954 2600 solemni
986 2543 1100 2600 ritu
1156 2545 1266 2602 hoc
1319 2562 1473 2601 anno
1528 2546 1590 2602 in
1640 2544 1991 2602 monasterio

345 2631 734 2690 Nantuacensi
754 2651 788 2689 a
799 2637 999 2690 nostro
1011 2634 1210 2690 Odone
1227 2634 1376 2690 facta
1391 2637 1664 2691 est.llanc
1679 2634 1990 2692 historiam

347 2721 421 2778 ab
451 2725 684 2778 auctore
711 2739 1002 2794 anonymo
1031 2723 1134 2779 sed
1164 2723 1368 2794 aequali
1400 2723 1778 2796 descriptam,
1807 2741 1875 2780 ex
1895 2741 1990 2779 co-

346 2810 475 2866 dice
496 2827 608 2868 ms.
625 2809 1104 2882 ejusdemloci,in
1126 2811 1307 2882 hujus
1323 2811 1640 2869 voluminis
1659 2812 1990 2886 Appendice

346 2899 635 2972 integram
665 2899 1024 2968 referemus;
1059 2900 1158 2956 sed
1181 2899 1416 2956 interim
1448 2918 1634 2972 pauca
1663 2919 1733 2958 ex
1756 2919 1824 2958 ea
1851 2901 1992 2957 deli-

346 2988 543 3045 banda
565 2990 724 3044 sunt.
743 2988 1133 3057 Nantuacum,
1151 3004 1278 3054 seu,
1295 2989 1540 3063 utvulgo
1561 2989 1735 3046 hodie
1753 2990 1985 3058 dicitur,

346 3076 828 3148 Nantua,celebre
841 3081 932 3134 est
943 3093 1076 3133 mon
1083 3077 1297 3134 asteriu
1306 3095 1360 3134 m
1374 3079 1636 3136 dimcesis
1647 3079 1991 3154 Lugdunen-

348 3165 432 3222 sis
462 3165 618 3238 apud
647 3165 1172 3232 Sebusianos,olim
1205 3167 1450 3224 abbatis:
1479 3167 1652 3224 titulo
1682 3169 1986 3236 donatum,

345 3233 788 3327 quod-postmod
798 3272 896 3310 um
909 3253 1274 3312 Cluniacensi
1289 3258 1645 3314 monasterio
1661 3233 1990 3330 subiectum
2020 3233 2065 3301 α

345 3342 476 3399 fuit.
508 3343 595 3400 lbi
627 3345 1014 3401 servabantur
1039 3345 1224 3402 sancti
1255 3345 1516 3413 Maximi,
1551 3345 1640 3403 uti
1681 3347 1990 3420 putabant,

347 3431 651 3506 Regiensis
677 3432 958 3506 episcopi,
989 3433 1378 3508 reliquias,sed
1410 3436 1632 3510 absque
1660 3436 1782 3493 ullo
1803 3436 1988 3506 cultu,

346 3539 413 3578 eo
443 3521 601 3594 quod
631 3521 920 3580 hactenus
967 3527 1192 3580 retectis
1221 3529 1380 3581 terra
1431 3525 1664 3598 publice
1723 3526 1990 3583 ﬁdelium

343 3609 700 3667 venerationi
725 3611 990 3669 nondum
1020 3613 1293 3670 exhibitas
1324 3613 1593 3672 fuissent.
1627 3617 1709 3672 Ex
1737 3617 1990 3673 adventu

233 3718 248 3733 ο
343 3699 740 3773 OdonisHugo
754 3699 1016 3756 Cluniaci
1034 3701 1217 3757 abbas
1231 3702 1634 3774 Nantuacique
1649 3705 1991 3762 monasterii

341 3791 471 3845 tum
501 3786 682 3860 prior,
709 3788 938 3844 censuit
961 3794 1354 3862 opportunam
1403 3791 1516 3848 sibi
1570 3809 1768 3849 sacras
1799 3791 1932 3850 illas
1960 3811 1992 3850 e

344 3880 502 3933 terra
525 3875 754 3932 levandi
801 3875 1079 3949 reliquias
1134 3877 1388 3934 oblatam
1421 3895 1549 3936 esse
1603 3881 1992 3950 occasionem,

343 3981 526 4038 quare
555 3963 969 4035 conciliocum
998 3982 1065 4023 eo
1095 3966 1454 4040 casterisque,
1490 3969 1591 4042 qui
1610 3969 1691 4025 ibi
1713 3970 1860 4028 forte
1890 3972 1990 4028 ad-

344 4051 1152 4126 erant,inito,przemissisque
1170 4055 1415 4127 jejuniis
1428 4063 1484 4114 et
1503 4058 1992 4128 orationibus,die

343 4159 399 4197 v1
432 4139 1286 4216 KalendarumScptembrium,
1319 4145 1504 4202 sancti
1535 4146 1832 4206 Antistitis
1859 4165 1994 4207 ossa

345 4245 376 4286 e
406 4234 636 4286 vetusto
665 4231 894 4288 tumulo
927 4233 984 4288 in
1016 4251 1252 4307 capsam
1283 4239 1548 4308 paratam
1574 4236 1857 4295 translata
1885 4257 1991 4312 pu-

345 4318 510 4376 blicai
531 4319 880 4398 populorum
905 4321 1258 4380 venerationi
1281 4323 1852 4400 exhibuerunt,quod
1884 4328 1994 4384 hoc

345 4425 498 4466 anno
527 4407 842 4482 contigisse
853 4409 1186 4484 colligimus
1207 4428 1276 4468 ex
1296 4412 1440 4486 ipsis
1457 4413 1714 4471 historia:
1743 4413 1994 4472 laudatas

343 4496 562 4565 verbis,
597 4498 696 4554 ubi
724 4499 890 4572 Hugo
920 4501 1260 4569 dicitur,die
1287 4503 1685 4572 Dominica,1x
1705 4503 1999 4562 Kalendas-

2103 1925 2334 1989 invem’t,
2358 1925 2528 1994 juxta
2551 1923 2661 1978 viri
2688 1922 2801 1978 Dei
2829 1919 3074 1984 verbum,
3096 1935 3206 1975 non
3242 1910 3560 1974 Willerwum
3584 1917 3755 1974 abiis-

2101 2028 2178 2078 se,
2209 2011 2303 2068 sei
2333 2011 2544 2067 Orium.
2577 2009 2699 2067 Odo
2749 2013 2882 2083 post
2909 2009 3032 2064 haec
3061 2008 3121 2063 in
3155 2006 3384 2063 Italiam
3423 2005 3621 2072 rediit,
3654 2005 3750 2062 ubi

2104 2100 2250 2156 nihil
2267 2100 2467 2158 omisit
2485 2117 2618 2156 cum
2640 2098 2864 2156 caeteris
2879 2099 3152 2154 Romanis
3169 2094 3434 2152 Ecclesia
3453 2093 3756 2162 ﬁdelibus,

2103 2194 2170 2246 ut
2197 2191 2414 2263 dignus
2444 2189 2720 2262 Gregorio
2749 2203 3053 2244 successor
3081 2187 3336 2242 daretur.

2100 2297 2242 2352 XIX.
2275 2295 2582 2352 Desiderius
2627 2295 3010 2366 pontiﬁcatum
3059 2300 3292 2366 recusat.
3325 2291 3442 2350 Odo
3493 2293 3773 2348 nomina--

2559 2365 2672 2434 tur,
2702 2366 2797 2422 sed
2827 2366 3026 2438 absque
3055 2365 3268 2438 effectu.

2174 2457 2298 2529 (An.
2327 2455 2511 2527 4086.)
2558 2455 2876 2511 Effluxerat
2913 2455 3040 2526 jam
3061 2469 3218 2526 .pene
3243 2469 3436 2509 annus
3464 2450 3696 2525 integer
3722 2469 3756 2509 a

2101 2549 2288 2602 morte
2318 2543 2580 2617 Gregorii
2611 2544 2736 2601 sine
2765 2543 3060 2616 pontiﬁce,
3083 2542 3240 2614 quod
3272 2540 3432 2622 nullo
3457 2544 3631 2615 pacto
3647 2541 3751 2598 De-

2100 2635 2354 2693 siderius
2384 2633 2719 2691 Casinensis
2749 2633 2931 2689 abbas
2961 2631 3172 2689 adduci
3210 2633 3407 2704 posset
3439 2630 3513 2686 ad
3555 2629 3749 2688 Eccle-

2099 2725 2199 2782 siae
2229 2724 2488 2797 regimen
2531 2722 2996 2796 suscipiendum.
3053 2721 3169 2778 Has
3217 2737 3412 2778 moras
3462 2719 3644 2786 etiam
3691 2719 3750 2776 in

2099 2813 2509 2871 schismaticos
2538 2812 2740 2884 rejecit
2767 2809 3135 2878 Bertholdus,
3160 2810 3261 2882 qui
3293 2826 3428 2866 cum
3467 2809 3748 2867 Guiberto

2099 2903 2223 2960 suis
2254 2901 2607 2959 factionibus
2637 2899 2962 2958 Catholicos
2991 2890 3434 2972 perturbabant.
3472 2899 3590 2955 Sed
3624 2903 3746 2954 tan-

2097 2993 2252 3060 dem,
2306 2995 2372 3047 ut
2419 2994 2620 3047 narrat
2647 2989 2853 3046 Petrus
2883 2989 3172 3046 Diaconus
3209 2988 3268 3044 in
3300 2986 3742 3046 continuatione

2097 3080 2308 3138 Leonis
2338 3079 2644 3147 Ostiensis,
2680 3078 2830 3136 libro
2874 3095 2938 3134 ιιι
2966 3077 3232 3134 Chronici
3261 3075 3622 3148 Casinensis,
3654 3093 3744 3133 ca-

2099 3170 2218 3244 pite
2243 3171 2336 3240 66,
2386 3172 2676 3242 quotquot
2729 3171 2898 3224 erant
2926 3167 3120 3223 Roma:
3177 3164 3444 3223 Ecclesiae
3471 3169 3532 3222 et
3578 3165 3747 3222 beato

2100 3260 2267 3316 Petro
2303 3257 2412 3314 viri
2443 3257 2667 3326 ﬁdeles,
2699 3257 2820 3314 sive
2848 3273 2918 3313 ex
2964 3255 3138 3324 clero,
3187 3255 3311 3312 sive
3338 3271 3410 3312 ex
3449 3253 3770 3312 nobilibus-

2100 3351 2202 3404 aut
2214 3345 2516 3420 populo,in
2527 3347 2860 3404 diaconiam
2872 3348 3096 3402 Sanctae
3109 3345 3300 3402 Lucise
3316 3347 3716 3401 convenerunt
3733 3361 3747 3413 ;

2100 3435 2322 3509 ibique,
2344 3436 2502 3509 quod
2526 3437 2652 3508 jam
2685 3434 2868 3492 semel
2889 3439 2948 3492 et
2975 3435 3186 3492 iterum
3212 3437 3390 3508 atque
3411 3433 3631 3490 iterum
3651 3449 3750 3506 pa-

2099 3525 2218 3582 lam
2249 3529 2306 3582 et
2325 3523 2598 3598 privatim
2625 3525 2900 3586 fecerant,
2933 3522 3300 3581 Desiderium
3333 3513 3539 3579 multis
3569 3521 3755 3594 preci-

2099 3615 2212 3671 bus
2247 3619 2306 3670 et
2357 3613 2632 3686 lacrymis
2689 3617 2995 3686 cmperunt
3049 3627 3275 3686 urgere,
3311 3615 3478 3668 utne
3525 3610 3750 3670 diutius

2103 3701 2419 3760 Ecclesiam
2445 3703 2791 3768 Romanam,
2813 3719 2942 3774 quae
2961 3718 3098 3758 eum
3119 3701 3191 3758 ad
3211 3699 3622 3774 pontiﬁcatum
3644 3699 3752 3756 ele-

2100 3795 2266 3865 gerat
2292 3790 2351 3848 in
2387 3794 2551 3847 tanto
2582 3807 2779 3848 rerum
2810 3789 3152 3848 discrimine
3203 3790 3471 3846 orbatam
3517 3791 3750 3861 pastore

2101 3896 2401 3937 remanere
2423 3879 2784 3953 permitteret
2806 3897 2820 3947 ;
2848 3880 2950 3936 sed
2971 3879 3413 3946 frustra.Quare
3433 3875 3520 3934 illi
3543 3879 3753 3951 rogant

2101 3974 2167 4026 ut
2195 3967 2404 4026 saltem
2421 3985 2556 4025 eum
2578 3968 2680 4041 qui
2697 3969 2769 4025 ad
2789 3971 3022 4025 tantum
3038 3985 3188 4024 onus
3203 3965 3648 4040 suscipiendum
3664 3963 3748 4021 illi

2101 4063 2276 4132 aptus
2303 4058 2599 4114 videretur
2619 4057 2933 4130 judicaret.
2959 4057 3194 4130 Accepit
3222 4055 3375 4113 ultro
3413 4053 3750 4114 Desiderius

2100 4147 2516 4216 conditionem,
2539 4147 2856 4220 habitoque
2871 4147 3114 4204 consilio
3131 4162 3266 4202 cum
3282 4144 3492 4202 Cencio
3512 4141 3752 4200 consule

2100 4239 2520 4306 Romanorum,
2539 4235 2738 4292 statim
2767 4235 3028 4292 Odonem
3050 4235 3378 4292 Ostiensem
3407 4231 3750 4306 episcOpum

2102 4325 2162 4381 in
2192 4323 2526 4398 pontiﬁcem
2549 4323 2890 4380 nominavit.
2925 4323 3096 4379 Ibant
3111 4323 3380 4378 omnium
3393 4320 3674 4394 suffragia
3692 4319 3751 4374 in

2102 4413 2528 4480 0donem,cum
2559 4411 2910 4485 ecce,inquit
2937 4411 3037 4468 ille
3059 4416 3282 4477 auctor,
3295 4407 3756 4483 repentaquidam

2102 4501 2168 4559 de
2195 4501 2590 4568 cardinalibus,
2651 4503 2822 4572 cujus
2854 4516 3069 4556 nomen
3114 4516 3228 4556 non
3287 4497 3506 4566 retulit,
3563 4502 3756 4554 eorum

345 4585 729 4658 Septembris,
744 4588 1067 4661 capitulum
1099 4606 1469 4649 convocasse.
1493 4591 1716 4665 Quippe
1745 4593 1819 4650 ab
1841 4610 1995 4652 anno
2027 4605 2075 4672 ι)
2103 4605 2341 4648 canones
2370 4588 2514 4645 hanc
2553 4604 2668 4645 esse
2722 4588 3045 4645 electionem
3071 4587 3381 4660 afﬁrmem,
3412 4598 3756 4672 nequaquam

347 4677 506 4744 1078,
540 4693 656 4748 quo
677 4677 798 4734 Odo
821 4678 1009 4735 factus
1028 4679 1137 4735 fuit
1155 4679 1468 4754 episcopus
1487 4680 1873 4751 Ostiensis,ah
1894 4700 1998 4740 an-

345 4781 490 4822 num
535 4765 695 4835 4088,
729 4783 845 4840 quo
876 4768 1214 4825 conscendit
1261 4768 1542 4826 thronum
1591 4771 1999 4843 apostolicum,

348 4853 472 4911 dies
502 4855 808 4914 Dominica
841 4857 1024 4914 semel
1053 4859 1468 4915 tantummodo
1496 4857 1557 4914 in
1589 4859 1745 4915 diem
1785 4861 1857 4916 24
1879 4863 2003 4917 Au-

347 4941 505 5014 gusti
537 4942 764 5011 incidit,
796 4945 973 5018 idque
1004 4963 1158 5002 anno
1189 4947 1366 5004 1085:
1401 4947 1493 5003 cui
1535 4948 1780 5020 proinde
1809 4949 1999 5006 consi-

347 5030 584 5104 gnanda
611 5035 702 5086 est
731 5032 854 5088 haec
883 5035 1142 5106 corporis
1164 5035 1354 5093 sancti
1385 5035 1626 5092 Maximi
1659 5035 2002 5094 elevationis

350 5117 718 5175 solemnitas.
749 5120 820 5175 Et
867 5121 1102 5192 quidem
1162 5127 1385 5180 certum
1416 5127 1506 5180 est
1535 5123 1644 5180 hoc
1689 5125 1818 5196 ipso
1847 5141 2000 5182 anno

349 5207 610 5262 Odonem
642 5223 674 5264 e
705 5207 1016 5266 Germania
1068 5209 1128 5266 in
1180 5211 1410 5268 Italiam
1463 5211 1726 5275 rediisse,
1777 5227 1892 5282 quo
1941 5212 2002 5270 in

349 5293 556 5352 itinere
586 5294 929 5352 Cluniacum
961 5303 1019 5354 et
1047 5299 1338 5355 Nantuam
1372 5299 1619 5355 invisere
1652 5297 1819 5356 facile
1841 5305 2002 5370 pote-

349 5388 461 5440 rat.
504 5384 567 5440 In
628 5384 808 5440 veteri
862 5385 1258 5444 Nantuacensi
1315 5387 1662 5445 Kalendario
1718 5391 2006 5447 memoria

351 5471 604 5528 habetur
649 5473 1054 5530 translationis
1105 5475 1289 5532 sancti
1321 5474 1580 5542 Maximi,
1613 5479 1746 5541 etc.;
1780 5474 1880 5529 sed
1911 5477 2004 5534 die

349 5577 448 5619 vm
480 5560 762 5617 Kalendas
793 5562 1176 5636 Septembris,
1209 5565 1366 5636 quod
1397 5564 1628 5621 videtur
1655 5577 1785 5618 esse
1817 5566 2002 5622 nostri

349 5647 596 5723 exempli
625 5651 901 5708 mendum
927 5669 940 5710 :
973 5669 1112 5710 nam
1136 5651 1194 5707 in
1217 5651 1464 5710 historia
1480 5651 1694 5709 dicitur
1714 5652 2005 5710 statutum

2104 4696 2165 4738 se
2189 4694 2584 4736 consensumm
2609 4678 2894 4745 clamavit,
2929 4675 3152 4733 caeteris
3182 4678 3387 4732 contra
3411 4671 3754 4738 nitentibus,

2109 4772 2161 4826 et
2209 4783 2312 4840 pro
2368 4775 2624 4840 tempore,
2650 4781 2755 4839 pro
2795 4767 3112 4822 necessitate
3174 4763 3273 4822 hoc
3316 4765 3464 4836 ferre
3517 4764 3776 4835 oportere.

2109 4857 2500 4914 astruentibus.
2531 4855 2643 4912 Sed
2675 4855 2933 4925 frustra;
2967 4871 3101 4912 nam
3147 4853 3336 4910 caeleri
3378 4850 3526 4909 hunc
3551 4865 3773 4921 aequm.

2109 4963 2274 5019 quam
2297 4945 2368 5001 ad
2393 4962 2554 5003 suam
2601 4946 2932 5002 sententiam
2983 4947 3196 5016 ﬂectere
3249 4942 3560 5000 valuerunt.
3611 4935 3758 5004 Quid

2106 5051 2241 5092 vero
2263 5035 2324 5091 in
2356 5035 2465 5092 hac
2501 5034 2721 5091 Odonis
2751 5033 3030 5092 electione
3061 5031 3422 5091 contrarium
3451 5027 3636 5087 sacris
3665 5042 3756 5083 ca-

2109 5125 2366 5182 nonibus
2392 5125 2696 5180 inventum
2732 5123 2928 5191 fuerit,
2953 5140 3068 5179 non
3099 5119 3377 5195 exprimit
3404 5119 3608 5176 Petrus
3633 5134 3648 5186 ;
3677 5117 3758 5181 at,

2111 5213 2162 5270 si
2193 5211 2566 5284 benejudico,
2583 5211 2732 5267 nihil
2747 5211 2905 5268 aliud
2919 5211 3234 5268 obtendere
3251 5211 3480 5282 poterat
3490 5204 3759 5264 cardina-

2111 5301 2186 5358 lis
2215 5301 2313 5357 ille
2343 5317 2696 5374 anonymus,
2747 5301 2864 5358 nisi
2897 5301 3052 5374 quod
3093 5316 3230 5356 cum
3279 5298 3401 5355 Odo
3425 5296 3553 5368 jam
3607 5295 3764 5350 esset

2113 5387 2400 5446 Ostiensis
2431 5388 2763 5462 episcopus,
2797 5389 2870 5446 ad
2906 5389 3179 5445 Romanis
3210 5385 3477 5444 Ecclesiae
3507 5381 3762 5457 regimen

2112 5477 2417 5534 transferri
2447 5495 2563 5534 non
2585 5482 2786 5550 posset
2803 5479 3028 5550 absque
3049 5475 3247 5550 aliqua
3270 5490 3564 5533 canonum
3584 5471 3763 5529 infra-

2115 5567 2329 5632 ctionc,
2361 5566 2462 5640 qui
2487 5566 2710 5640 passim
2728 5565 3120 5642 prohibebant
3139 5567 3553 5640 episcoporum
3573 5575 3769 5619 exuna

2117 5655 2190 5714 ad
2211 5653 2389 5712 aliam
2411 5653 2718 5714 ecclesiam
2741 5654 3178 5715 translationes.
3203 5656 3422 5715 Verum
3443 5651 3598 5727 quod
3620 5653 3772 5730 vetat
