3958 6224
148 352 216 425 ΞΩ
1779 353 1836 420 ν

3509 353 3597 423 80

151 492 399 555 Ecclesia
427 494 509 554 ad
542 493 1009 572 reprimendum
1038 492 1484 555 ambitiosorum
1503 494 1605 552 aut
1630 507 1827 551 avaro-
1855 492 1911 561 Α
1939 485 2263 567 periculum
2296 491 2469 559 esset,
2501 487 2551 548 si
2580 486 2638 548 id
2671 488 2793 551 Odc
2823 490 3031 551 luisset
3056 508 3392 569 aggressus,
3420 514 3492 555 ne
3521 513 3592 555 ea

155 605 275 643 rum
304 585 745 660 episcoporum
778 586 1237 643 immoderatam
1288 583 1691 659 cupiditatem,
1725 599 1830 639 seu

160 676 395 733 nimiam
422 676 795 733 dominandi
829 677 894 731 in
925 676 1079 733 clero
1107 675 1435 740 libidinem,
1456 673 1601 730 illud
1634 673 1831 746 ipsum

165 766 516 839 quandoque
548 765 879 838 permittit,
911 765 1031 821 imo
1077 768 1135 821 et
1165 778 1590 834 nonnunquam
1631 762 1831 833 exigit,

168 873 291 911 cum
337 853 547 927 aliqua
590 858 773 927 urget
823 853 1193 911 necessitas:
1248 851 1441 925 qualis
1497 867 1639 907 sane
1693 854 1832 906 tunc

171 944 416 1001 maxime
436 944 715 999 instabat
732 943 797 1000 in
819 948 987 998 tanta
999 958 1191 998 rerum
1217 939 1836 1013 perturbatione.Vicit

171 1039 359 1090 tamen
380 1032 551 1089 unici
568 1032 743 1089 illius
764 1032 1077 1089 obﬁrmata
1092 1031 1154 1087 in
1176 1048 1282 1086 suo
1298 1046 1476 1086 sensu
1488 1027 1831 1101 pervicacia;

172 1122 475 1195 ceterique
501 1138 721 1179 omnes
751 1122 803 1177 ei
835 1122 1041 1177 cedere
1078 1119 1279 1185 coacti,
1312 1119 1524 1174 iterum
1568 1117 1834 1174 unanimi

176 1211 467 1268 sententia
515 1211 579 1265 in
612 1209 905 1267 Desiderii
952 1208 1293 1265 electionem
1348 1210 1736 1273 concurrunt;
1769 1222 1835 1260 ac

176 1300 390 1367 statim,
417 1299 592 1367 velit,
625 1298 793 1367 nolit,
828 1314 963 1355 eum
994 1314 1180 1370 cappa
1207 1297 1388 1353 rubea
1406 1295 1678 1351 indutum
1709 1295 1835 1367 ipso

176 1390 260 1445 die
288 1390 677 1445 Pentecostes
707 1388 848 1443 anni
884 1388 1022 1442 1086
1053 1386 1386 1456 pontiﬁcem
1428 1386 1537 1441 sub
1586 1383 1837 1440 Victoris

176 1478 247 1535 IIl
278 1477 528 1534 nomine
559 1475 933 1550 proclamant
963 1494 977 1532 :
1008 1491 1208 1531 verum
1259 1491 1393 1530 cum
1440 1474 1537 1529 ille
1585 1474 1836 1529 necdum

175 1567 347 1640 plane
375 1565 659 1623 electioni
689 1582 810 1621 suae
832 1564 1208 1631 consentiret,
1239 1566 1368 1636 ejus
1397 1563 1755 1619 consecratio
1777 1563 1836 1618 in

176 1659 533 1729 sequentem
565 1671 788 1710 annum
819 1654 1001 1709 dilata
1024 1658 1132 1710 est.

514 1743 634 1799 XX.
669 1744 779 1801 0do
811 1745 1076 1800 Victorem
1104 1743 1182 1799 II!
1208 1745 1505 1798 consecrat.

243 1835 416 1934 Anno
448 1831 1003 1934 inpequeptin(t087)
1042 1830 1331 1934 celeb’ratc
1375 1830 1833 1934 apudHCapuam
1869 1869 1916 1934 Β

179 1921 425 1980 concilio
456 1921 536 1976 ad
564 1921 723 1993 quod
777 1920 901 1977 Odo
949 1923 1149 1976 noster
1199 1918 1488 1976 Ostiensis
1537 1919 1840 1991 Hugcnem

182 2011 646 2084 Lugdunensem
675 2008 1040 2075 invitaverat,
1070 2008 1272 2065 Victor
1317 2008 1727 2080 episcoporum
1777 2024 1843 2062 ac

182 2099 523 2174 principum
550 2098 654 2171 qui
685 2115 821 2153 cum
853 2114 921 2154 eo
952 2101 1116 2153 erant
1147 2097 1423 2170 precibus
1460 2101 1517 2152 et
1567 2096 1842 2169 lacrymis

188 2189 467 2255 devictus,
503 2186 811 2260 pontiﬁcia
841 2186 1258 2259 insigniaque:
1290 2186 1487 2243 statim
1521 2190 1653 2258 post
1669 2202 1840 2242 suam

185 2278 529 2334 electionem
561 2276 845 2333 Casinum
878 2292 1146 2333 remeans
1175 2274 1500 2346 dimiserat,
1531 2275 1747 2347 recepit
1776 2292 1842 2331 ac

182 2368 273 2423 die
298 2384 380 2423 χιι
410 2365 711 2423 Kalendas
732 2364 948 2434 Aprilis
980 2364 1039 2420 in
1072 2363 1376 2420 Dominica
1397 2363 1733 2419 Palmarum
1752 2364 1839 2418 in-

181 2458 361 2513 dutus
387 2472 678 2529 purpura,
708 2471 886 2510 cruce
915 2454 1289 2527 praecedente,
1324 2453 1385 2509 in
1417 2453 1721 2526 publicum
1751 2470 1844 2509 so-

182 2544 459 2602 lemuiter
490 2543 799 2617 processit,
835 2542 1255 2615 celebratisqne
1303 2543 1363 2597 in
1404 2545 1604 2599 monte
1631 2541 1840 2598 Casino

181 2632 568 2708 paschalibus
610 2632 799 2699 festis,
835 2633 1081 2688 Romam
1118 2631 1391 2703 perrexit,
1421 2631 1543 2697 ubi,
1576 2636 1708 2704 post
1743 2649 1838 2687 ex-

182 2721 425 2797 pulsum
458 2738 493 2779 e
519 2719 769 2777 basilica
796 2720 1077 2776 Vaticana
1106 2719 1538 2786 Guibertum,in
1555 2737 1623 2776 ea
1644 2736 1841 2776 conse-

183 2814 383 2869 oratus
433 2812 527 2866 est
571 2809 645 2864 ab
692 2809 893 2865 Odone
931 2813 1131 2865 nostro
1161 2808 1439 2876 Ostiensi,
1471 2810 1638 2865 Petro
1666 2808 1838 2864 Alba-

182 2899 375 2965 nensi,
406 2898 721 2955 Portuensi
754 2902 814 2953 et
835 2897 1166 2954 Tusculano
1200 2896 1479 2953 Romanis
1526 2896 1838 2969 episcopis,

178 2985 870 3060 aliisque,cardinalibus
894 2986 1449 3058 quoque,episcopis
1469 2990 1644 3058 atque
1661 2986 1839 3041 abba-

180 3078 345 3133 tibus
393 3074 856 3142 assistentibus;
890 3075 1046 3147 quod
1095 3075 1356 3147 quidem,
1389 3078 1454 3130 ut
1500 3078 1705 3130 auctor
1750 3079 1841 3130 est

176 3167 338 3223 idem
369 3165 601 3228 Petrus,
633 3163 941 3220 Dominica
984 3167 1116 3235 post
1165 3163 1604 3227 Ascensienem,
1638 3162 1731 3218 die
1760 3180 1837 3218 vn

176 3255 315 3311 ldus
344 3253 480 3311 Maii
508 3253 735 3309 factum
766 3256 877 3308 est.
892 3252 1279 3308 Consecratus
1311 3256 1508 3307 tamen
1539 3251 1722 3308 fuisse
1746 3251 1834 3307 di-
1865 3236 1910 3304 C

175 3344 331 3400 citur
356 3345 596 3399 escunte
622 3340 765 3396 Maio
794 3340 950 3412 apud
984 3339 1342 3408 Bertoldum,
1368 3339 1470 3397 sed
1503 3340 1650 3396 forte
1679 3356 1840 3397 error

177 3438 269 3488 est
296 3431 552 3495 librarii,
583 3429 1021 3503 legendumque
1048 3434 1138 3485 est
1166 3432 1392 3485 ineunte
1420 3430 1595 3485 Maio.

178 3520 322 3577 XXI.
354 3520 557 3577 adonis
584 3518 830 3590 defensio
880 3526 1069 3573 contra
1099 3520 1379 3588 Hugonem
1406 3518 1836 3589 Lugdunensem.

247 3609 501 3665 Accusat
528 3608 796 3665 Odonem
829 3607 995 3681 Hugo
1024 3607 1436 3681 Lugdunensis
1460 3608 1656 3662 fracta:
1678 3606 1836 3675 ﬁdei,

176 3699 332 3771 quod
362 3697 664 3753 Victorem
697 3700 904 3753 contra
929 3697 1228 3769 propriam
1246 3696 1599 3752 sententiam
1631 3700 1690 3752 et
1713 3714 1842 3768 pro-

175 3787 359 3843 missa
384 3786 503 3844 sibi
552 3785 807 3858 aliisque
854 3785 1025 3853 facta,
1057 3784 1302 3841 humani
1351 3784 1574 3858 aliquid
1626 3802 1838 3857 passus

175 3873 741 3932 crdinaverit.Plura
763 3873 941 3930 habet
966 3874 1115 3930 eade
1145 3890 1206 3929 re
1235 3873 1297 3930 in
1326 3874 1558 3930 duabus
1573 3873 1839 3947 epistolis

174 3965 244 4021 ad
258 3964 631 4021 eomitissam
643 3961 990 4019 Mathildem
1016 3979 1195 4035 quam
1211 3962 1323 4019 sibi
1342 3962 1651 4019 conciliare
1665 3967 1840 4035 atque

179 4054 250 4109 ad
281 4070 425 4110 suas
453 4056 657 4125 partes
688 4050 982 4107 attrahere
1012 4051 1238 4106 nititur.
1269 4051 1332 4106 In
1364 4051 1438 4108 iis
1465 4069 1600 4108 vero
1629 4051 1840 4109 litteris

179 4158 245 4199 ea
275 4142 452 4199 refert
481 4158 614 4214 quae
628 4140 910 4196 adversus
926 4139 1217 4196 Victorem
1232 4140 1607 4197 machinatus
1628 4141 1835 4195 fuerat.

179 4232 330 4298 Cum,
362 4231 582 4303 inquit,
637 4230 904 4285 Ostiensis
946 4231 1227 4301 episcopus
1272 4230 1551 4284 nobiscum
1583 4230 1712 4285 bene
1739 4246 1841 4300 per

177 4322 364 4375 omnia
391 4320 749 4385 occurrisset,
781 4321 845 4374 ut
872 4319 1010 4374 vidit
1037 4318 1177 4391 quod
1206 4319 1391 4385 abbas,
1429 4318 1513 4373 sic
1544 4319 1836 4377 Victorem

179 4408 477 4481 appellare
504 4406 833 4474 consuevit,
864 4424 961 4480 per
988 4409 1287 4479 potentiam
1314 4409 1583 4480 principis
1610 4410 1840 4467 Jordani

178 4496 249 4551 ad
294 4496 731 4553 consecrandum
773 4511 834 4551 se
880 4498 1104 4552 Romam
1150 4497 1232 4551 ire
1267 4496 1609 4558 intendebat;
1642 4500 1838 4554 timens

176 4586 315 4655 forte
359 4601 432 4642 ne
473 4601 580 4640 sua
610 4584 882 4657 dignitate
927 4586 1263 4657 privaretur,
1293 4587 1347 4641 si
1372 4586 1441 4641 ab
1479 4587 1609 4642 aliis
1654 4589 1835 4659 prima
1864 4608 1913 4673 Ι)

180 4691 377 4731 manus
421 4676 765 4731 consecratio
813 4676 868 4730 ei
911 4675 1306 4747 imponeretur,
1335 4691 1625 4730 conversus
1668 4684 1747 4733 est
1773 4679 1838 4733 in

178 4764 267 4820 die
293 4764 426 4821 belli
434 4780 457 4826 ;
486 4767 539 4819 et
563 4765 860 4820 immemor
885 4765 1067 4836 factus
1096 4765 1381 4836 propositi,
1413 4768 1467 4819 et
1493 4767 1653 4836 facta
1682 4767 1838 4825 nobis

176 4853 510 4926 sponsionis,
569 4852 716 4924 quod
763 4851 944 4909 dicere
986 4852 1170 4926 pudet,
1214 4869 1341 4909 cum
1398 4854 1607 4909 abbate.
1648 4872 1838 4926 pacem

179 4943 788 5014 faciens,reverentiam
816 4944 870 4998 ei
894 4959 992 5014 per
1010 4943 1198 4998 omnia
1224 4944 1366 4998 sicut
1392 4958 1546 5014 papa
1566 4944 1833 5000 exhibuit.

179 5029 393 5087 Verum
418 5030 581 5103 quod
612 5029 784 5103 Hugo
812 5029 873 5085 in
905 5031 1102 5087 Odone
1128 5029 1432 5087 occasione
1474 5029 1656 5103 hujus
1680 5031 1834 5088 crdi-

180 5119 439 5177 nationis
470 5118 871 5192 reprehendit,
900 5119 1130 5176 videtur
1171 5118 1519 5175 esselaude
1562 5119 1831 5193 dignum.

176 5208 326 5265 Nam
354 5208 473 5264 etsi
503 5208 656 5264 forte
683 5206 905 5280 aliquid
937 5207 997 5264 in
1027 5208 1257 5264 Victore
1276 5206 1834 5282 reprehendendum

174 5296 543 5369 fuerit,un
574 5311 695 5351 non
726 5297 918 5353 ausim
949 5297 1287 5363 dicere,non
1310 5294 1510 5369 tamen
1541 5297 1686 5351 tanti
1708 5314 1837 5354 esse

175 5388 405 5458 poterat
433 5383 823 5453 momenti,ut
835 5385 1037 5442 electio
1052 5386 1179 5457 jam
1201 5385 1354 5440 facta
1371 5387 1430 5438 et
1445 5385 1517 5439 ab
1534 5385 1833 5455 omnibus,

174 5474 295 5530 imo
322 5477 384 5529 et
414 5472 489 5528 ab
521 5472 653 5545 ipso
685 5472 1201 5547 linguae-ejusque
1230 5472 1584 5545 sequacibus
1604 5474 1692 5546 (ut
1711 5474 1837 5546 ipse

173 5561 475 5629 fatetur,et
501 5562 556 5617 ei
588 5559 791 5618 Victor
825 5562 885 5619 in
913 5562 1160 5621 concilio
1191 5560 1597 5619 Beneventano
1625 5580 1835 5636 expro-

176 5648 356 5721 bavit)
386 5649 716 5722 approbata
764 5650 1047 5708 inﬁrmari
1097 5651 1368 5718 deberet;
1402 5651 1652 5708 maxime
1701 5669 1833 5709 cum

1938 582 2243 639 occasione
2270 581 2547 652 Ecclesia,
2580 585 2665 639 tot
2685 583 2810 655 jam
2856 583 3131 656 procellis
3177 586 3417 659 agitata,
3442 603 3589 645 novo

1939 672 2258 729 schismate
2287 676 2612 728 vexaretur.
2646 671 2809 728 Unde
2866 676 3020 730 recte
3071 674 3258 732 satius
3301 676 3591 748 judicavit

1937 762 2025 818 vir
2046 763 2303 835 prudens
2330 759 2579 817 Victoris
2598 759 2860 819 electioni
2888 762 3156 819 unanimi
3186 765 3451 822 omnium
3482 766 3590 822 Ca-

1940 849 2290 907 tholicorum
2318 867 2564 906 assensu
2588 850 2750 907 factae
2780 855 2837 907 et
2857 851 3213 909 confirmatas
3239 871 3589 912 consensum

1942 940 2400 1011 prmbere,quam
2434 939 2624 1010 specie
2654 939 3423 1014 majorisstudiidiscipline
3440 943 3592 1000 ciere

1941 1044 2121 1085 novos
2150 1027 2455 1084 tumultus.
2482 1029 2628 1084 Hinc
2660 1028 2864 1085 merito
2899 1031 3059 1103 llugo
3089 1030 3211 1103 ipse
3239 1036 3296 1088 et
3324 1033 3590 1089 cardina-

1940 1116 2015 1173 lis
2039 1116 2363 1172 Richardus
2382 1116 2767 1173 Massiliensis
2786 1119 3406 1194 abbas,antealegatus
3418 1138 3591 1194 apos-

1944 1205 2283 1278 tolicus,qui
2308 1204 2415 1260 soli
2436 1204 2705 1261 videntur
2718 1206 2966 1263 Victoris
2986 1209 3338 1265 ordinaticni
3370 1214 3594 1267 contra-

1944 1295 2247 1359 dixisse,iu
2280 1296 2682 1350 Beneventano
2732 1295 2976 1351 concilio
3007 1313 3040 1352 a
3079 1297 3329 1365 Victore,
3370 1300 3593 1357 caeteris

1945 1384 2211 1440 Patribus
2240 1383 2392 1439 hanc
2424 1384 2774 1440 sententiam
2788 1385 2999 1457 judicio
3038 1395 3087 1441 et
3114 1390 3440 1444 auctoritate
3467 1405 3590 1456 sua,

1946 1476 2009 1528 ut
2039 1472 2210 1527 habet
2243 1472 2445 1528 Petrus
2476 1472 2535 1528 in
2566 1471 2850 1528 Chronico
2870 1474 3192 1543 Casinensi,
3215 1477 3592 1547 approbanti-

1944 1560 2495 1629 bus,communione
2520 1561 2727 1634 privati
2761 1564 3077 1635 s11nt,qucd
3101 1580 3231 1619 sese
3254 1564 3364 1637 ipsi
3386 1569 3595 1622 aceste-

1946 1667 2145 1706 rorum
2221 1650 2652 1706 Catholicorum
2723 1651 3110 1708 unanimitate
3175 1653 3590 1725 sejuuxissent.

1945 1741 2013 1795 Et
2042 1739 2275 1810 quidem
2307 1739 2625 1806 Mathildis,
2658 1757 2835 1812 quam
2866 1741 3099 1797 duabus
3128 1741 3394 1814 epistolis
3428 1743 3594 1817 Hugc

1946 1827 2416 1894 sollicitaverat,a
2445 1828 2697 1885 Victoris
2727 1830 3059 1887 cbedientia
3088 1831 3304 1887 retrahi
3344 1849 3459 1888 non
3492 1850 3593 1905 po-

1950 1918 2080 1973 tuit.
2115 1918 2415 1992 Hugcnem
2447 1934 2580 1975 vero
2611 1918 2806 1990 ipsum
2837 1919 2946 1975 hac
2990 1922 3049 1976 in
3098 1938 3179 1987 re,
3212 1922 3365 1977 sicut
3409 1926 3467 1977 et
3496 1922 3595 1978 Ri-

1950 2007 2256 2074 chardum,
2281 2008 2433 2080 quod
2448 2007 3321 2083 0doniexprobrabant,aliquid
3349 2011 3596 2069 humani

1950 2114 2157 2169 passos
2187 2097 2389 2164 fuisse,
2433 2113 2635 2153 eorum
2666 2098 2873 2169 agendi
2925 2098 3072 2155 ratio
3121 2100 3266 2156 satis
3303 2117 3596 2174 superque

1951 2185 2486 2254 ostendit.Etenim,
2519 2192 2585 2242 ut
2614 2185 2812 2242 Victor
2839 2186 2966 2260 ipse
3014 2189 3073 2243 in
3118 2189 3363 2246 concilio
3411 2191 3597 2247 Bene-

1949 2278 2197 2330 ventano
2229 2292 2426 2329 coram
2454 2274 2725 2333 Patribus
2748 2277 3036 2348 exposuit,
3062 2283 3376 2350 antequam
3407 2279 3600 2337 Victor

1949 2381 2067 2419 suae
2114 2362 2384 2419 electioni
2433 2364 2847 2432 consensisset,
2887 2382 3021 2420 eum
3068 2367 3138 2421 ad
3190 2368 3596 2438 pontiﬁcatum

1950 2452 2386 2523 suscipiendum
2419 2453 2583 2525 Hugo
2614 2456 2672 2508 et
2720 2453 3048 2509 Richardus
3078 2454 3354 2512 simulate
3391 2456 3599 2512 adhor-

1947 2543 2245 2607 tabantur,
2271 2541 2812 2615 subjecticnemque
2841 2542 2890 2598 ei
2923 2559 3159 2599 omnem
3190 2548 3331 2599 tunc
3354 2545 3601 2615 sponde-

1949 2631 2086 2685 bant
2113 2649 2125 2698 ;
2161 2631 2314 2702 quod
2339 2634 2641 2702 sperarent
2661 2646 2795 2687 eum
2814 2630 2871 2686 in
2896 2647 3005 2686 sua
3025 2631 3313 2687 sententia
3332 2648 3599 2704 perseve-

1949 2723 2308 2785 raturum,ac
2331 2720 2413 2774 sic
2439 2719 2783 2776 alterutrum
2814 2736 2884 2776 ex
2904 2719 3050 2793 ipsis
3066 2721 3138 2776 ad
3166 2721 3620 2793 pontiﬁcatum,

1948 2825 2123 2880 qucm
2158 2808 2251 2863 ille
2286 2809 2660 2880 pervicaciter
2691 2810 3021 2875 recusabat,
3053 2815 3466 2882 perventurum
3502 2815 3601 2881 ;at

1948 2914 2082 2953 cum
2113 2897 2308 2952 Victor
2338 2914 2644 2953 assensum
2676 2899 2911 2955 tandem
2946 2898 3486 2971 praebuissetmulla
3513 2900 3600 2957 eis

1948 2986 2149 3041 relicta
2173 2986 2562 3059 adipiscendae
2594 2987 2773 3057 hujus
2802 2988 3371 3061 dignitatisspe,nisi
3402 2988 3601 3045 Victor

1948 3074 2072 3148 ipse
2104 3075 2434 3147 pelleretur,
2467 3081 2781 3149 conceptam
2836 3078 3151 3133 ambitionis
3196 3080 3500 3149 ﬂammam,
3534 3082 3600 3135 ut

1948 3164 2141 3220 aiebat
2173 3164 2428 3237 pontifex
2484 3165 2542 3220 in
2575 3165 2819 3221 concilio
2868 3183 3003 3222 mox
3052 3166 3308 3231 laudato,
3348 3167 3600 3223 clibanus

1946 3263 2230 3310 exturatus
2258 3258 2511 3311 evomuit.
2534 3255 2621 3311 llli
2653 3270 2862 3327 nempe
2891 3272 3001 3311 sua
3028 3256 3423 3328 expectatione
3443 3256 3598 3312 frus-

1945 3344 2103 3410 trati,
2136 3344 2254 3399 fere
2286 3343 2343 3398 in
2374 3348 2639 3415 apertum
2660 3343 2915 3399 schisma
2943 3349 3282 3415 eruperunt,
3317 3345 3619 3402 Odonem-.

1947 3449 2080 3503 que,
2114 3433 2268 3503 quod
2301 3431 2595 3487 Victorem
2624 3431 2977 3499 ordinasset,
3012 3433 3343 3504 vituperare
3382 3437 3440 3489 et
3468 3446 3601 3490 con-

1945 3521 2111 3576 viciis
2166 3536 2409 3576 onerare
2462 3516 2589 3576 ausi
2651 3522 2810 3575 sunt.
2873 3520 3104 3586 Verum,
3139 3536 3274 3577 cum
3312 3520 3395 3575 illi
3442 3522 3599 3578 hunc

1948 3626 2175 3665 naevum
2222 3613 2442 3682 postea,
2486 3609 2556 3664 ad
2617 3607 2883 3664 Ecclesia;
2940 3607 3226 3664 unitatem
3280 3610 3597 3678 redeundo,

1947 3686 2260 3768 abluerint,
2293 3697 2534 3771 ipseque
2564 3698 2729 3770 Hugo
2775 3697 2833 3753 in
2867 3698 3127 3753 secunda
3156 3698 3226 3752 ad
3257 3698 3598 3756 Mathildem

1946 3785 2192 3859 epistola
2222 3789 2581 3843 contestatus
2618 3785 2792 3843 fuerit
2820 3803 2882 3843 se
2930 3802 3256 3858 numquam
3309 3805 3344 3843 a
3372 3793 3602 3846 caetero-

1948 3893 2079 3932 rum
2092 3875 2524 3932 Catholiccrum
2541 3876 2953 3931 communione
2965 3876 3516 3949 discessisse,parco
3530 3880 3602 3935 de

1945 3965 2287 4037 bujusmodi
2319 3963 2490 4035 culpa
2518 3964 2740 4020 diutius
2774 3965 3078 4032 disserere,
3113 3982 3185 4021 ne
3234 3965 3413 4022 cineri
3469 3967 3599 4024 illo-

1947 4072 2077 4110 rum
2109 4059 2286 4125 atque
2318 4053 2550 4109 ossibus
2567 4053 2827 4108 dolorem
2848 4053 3080 4110 inurere
3102 4054 3358 4111 voluisse
3376 4055 3594 4112 videar.

1946 4144 2150 4199 Moneo
2163 4146 2392 4198 tantum
2415 4141 2653 4197 alteram
2678 4159 2746 4197 ex
2760 4142 2990 4198 duabus
3005 4143 3266 4217 Hngonis
3279 4145 3348 4199 ad
3365 4144 3599 4200 Matbil-

1945 4233 2077 4288 dem
2122 4230 2387 4303 epistolis
2435 4231 2715 4287 insertam
2759 4232 2831 4286 ab
2882 4231 3123 4304 Hugone
3184 4232 3600 4291 Flaviniacensi

1945 4321 2126 4377 fuisse
2145 4321 2202 4375 in
2222 4319 2502 4375 Chronico
2525 4318 2911 4385 Verdunensi,
2947 4320 3186 4377 alteram
3225 4338 3359 4377 vero
3378 4338 3447 4378 ex
3484 4339 3596 4379 ms.

1945 4408 2477 4466 ccd.C.luniacensis
2490 4408 2830 4464 monasterii
2843 4409 3057 4465 editam
3082 4425 3211 4465 esse
3233 4414 3371 4465 tom.
3405 4410 3456 4466 ΙΙ
3476 4411 3603 4482 Spi-

1945 4496 2461 4571 cilcgiiAcheriani
2490 4498 2668 4565 ;Acta
2698 4497 2951 4570 denique
2982 4497 3211 4553 concilii
3243 4502 3598 4555 Beneventa-

1943 4588 2001 4644 ni
2021 4587 2132 4658 legi
2162 4586 2318 4659 apud
2350 4585 2583 4642 Petrum
2615 4586 2936 4642 Diaconum
2970 4585 3009 4641 l.
3043 4603 3107 4641 111
3134 4585 3405 4642 Chronici
3435 4587 3600 4642 Casi-

1947 4675 2246 4732 nensis.At
2276 4673 2493 4730 Urbani
2542 4674 2846 4747 epistolas,
2879 4691 3027 4746 quas
3072 4673 3185 4728 sibi
3234 4674 3305 4729 ab
3356 4675 3601 4745 Hugone

1944 4763 2309 4821 Cluniacensi
2345 4767 2701 4820 monstratas
2725 4764 2909 4819 fuisse
2936 4762 3167 4819 dicebat
3185 4761 3436 4833 Hugo,in
3468 4761 3600 4834 qui-

1943 4853 2057 4910 bus
2112 4852 2370 4924 pontil’ex
2429 4850 2843 4906 Cluniacenses
2892 4849 3191 4913 monebat,
3247 4853 3311 4903 ut
3366 4848 3598 4906 seseab

1944 4942 2208 5015 ejusdem
2241 4939 2501 5012 Hugonis
2531 4943 2588 4994 et
2630 4938 2905 4994 Ricbardi
2946 4936 3331 4993 Massiliensis
3371 4937 3601 4994 abbatis

1943 5029 2355 5088 communione
2385 5031 2770 5096 removerent,
2804 5044 3098 5100 nusquam
3130 5026 3411 5083 vidimus.

1944 5137 2110 5195 XXII.
2147 5136 2386 5191 Victoris
2414 5135 2493 5191 III
2531 5148 2699 5208 mors.
2727 5134 2767 5190 Α
2812 5151 2915 5208 quo
2943 5136 3207 5208 _vicarius
3236 5142 3288 5190 et
3331 5149 3601 5207 successm'

2530 5205 2848 5277 designatur
2881 5206 3007 5263 Odo.

2016 5296 2365 5369 Dignitatem
2400 5312 2575 5367 quam
2636 5312 2786 5367 aegre
2838 5296 2979 5352 adeo
3029 5294 3368 5366 susceperat
3404 5290 3601 5345 Victor

1940 5382 2100 5443 haud
2134 5386 2235 5442 diu
2263 5384 2755 5442 retinuit.Etenim
2791 5402 2923 5440 cum
2966 5381 3294 5447 Beneventi,
3328 5378 3429 5434 ubi
3461 5393 3597 5431 con—

1944 5475 2144 5532 cilium
2167 5472 2582 5540 celebrabat,in
2608 5474 2879 5529 morbum
2895 5469 3311 5544 lapsus,exitus
3331 5464 3421 5521 sui
3439 5463 3595 5518 diem

1944 5564 2253 5620 imminere
2276 5560 2971 5634 persensisset,Casinum
2984 5558 3184 5614 statim
3199 5549 3598 5634 rediit,ibique

1944 5650 2210 5710 Oderisio
2243 5633 2355 5707 sibi
2388 5647 2446 5703 in
2471 5647 2813 5703 monasterii
2835 5645 3117 5717 regimine
3136 5633 3612 5704 substituto,epi-.
