3958 6224
358 332 432 400 li
1658 333 1729 398 B.
1775 333 1982 400 URBA

2167 336 2172 398 Γ
2215 335 2467 400 ΡΑΡΔΕ.
3681 336 3762 402 32

358 484 566 544 soopos
591 471 651 527 et
677 465 1007 526 cardinales
1058 464 1161 542 qui
1215 462 1280 524 in
1326 464 1377 540 ej
1388 481 1454 526 us
1497 466 1780 527 comitatu
1836 471 2002 527 erant
2029 469 2086 540 Α
2113 471 2338 542 vestigia
2357 471 2447 528 sui
2458 468 2875 543 praedecessoris
2895 474 3012 545 pice
3029 471 3318 532 memoriae
3339 466 3587 542 Gregorii
3601 485 3761 544 papa?

355 557 708 626 convocavit,
759 573 951 630 eosque
995 561 1212 614 monuit
1239 573 1302 613 ac
1324 561 1606 631 praecepit,
1667 559 1750 614 uti
1808 563 2008 615 narrat
2113 559 2522 618 observaturum
2559 560 2928 618 denuntiavit.
2963 561 3156 618 Testis
3185 565 3276 619 est
3322 559 3626 628 Domnizo,
3655 559 3757 616 lib.

355 650 561 708 Petrus
589 648 738 704 libro
770 666 831 704 ιιι
861 647 1128 704 Chronici
1163 647 1520 717 Casinensis,
1569 648 1755 720 capite
1802 651 1892 716 73,
1942 653 2007 704 ut
2114 666 2176 716 ιι,
2211 667 2335 723 cap.
2369 651 2422 717 3,
2458 650 2752 707 Urbanum
2789 654 2928 708 tunc
2957 656 3058 708 aut
3087 655 3240 708 certe
3263 649 3435 724 paulo
3466 654 3669 723 postea
3689 651 3758 705 ad

353 740 616 796 Odonem
655 737 982 792 Ostiensem
1026 735 1387 808 episcopum,
1420 740 1550 808 post
1597 753 1762 791 suam
1815 736 2003 806 ipsius

352 833 622 894 mortem,
658 843 836 898 quam
871 825 1128 897 proxime
1159 832 1496 880 eventuram
1527 841 1653 880 esse
1685 843 1800 880 non
1833 825 2003 879 dubi-

351 917 532 981 tabat,
556 917 728 987 juxta
747 915 1007 985 Gregorii
1041 914 1343 969 morientis
1368 918 1563 967 votum
1591 914 1645 967 in
1671 913 2000 968 Romanum

350 1005 686 1080 pontificem
735 1003 1060 1076 eligerent:
1096 1006 1283 1071 Quem,
1336 1005 1467 1073 quia
1499 1019 1743 1073 praesens
1791 1003 1998 1070 adorat,

346 1111 520 1151 manu
541 1093 941 1166 apprehensum
969 1096 1180 1147 ca'tcris
1210 1094 1470 1162 episcopis
1499 1091 1746 1158 tradidit,
1775 1092 1958 1147 dicens
1979 1113 1998 1148 :

347 1185 582 1256 Accipite
607 1199 730 1238 eum
757 1186 807 1237 et
839 1184 896 1236 in
933 1183 1172 1238 ltomana
1199 1180 1327 1234 scde
1359 1181 1562 1245 locate;
1598 1198 1875 1250 meamque
1919 1183 1996 1236 vi-

343 1290 458 1330 cem
491 1275 549 1326 in
581 1272 852 1337 omnibus,
889 1286 1164 1342 quousque
1200 1270 1264 1325 id
1287 1271 1470 1338 facere
1511 1273 1750 1341 possitis,
1785 1272 1994 1326 habete.

343 1359 522 1416 Paulo
546 1363 696 1432 post,
733 1377 933 1414 mense
964 1358 1188 1414 scilicet
1208 1357 1556 1429 Septembri,
1593 1358 1790 1413 Victor
1821 1359 1994 1414 mori-

338 1452 473 1516 tur;
506 1449 607 1503 sod
641 1449 769 1520 ejus
800 1446 1158 1503 successoris
1179 1446 1404 1512 electio,
1429 1449 1500 1502 ob
1523 1452 1852 1520 temporum
1887 1449 1996 1502 dif-

339 1537 658 1603 ficultates,
689 1537 747 1592 in
780 1542 1119 1610 sequentem
1155 1554 1375 1592 annum
1406 1536 1588 1592 dilata
1617 1543 1726 1591 est.

335 1643 530 1700 XXIII.
566 1645 773 1701 Urbani
803 1647 878 1700 III
903 1645 1110 1699 electio.
1153 1645 1388 1698 Litteras
1413 1659 1495 1698 -ea
1526 1643 1590 1698 de
1629 1645 1896 1714 rescribit,
1928 1661 1997 1699 ea:

781 1716 976 1787 quibus
1001 1717 1210 1787 aliquot
1237 1718 1547 1786 supersunt.

2113 738 2452 794 Matbildem
2483 739 2846 796 comitissam
2872 740 3273 812 scripsisse,ut
3300 757 3430 796 eam
3461 739 3536 795 ad
3568 756 3757 812 persc-

2113 829 2433 886 veramlum
2483 828 2541 884 in
2595 830 2812 885 tuenda
2861 830 3140 886 adversus
3166 829 3577 886 schismaticos
3603 829 3760 886 sedis

2069 993 2074 995 ἓ
2111 917 2438 988 apostolicae
2461 935 2642 974 causa
2671 918 3390 976 adhortareturﬁznterum
3416 935 3530 974 non
3554 918 3763 990 cpisto-

2108 1005 2196 1061 las
2228 1007 2420 1071 modo,
2454 1009 2554 1062 sed
2581 1007 2755 1063 etiam
2787 1007 3010 1079 legatos
3040 1009 3114 1064 ab
3148 1008 3376 1064 Urbano
3409 1007 3469 1062 in
3499 1007 3759 1062 diversas

2107 1093 2312 1167 plagas
2335 1095 2550 1152 missos
2581 1097 2766 1152 fuisse
2784 1097 2961 1152 tradit
2982 1096 3292 1153 Ordcricus
3325 1096 3476 1153 libro
3497 1095 3758 1162 laudato,

2110 1188 2174 1238 ut
2203 1183 2494 1256 principes
2510 1185 2944 1242 Christianosin
2976 1186 3088 1240 fide
3121 1191 3178 1241 et
3207 1186 3432 1240 unitate
3449 1185 3758 1240 confirma-

2108 1278 2214 1328 ret.
2259 1276 2506 1345 (‘onﬁsus
2529 1277 2589 1330 in
2608 1277 2836 1331 Domino
2863 1276 3140 1342 σιειονιιτη,
3171 1274 3252 1330 ait
3283 1274 3377 1329 hic
3407 1279 3630 1342 auctor,
3665 1276 3758 1344 qui

2105 1378 2213 1416 non
2245 1363 2508 1433 relinquit
2539 1365 2752 1432 virgam
2778 1372 3118 1434 peccatorum
3146 1381 3309 1434 super
3354 1370 3552 1418 sortem
3579 1365 3758 1435 justo-

2107 1469 2252 1520 rum,
2285 1453 2437 1507 misit
2485 1453 2689 1521 legatos
2741 1461 2792 1509 et
2837 1454 3079 1525 epistolte
3107 1455 3368 1510 Romanae
3411 1455 3757 1508 auctoritatis

2105 1542 2329 1598 Francis
2359 1546 2412 1596 et
2433 1545 2661 1606 Graecis,
2684 1543 2922 1613 aliisque
2949 1541 3199 1612 gentibus
3224 1557 3322 1612 per
3345 1541 3532 1598 orbem
3558 1543 3762 1597 consti-

2105 1632 2255 1696 tutis,
2289 1641 2346 1684 u!
2381 1633 2442 1686 in
2471 1631 2576 1701 ﬁde
2603 1633 2874 1686 catholica
2905 1632 3365 1703 irrefragabiliter
3402 1632 3762 1702 persisterent

2099 1723 2150 1774 et
2179 1735 2392 1775 omnem
2433 1722 2730 1775 scissuram
2777 1737 2812 1774 a
2860 1721 2978 1788 lege
3021 1721 3119 1776 Dei
3167 1724 3218 1775 et
3265 1734 3488 1791 corpore
3534 1718 3757 1787 Christi,

411 1805 682 1862 Decursis
713 1822 747 1860 a
775 1805 1026 1860 Victoris
1056 1805 1252 1858 obitus
1275 1821 1376 1859 sex
1405 1803 1636 1859 circiter
1667 1805 1988 1870 mensibus,
2025 1842 2070 1906 Β
2100 1808 2240 1880 quod
2270 1816 2348 1864 est
2380 1810 2637 1876 Ecclesia,
2666 1809 2867 1864 callide
2891 1815 3276 1881 przecaverent.

336 1895 409 1952 de
439 1910 774 1950 successore
796 1894 1032 1950 tandem
1054 1898 1252 1949 actum
1273 1897 1382 1948 est.
1407 1893 1734 1948 Conventus
1753 1909 1819 1948 ea
1841 1895 1911 1948 dc
1933 1911 1993 1949 re

335 1985 492 2057 apud
523 1983 894 2040 Terracinam
912 1987 1046 2037 Cum
1058 1983 1240 2053 panis:
1259 1983 1531 2037 Romana:
1560 1983 1992 2046 urbem,mense

335 2073 564 2139 Martio,
601 2089 756 2128 anno
791 2071 1192 2137 l088,habitus
1210 2070 1386 2136 est,in
1411 2088 1527 2142 quo
1559 2071 1989 2126 Catholicorum

335 2161 600 2220 omnium
625 2160 895 2218 unanimi
926 2177 1216 2216 consensu
1248 2159 1424 2215 simul
1455 2165 1510 2215 et
1541 2159 1824 2231 applausu
1867 2162 1988 2216 Udo

333 2252 642 2324 episcopus
671 2250 957 2306 Ostiensis
986 2251 1284 2304 Romanus
1315 2248 1571 2321 pontifex
1619 2250 1988 2305 renuntiatus

333 2341 444 2396 fuit
473 2341 586 2397 sub
617 2340 824 2397 Urbani
841 2341 892 2394 ll
921 2339 1180 2393 nomine.
1215 2339 1394 2392 Nemo
1427 2343 1621 2393 autem
1645 2354 1759 2392 non
1791 2337 1988 2393 lauda-

330 2430 411 2485 vit
442 2429 599 2502 quod
629 2428 846 2484 Odonis
867 2427 1099 2499 generis
1124 2426 1422 2494 nobilitas,
1449 2427 1628 2481 animi
1651 2431 1986 2482 mansuetu-

329 2517 426 2584 do,
460 2516 722 2574 suavitas
751 2533 1004 2583 morum,
1039 2515 1166 2570 vita:
1202 2515 1554 2582 innocentia,
1579 2516 1640 2570 in
1663 2514 1984 2572 tractandis

331 2606 577 2679 negotiis
611 2605 917 2677 prudentia
943 2609 997 2659 et
1029 2605 1364 2674 dexteritas,
1419 2606 1475 2660 in
1515 2603 1775 2660 adversis
1818 2621 1984 2661 cons-

330 2694 546 2752 stantia
577 2693 1010 2765 insuperabilis,
1043 2692 1285 2764 aliaeque
1320 2694 1583 2759 virtutes,
1616 2710 1744 2765 quae
1799 2694 1978 2749 maxi-

331 2798 494 2840 mum
519 2781 854 2853 pontificem
877 2779 1385 2847 deccnt,omnibus
1405 2784 1602 2837 essent
1631 2785 1797 2837 notas.
1833 2782 1978 2837 Eum

329 2868 629 2926 nebulosis
676 2867 798 2924 illis
844 2869 1233 2939 temporibus,
1281 2887 1316 2924 a
1343 2871 1448 2926 Deo
1477 2871 1644 2926 Israel
1670 2874 1980 2925 maximum

322 2960 630 3031 principem
655 2965 846 3013 contra
865 2958 1170 3029 allaphylos
1187 2960 1540 3015 constitutum
1562 2959 1744 3015 fuisse
1771 2959 1979 3014 scribit

328 3046 606 3105 Odericus
653 3045 860 3103 Vitatis
909 3046 1058 3101 libro
1115 3064 1238 3115 vm,
1297 3047 1389 3104 cui
1447 3050 1712 3105 Dominus
1769 3057 1979 3104 turrem

327 3135 500 3192 David
549 3152 670 3191 cum
721 3136 1152 3207 propugnaculis
1207 3141 1397 3192 contra
1451 3139 1653 3209 faciem
1727 3139 1978 3193 Damasci

2173 1895 2412 1970 Aliquot
2441 1914 2507 1953 ex
2536 1896 2804 1970 epistolis
2835 1897 2975 1966 illis,
3004 1898 3076 1954 ab
3109 1897 3341 1956 Urbano
3391 1895 3594 1953 statim
3626 1899 3761 1969 post.

2101 2002 2269 2040 suam
2301 1985 2640 2041 electionem
2677 1985 2934 2057 scriptis,
2969 1985 3442 2058 supersunt.Una
3471 1983 3757 2056 inscripta

2098 2079 2187 2130 est
2217 2073 2618 2145 Saliburgensi
2652 2074 3120 2146 metropolitano,
3149 2073 3402 2146 aliisque
3430 2073 3757 2132 Germania:

2097 2163 2392 2235 episcopis
2423 2163 2909 2235 catbolicis,quod
2941 2163 3013 2219 ad
3045 2162 3538 2236 perseverantiam
3573 2161 3635 2218 in
3662 2162 3758 2220 Ec-

2101 2251 2290 2307 clesia)
2340 2250 2638 2306 catholicae
2689 2252 3022 2308 obedientia
3069 2251 3292 2323 paucis,
3345 2252 3446 2308 sed
3498 2249 3757 2308 maxime

2101 2339 2460 2405 efﬁcacibus,
2492 2339 2685 2396 verbis
2715 2339 3079 2396 adhortatur.
3111 2338 3368 2396 Alteram
3409 2338 3656 2411 scripsit
3685 2339 3756 2394 ad

2093 2429 2396 2501 episcopos
2425 2427 2776 2485 Viennensis
2811 2427 2871 2484 in
2902 2427 3090 2484 Gallia
3140 2427 3471 2500 provinciis,
3505 2427 3566 2483 in
3618 2445 3753 2500 qua,

2092 2521 2224 2590 post
2253 2516 2642 2589 signiﬁcatam
2675 2516 2756 2573 eis
2789 2533 2962 2572 suam
2995 2516 3362 2583 electionem,
3385 2515 3520 2574 illos
3553 2519 3754 2572 monet

2090 2610 2156 2662 ut
2184 2623 2302 2662 sua:
2337 2605 2640 2678 metropoli
2672 2611 3182 2678 succurrant,quae
3205 2607 3284 2662 ob
3306 2606 3756 2662 diuturnamsc-

2088 2693 2179 2750 dis
2210 2693 2568 2750 vacationem
2591 2695 2861 2766 jacturas
2901 2711 3107 2767 graves
3151 2694 3502 2767 patiebatur.
3534 2693 3748 2750 Eadem

2087 2783 2740 2854 occasione,eodemque
2761 2783 3312 2854 tempore,pontifex
3341 2783 3414 2840 ad
3437 2783 3750 2855 Hugonem

2091 2871 2360 2928 abbatem
2393 2871 3042 2936 Cluniacenscm,suum
3058 2871 3197 2928 olim
3213 2871 3272 2926 in
3286 2870 3607 2944 disciplina
3624 2887 3750 2928 mo-

2087 2959 2312 3016 nastica
2337 2960 2708 3033 magistrum,
2742 2959 2998 3032 scripsit,
3032 2977 3151 3032 qua
3173 2959 3365 3018 verbis
3403 2959 3746 3016 tenerrimis

2084 3065 2220 3105 eum
2252 3047 2616 3118 adhortatur,
2651 3053 2718 3103 ut
2747 3052 2964 3120 quanto
3000 3047 3176 3104 citius
3208 3048 3296 3105 fas
3325 3047 3378 3104 ei
3407 3047 3591 3104 fuerit
3621 3049 3740 3112 Ro-

2085 3153 2240 3194 mam
2275 3137 2528 3204 accedat,
2561 3136 2698 3209 ipsi,
2731 3137 2801 3192 ad
2824 3140 2944 3192 tam
2971 3151 3143 3210 grave
3183 3153 3334 3192 onus
3378 3137 3741 3208 portandum

325 3227 700 3280 committeret.
727 3206 882 3280 Tum
907 3206 1052 3280 eum
1083 3224 1168 3280 sic
1199 3206 1714 3296 repraesentatzltic
1741 3230 1856 3281 erat
1879 3243 1971 3279 na-
2003 3206 2048 3274 Ο
2086 3241 2257 3298 opem
2304 3206 2612 3282 allaturus:
2647 3223 2882 3280 Similes
2928 3206 3171 3290 litteras,
3205 3225 3307 3280 sed
3357 3206 3487 3296 quas
3519 3224 3751 3282 excide-

325 3315 472 3371 tione
500 3313 684 3369 Gallus
711 3313 997 3370 nobilitate
1043 3318 1094 3369 et
1140 3315 1562 3370 mansuetudine
1608 3315 1811 3380 clarus,
1844 3315 1980 3370 ciris

328 3405 620 3470 flammis,
669 3403 966 3459 "tunae/ms
1011 3405 1410 3469 Cluniacensis,
1460 3409 1625 3461 aetate
1668 3403 1977 3471 mediocris,

323 3507 544 3564 corpore
565 3509 817 3564 magnus,
849 3493 1112 3549 molestia
1159 3493 1449 3559 discretus,
1492 3495 1762 3561 religione
1795 3494 1978 3548 maxi-

323 3598 465 3647 mus,
490 3583 768 3652 sapientia
794 3589 846 3637 et
869 3583 1176 3654 eloquentia
1213 3583 1544 3652 praecipuus.
1587 3582 1806 3638 Urbani
1837 3582 1982 3638 elec-

322 3669 541 3726 tionem
573 3668 780 3724 laudat
807 3686 1042 3740 quoque
1075 3669 1372 3736 Domnizo,
1404 3669 1505 3724 lib.
1542 3687 1600 3737 ιι,
1633 3686 1760 3742 cap.
1795 3673 1851 3736 7,
1880 3669 1981 3726 ubi

325 3775 462 3814 eum
493 3756 566 3812 ob
615 3755 1012 3828 eloquentiam
1037 3758 1310 3812 rhetorem
1327 3757 1602 3828 appellat,
1624 3757 1748 3828 qui,
1771 3757 1982 3829 inquit,

325 3854 384 3903 ut
409 3847 668 3902 Salomon
685 3845 916 3910 dicebat,
949 3850 1007 3900 et
1033 3845 1346 3901 considebat
1373 3850 1431 3900 ut
1453 3850 1639 3916 justus
1670 3847 1770 3901 leo.
1804 3847 1981 3903 Eum-

326 3936 458 3992 dem
484 3934 730 3990 doctrina
761 3942 812 3990 et
839 3935 1156 3990 sanctitate:
1179 3936 1301 3989 vitae
1331 3937 1518 4006 quovis
1549 3935 1752 4003 grandi
1779 3938 1979 4007 magis-

323 4028 474 4080 tratu
493 4023 727 4092 dignum
747 4025 922 4094 [uisse
951 4021 1178 4078 Platina
1205 4027 1520 4078 asseverat.

395 4111 580 4168 Venia
609 4115 806 4166 autem
837 4111 1054 4184 dignus
1093 4116 1183 4167 est
1224 4109 1550 4177 Bcrtoldus,
1591 4113 1691 4182 qui
1745 4112 1806 4168 in
1849 4117 1982 4169 Ger-

325 4199 527 4257 mania
553 4200 916 4256 constitutus
943 4204 1145 4256 contra
1173 4199 1426 4256 aliorum
1475 4204 1783 4258 auctorum
1823 4203 1982 4258 testi-

325 4288 613 4356 monium,
637 4293 696 4343 et
725 4287 910 4361 ipsius
942 4288 1156 4345 Urbani
1203 4287 1501 4361 epistolas,
1552 4289 1790 4362 scripsit
1829 4290 1981 4346 hanc

323 4377 665 4434 electionem
699 4377 894 4432 Roma:
930 4376 1111 4432 fuisse
1144 4377 1453 4444 factam,ut
1481 4395 1515 4432 a
1545 4379 1766 4433 caeteris
1808 4379 1864 4435 in
1898 4395 1983 4433 ee-

323 4465 622 4523 lebrandis
644 4465 894 4537 hujusce
917 4467 1210 4538 pontiﬁcis
1241 4466 1516 4522 laudibus
1547 4484 1662 4524 non
1688 4467 1977 4524 dissentit.

2090 3319 2246 3384 runt,
2281 3313 2646 3386 Raynaldum
2678 3314 2992 3370 Remorum
3025 3313 3350 3370 antistitem
3393 3314 3466 3370 ab
3507 3314 3750 3371 Urbano

2090 3403 2382 3475 recepisse
2413 3402 2650 3475 conjicit
2679 3401 2963 3458 Marlotus
2994 3419 3147 3459 anno
3178 3403 3225 3458 II
3257 3402 3605 3474 metr0polis
3637 3403 3746 3460 Re-

2090 3491 2333 3557 mensis,
2366 3508 2436 3547 ex
2464 3491 2666 3546 charta
2696 3489 2862 3546 initio
2893 3490 3032 3546 anni
3057 3491 3358 3562 sequentis
3383 3491 3615 3559 data,in
3633 3508 3753 3564 qua

2093 3580 2450 3653 Raynaldus,
2483 3579 2764 3635 invitante
2797 3578 3052 3648 Urbano,
3079 3595 3142 3635 se
3188 3583 3437 3636 Romam
3469 3581 3639 3638 adire
3667 3584 3749 3636 te-

2090 3672 2296 3724 statur.
2321 3669 2407 3724 An
2437 3667 2614 3723 etiam
2647 3667 2719 3723 ad
2767 3666 3088 3740 Anglorum
3136 3667 3453 3736 antistites,
3485 3685 3748 3741 quorum

2090 3757 2341 3830 primum
2373 3755 2573 3814 sedem
2616 3759 2754 3811 tunc
2784 3755 3088 3812 obtinebat
3115 3755 3322 3812 beatus
3372 3756 3752 3816 Lanfrancus

2089 3844 2412 3903 Cantuariis
2443 3843 2941 3916 archiepiscopus,
2959 3843 3260 3917 scripserit
3275 3861 3464 3902 novus
3484 3845 3754 3918 pontifex

2090 3933 2248 3990 haud
2281 3938 2506 3990 certum
2536 3937 2661 3988 est:
2695 3935 2756 3988 at
2781 3947 2851 3988 ex
2879 3933 3068 3988 sancti
3097 3931 3362 3990 Anselmi
3397 3932 3599 3990 Gentis
3631 3933 3750 3992 col-

2089 4022 2292 4096 ligitur
2322 4021 2623 4077 Urbanum
2664 4025 2796 4076 ante
2844 4020 3109 4091 ejusdem
3157 4021 3346 4078 sancti
3397 4020 3752 4081 electionem

2091 4128 2199 4171 nec
2223 4111 2553 4167 admissum
2585 4125 2689 4166 nec
2716 4109 2997 4180 rejectum
3022 4110 3084 4166 in
3112 4109 3324 4182 Anglia
3355 4110 3565 4169 fuisse.

2437 4197 2626 4254 XXIV.
2663 4199 2939 4255 Urbanum
2965 4214 3148 4256 omnes
3179 4203 3389 4254 aniant.

2161 4290 2346 4344 Tanta
2373 4292 2569 4343 autem
2595 4292 2720 4342 erat
2748 4285 2904 4357 apud
2935 4287 3226 4344 omnesde
3254 4287 3491 4344 Urbano
3521 4289 3753 4362 opinio,

2092 4381 2158 4434 ut
2187 4375 2388 4432 nullus
2415 4392 2550 4432 eum
2581 4392 2696 4430 non
2724 4382 2965 4442 amaret,
3003 4375 3321 4448 nullusque
3368 4393 3476 4449 pro
3526 4394 3670 4436 vero
3699 4383 3759 4434 et

2091 4465 2312 4539 optimo
2342 4463 2613 4536 pontiﬁce
2643 4479 2778 4519 eum
2809 4462 3055 4519 libenter
3084 4481 3200 4521 non
3227 4472 3756 4538 agnosceret,prze-

324 4558 524 4621 Rom,
565 4555 777 4628 inquit,
828 4556 1137 4612 cardinales
1179 4564 1232 4612 et
1275 4557 1536 4628 episcopi,
1573 4559 1624 4611 et
1672 4556 1875 4630 reliqui
1919 4558 1985 4616 de
2017 4575 2061 4640 Ι)
2091 4560 2180 4611 ter
2211 4552 2520 4608 Henricum
2554 4553 2905 4623 Augustum,
2938 4552 3187 4640 ejusque
3229 4567 3518 4625 sequaces
3553 4573 3566 4612 :
3602 4572 3758 4628 quos

320 4645 464 4702 clero
491 4653 545 4702 et
579 4646 781 4717 populo
834 4645 1098 4700 catholico
1142 4646 1388 4702 0t.onem
1434 4643 1734 4699 Ostiensem
1783 4647 1984 4716 episco-

316 4751 472 4807 pum,
503 4735 772 4804 religione
789 4737 841 4790 et
861 4733 1170 4790 eruditione
1197 4732 1605 4798 celebrandum,
1619 4748 1822 4803 papam
1852 4751 1979 4791 αωιι

320 4823 713 4881 ordinaverunt
736 4842 748 4880 :
773 4826 932 4895 eique
951 4839 1146 4878 nomen
1171 4822 1380 4879 Urbani
1389 4820 1616 4877 secundi
1636 4820 1975 4880 indiderunt.

322 4927 379 4964 ιν
419 4911 544 4967 Idus
574 4912 778 4968 Martii.
831 4912 962 4966 Haec
990 4911 1121 4982 ipsa
1162 4911 1369 4966 eadem
1400 4909 1494 4964 die
1525 4907 1742 4964 Urbani
1781 4910 1982 4969 electio

321 4997 705 5070 consignatur
733 4999 794 5054 in
843 5001 1003 5055 brevi
1045 4999 1330 5056 Chronico
1367 4997 1613 5054 Cavcnsi
1662 4998 1734 5052 ad
1787 4999 1980 5072 cyclos

323 5083 664 5158 paschales;
699 5085 817 5140 imo
847 5092 905 5141 et
935 5087 990 5140 in
1023 5087 1170 5158 ipsis
1203 5087 1422 5142 Urbani
1453 5084 1687 5152 litteris,
1723 5103 1872 5157 quas
1911 5107 1982 5146 ea

323 5175 394 5230 de
423 5190 484 5229 re
514 5172 770 5244 scripsit.

395 5262 462 5318 Et
491 5261 731 5333 quidem
764 5261 1070 5317 Bertoldus
1104 5266 1352 5318 testatur
1403 5277 1618 5316 novum
1653 5262 1982 5330 pontificem

323 5350 523 5406 statim
550 5352 684 5420 post
715 5366 886 5404 suam
933 5349 1274 5406 electionem
1319 5350 1547 5405 litteras
1577 5347 1844 5418 encyclas
1881 5369 1985 5422 per

322 5440 512 5493 totum
544 5437 744 5492 orbem
773 5436 1170 5492 Christianum
1215 5437 1468 5494 misisse.
1528 5436 1861 5504 Insequenti,
1893 5439 1982 5495 in-

323 5525 474 5596 quit,
505 5524 614 5589 die,
645 5525 832 5580 missis
865 5525 1063 5580 litteris
1105 5526 1354 5580 omnibus
1387 5523 1704 5588 Catholicis,
1741 5527 1793 5577 et
1821 5541 1982 5583 suam

322 5613 734 5670 ordinationem
764 5613 1017 5668 omnibus
1063 5612 1382 5678 declaravit,
1431 5618 1484 5669 et
1536 5625 1591 5664 se
1635 5609 1695 5664 in
1733 5614 1981 5671 omnibus

2095 4648 2294 4701 tamen
2325 4642 2489 4709 adeo,
2524 4657 2625 4712 pro
2656 4656 2766 4696 sua
2793 4639 3105 4718 prudentia
3131 4645 3192 4696 ct
3218 4640 3462 4698 lenitate
3509 4659 3756 4701 morum

2089 4729 2462 4796 demulsit,ut
2492 4727 2802 4800 plerosque
2834 4727 3068 4784 illorum
3098 4729 3346 4800 puderet
3371 4733 3576 4788 setam
3593 4748 3760 4790 ama-

2090 4821 2216 4887 bili,
2245 4824 2365 4875 tam
2397 4820 2600 4874 sancto
2628 4815 2748 4872 viro
2779 4815 3095 4872 adversari.
3131 4817 3278 4874 Hinc
3307 4819 3421 4875 sub
3454 4819 3592 4892 ejus
3623 4820 3756 4876 vitae

2091 4911 2270 4966 ﬁnem
2292 4906 2386 4962 vix
2397 4905 2578 4976 aliqui
2594 4909 2941 4976 supererant
2956 4904 3056 4976 qui
3075 4904 3356 4963 Guiberto
3367 4907 3644 4979 pontiﬁci
3657 4909 3761 4966 ad-

2091 4997 2396 5054 haererent.
2431 4994 2613 5062 Solus,
2638 4991 2837 5064 inquit
2885 4993 3216 5063 Ordcricus,
3247 4997 3516 5052 Dein-iens
3578 4999 3756 5054 Theu-

2089 5095 2281 5143 tonum
2313 5085 2568 5155 princeps
2615 5085 2666 5136 et
2692 5081 2970 5153 pedisequi
3016 5082 3258 5154 ejusdem
3283 5083 3544 5144 Guiberto
3573 5087 3760 5144 adha-

2091 5175 2283 5230 rebant
2303 5189 2324 5234 ,·
2355 5171 2501 5226 Galli
2529 5186 2652 5226 vero
2679 5179 2730 5225 et
2758 5171 2940 5239 Angli,
2972 5171 3206 5242 aliaque
3233 5179 3422 5241 gentes
3458 5187 3609 5246 pene
3637 5193 3756 5234 om-

2090 5281 2184 5319 nes
2227 5278 2328 5332 per
2375 5259 2559 5314 orbem
2612 5259 2826 5315 Urbano
2866 5261 2958 5329 pie
3002 5260 3461 5325 obsecundabant.
3497 5263 3656 5331 Quin
3699 5269 3758 5322 et

2088 5351 2306 5414 Pisoni,
2340 5352 2407 5403 ut
2434 5347 2612 5402 habet
2641 5345 2967 5417 Bertoldus,
2999 5347 3302 5404 Genumes
3329 5355 3385 5406 et
3421 5353 3533 5408 alii
3580 5351 3760 5410 multi

2088 5457 2158 5496 ea:
2187 5437 2373 5500 Italia,
2405 5433 2696 5492 debellato
2728 5450 2844 5490 uno
2874 5450 2942 5490 ex
2985 5434 3275 5493 Africanis
3314 5439 3586 5512 regibus,
3629 5458 3758 5499 eum

2087 5526 2394 5600 apostolicae
2423 5523 2562 5579 sedis
2589 5523 2952 5578 tributariam
2990 5526 3257 5592 fecerunt.
3292 5526 3484 5599 Cujus
3511 5531 3754 5604 expedi-

2087 5614 2268 5674 tionis
2298 5608 2902 5668 meminitChronicon
2933 5609 3300 5684 Pisanum,in
3330 5631 3451 5688 quo
3481 5617 3618 5676 duae
3642 5637 3772 5682 mw.
