3958 6224
1792 388 2001 462 VITA‘.
3520 398 3604 462 at

200 534 467 588 nitissimae
498 532 683 587 urbes
716 512 815 586 die
838 518 1201 609 sancti-Xiati
1223 534 1402 603 capta:
1425 520 1841 587 memorantur.
1874 536 1927 603 Α
1958 531 2268 604 episcopus
2302 533 2661 601 Portuensis,
2693 537 2749 587 et
2780 533 3124 589 Benedictus
3155 536 3481 607 prmfectus‘
3510 553 3604 592 re-

260 639 409 698 XXV'.
443 640 821 695 Partz'eulm-is
872 638 985 709 ejus
1042 639 1323 693 electionis
1379 638 1668 710 destv'z'ptz'o
1706 655 1775 692 ac

719 712 989 766 Chronico
1022 711 1324 765 Cusinensi.

262 800 373 856 Huc
406 815 594 871 usque
633 798 836 854 varios
884 803 1169 864 auctores,
1204 799 1302 870 qui
1358 799 1495 854 data
1541 798 1845 853 occasione

201 888 520 943 summatim
559 888 635 944 de
665 887 892 944 Urbani
923 887 1201 943 electione
1235 887 1615 959 scripserunt,
1643 886 1844 942 lauda-

199 977 406 1033 vimus:
433 980 563 1049 jam
594 994 742 1032 vero
770 978 1029 1050 proferre
1060 976 1201 1032 libet
1230 978 1525 1050 egregiam
1571 978 1699 1047 ejus
1746 977 1844 1031 de-

202 1066 580 1139 scriptionem,
618 1082 805 1138 quam
838 1066 1043 1123 Petrus
1088 1066 1371 1122 diaconus
1402 1066 1550 1121 libro
1581 1083 1637 1121 ιν
1666 1065 1845 1121 Chro-

202 1155 299 1210 nici
326 1155 665 1211 Casinensis
688 1172 820 1228 cap.
846 1159 882 1210 2
914 1155 1178 1219 inseruit,
1213 1154 1311 1210 ubi
1343 1171 1577 1210 omnem
1597 1156 1725 1225 ejus
1756 1170 1845 1209 se-

201 1243 325 1299 riem
354 1260 485 1299 cum
513 1243 783 1317 singulis
813 1244 1273 1300 circumstantiis
1304 1244 1431 1299 fuse
1451 1248 1508 1299 et
1538 1243 1847 1316 particula-

200 1331 292 1388 tim
322 1330 593 1405 explicat.

259 1445 284 1470 ιε
316 1421 447 1477 Post
474 1425 737 1477 mortem
760 1421 1013 1477 Victoris
1058 1421 1295 1477 tristitia
1326 1422 1531 1494 ingens
1559 1426 1614 1477 et
1643 1422 1846 1493 despe-

199 1509 326 1566 ratio
348 1514 593 1566 eunetos
616 1514 842 1565 nostrae
865 1510 1048 1582 partis
1071 1510 1318 1578 invasit;
1348 1511 1540 1581 etjam
1568 1511 1682 1566 fere
1705 1510 1846 1582 quid

190 1600 434 1671 agerent,
463 1600 553 1655 vel
579 1599 845 1672 qualiter
875 1616 935 1655 se
967 1600 1038 1655 de
1065 1599 1322 1654 Ecclesia
1371 1600 1846 1665 intromitterent,

198 1687 546 1761 ignorabant.
580 1688 900 1761 Episcopis
936 1688 1395 1760 circumquaque
1424 1687 1706 1760 dispersis
1740 1688 1846 1742 fre-

198 1783 423 1849 quentes
454 1777 682 1840 nuntii,
718 1777 1025 1848 crebrique
1072 1776 1247 1848 legati
1281 1781 1401 1832 tam
1452 1778 1848 1831 Romanorum

200 1883 359 1936 quam
392 1866 988 1921 Ultramontanorum
1021 1872 1075 1919 et
1107 1865 1417 1921 comitissze
1450 1865 1743 1919 Mathilda:
1777 1865 1847 1919 ad

200 1956 412 2011 eosdem
429 1955 753 2027 episcopos
774 1953 1130 2017 transmissi,
1151 1953 1539 2009 hortabantur
1557 1954 1769 2025 pariter
1785 1969 1850 2008 ac

201 2045 460 2115 rogabant
491 2048 629 2099 ut...
674 2043 734 2097 in
784 2058 969 2097 unum
1003 2042 1411 2098 convenientes
1443 2048 1617 2113 caput
1665 2043 1849 2096 facere

199 2131 648 2188 Christianitatis
672 2135 1037 2204 satagerent:
1057 2132 1321 2186 membra
1335 2132 1432 2186 Dei
1449 2131 1659 2186 auxilio
1675 2131 1849 2201 capiti

203 2239 302 2276 non
351 2222 653 2277 defutura.
689 2222 951 2276 Tandem
1010 2221 1207 2292 itaque
1262 2238 1497 2275 rursum
1562 2221 1617 2274 in
1666 2238 1848 2277 unum

200 2310 509 2378 coadunati,
552 2326 687 2365 una
716 2326 851 2364 cum
899 2309 1106 2365 abbate
1139 2313 1341 2364 nostro
1380 2308 1644 2365 Oderisio
1680 2310 1851 2363 mise-

199 2404 319 2454 runt
366 2400 599 2455 litteras
664 2399 948 2454 Romanis
1005 2397 1233 2453 clericis
1292 2415 1357 2453 ae
1408 2396 1595 2463 laicis,
1652 2398 1850 2453 Sancti

198 2488 331 2544 Petri
363 2488 671 2555 ﬁdelibus,
702 2492 770 2541 ut
799 2492 1084 2559 quotquot
1132 2504 1201 2542 ex
1240 2488 1324 2543 eis
1366 2493 1629 2569 possent,
1662 2487 1851 2559 prima

198 2577 549 2634 hebdomade
578 2576 1085 2648 Quadragcsimse,
1134 2577 1506 2632 Terracinam
1542 2577 1807 2631 venirent
1836 2594 1848 2631 :

198 2671 469 2739 quotquot
492 2684 640 2722 vero
702 2683 819 2720 non
874 2671 1127 2738 possent,
1191 2682 1501 2720 assensum
1558 2682 1731 2719 suum
1790 2665 1848 2720 in

200 2772 451 2826 persona,
484 2772 676 2827 quam
713 2754 824 2826 ipsi
862 2754 1131 2809 concordi
1182 2759 1313 2809 voto
1361 2754 1664 2826 eligerent,
1717 2771 1848 2825 pro-

198 2845 328 2915 priis
364 2845 579 2900 litteris
613 2848 1122 2915 repraesentarent.
1156 2843 1436 2898 Similiter
1464 2844 1639 2898 etiam
1675 2844 1847 2898 mise-

202 2937 325 2987 runt
350 2933 581 2989 litteras
636 2932 933 2988 universis
986 2932 1445 3005 circumquaque
1474 2949 1576 3005 per
1605 2933 1848 3005 Campa-

203 3022 366 3087 niam,
423 3022 865 3093 Principatum,
921 3025 1094 3093 atque
1152 3021 1422 3093 Apuliam
1472 3022 1849 3077 manentibus

196 3111 471 3185 episcopis
526 3116 719 3182 atque
753 3111 1085 3177 abbatibus,
1119 3116 1183 3166 ut
1226 3110 1561 3183 quicunque
1612 3115 1851 3182 possent

198 3200 402 3272 absque
432 3201 730 3256 canonica
751 3200 1120 3255 excusatione
1153 3217 1256 3272 per
1287 3201 1509 3271 scipsos
1537 3200 1606 3255 ad
1640 3201 1849 3272 praedi-

1954 620 2214 676 tulerunt
2265 626 2319 676 et
2378 621 2486 693 ipsi
2522 626 2641 677 tam
2704 620 3047 677 clericorum
3102 640 3276 695 quam
3318 625 3602 682 laicorum

1956 710 2215 765 fidelium
2251 728 2284 766 a
2343 712 2525 766 Roma
2584 728 2760 783 super
2815 711 3211 783 hocnegotio
3253 714 3603 785 legationem

1955 799 2174 871 pariter
2192 804 2365 871 atque
2395 817 2778 867 consensum;
2804 800 3086 867 videlicet,
3114 806 3177 856 ut
3198 818 3605 876 quemcunque

1955 887 2064 959 ipsi
2088 891 2224 943 tunc
2241 889 2503 944 unanimi
2523 899 2651 945 voto
2675 890 2743 944 ad
2768 890 2875 945 hoc
2898 891 3153 945 cilicium
3178 898 3601 963 promoverent,

1954 977 2226 1031 eumdem
2246 994 2449 1032 omnes
2467 979 2589 1050 pari
2615 984 2669 1034 et
2696 978 2872 1033 simili
2893 996 3179 1035 consensu
3207 981 3263 1034 in
3287 981 3605 1053 apostolica

1955 1065 2091 1119 sede
2119 1067 2491 1122 statuendum
2526 1068 2866 1138 reciperent.
2900 1072 3161 1141 Cumque
3190 1068 3369 1141 hujus
3400 1086 3603 1127 mona-

1955 1152 2116 1208 sterii
2174 1154 2355 1209 abbas
2412 1160 2469 1209 et
2498 1156 2975 1227 archiepiscopus
3034 1158 3367 1229 Capuanus,
3426 1163 3483 1213 et
3530 1159 3603 1215 ad

1955 1246 2316 1313 postremum
2352 1244 2450 1314 qui
2492 1250 2900 1311 convenerant,
2937 1247 3303 1302 benefactum
3335 1250 3605 1319 recteque

1955 1331 2176 1385 dictum
2224 1331 2631 1389 laudassent...
2667 1339 2999 1389 statuerunt
3030 1334 3267 1390 demum
3299 1336 3600 1392 communi

1955 1420 2220 1487 consilio,
2255 1426 2319 1475 ut
2348 1438 2451 1492 per
2481 1429 2595 1478 tres
2626 1423 2758 1478 ilZos
2801 1424 2946 1487 dies,
2998 1424 3054 1477 id
3105 1427 3195 1478 est
3226 1425 3495 1495 quintam
3549 1429 3608 1481 et

1958 1514 2178 1565 sextam
2230 1510 2453 1578 feriam,
2491 1529 2556 1566 ac
2586 1512 2839 1567 Sabbato
2886 1512 3228 1568 triduanum
3277 1513 3608 1585 specialiter

1950 1599 2242 1669 jejunium
2278 1599 2633 1655 celebrarent
2679 1601 2739 1655 in
2778 1602 3131 1656 abstinentia
3160 1606 3217 1656 et
3242 1602 3607 1660 orationibus

1959 1704 2022 1742 ac
2055 1686 2457 1760 eleemosynis,
2511 1689 2789 1743 divinitus
2844 1690 3069 1744 ostendi
3130 1690 3241 1745 sibi
3293 1704 3605 1762 personam

1954 1780 2128 1831 tanta:
2160 1776 2430 1849 dignitati
2463 1779 2811 1849 condignam
2844 1778 3139 1834 continuis
3168 1779 3441 1851 precibus
3494 1780 3605 1835 im-

1960 1871 2270 1936 petrarent.
2303 1865 2603 1921 Dominica
2638 1869 2831 1938 itaque
2868 1869 2959 1921 die
2987 1867 3152 1923 valde
3182 1883 3354 1922 mane
3400 1883 3607 1923 omnes

1960 1953 2167 2007 iterum
2203 1954 2258 2009 in
2292 1956 2491 2010 eadem
2526 1956 2766 2011 ecclesia
2798 1956 3154 2029 congregati,
3196 1974 3330 2013 cum
3360 1957 3515 2012 inter
3540 1972 3606 2012 se

1960 2044 2172 2115 pariter
2221 2044 2501 2099 nonnulla
2541 2045 2609 2098 de
2646 2062 2703 2097 re
2739 2045 3141 2115 hujuscemodi
3175 2046 3604 2117 tractavissent,

1957 2138 2333 2207 exsurgentes
2380 2138 2498 2188 tres
2557 2134 2881 2188 cardinales
2940 2134 3218 2206 episcopi,
3281 2136 3381 2206 qui
3430 2126 3608 2206 caput

1958 2222 2221 2289 ejusdem
2268 2222 2491 2276 concilii
2522 2229 2705 2290 erant,
2744 2223 3079 2277 Pol-tuensis
3113 2224 3351 2291 scilicet,
3383 2228 3606 2279 Tuscu-

1956 2309 2216 2366 lanensis
2273 2316 2329 2365 et
2384 2310 2750 2375 Albancnsis,
2814 2311 3123 2367 ambonem
3192 2313 3605 2379 ascenderunt,

1957 2399 2225 2470 factoque
2255 2399 2507 2465 silentio,
2540 2417 2655 2454 uno
2709 2400 2886 2454 simul
2946 2418 3043 2454 ore
3094 2402 3477 2471 pronuntiant
3507 2402 3604 2457 Ot-

1957 2492 2149 2542 tonem
2175 2489 2511 2559 episcopum
2537 2488 2760 2559 placere
2789 2488 2900 2542 sibi
2932 2489 2989 2542 in
3018 2489 3342 2543 Romanum
3378 2490 3609 2561 pontifi-

1958 2594 2083 2631 cem
2142 2575 2496 2649 cligendum.
2556 2577 2820 2648 Cumque
2871 2581 3068 2632 utrum
3127 2577 3402 2633 omnibus
3450 2578 3607 2633 idem

1958 2683 2192 2737 quoque
2218 2665 2489 2737 placeret,
2517 2665 2667 2719 sicut
2691 2673 2779 2720 est
2808 2668 3196 2735 consuetudo,
3221 2665 3603 2739 requirerent;

1957 2758 2191 2826 repente
2223 2753 2476 2808 mirabili
2508 2770 2573 2809 ac
2604 2770 2838 2809 summa
2868 2755 3201 2823 concordia,
3253 2771 3457 2811 omnes
3482 2772 3607 2812 ma-

1956 2860 2070 2915 gna
2090 2860 2229 2916 voce
2249 2843 2357 2897 hoc
2376 2842 2488 2898 sibi
2508 2842 2753 2915 placere,
2774 2844 3139 2915 dignumque
3160 2843 3328 2899 illum
3353 2844 3607 2900 universi

1956 2932 2324 2988 conclamant
2354 2932 2685 3004 apostolica:
2713 2933 2869 2987 sedis
2903 2950 3113 3004 papam
3145 2934 3411 2989 existere.
3445 2934 3610 2989 Tunc

1953 3020 2270 3077 Albanensi
2318 3022 2588 3093 episcopo
2638 3010 3075 3093 pronuntiante,
3132 3024 3408 3079 Urbanum
3442 3024 3608 3079 illum

1956 3110 2183 3182 placere.
2206 3111 2427 3178 vocari;
2462 3127 2595 3165 mox
2621 3112 2809 3165 cuncti
2836 3116 3142 3183 surgentes
3166 3113 3427 3185 capiunt,
3452 3128 3612 3168 eum-

1957 3216 2070 3271 que
2101 3216 2344 3271 cappam
2366 3198 2591 3253 laneam
2625 3204 2923 3269 exuentes,
2953 3217 3309 3272 purpuream
3333 3201 3607 3267 induunt,

199 3288 551 3346 ctumlocum
568 3295 632 3344 et
649 3293 885 3360 tempus
901 3293 1428 3356 occurrerent;non
1450 3294 1642 3345 autem
1658 3289 1847 3345 valen-
1878 3275 1921 3341 (ἶ
1960 3294 2178 3343 etcum
2229 3288 2666 3353 acclamatione,
2700 3294 2873 3359 atque
2933 3289 3297 3344 invocatione
3354 3289 3609 3362 Spiritus

198 3383 297 3445 tes,
319 3383 421 3434 aut
446 3396 553 3451 per
583 3378 836 3433 idoneas
867 3394 1164 3449 personas,
1198 3382 1297 3433 aut
1328 3383 1479 3434 certe
1507 3394 1608 3450 per
1628 3378 1849 3433 litteras

201 3482 543 3523 consensum
560 3483 743 3521 suum
762 3466 1160 3522 transmittere
1177 3468 1848 3539 perstuderent.Factum

202 3560 299 3620 est,
327 3559 382 3611 et
404 3560 631 3628 quarta
677 3554 823 3609 feria
853 3555 1054 3625 prima:
1106 3555 1488 3610 hebdomadis
1518 3556 1849 3628 Quadrage-

197 3642 364 3715 sima},
420 3662 537 3701 VIII
595 3644 825 3700 scilicet
882 3644 1018 3699 Idus
1075 3644 1289 3715 Martii,
1335 3645 1665 3716 congregati
1712 3650 1851 3700 sunt

195 3735 333 3805 apud
363 3734 756 3791 Terracinam
819 3733 1144 3806 Campania:
1207 3732 1498 3788 civitatem
1553 3751 1685 3789 cum
1724 3735 1850 3806 epi-

194 3824 372 3895 scopis
402 3829 461 3880 et
520 3822 925 3878 cardinalibus
957 3822 1234 3878 Romanis
1282 3839 1460 3894 supra
1509 3823 1848 3891 nominatis,

192 3917 352 3985 atque
383 3930 528 3970 cum
582 3916 788 3967 nostro
820 3912 1026 3967 abbate
1073 3912 1359 3977 Oderisio,
1404 3912 1847 3984 archiepiscopi,

190 4002 457 4075 episcopi,
497 4006 683 4073 atque
726 4000 970 4056 abbates
1015 4017 1083 4056 ex
1113 4001 1373 4071 ,diversis
1421 4000 1706 4073 partibus,
1741 4019 1849 4055 nu-

192 4105 340 4145 mero
372 4090 776 4163 quadraginta
803 4107 816 4157 ;
850 4091 924 4144 ab
957 4091 1097 4144 urbe
1127 4093 1322 4145 autem
1354 4090 1558 4156 Roma,
1597 4090 1852 4146 Joannes

194 4177 528 4236 Portuensis
551 4179 889 4251 episcopus,
915 4180 1179 4233 omnium
1206 4178 1593 4234 eardinalium
1614 4186 1666 4235 et
1692 4180 1853 4235 cleri—

191 4282 383 4324 corum
430 4267 742 4325 catholicae
783 4268 1068 4322 duntaxat
1094 4267 1246 4340 parti
1279 4268 1595 4323 faventium
1625 4285 1638 4335 ;
1673 4269 1851 4323 Bene-

190 4356 375 4414 dictus
404 4374 543 4413 vero
576 4358 911 4429 praefectus,
948 4357 1354 4411 universorum
1389 4356 1669 4411 laicorum
1708 4357 1847 4412 tide-

191 4442 329 4501 lium
386 4446 751 4520 legationem
819 4450 877 4500 et
934 4462 1285 4525 consensum
1349 4445 1687 4500 unanimem
1748 4462 1851 4516 per

189 4531 405 4591 litteras
444 4532 800 4590 attulerunt.
839 4534 1183 4607 Legatorum
1219 4539 1416 4589 autem
1452 4534 1848 4590 Ultramonta—

192 4638 393 4678 norum
419 4628 481 4680 et
497 4622 796 4679 Mathilda:
820 4622 1127 4677 comitissze
1152 4623 1416 4678 nonnulli
1434 4623 1848 4693 interfuerunt,
1881 4645 1925 4709 ι)

189 4716 417 4768 orantes
450 4714 748 4768 instanter
774 4717 839 4767 ut
870 4712 1057 4767 eidem
1093 4717 1329 4785 prepter
1358 4730 1535 4785 quam
1570 4731 1848 4772 convene-

200 4806 323 4856 rant
368 4802 476 4869 rei,
511 4819 651 4857 cum
686 4800 903 4856 auxilio
933 4805 990 4855 et
1019 4801 1209 4873 gratia
1238 4802 1494 4873 Spiritus
1526 4804 1737 4872 sancti,
1769 4804 1852 4861 ita

193 4891 493 4947 studerent
519 4896 588 4945 ut
612 4890 744 4945 lazta
765 4889 881 4944 illis
905 4906 937 4943 a
959 4891 1172 4961 quibus
1194 4890 1367 4963 legati
1392 4892 1623 4947 fuerant
1646 4894 1849 4949 nuntia

195 4980 398 5035 referre
450 4980 743 5035 valerent.
806 4979 999 5034 Altera
1056 4978 1236 5051 igitur
1285 4980 1398 5045 die,
1450 4989 1847 5040 convenerunt

194 5081 386 5125 omnes
422 5069 649 5142 pariter
678 5067 749 5122 ad
786 5067 1150 5140 episcopium
1185 5069 1469 5139 praedictae
1500 5068 1752 5124 civitatis
1782 5072 1839 5127 in

190 5157 426 5213 ecclesia
438 5158 597 5214 beati
623 5156 1025 5230 apostolorum
1041 5146 1326 5231 principis
1338 5162 1395 5213 et
1412 5159 1600 5213 sancti
1624 5159 1839 5216 Christi

190 5240 367 5299 levita
380 5246 609 5301 Ctesarii
620 5250 848 5313 ,etcum
862 5245 1310 5312 resedissent,su
1319 5262 1492 5317 rgens
1504 5244 1563 5299 in
1578 5248 1729 5302 medi
1740 5265 1838 5304 um

189 5329 642 5389 Tusculanensis
666 5332 999 5405 episcopus,
1018 5332 1218 5388 retulit
1234 5350 1337 5406 per
1358 5334 1618 5389 ordinem
1644 5337 1840 5394 omnia

190 5435 310 5490 qua
366 5422 438 5481 de
494 5422 866 5479 ordinatione
918 5418 1207 5489 Ecclesiae,
1266 5422 1354 5478 vel
1415 5439 1565 5495 papa
1622 5425 1835 5498 Grego-

188 5508 306 5565 rius
362 5518 555 5580 antea,
612 5512 703 5568 vel
758 5512 1136 5584 postmodum
1188 5528 1337 5584 papa
1392 5512 1590 5568 Victor
1620 5518 1834 5571 statue-

188 5603 331 5666 rant,
352 5600 528 5658 simul
556 5602 735 5659 etiam
763 5617 941 5674 quam
965 5602 1038 5657 ob
1061 5618 1298 5657 causam
1322 5599 1558 5674 ipsimet
1579 5602 1837 5673 universi

183 5687 322 5746 tunc
352 5687 410 5747 in
438 5690 644 5750 eodem
677 5688 805 5748 loco
834 5692 1250 5748 convenerant.
1308 5688 1532 5748 Dehinc
1582 5704 1836 5769 surgens

1960 3377 2143 3432 sancti
2178 3377 2245 3432 ad
2281 3376 2458 3431 altare
2492 3377 2642 3431 beati
2688 3377 2836 3431 Petri
2870 3377 3113 3448 apostoli
3174 3378 3340 3432 illum
3389 3384 3613 3451 pertra-

1960 3465 2183 3529 hentes,
2247 3465 2306 3519 in
2368 3464 2679 3536 pontiﬁcali
2744 3464 2888 3519 solio
2946 3471 3173 3537 ponunt
3228 3473 3436 3537 quarto
3471 3468 3609 3523 Idus

1959 3554 2178 3609 Martii:
2210 3554 2411 3626 sicque
2441 3554 2512 3607 ab
2544 3553 2743 3609 eodem
2771 3553 3043 3624 pontifice
3067 3554 3249 3610 missa
3269 3554 3612 3610 solemniter

1959 3642 2270 3707 celebrata,
2306 3642 2557 3696 universi
2585 3643 2927 3713 gaudentes,
2957 3642 3189 3714 Deoque
3219 3644 3440 3716 gratias
3472 3642 3613 3699 refe-

1959 3737 2174 3797 rentes,
2236 3730 2531 3787 redierunt
2565 3732 2636 3786 ad
2688 3748 2813 3785 sua.
2874 3732 2999 3785 llaec
3046 3731 3250 3787 Petrus
3300 3733 3606 3799 diaconus,

1959 3821 2175 3893 quibus
2214 3821 2520 3893 jungenda
2568 3838 2694 3893 quae
2730 3820 2854 3893 ipse
2885 3820 3155 3876 Urbanus
3188 3821 3364 3878 habet
3394 3823 3451 3877 in
3483 3823 3610 3895 epi-

1959 3910 2124 3966 stolis
2155 3928 2334 3983 supra
2366 3910 2637 3966 laudatis.

1958 4017 2145 4073 XXVI.
2177 4020 2438 4089 Pontifex
2471 4018 2667 4073 Casini
2710 4019 2977 4073 miracqu
3006 4027 3259 4074 sanatur.
3293 4019 3422 4075 Inde
3450 4037 3610 4076 assu-

2410 4092 2511 4144 mit
2534 4091 2806 4145 Joannem
2837 4090 3026 4145 diaeon
3036 4107 3150 4144 um.

2029 4178 2239 4233 Narrat
2266 4178 2423 4233 idem
2475 4179 2678 4234 Petrus
2722 4178 2871 4234 libro
2904 4196 2979 4247 1v,
3034 4196 3158 4251 cap.
3191 4181 3245 4235 5.
3308 4181 3607 4238 Urbanum

1957 4270 2090 4339 post
2119 4284 2285 4323 suam
2320 4266 2662 4322 electionem
2715 4285 2947 4323 sacrum
3002 4268 3198 4324 Casini
3228 4275 3485 4326 montem
3518 4272 3608 4326 in-

1956 4355 2184 4424 visisse,
2243 4355 2440 4426 ibique
2496 4357 2683 4411 sancti
2716 4356 2906 4411 Patris
2965 4357 3255 4412 Benedicti
3316 4359 3610 4414 meritisa

1958 4446 2302 4518 gravissimo
2336 4444 2533 4500 lateris
2564 4445 2784 4511 dolore,
2827 4462 2942 4517 quo
2978 4446 3309 4518 frequenter
3338 4446 3607 4503 atﬂictari

1958 4533 2202 4599 solebat,
2220 4538 2476 4605 tuncque
2500 4534 2869 4589 vehementer
2888 4535 3270 4604 afﬁciebatur,
3293 4535 3607 4592 liberatum

1958 4610 2695 4695 t‘uisse.SubjungitPetrus
2710 4624 2815 4678 hoc
2830 4623 3180 4692 miraculum
3198 4624 3605 4680 testimonium

1958 4712 2050 4768 sui
2080 4714 2322 4784 corporis
2354 4711 2507 4783 apud
2540 4712 2814 4767 Casinum
2834 4714 3150 4784 praesentiae
3170 4729 3213 4766 'a
3234 4714 3401 4768 beato
3432 4713 3607 4768 Bene-

1960 4802 2115 4857 dicto
2164 4805 2457 4872 patratum
2492 4801 2691 4868 luisse,
2726 4801 2902 4872 quod,
2938 4800 3147 4871 inquit,
3176 4817 3241 4855 ea
3271 4801 3343 4856 de
3375 4817 3435 4856 re
3461 4819 3607 4874 pon-

1958 4891 2095 4944 tifex
2124 4889 2392 4944 dubitare
2422 4889 2714 4944 videretur
2763 4890 2996 4960 (Butler.
3034 4888 3212 4943 σηπίη.
3250 4893 3288 4943 t.
3326 4889 3370 4957 Ι,
3402 4906 3458 4961 p.
3495 4892 3605 4958 12).

1956 4981 2274 5051 thuidem
2310 4978 2524 5050 vulgati
2557 4983 2822 5032 auctores
2844 4976 3064 5031 bullam
3099 4977 3314 5033 Urbani
3346 4995 3413 5033 ea
3442 4996 3604 5036 ocea-

1953 5068 2116 5124 sione
2147 5069 2342 5122 datam
2376 5066 2636 5122 laudant.
2661 5066 2768 5121 Sed
2802 5066 2924 5121 haec
2950 5084 2984 5121 a
3007 5066 3252 5122 Baronio
3273 5068 3345 5123 ad
3376 5084 3599 5124 annum

1952 5160 2111 5223 1088,
2142 5156 2390 5228 aliisque
2410 5155 2550 5210 viris
2576 5154 2782 5221 doctis,
2807 5153 2985 5209 veluti
3009 5155 3212 5226 spuria
3238 5155 3610 5226 rejieitur.De

1947 5247 2126 5317 hujus
2145 5245 2476 5302 sinceritate
2498 5244 2592 5299 alii
2609 5243 2991 5315 judicabunt:
3019 5247 3077 5298 at
3095 5243 3471 5300 dissimulare
3490 5263 3607 5301 non

1946 5336 2080 5392 licet
2107 5353 2234 5391 eam
2259 5335 2332 5390 ob
2364 5339 2633 5390 notarum
2667 5333 3219 5405 ehronologiearum
3251 5333 3538 5402 defectus,
3560 5338 3618 5390 et

1945 5441 2141 5480 rerum
2174 5423 2380 5496 inipsa
2400 5426 2802 5479 contentarum
2837 5421 3235 5488 insolentiam,
3260 5422 3378 5475 imo
3400 5420 3600 5491 ipsum

1953 5514 2130 5569 etiam
2166 5511 2383 5584 stylum
2417 5512 2571 5583 apud
2606 5511 2876 5565 cordatos
2898 5509 3168 5565 homines
3190 5514 3246 5565 et
3267 5508 3528 5565 eruditos
3556 5513 3617 5567 in

1946 5602 2077 5658 falsi
2106 5600 2505 5673 suspicionem
2547 5614 2663 5654 non
2688 5597 2983 5653 immerito
3004 5597 3254 5656 venisse.
3281 5596 3350 5651 Et
3370 5595 3614 5673 quidem

1943 5690 2078 5749 licet
2093 5672 2349 5753 nolimus
2367 5686 2615 5746 inﬁciari
2633 5686 2935 5747 Urbanum
2960 5684 3153 5758 saucii
3174 5681 3481 5745 Benedicti
3500 5672 3599 5751 me
