3958 6224
363 333 443 396 35
1661 321 1734 386 Β.
1779 319 2083 396 ΠΒΒΑΝῘ
2115 322 2171 386 Π
2213 319 2465 384 ΡΑΡιΕ.
3682 321 3757 384 ³6

366 464 496 521 ritis
542 463 603 518 in
652 477 818 518 sacro
851 463 1046 516 monte
1078 459 1392 515 sanitatem
1417 473 1814 530 recuperasse,
1864 456 2017 514 haud
2045 456 2104 525 Α
2132 455 2405 511 manibus
2435 453 2616 527 hujus
2647 449 2983 508 monasterii
3015 447 3323 508 ecclesiam
3355 459 3754 511 consecrasset.

364 556 564 609 tamen
581 551 972 617 admittimus,
988 549 1140 621 quod
1166 547 1263 604 ille
1280 550 1481 603 auctor
1501 550 1722 614 narrat,
1739 549 2013 622 sanatum

367 641 594 698 Patrem
628 638 887 714 pontifici
919 638 1286 710 apparuisse,
1335 641 1400 691 ut
1444 651 1577 691 eum
1611 637 1680 690 de
1710 634 2018 707 praesentia

366 731 458 788 sui
489 729 680 803 ipsius
700 726 958 802 corporis
989 727 1142 798 apud
1173 725 1474 791 Casinum,
1500 741 1675 797 quam
1699 728 1870 780 antea
1898 740 2014 779 non

366 819 660 885 credebat,
710 817 926 872 faceret
981 815 1310 871 certiorem.
1359 812 1566 885 Liquet
1595 811 1752 868 enim
1781 829 1853 868 ex
1884 811 2016 868 aliis

366 907 589 982 passim
609 905 774 974 locis,
798 905 1034 961 Petrum
1057 901 1346 974 ejusmodi
1361 899 1696 958 historiolas
1711 901 2014 956 occasione

365 993 785 1054 miraculorum
819 992 1011 1064 reipsa
1040 1008 1074 1046 a
1102 995 1302 1047 sancto
1327 989 1637 1046 Benedicto
1651 993 2012 1061 patratorum

363 1085 584 1159 passim
598 1083 725 1140 suis
746 1080 1182 1138 narrationibus
1197 1078 1616 1146 immiscuisse,
1631 1094 1758 1150 quae
1780 1095 1914 1134 cum
1931 1095 2013 1134 re-

363 1191 495 1230 rum
523 1177 822 1246 gestarum
852 1169 1091 1226 veritate
1120 1172 1274 1224 stare
1306 1184 1420 1223 non
1445 1171 1712 1240 possunt.

432 1263 490 1319 Si
508 1263 694 1320 eidem
708 1259 930 1317 auctori
944 1258 1274 1323 credamus,
1299 1256 1342 1312 U
1352 1257 1574 1313 rbanus
1587 1257 2010 1314 monasterium

361 1353 677 1410 Casinense
706 1365 912 1405 rursus
934 1347 1132 1404 invisit
1162 1345 1336 1419 paulo
1365 1349 1499 1403 ante
1528 1347 1847 1418 Trojanum
1879 1363 2011 1419 syn-

360 1441 561 1497 odum.
593 1440 708 1508 Quo
739 1441 998 1509 tempore,
1021 1435 1238 1508 inquit,
1268 1452 1392 1507 cap.
1419 1437 1473 1501 7,
1505 1434 1850 1506 supradictus
1864 1451 2010 1508 papa

363 1529 618 1587 Urbanus
667 1529 869 1583 iterum
895 1525 966 1581 ad
1017 1524 1115 1580 has
1163 1527 1348 1596 partes
1406 1523 1692 1580 deueniens
1748 1525 2010 1580 Joannem

340 1617 685 1689 _Cajetanum
714 1616 818 1671 loci
849 1615 1032 1686 hujus,
1066 1614 1120 1668 id
1155 1619 1244 1668 est
1267 1613 1480 1680 Casini,
1513 1613 1840 1668 monachum
1881 1613 2010 1668 dia-

359 1723 558 1762 conum
583 1707 644 1761 in
675 1702 1386 1774 Lateranensipatriarchio
1413 1701 1710 1757 ordinavit.
1732 1704 1804 1756 At
1829 1701 2010 1758 Joan-

360 1795 456 1852 nis
475 1793 782 1884 promotio,
809 1797 873 1848 ut
894 1791 1131 1884 in-hunc
1153 1790 1348 1884 locum
1374 1790 1640 1846 observat
1659 1788 1916 1884 Angelus
1938 1789 2009 1845 de
2039 1819 2086 1884 Β

335 1884 538 1952 .Nuce,
570 1883 644 1940 ad
674 1882 931 1956 primum
966 1879 1176 1938 Urbani
1207 1896 1509 1936 accessum
1533 1879 1784 1936 revocari
1816 1878 2007 1949 debet,

360 1973 538 2046 idque
569 1969 972 2044 compluribus
1001 1968 1426 2028 etindubitatis
1445 1967 1866 2041 diplomatibus
1887 1983 2008 2022 cer-

331 2065 486 2124 .tum
509 2065 620 2132 est,
651 2077 780 2132 quae
811 2076 846 2115 a
873 2059 1097 2114 Joanne
1126 2057 1236 2114 hoc
1276 2057 1404 2130 ipso
1437 2073 1588 2113 anno
1626 2057 1760 2111 1088
1791 2055 2007 2112 Urbani

359 2149 734 2222 pontiﬁcatus
775 2148 966 2221 primo
997 2145 1332 2218 subscripta
1363 2145 1584 2218 passim
1615 2144 2005 2218 reperiuntur.

336 2238 522 2310 .Certe
545 2237 697 2294 hanc
729 2242 929 2291 notam
953 2235 1168 2291 diserte
1197 2233 1415 2290 habent
1436 2234 1651 2290 Urbani
1683 2233 1886 2290 litterae
1904 2251 2006 2305 pro

358 2327 618 2398 primatu
641 2323 928 2381 Toletanis
946 2321 1303 2390 Ecclesiae,in
1321 2322 1618 2394 Hispaniis
1638 2321 2006 2394 privilegium

332 2414 760 2483 .‘Cluniacense,
777 2418 835 2470 et
851 2412 966 2468 alia
985 2411 1202 2484 quibus
1228 2411 1848 2484 subscripsitJoannes
1862 2427 2006 2483 prm-

337 2505 653 2576 .szgnatoris
681 2501 851 2558 titulo
876 2517 1060 2573 usque
1082 2501 1150 2558 ad
1179 2517 1400 2556 annum
1433 2501 1571 2556 1089
1590 2517 1706 2572 quo
1730 2498 2010 2556 cancella-

340 2593 434 2648 -rii
463 2592 811 2666 dignitatem
841 2591 1118 2647 obtinuit.

360 2699 576 2756 XXVII.
611 2699 916 2754 Bantinum
943 2698 1337 2767 monasterium
1383 2695 1594 2751 dedicat
1621 2699 1673 2750 et
1714 2695 2008 2767 privilegio

608 2769 776 2826 donat
794 2786 814 2831 ;
835 2767 975 2840 quod
998 2769 1261 2824 violatum
1287 2766 1463 2823 denuo
1482 2766 1755 2838 ﬁrmatur.

429 2859 635 2915 Adhuc
667 2857 723 2912 in
745 2857 1048 2914 Casinensi
1081 2855 1434 2913 monasterio
1457 2855 1802 2912 versabatur
1831 2855 2007 2911 Urba-

339 2965 496 3018 nus,
529 2964 664 3002 cum
697 2963 732 3001 a
763 2946 1008 3019 Rogerio
1028 2945 1174 3001 duc’e
1203 2950 1262 3000 et
1289 2945 1463 3001 fratre
1493 2945 1623 3015 ejus
1645 2945 2004 3011 Boamundo,

331 3037 598 3094 .Roberti
619 3035 922 3091 Guiscardi
953 3033 1113 3102 filiis,
1135 3033 1312 3092 simul
1341 3037 1399 3090 et
1427 3033 1500 3090 ab
1520 3032 2005 3100 Ursioneabbate

2127 546 2279 602 Tum
2304 544 2546 600 laudant
2563 540 2927 616 privilegium
2946 541 3018 598 ab
3033 539 3238 596 eodem
3254 538 3522 612 pontifice
3543 558 3761 600 conces-

2125 650 2279 700 sum,
2314 633 2471 706 quod
2493 634 2724 700 triginta
2754 631 2960 687 duobus
2978 629 3262 685 catholicis
3281 630 3536 684 Patribus
3558 631 3760 688 inuia-is

2123 723 2361 792 singulis
2376 721 2753 795 pastoralibus
2785 721 2974 791 virgis,
3014 718 3342 786 astantibus,
3374 723 3650 791 praesente
3678 737 3759 777 co-

2123 813 2318 868 mitum
2347 820 2398 867 et
2429 811 2696 867 baronum
2716 811 3013 866 innumera
3032 807 3410 874 multitudine,
3433 807 3755 864 roboratum

2123 901 2306 957 fuisse
2336 903 2646 956 testantur.
2703 898 2793 964 Et,
2831 914 2905 953 ne
2936 896 3076 968 quid
3108 893 3222 951 loci
3250 893 3445 950 tutelas
3473 893 3758 952 ﬁrmitatis

2124 989 2373 1053 deesset.
2404 992 2646 1044 narrant
2665 986 2882 1060 quibus
2899 983 3338 1042 conditionibus
3360 982 3418 1038 id
3447 999 3481 1040 a
3496 983 3758 1056 pontiﬁce

2121 1079 2447 1152 priestitum
2480 1077 2674 1133 fuerit.
2707 1077 3092 1132 Monasterium
3121 1075 3320 1146 ipsum.
3354 1071 3648 1144 inquiunt,
3673 1072 3760 1128 do-

2118 1171 2306 1224 minus
2337 1185 2484 1240 papa
2539 1180 2854 1222 consecrare
2907 1165 3128 1221 omnino
3185 1163 3386 1230 renuit,
3439 1161 3760 1234 priusquam

2120 1257 2266 1313 idem
2307 1260 2356 1312 et
2403 1257 2590 1312 omnia
2616 1271 2719 1311 sua
2762 1256 2821 1310 in
2853 1257 3040 1310 nostra
3068 1255 3119 1308 et
3144 1249 3430 1332 liaeredum
3457 1254 3760 1307 nostrorum

2118 1346 2346 1418 speciali
2372 1361 2509 1400 cura
2559 1349 2609 1399 et
2660 1343 2973 1415 defensione
3027 1339 3338 1398 omnimoda
3383 1339 3758 1412 reciperemus,

2118 1435 2170 1489 et
2197 1433 2472 1488 convicini
2515 1433 2736 1488 comites
2765 1434 2818 1487 et
2849 1430 3076 1486 barones
3106 1429 3203 1500 qui
3249 1426 3504 1495 aderant,
3554 1431 3759 1500 aposto-

2121 1523 2230 1578 lica
2267 1522 2516 1591 jussione
2562 1520 2892 1589 euangelicis
2919 1517 3278 1574 sacramentis
3315 1517 3552 1583 astricti,
3595 1515 3756 1571 eidem

2117 1615 2447 1667 monasterio
2495 1618 2547 1665 et
2591 1610 2749 1665 rebus
2773 1608 3021 1664 omnibus
3051 1608 3164 1661 suis
3201 1622 3396 1678 pacem
3423 1608 3473 1659 et
3502 1603 3757 1678 tle/msic-

2118 1718 2241 1757 nem
2296 1703 2638 1772 perpetuam,
2667 1703 2719 1754 et
2772 1698 3081 1769 generalem
3137 1695 3446 1751 libertatem
3485 1710 3542 1749 se
3569 1694 3761 1765 ubique

2115 1791 2384 1846 custodire
2409 1789 2809 1861 promitterent.
2830 1787 2992 1842 Tunc
3025 1788 3331 1841 recensent
3360 1783 3555 1840 varias
3586 1783 3759 1840 dona-

2119 1881 2308 1936 tiones
2329 1895 2363 1934 a
2387 1877 2596 1950 seipsis
2625 1877 2825 1942 factas,
2845 1875 3311 1946 conﬁrmantque
3329 1877 3386 1929 et
3402 1875 3621 1946 augent
3639 1887 3760 1928 mo-

2118 1968 2354 2025 nasterii
2390 1965 2810 2022 immunitates.
2847 1965 2994 2031 Quia
3023 1980 3156 2019 vero
3188 1960 3482 2035 privilegii
3509 1961 3670 2034 quod
3693 1962 3761 2018 ab

2117 2057 2348 2114 Urbano
2377 2056 2580 2110 datum
2613 2055 2801 2111 fuerat
2829 2052 3261 2126 autographum
3279 2050 3460 2108 simul
3483 2066 3618 2106 cum
3636 2048 3762 2106 aliis

2118 2147 2336 2202 chartis
2368 2145 2685 2218 direptum,
2709 2160 2822 2199 non
2854 2141 3111 2215 amplius
3140 2140 3569 2208 inveniebatur,
3601 2155 3762 2196 cura-

2117 2240 2254 2290 runt
2283 2233 2502 2307 providi
2536 2231 2854 2304 principes,
2881 2235 2947 2286 ut
2974 2229 3133 2286 aliud
3169 2231 3302 2302 ejus
3333 2227 3637 2302 exemplar
3663 2245 3760 2284 au-

2116 2323 2440 2381 thenticum
2460 2321 2908 2388 describeretur,
2926 2319 3081 2393 quod
3105 2319 3277 2393 primi
3295 2318 3494 2376 locum
3511 2322 3764 2375 etaucto—

2117 2415 2348 2471 ritatem
2379 2412 2638 2468 haberet.
2665 2410 2852 2483 Digna
2881 2414 3024 2466 sunt
3074 2425 3277 2465 eorum
3305 2409 3488 2465 verba
3515 2424 3641 2480 quae
3671 2405 3760 2462 hic

2115 2495 2498 2560 inserantur.‘
2527 2501 2654 2568 Nos,
2685 2499 2872 2567 aiunt,
2932 2499 3067 2554 tacti
3103 2497 3288 2554 dolore
3333 2499 3686 2565 intrinsecus,
3713 2503 3762 2552 et

2113 2594 2448 2650 extrinsecus
2505 2589 2712 2660 aspersi
2762 2589 2979 2657 rubore,
3039 2589 3300 2659 quoniam
3358 2585 3517 2643 labor
3577 2585 3763 2642 debite

2113 2685 2319 2739 nostra?
2331 2678 2724 2737 sollicitudinis
2734 2679 3033 2750 pretiosum
3053 2677 3413 2748 apostolicum
3428 2676 3760 2748 instrumen-

2113 2777 2253 2839 tum,
2305 2770 2505 2827 nostris
2559 2767 3054 2840 supplicationibus
3107 2766 3487 2832 constitutum,
3546 2768 3597 2820 et
3641 2763 3763 2820 sub-

2113 2869 2327 2932 reptum
2372 2866 2607 2930 tempore
2654 2864 2838 2912 nostra
2867 2872 3015 2911 nunc
3060 2872 3230 2927 usque
3261 2857 3509 2928 reperiri
3535 2870 3648 2910 non
3672 2869 3764 2925 po-

2112 2952 2253 3011 tuit;
2282 2947 2579 3004 secundum
2609 2945 2750 3018 quod
2774 2946 3010 3016 ﬁdeliter
3038 2946 3104 3001 ab
3134 2961 3196 3001 eo
3223 2945 3610 3018 exemplatum
3631 2947 3769 3000 inve-

2111 3040 2317 3106 nimus,
2371 3045 2559 3093 nostra
2604 3043 3021 3107 nostrorumque
3075 3036 3342 3109 comitum
3387 3038 3447 3100 et
3504 3035 3768 3092 baronum

337 3125 697 3194 _monasterii
728 3122 965 3180 Bantini
1013 3139 1192 3195 prope
1237 3121 1649 3178 Acheruntiam
1683 3121 1741 3176 in
1795 3120 2006 3192 Apulia
2048 3194 2070 3199 Α
2107 3129 2237 3199 pari
2262 3126 2525 3181 meinoria
2541 3128 2895 3198 protestante,
2938 3139 3177 3196 praesens
3207 3123 3304 3179 hoc
3347 3123 3543 3180 simile
3572 3121 3770 3194 libera;

360 3215 478 3284 siti,
501 3214 780 3270 invitatus
802 3215 910 3278 est,
943 3194 1030 3268 adi
1048 3194 1313 3284 ejusdem
1336 3210 1448 3267 loci
1479 3210 1787 3267 ecclesiam
1819 3211 1877 3265 in
1909 3210 2008 3265 ho-
2036 3194 2079 3262 C
2107 3194 2314 3272 ὶονίιιῃι
2343 3194 2607 3286 scriptam
2631 3230 2732 3286 per
2767 3194 2966 3269 manus
2994 3214 3254 3284 magistri
3281 3211 3573 3270 Theodosii
3597 3209 3769 3266 nostri

331 3319 560 3361 .norem
591 3302 772 3359 beate:
795 3301 988 3356 Mariae
1011 3300 1490 3358 consecrandam.
1509 3300 1670 3364 Quod
1695 3316 1826 3354 cum
1845 3298 2006 3354 fecis-

357 3397 448 3449 set
475 3391 754 3465 pontifex,
775 3390 1012 3447 illorum
1045 3390 1376 3464 principum
1407 3405 1726 3462 eorumque
1744 3388 2005 3444 comitum

343 3491 406 3550 et
435 3482 698 3538 baronem
721 3481 1072 3547 interventu,
1103 3479 1257 3536 idem
1277 3477 1702 3536 monasterium
1729 3476 2004 3533 maximis

331 3569 754 3644 .praarogativis
775 3568 1033 3635 donavit.
1060 3570 1195 3634 Quae
1213 3567 1404 3624 fusius
1425 3567 1482 3623 in
1503 3566 1820 3640 diplomate
1840 3583 1908 3622 ea
1932 3565 2006 3622 de

358 3676 419 3715 re
442 3659 657 3714 donato
686 3656 1071 3734 explicantur.
1106 3655 1255 3711 Illud
1306 3655 1676 3728 privilegium
1717 3656 1870 3711 inter
1893 3654 2002 3710 Ur-

355 3746 496 3803 bani
543 3745 824 3818 epistolas
866 3743 1124 3816 primum
1176 3743 1370 3799 locum
1411 3744 1635 3800 obtinet
1663 3743 1721 3798 in
1750 3744 2006 3800 editione

359 3833 742 3892 conciliorum
768 3833 1097 3900 Labbeana,
1133 3832 1234 3887 sed
1265 3832 1376 3888 sub
1395 3831 1505 3888 hoc
1535 3831 1682 3888 falso
1712 3831 1912 3888 titulo:
1933 3833 2008 3888 De

359 3925 584 3982 ecclesia
641 3921 858 3978 Sancta
909 3921 1103 3978 Mariae
1152 3920 1465 3978 Casinensis
1518 3923 1839 3977 monasterii
1891 3939 1925 3976 a
1952 3939 2005 3978 se

358 4015 670 4068 consecrata
699 4015 752 4066 et
801 4011 1094 4083 privilegio
1151 4011 1387 4068 munita.
1421 4009 1663 4066 Exstant
1704 4010 1858 4082 apud
1892 4009 2004 4083 Ug-

341 4099 604 4168 _hellum,
628 4104 787 4156 tomo
808 4099 906 4154 VII
932 4097 1106 4154 Italiae
1137 4117 1336 4168 sacrae,
1371 4099 1466 4154 ubi
1501 4100 1573 4155 de
1593 4099 2006 4155 Acheruntinis

356 4187 813 4262 archiepiscopis
860 4187 1066 4244 litterae
1116 4188 1412 4244 Paschalis
1443 4188 1708 4258 secundi,
1743 4205 1870 4260 quia
1896 4187 2006 4243 hoc

355 4279 554 4352 ipsum
582 4277 796 4334 Urbani
823 4277 1196 4351 privilegium
1223 4278 1594 4334 confirmant.
1612 4275 1762 4340 Quin
1793 4281 1851 4332 et
1871 4292 2006 4332 cum

353 4365 576 4440 Apuliae
593 4366 833 4438 quidam
851 4383 1139 4440 proceres,
1157 4365 1399 4440 Bogerio
1420 4364 1622 4439 procul
1636 4364 1814 4422 dubio
1831 4369 2008 4438 atque

354 4455 698 4512 Boamundo
719 4453 832 4512 alio
854 4454 1120 4522 intentis,
1146 4455 1466 4511 monachos
1485 4454 1751 4525 ejusdem
1775 4453 1908 4524 loci,
1927 4453 2009 4510 di-

2109 3305 2318 3361 notarii
2349 3304 2522 3359 scribi
2565 3302 2967 3358 mandavimus.
2998 3305 3051 3357 et
3087 3301 3348 3372 plumbea
3379 3301 3558 3370 bulla,
3589 3305 3767 3356 nostro

2110 3393 2271 3452 solito
2302 3393 2520 3465 typario
2574 3393 2839 3463 impressa
2890 3391 3230 3462 conﬁrmari,
3278 3393 3394 3448 etc.
3428 3389 3570 3454 Qum
3612 3386 3765 3462 apud

2112 3483 2429 3540 Baronium
2460 3481 2749 3537 habentur
2765 3479 2840 3536 ad
2861 3496 3082 3536 annum
3109 3478 3260 3547 1090,
3279 3477 3383 3534 ubi
3407 3477 3770 3535 instrumen-

2111 3576 2237 3628 tum
2252 3570 2410 3627 istud
2426 3570 2627 3624 datum
2640 3566 2874 3624 Canusii
2893 3583 3093 3622 mense
3110 3564 3631 3635 Julio,indictione
3650 3581 3768 3630 xm,

2113 3659 2404 3732 integrum
2435 3657 2702 3722 habetur,
2723 3672 2861 3712 cum
2885 3654 3113 3728 Rogerii
3137 3655 3470 3712 Boamundi
3491 3653 3772 3712 aliorum-

2114 3764 2228 3821 que
2256 3747 2607 3820 optimatum
2640 3745 3190 3816 subscriptionibus.

2184 3835 2428 3892 XXVIII.
2459 3837 2535 3892 De
2562 3835 2704 3906 falso
2744 3835 3100 3890 instrumento
3129 3831 3493 3889 dedicationis
3521 3834 3704 3892 Cava.

2185 3927 2268 3982 Ex
2295 3925 2390 3982 his
2419 3929 2615 3982 autem
2647 3921 2815 3979 facile
2867 3921 3218 3994 intelligitur
3245 3925 3543 3993 quantum
3577 3940 3614 3978 a
3642 3936 3776 3977 vero

2114 4014 2467 4072 aberraverit
2495 4011 2778 4086 Ughellus
2807 4015 2965 4068 temo
2993 4010 3096 4067 VII
3127 4009 3303 4067 Italia;
3336 4027 3550 4080 sacrae,
3581 4011 3686 4067 ubi
3717 4009 3777 4066 in

2114 4103 2379 4177 catalogo
2411 4101 2743 4158 antitistum
2773 4100 3303 4156 Aeheruntinorum
3336 4099 3496 4156 hanc
3542 4099 3777 4156 Bantini

2115 4191 2451 4249 monasterii
2485 4189 2910 4247 dedicationem
2941 4188 3014 4244 ad
3046 4205 3266 4244 annum
3300 4188 3448 4246 1093
3479 4206 3552 4246 ex
3577 4187 3776 4253 veteri,

2115 4287 2182 4338 ut
2233 4284 2422 4355 putat,
2478 4282 2860 4336 monumento
2918 4294 3186 4336 revocare
3235 4282 3511 4335 conatur.
3544 4277 3778 4334 Etenim

2117 4369 2388 4445 quamvis
2416 4367 2664 4426 inficiari
2692 4367 2950 4423 nolimus
2972 4366 3272 4424 Urbanum
3303 4383 3466 4423 anno
3493 4367 3656 4434 1093,
3679 4367 3781 4422 aut

2115 4460 2292 4517 etiam
2323 4458 2454 4515 aliis
2474 4457 2859 4530 temporibus,
2884 4459 2949 4512 ut
2971 4456 3164 4512 innuit
3180 4454 3388 4512 Petrus
3411 4455 3708 4514 diaconus
3724 4454 3781 4509 in

355 4544 540 4618 raptis
569 4543 744 4602 etiam
773 4543 1116 4632 monasterii
1158 4544 1328 4600 bonis
1357 4547 1416 4599 et
1441 4542 1685 4611 chartis,
1713 4548 2006 4612 vexarent,
2039 4567 2084 4633 D
2116 4544 3783 4616 continuationeChroniciCasinensis,Casinuminvisere

357 4634 624 4692 Urbanus
666 4650 734 4690 ea
775 4633 847 4691 de
899 4651 960 4689 re
1011 4635 1081 4688 ad
1141 4633 1455 4706 Rogerium
1503 4637 1562 4688 et
1591 4632 1721 4703 ejus
1765 4632 2004 4689 fratrem
2061 4632 2064 4633 ⁷
2115 4637 2398 4712 potuisse,
2432 4636 2551 4692 imo
2581 4639 2641 4692 et
2669 4651 2808 4692 eum
2838 4635 2898 4690 in
2945 4633 3217 4706 Apuliam
3247 4649 3385 4690 cum
3431 4632 3785 4691 memoratis

353 4724 612 4798 scripsit,
641 4726 708 4780 ut
734 4740 843 4779 sua
873 4720 1220 4780 auctoritate
1250 4721 1590 4778 temerarios
1622 4721 1754 4778 illos
1775 4739 2006 4796 compe-

353 4818 602 4880 scerent,
619 4812 879 4868 minatus
903 4812 1151 4884 insuper
1171 4828 1231 4868 se
1245 4810 1558 4884 sacrilegos
1578 4812 1721 4867 adeo
1741 4811 2010 4868 homines

353 4899 714 4956 anathemati
737 4902 1166 4972 subjecturum,
1192 4901 1302 4956 nisi
1325 4900 1481 4956 brevi
1509 4899 1934 4973 resipiscerent.

425 4990 592 5061 Papa:
609 4989 850 5044 monitis
869 4990 1348 5046 obsecundarunt
1361 4988 1444 5060 pii
1462 4989 1778 5061 principes,
1804 5005 2010 5045 mona-

354 5077 598 5136 sterium
609 5092 720 5148 que
742 5093 886 5134 novo
901 5077 1198 5150 privilegio
1217 5078 1578 5145 munierunt,
1593 5078 1746 5150 quod
1769 5077 1842 5132 ab
1862 5077 2011 5149 ipsis

355 5165 604 5238 aliisque
614 5164 930 5220 comitibus
943 5169 1003 5220 et
1015 5165 1312 5222 nobilibus
1327 5167 1468 5222 viris
1481 5163 1882 5237 subscriptum
1896 5169 2004 5232 est,

355 5272 430 5312 ne
459 5253 795 5309 chartarum
815 5257 876 5308 et
895 5251 1282 5326 diplomatum
1302 5271 1430 5328 quae
1444 5253 2005 5328 perierantjactura,

352 5342 776 5400 detrimentum
805 5341 1042 5414 aliquod
1077 5341 1241 5398 locus
1273 5343 1368 5400 ille
1408 5358 1574 5400 sacer
1606 5343 1918 5414 pateretur.
1943 5343 2006 5398 In

352 5448 502 5489 novo
523 5434 721 5486 autem
745 5429 849 5488 illo
874 5430 1268 5488 instrumento
1289 5432 1574 5506 Rogerius
1601 5446 1667 5485 ac
1687 5429 1814 5500 ejus
1833 5429 2011 5488 frater

351 5519 738 5580 Boamundus
770 5519 926 5578 inter
955 5524 1164 5577 caetera
1194 5520 1430 5578 sibimet
1449 5519 1598 5594 ipsis
1613 5515 2007 5590 gratulantur,

346 5610 514 5692 quod
542 5623 746 5671 eorum
778 5626 955 5700 opera
983 5623 1260 5671 summus
1288 5609 1416 5689 ipse
1455 5605 1721 5690 pontifex
1756 5607 2012 5686 propriis

2117 4727 2484 4801 principibus
2503 4724 2683 4781 variis
2695 4723 3062 4796 temporibus
3081 4739 3196 4780 non
3209 4721 3393 4779 semel
3407 4721 3783 4791 convenisse,

2118 4817 2168 4873 si
2197 4820 2396 4872 tamen
2420 4819 2578 4872 certa
2606 4817 2746 4870 sunt
2779 4817 3161 4870 monumenta
3189 4829 3315 4884 quis
3338 4828 3599 4870 numero
3619 4826 3788 4886 supe-

2118 4903 2257 4960 riori
2288 4903 2684 4970 laudavimus,
2707 4905 2765 4958 et
2793 4917 2934 4958 sane
2963 4900 3068 4957 illa
3086 4917 3217 4958 esse
3241 4904 3402 4957 certa
3416 4900 3589 4958 haud
3621 4899 3790 4957 dubi-

2118 4993 2230 5048 tari
2290 4995 2501 5065 potest,
2549 4990 2643 5046 vix
2700 4989 2856 5048 ultra
2901 5007 3124 5046 annum
3157 4989 3298 5046 4088
3327 4989 3563 5046 ditferri
3596 4991 3790 5064 potest

2119 5081 2300 5153 hujus
2322 5078 2706 5136 dedicationis
2725 5078 3053 5136 celebritas.
3074 5077 3302 5136 Etenim
3315 5093 3478 5134 anno
3504 5079 3652 5134 l090
3672 5091 3788 5150 quo

2117 5170 2321 5226 datum
2349 5173 2439 5224 est
2469 5168 2794 5224 secundum
2827 5167 2971 5224 illud
2995 5167 3225 5240 Rogerii
3256 5169 3314 5223 et
3330 5166 3677 5223 Boamundi
3701 5166 3789 5222 in-

2117 5261 2509 5314 strumentum
2521 5299 2536 5324 ,
2549 5256 2675 5328 jam
2695 5273 2730 5313 a
2747 5255 3040 5312 celebrata
3055 5255 3426 5311 dedicatione
3443 5254 3718 5328 aliquod,
3735 5255 3793 5308 et

2116 5345 2356 5419 quidem
2373 5343 2772 5416 satislongum
2785 5343 3067 5417 temporis
3085 5341 3462 5400 intervallum
3481 5343 3792 5400 efﬂuxisse

2117 5435 2416 5502 debuerat,
2435 5438 2502 5489 ut
2517 5449 2631 5488 non
2654 5432 2846 5489 solum
2869 5430 3093 5505 Apuliae
3116 5447 3384 5506 proceres
3399 5430 3795 5489 immemores

2117 5539 2362 5581 suorum
2393 5519 2844 5596 promissorum,
2876 5519 3111 5578 Bantini
3137 5519 3491 5578 monasterii
3547 5521 3713 5578 bona
3739 5523 3796 5576 et

2117 5611 2353 5678 chartas
2383 5609 2770 5687 diripuerint;
2797 5608 2900 5672 sed
2929 5609 3105 5672 etiam
3133 5613 3202 5671 ut
3230 5613 3477 5686 tempus
3506 5608 3794 5673 habuerit
