3958 6224
194 308 272 387 ‘37
1786 319 1999 389 VITA.

213 451 754 518 Urbanus,instante
774 450 1022 510 Ursione
1059 453 1286 524 abbate,
1299 454 1427 527 jam
1464 456 1651 512 dictos
1685 457 1841 530 prin-
1869 460 1926 528 Α
1957 474 2245 514 consensu
2291 475 2402 532 pax
2459 457 2632 515 firma
2689 459 2750 515 in
2800 458 3055 516 Ecclesia
3110 462 3453 518 sanciretur.
3487 463 3605 518 Hoc

212 543 347 617 cipes
364 542 807 609 commonendi,
829 546 896 598 ut
915 547 1135 599 tantum
1159 543 1500 600 scandalum
1521 562 1627 601 sua
1644 549 1844 604 aucto-

186 632 361 687 ‘ritate
380 630 863 703 comprimerent.
878 632 1035 698 Quod
1059 649 1118 689 re
1146 633 1275 706 ipsa
1312 649 1512 691 mense
1548 634 1727 703 Julio,
1753 635 1840 690 uti

212 721 308 777 fert
327 736 520 777 eorum
542 719 842 792 diploma,
866 720 1080 778 coactis
1105 722 1290 779 totius
1335 723 1641 796 provinciae
1702 724 1843 780 viris

212 809 480 866 nobilibus
511 825 668 865 anno
702 810 839 882 ipso
871 810 1009 865 1090
1028 812 1156 885 jam
1188 811 1464 868 fecerant.

270 899 389 956 Jam
416 914 568 964 vero,
593 898 645 953 si
697 898 902 967 libeat,
939 899 1131 956 dicere
1180 900 1319 974 quid
1361 901 1432 956 de
1461 901 1571 957 hoc
1618 900 1841 974 Ughelli

214 992 564 1044 monumento
586 987 943 1044 sentiamus.
961 987 1112 1045 Illud
1134 989 1205 1045 ad
1228 989 1542 1046 Bantinum
1558 993 1845 1046 monaste-

214 1076 344 1132 rium
368 1075 507 1132 nihil
531 1078 857 1150 pertinere,
891 1078 991 1133 sed
1026 1082 1128 1133 aut
1175 1078 1246 1133 ab
1304 1077 1504 1151 aliquo
1552 1078 1844 1135 nebulone

212 1165 492 1221 conﬁctum
516 1166 730 1231 fuisse,
748 1170 1018 1223 autcerte
1041 1167 1112 1223 ad
1148 1168 1570 1224 monasterium
1592 1169 1847 1225 Cavense

211 1254 388 1309 referri
417 1254 654 1323 debere,
682 1255 857 1312 nobis
888 1256 1139 1312 videtur.
1170 1257 1243 1313 Et
1288 1256 1526 1328 quidem
1576 1260 1845 1313 monaste-

212 1346 339 1399 rium
360 1351 556 1400 sanctae
585 1343 788 1401 Maria:
817 1345 884 1400 de
926 1345 1128 1412 Pansa,
1160 1345 1463 1417 uulgariter
1509 1348 1849 1402 Doventuum

212 1440 516 1505 nuncupata,
549 1433 715 1505 quod
738 1433 798 1489 in
821 1449 888 1489 ea
910 1432 1111 1489 charta
1145 1439 1524 1499 memoratur.
1544 1450 1716 1490 nemo
1743 1451 1846 1489 no-

208 1522 303 1589 vit;
320 1538 420 1578 nec
440 1522 554 1579 nisi
576 1522 905 1579 divinando
928 1522 1230 1596 Ughellus,
1255 1541 1321 1579 ac
1345 1528 1476 1596 post
1508 1541 1641 1579 eum
1679 1523 1846 1579 Lubi-

212 1627 307 1666 nus
324 1609 379 1664 in
400 1611 619 1667 Notitia
651 1610 1024 1667 abbatiarum
1060 1612 1257 1680 Italiae,
1284 1617 1340 1667 et
1371 1614 1515 1668 forte
1546 1611 1641 1667 alii
1704 1629 1846 1667 non-

192 1698 340 1756 nulli
371 1700 727 1757 recentiores
748 1699 894 1756 illud
924 1718 1056 1757 esse
1086 1702 1508 1758 monasterium
1534 1701 1847 1758 Bantinum

214 1791 582 1860 conjecerunt.
597 1790 660 1843 Si
682 1807 818 1847 vero
843 1789 951 1845 hoc
964 1790 1849 1863 qualecunqueinstrumentum

218 1876 374 1934 simul
393 1892 525 1934 cum
547 1877 831 1935 Cavensis
846 1879 1183 1935 monasterii
1207 1878 1528 1952 privilegiis
1549 1883 1603 1935 et
1626 1878 1854 1935 dedica-

215 1966 372 2022 tionis
399 1969 525 2039 ejus
555 1967 813 2024 historia
861 1968 1213 2035 conferatur,
1247 1968 1419 2026 exiis
1478 1967 1647 2040 plane
1706 1967 1847 2023 illud

219 2056 666 2113 consarcinatum
697 2057 901 2127 fuisse,
925 2057 1173 2130 quisque
1204 2057 1370 2113 facile
1401 2057 1697 2112 advertere
1750 2074 1850 2130 po-

221 2145 543 2219 terit:quod
585 2147 804 2219 probat
843 2145 1231 2202 sanctissimae
1270 2145 1577 2202 Trinitatis
1609 2147 1847 2216 mentio,

216 2233 566 2308 indulgentiae
620 2234 943 2307 utrobique
997 2236 1236 2305 eaedem,
1268 2235 1557 2291 dedicatio
1609 2240 1852 2308 utraque

213 2338 389 2379 mense
423 2324 765 2396 Septembri
791 2324 1194 2389 facta,eaedem
1234 2324 1437 2396 gratia:
1463 2324 1693 2396 utrique
1724 2323 1850 2380 loco

210 2428 265 2466 ac
289 2412 530 2471 ecclesiae
581 2412 1071 2486 Compostcllanze
1122 2413 1384 2480 indultae,
1407 2412 1568 2468 bulla
1600 2414 1657 2467 in
1694 2413 1846 2468 favo-

209 2516 313 2556 rem
342 2519 492 2558 novte
533 2502 933 2558 dedicationis
987 2501 1299 2575 utrobique
1358 2500 1583 2558 Salerni
1646 2517 1849 2556 mense

209 2589 420 2646 Octobri
443 2592 603 2661 data,
629 2596 690 2648 et
721 2591 837 2647 alia
871 2608 995 2663 qua:
1026 2591 1141 2645 huc
1172 2591 1463 2664 appellare
1496 2608 1609 2646 non
1657 2594 1844 2646 vacat.

211 2683 276 2735 De
300 2680 535 2738 Cavensi
568 2680 941 2737 dedicatione
971 2680 1123 2736 infra
1152 2681 1221 2736 ad
1275 2695 1496 2735 annum
1539 2680 1677 2735 1002
1712 2695 1844 2751 age-

210 2784 343 2824 mus.

523 2858 726 2915 XXIX.
764 2860 982 2917 Urbani
1008 2860 1114 2914 iter
1150 2860 1207 2913 in
1241 2859 1511 2914 Siciliam.

268 2946 556 3004 Urbanum
590 2948 801 3004 eodem
835 2964 986 3003 anno
1016 2947 1076 3002 in
1108 2946 1365 3003 Siciliam
1421 2944 1845 3013 transmisisse,

209 3052 306 3092 non
336 3038 504 3093 modo
525 3037 891 3093 recentiores
922 3042 1207 3102 auctores,
1232 3037 1329 3091 sed
1365 3037 1492 3108 ipso
1536 3036 1710 3090 etiam
1769 3039 1848 3089 te-

208 3126 723 3183 staturGaufredus
737 3124 1841 3193 Malaterra,monachusBenedictinus,

1956 548 2217 620 quidem,
2252 553 2313 603 ut
2345 548 2519 604 refert
2579 548 2736 604 idem
2791 555 3015 614 auctor,
3039 550 3319 623 Rogcrius
3372 551 3605 607 Urbano

1952 635 2459 705 consulebat;sed
2512 638 2731 694 veritus
2790 638 3047 710 pontith
3109 656 3202 706 ne,
3233 654 3295 694 se
3342 640 3601 710 absente,

1952 724 2303 791 Guibertini,
2325 725 2424 798 qui
2454 727 2649 782 Romae
2669 730 2935 799 petentes
2968 732 3153 792 erant,
3187 727 3424 784 omnino
3455 746 3604 801 prm-

1950 814 2210 869 valerent
2231 812 2373 869 illud
2410 814 2520 869 iter
2569 815 2803 887 aggredi
2855 832 3036 871 ausus
3088 832 3202 872 non
3234 819 3322 873 est
3355 834 3368 872 :
3400 820 3458 873 et
3478 834 3604 873 eos-

1953 903 2085 958 dem
2108 907 2211 958 aut
2231 907 2383 958 certe
2415 903 2561 959 alios
2584 902 2806 976 legatos
2829 904 2919 960 sui
2953 904 3077 961 loco
3104 905 3376 962 Urbanus
3398 907 3470 961 ad
3503 906 3607 961 im-

1953 995 2277 1064 peratorem
2313 991 2521 1047 iterato
2572 991 2757 1052 misit,
2780 992 2879 1064 qui
2913 1009 3116 1066 pacem
3151 1011 3304 1050 anno
3336 984 3604 1067 sequenti

1953 1084 2272 1153 utcumque
2293 1097 2427 1136 cum
2454 1079 2550 1135 illo
2574 1087 3048 1153 composuerunt.
3071 1083 3234 1138 Certe
3263 1084 3607 1157 urgentissi-

1955 1186 2117 1224 mum
2132 1173 2189 1224 et
2203 1170 2442 1241 quidem
2463 1169 2843 1241 improvisum
2861 1169 3094 1242 aliquod
3112 1172 3310 1244 magni
3325 1172 3606 1228 momenti

1955 1259 2254 1331 negotium
2286 1258 2422 1313 huic
2457 1258 2513 1313 in
2547 1257 2804 1315 Siciliam
2839 1259 3029 1315 itineri
3063 1260 3426 1318 occasionem
3456 1279 3607 1334 prae-

1957 1346 2158 1403 buisse
2190 1347 2326 1403 inde
2347 1346 2700 1419 colligimus,
2725 1348 2879 1420 quod
2916 1348 3195 1420 pontifex,
3220 1350 3319 1422 qui
3348 1354 3481 1406 ante
3511 1350 3610 1408 ali-

1962 1442 2108 1508 quot
2140 1436 2264 1493 dies
2319 1435 2511 1493 Casini
2542 1438 2906 1506 versabatur,
2945 1438 3062 1493 imo
3092 1441 3150 1493 et
3179 1438 3236 1494 in
3273 1437 3488 1512 Apulia
3533 1441 3606 1497 ad

1960 1526 2265 1580 Bantinam
2299 1525 2606 1581 ecclesiam
2642 1526 3027 1581 dedicandam
3063 1542 3197 1581 cum
3258 1527 3503 1600 Rogerio
3551 1533 3609 1584 et

1960 1614 2302 1669 Boamundo
2326 1614 2559 1669 comitis
2586 1615 2813 1687 Rngerii
2839 1631 2905 1668 ex
2936 1616 3114 1670 fratre
3128 1615 3437 1688 nepotibus
3459 1615 3607 1671 nihil

1959 1702 2119 1758 aliud
2180 1702 2445 1775 cogitans
2505 1709 2848 1768 accesserat,
2882 1703 3259 1761 Terracinam
3316 1722 3604 1775 reversus,

1961 1799 2199 1863 repente
2222 1792 2488 1848 dimissis
2517 1794 2793 1847 omnibus
2819 1794 2873 1847 in
2906 1793 3165 1848 Siciliam
3200 1795 3356 1865 longo
3388 1796 3605 1864 itinere,

1963 1882 2045 1936 uti
2069 1881 2396 1937 Gaufredus
2420 1882 2611 1951 habet,
2635 1885 2899 1953 fatigatus
2923 1882 3338 1953 transmiserit,
3374 1888 3441 1939 ut
3470 1900 3606 1941 cum

1962 1971 2206 2042 Rogerio
2229 1969 2678 2042 colloqueretur,
2694 1972 2791 2041 qui
2822 1971 2930 2027 hoc
2951 1988 3102 2027 anno
3126 1973 3331 2045 captis,
3357 1974 3611 2030 utrefert

1961 2058 2156 2131 Lupus
2181 2059 2543 2130 Protospata,
2565 2060 2895 2131 Syracusis,
2920 2061 3257 2130 Bruceram,
3283 2065 3348 2118 ut
3366 2067 3423 2118 et
3451 2062 3610 2118 Gau-

1962 2148 2122 2202 fredo
2140 2148 2418 2216 diximus,
2444 2153 2503 2203 tu
2515 2166 2603 2215 nc,
2626 2166 2811 2204 mense
2832 2149 3053 2205 scilicet
3068 2151 3265 2222 Aprili,
3282 2152 3605 2208 obsidebat.

1958 2237 2137 2291 Aiunt
2190 2236 2408 2310 vulgati
2467 2238 2620 2309 apud
2682 2238 2979 2293 Bocchum
3040 2239 3280 2311 Pyrrum
3326 2241 3383 2295 in
3413 2240 3611 2296 Sicilia

1957 2342 2123 2381 sacra
2153 2330 2421 2381 auctores
2452 2325 2753 2381 Urbanum
2793 2344 2861 2381 ea
2921 2327 3222 2383 occasione
3281 2328 3340 2383 in
3395 2327 3608 2385 sacello

1958 2415 2209 2486 quodam
2235 2415 2614 2470 subterraneo
2628 2414 2979 2470 cathedralis
2992 2414 3249 2471 ecclesia:
3270 2417 3609 2473 Troinensis

1957 2503 2200 2558 missam
2233 2502 2580 2571 celebrasse,
2609 2507 2784 2575 atque
2817 2503 2873 2558 in
2930 2504 3057 2574 ejus
3119 2504 3200 2560 rei
3260 2505 3607 2561 memoriam

1956 2591 2290 2664 appositam
2316 2591 2500 2648 fuisse
2523 2591 2988 2665 inscriptionem,
3013 2608 3130 2664 qua
3156 2593 3400 2649 vetitum
3427 2599 3519 2650 est
3539 2610 3612 2650 ne

1957 2679 2233 2752 deinceps
2266 2679 2322 2733 in
2356 2678 2549 2735 locum
2598 2678 2768 2734 illum
2803 2678 3081 2735 mulieres
3139 2678 3607 2752 ingrederentur.

1956 2787 2114 2842 XXX.
2175 2786 2440 2842 Anselmo
2498 2786 2904 2859 archiepiscopo
2978 2787 3374 2844 Mediolanensi
3435 2788 3608 2844 mittit

2556 2859 2817 2930 pallium,
2849 2864 2959 2914 etc.

2028 2947 2371 3018 Respirabat
2400 2952 2541 3003 tunc
2573 2946 3029 3004 Mediolanensis
3056 2946 3315 3004 Ecclesia
3343 2947 3456 3004 sub
3486 2952 3607 3004 An-

1956 3034 2121 3089 selmi
2150 3034 2416 3090 catholici
2435 3036 2539 3090 viri
2564 3036 2928 3107 pontificatu,
2956 3036 3053 3109 qui
3088 3041 3222 3092 ante
3252 3036 3477 3109 aliquot
3506 3055 3609 3094 an-

1958 3122 2340 3179 nosinlocum
2361 3123 2599 3179 Tedaldi
2624 3124 2982 3181 schismatici
3011 3126 3312 3195 suffectus,
3330 3126 3608 3182 baculum

206 3215 641 3270 auctorillorum
669 3220 1002 3286 temporum
1026 3218 1355 3281 accuratus,
1381 3213 1480 3285 qui
1500 3229 1590 3268 res
1614 3212 1840 3285 Rogerii
1873 3197 1914 3263 C
1954 3228 1987 3266 a
2015 3228 2146 3284 rege
2177 3216 2539 3284 susceperat,
2566 3214 2639 3266 ob
2672 3214 2728 3268 id
2763 3230 2854 3278 ne,
2882 3218 2983 3268 aut
3014 3219 3167 3269 certe
3219 3213 3291 3269 ob
3345 3213 3607 3286 aliquam

202 3304 413 3360 'comitis
456 3309 683 3378 gestas,
733 3303 863 3375 ipso
931 3302 1298 3373 adhortante,
1351 3305 1606 3374 quatuor
1672 3300 1839 3357 libris

203 3392 554 3465 conscripsit.
588 3393 645 3448 ls
677 3395 879 3446 narrat
908 3390 1056 3447 libro
1088 3407 1163 3458 IV,
1217 3407 1343 3463 cap.
1387 3392 1466 3456 l3,
1523 3390 1839 3461 Rogerium

200 3478 387 3535 Siciliae
433 3480 747 3552 comitem,
771 3480 1008 3535 fratrem
1043 3480 1279 3534 Roberti
1305 3478 1635 3545 Guiscarzli,
1666 3479 1839 3534 adeo-

199 3584 296 3639 que
316 3568 560 3627 alterius
581 3569 819 3642 Rogerii
844 3568 1010 3625 ducis
1038 3567 1258 3640 Apulize
1289 3572 1345 3623 et
1375 3567 1697 3623 Boamundi
1736 3584 1839 3640 pa-

198 3660 401 3729 truum,
427 3675 577 3715 anno
611 3660 757 3714 1088
787 3658 1079 3713 inchoante
1106 3658 1292 3728 Aprili
1316 3661 1595 3712 Buccram
1635 3655 1839 3711 Sicilite

200 3748 385 3803 urbem
414 3747 745 3814 obsedisse,
770 3746 972 3819 ibique
994 3745 1323 3819 suscepisse
1355 3745 1572 3801 Urbani
1616 3743 1838 3817 legatos

199 3852 310 3891 cum
335 3837 538 3895 litteris
565 3837 854 3909 sigillatls,
869 3834 1382 3908 quibusinvitabat
1402 3851 1537 3890 eum
1556 3835 1835 3907 pontifex,

200 3925 560 3993 utTroinam,
585 3943 702 3997 quo
723 3925 852 3997 ipse
884 3924 1251 3997 properabat,
1283 3940 1459 3996 quam
1494 3927 1696 3996 posset
1742 3940 1835 3979 ce-

199 4010 416 4071 lerrime
436 4014 761 4079 accederet,
784 4029 985 4068 secum
1034 4012 1108 4066 de
1151 4012 1327 4066 rebus
1358 4010 1631 4084 gravibus
1662 4009 1836 4066 collo-

201 4102 390 4171 quium
407 4102 744 4160 habiturus.
759 4102 841 4157 Ad
852 4101 977 4167 fuit,
998 4100 1264 4157 condicto
1285 4098 1694 4167 die,comes,ut
1709 4116 1838 4171 pro-

198 4191 451 4262 sequitur
467 4191 566 4248 ille
596 4194 826 4256 auctor,
858 4194 915 4245 et
961 4189 1125 4244 ﬁnito
1174 4187 1464 4261 colloquio
1499 4187 1832 4259 pontiﬁcem

194 4280 372 4335 multis
395 4281 642 4337 donariis
672 4280 1002 4335 honoratum
1029 4280 1262 4334 dimisit.
1289 4277 1436 4341 Quid
1452 4293 1586 4331 vero
1617 4276 1834 4348 negotii

196 4363 337 4423 inter
364 4386 461 4426 eos
489 4374 784 4444 ageretur,
807 4368 1135 4423 Gaufredus
1180 4366 1394 4422 diserte
1434 4382 1549 4421 non
1610 4364 1829 4434 retulit,

195 4457 294 4512 nisi
314 4458 457 4515 forte
476 4457 533 4515 id
553 4456 735 4514 fuerit
759 4457 914 4529 quod
941 4454 1249 4527 subjungit
1268 4455 1338 4510 de
1349 4452 1836 4525 Constantinopo-

194 4542 362 4601 litano
382 4547 763 4621 imperatore,
784 4545 978 4601 Alexio
1002 4545 1321 4609 Comneno,
1346 4559 1520 4615 quem
1567 4541 1832 4599 Urbanus
1869 4564 1913 4630 Ι)

197 4634 386 4692 missis
410 4640 537 4693 ante
552 4652 761 4710 paucos
792 4634 928 4702 dies,
964 4634 1020 4689 id
1045 4638 1135 4689 est
1184 4632 1382 4688 statim
1416 4635 1547 4703 post
1577 4647 1746 4686 suam
1778 4632 1837 4687 in

195 4725 580 4792 pontiﬁcatum
639 4723 1006 4789 electionem,
1063 4721 1277 4795 legatis
1325 4720 1561 4777 Nicolao
1631 4719 1839 4777 abbate

193 4809 398 4885 Cryptae
421 4816 669 4883 ferratas,
694 4818 753 4870 et
780 4812 1025 4886 Rogerio
1049 4812 1315 4877 diacono,
1338 4814 1573 4883 paterna
1593 4812 1839 4881 increpa-

193 4901 327 4957 tione
353 4906 780 4967 commonuerat,
805 4900 960 4973 quod
984 4902 1042 4956 in
1068 4898 1386 4974 provinciis
1417 4896 1529 4954 sibi
1554 4898 1837 4968 subjectis

195 4986 406 5049 Latinos
426 4992 789 5058 sacerdotes,
809 4989 1052 5061 abjectis
1075 4988 1313 5062 azymis,
1336 4986 1396 5042 in
1419 5003 1567 5061 pane
1584 4987 1833 5042 fermen-

192 5079 302 5133 tato
319 5082 646 5138 sacrificare
677 5082 929 5151 cogeret.
952 5078 1128 5134 Addit
1155 5078 1308 5134 idem
1342 5081 1545 5133 auctor
1572 5075 1831 5148 impera-

193 5166 382 5235 torem,
413 5171 695 5241 suecepta
722 5165 1027 5222 humiliter
1056 5164 1357 5239 pontificis
1413 5163 1831 5236 increpatione,

192 5267 317 5310 eum
339 5274 436 5329 per
456 5257 700 5315 eosdem
723 5256 925 5327 legatos
940 5270 1009 5310 ex
1028 5255 1234 5310 itinere
1247 5253 1373 5326 jam
1396 5269 1657 5309 reversos
1680 5252 1831 5307 invi-

1948 3299 2125 3354 aliam
2160 3317 2423 3364 causam,
2459 3317 2635 3371 quam
2673 3300 2956 3356 incertam
3014 3319 3141 3358 esse
3199 3302 3611 3375 Ripamontius

1947 3388 2192 3455 dicit,in
2215 3388 2476 3460 Gregorii
2510 3388 2803 3461 pontiﬁcis
2840 3389 3221 3445 oll'ensionem
3251 3391 3601 3458 incurreret,

1941 3477 2047 3532 sed
2083 3476 2134 3531 ei
2165 3480 2296 3549 post
2351 3477 2595 3532 modum
2653 3476 2955 3549 pcenitcnti
2984 3478 3217 3550 culpam
3250 3479 3600 3535 condonavit

1947 3565 2237 3635 Urbanus,
2275 3570 2451 3637 atque
2478 3565 2589 3637 ipsi
2611 3566 2670 3621 in
2698 3564 2912 3635 solum,
2941 3567 3096 3638 quod
3129 3571 3334 3640 sponte
3355 3567 3611 3625 dimise-

1948 3659 2057 3721 rat,
2083 3654 2352 3710 restituto
2377 3671 2444 3710 ac
2468 3656 2833 3723 conﬁrmato,
2868 3654 3112 3728 pallium
3159 3672 3262 3728 per
3291 3655 3597 3713 Heriman-

1948 3760 2092 3799 num
2115 3742 2471 3800 cardinalem
2505 3743 2666 3799 misit
2697 3761 2833 3800 cum
2873 3743 3139 3817 epistola,
3173 3743 3345 3817 cujus
3405 3744 3599 3802 solum

1947 3836 2216 3905 superest
2238 3834 2630 3905 fragmentum
2651 3834 2707 3887 in
2729 3833 3109 3901 UrbamVita,
3136 3833 3292 3906 quod
3311 3834 3603 3890 referetur

1944 3921 2099 3977 inter
2123 3922 2251 3993 ejus
2281 3921 2577 3994 epistolas.
2613 3923 2768 3977 Idem
2802 3922 2981 3977 ferme
3021 3922 3293 3994 praestitit
3334 3922 3607 3979 Urbanus

1944 4027 2084 4083 erga
2104 4010 2417 4066 Henricum
2439 4010 2919 4066 Suessionensem
2951 4011 3314 4083 episcopum,
3333 4012 3434 4083 qui
3466 4018 3621 4068 cum'

1944 4100 2320 4171 episcopatus
2341 4098 2620 4155 investitu
2631 4116 2752 4155 ram
2777 4117 2810 4154 a
2830 4099 3099 4172 Philippo
3114 4116 3248 4173 rege
3260 4100 3605 4174 accepisset.

1947 4188 2190 4243 Romam
2224 4187 2464 4244 veniens
2495 4205 2689 4245 coram
2719 4188 2991 4261 pontiﬁce
3023 4193 3231 4261 sponte
3249 4189 3604 4263 dignitatem

1944 4275 2261 4331 abdicavit:
2288 4275 2427 4333 huic
2448 4280 2644 4333 tamen
2694 4276 2967 4333 renitenti
2989 4282 3046 4333 et
3076 4276 3293 4333 nolenti
3328 4277 3604 4351 praecepit

1945 4363 2236 4431 Urbanus,
2263 4369 2328 4420 ut
2349 4366 2547 4421 sedem
2572 4369 2873 4437 repeteret,
2892 4371 3127 4439 accepto
3160 4367 3503 4437 juramento
3542 4383 3605 4423 se

1944 4469 2271 4525 numquam
2293 4453 2387 4520 iis,
2411 4454 2569 4526 quia
2598 4455 2734 4511 sede
2764 4455 3085 4527 apostolica
3109 4455 3599 4513 fuissentexcom-

1946 4542 2249 4609 municati,
2274 4543 2847 4600 communicaturum
2878 4561 3027 4612 esse,
3051 4549 3152 4600 aut
3173 4545 3599 4601 interfuturum

1947 4648 2149 4688 eorum
2181 4633 2741 4702 consecrationibus,
2767 4633 2867 4704 qui
2899 4650 3002 4705 per
3032 4634 3195 4688 nefas
3227 4633 3601 4705 episcopatus

1946 4719 2034 4777 vel
2055 4720 2325 4776 abbatias
2340 4725 2746 4792 occupassent.
2774 4722 2932 4777 Idem
2954 4722 3173 4776 factum
3198 4721 3381 4777 fuisse
3403 4721 3598 4778 Belva-

1945 4809 2104 4866 censi
2137 4808 2411 4880 episcopo
2434 4809 2612 4863 tradit
2646 4808 2966 4865 Pandulfus
2996 4808 3057 4863 in
3086 4808 3219 4864 Vita
3263 4808 3506 4880 Urbani,
3535 4811 3595 4866 id

1945 4897 2097 4970 quod
2132 4896 2307 4952 etiam
2341 4895 2567 4952 Platina
2596 4900 2870 4952 testatur.
2907 4898 3097 4954 Redeo
3130 4898 3202 4955 ad
3250 4898 3597 4956 Anselmum

1944 4984 2461 5041 Mediolanensem.

2013 5074 2158 5130 Huic
2188 5074 2460 5130 Urbanus
2489 5073 2715 5131 litteras
2742 5075 2981 5149 scripsit
3016 5077 3088 5132 de
3123 5077 3601 5134 reconciliatione

1942 5163 2347 5237 lapsorum,ex
2369 5162 2584 5236 quibus
2607 5164 2700 5221 Ivc
2724 5169 2888 5238 parte
2910 5183 3049 5233 1v,c.
3088 5168 3213 5236 407,
3247 5165 3597 5223 decretalem

1941 5252 2251 5326 epistolam
2268 5252 2573 5326 excerpsit,
2605 5270 2732 5326 quae
2755 5254 2977 5326 passim
3003 5255 3181 5323 edita,
3206 5256 3307 5311 sed
3339 5253 3594 5308 multum

191 5343 334 5400 lassa
349 5346 617 5402 chartulis
649 5345 852 5399 litteris
884 5344 1324 5414 aureisscriptis,
1347 5345 1412 5396 ut
1449 5340 1606 5396 intra
1653 5340 1830 5397 unius
1938 5358 2008 5398 ex
2039 5341 2276 5414 vulgato
2332 5341 2608 5399 Anselmo
2668 5343 2912 5399 Lucensi
2947 5348 3142 5415 aucta,
3175 5342 3413 5399 dabitur
3441 5341 3597 5395 inter

188 5432 317 5487 anni
343 5439 401 5490 et
427 5433 660 5491 dimidii
692 5432 1014 5489 terminum
1046 5432 1106 5488 in
1158 5430 1437 5488 Graeciam
1479 5427 1720 5498 veniret,
1754 5430 1826 5486 ad
1937 5429 2155 5487 Urbani
2210 5430 2457 5497 litteras,
2491 5448 2624 5486 cum
2683 5431 2913 5487 duobus
2967 5431 3098 5488 aliis
3151 5429 3498 5494 canonibus,
3532 5427 3595 5481 in

188 5520 549 5580 tractandum
582 5539 653 5579 ea
684 5521 760 5576 de
789 5536 852 5576 re
878 5519 938 5575 in
968 5521 1212 5578 concilio
1241 5519 1395 5593 apud
1416 5517 1824 5575 Constantino-
1934 5518 2177 5575 concilio
2202 5517 2534 5575 Belvacensi
2553 5519 2693 5575 anni
2715 5519 2854 5574 1114
2874 5523 3075 5575 nostro
3094 5515 3355 5592 pontiﬁci
3377 5514 3598 5586 pariter

187 5600 357 5685 polita
378 5611 725 5675 celebrando
742 5625 756 5668 :
773 5609 975 5686 sicque
990 5609 1285 5671 communi
1306 5607 1615 5688 utriusque
1630 5607 1822 5689 gentis
1932 5606 2260 5678 attributis,
2282 5622 2533 5682 quorum
2551 5607 2779 5683 primus
2798 5607 2963 5684 clero,
2995 5606 3144 5667 alter
3164 5603 3368 5687 populo
3394 5598 3597 5659 Medio-
