3958 6224
392 315 473 379 J3

1698 315 1772 378 Β.
1815 311 2107 380 URBANI
2150 314 2205 379 ΙΙ
2249 315 2505 379 ΡΛΡΛΕ.

3707 318 3779 383 44

386 450 548 507 obitu
579 432 971 523 computetur,
1004 448 1077 504 ad
1107 464 1331 505 annum
1364 449 1502 503 1088
1540 450 1792 506 revocari
1838 449 2027 520 debet,
2059 450 2116 519 Α
2145 450 2534 507 monasticam
2568 466 2684 506 non
2717 449 2963 506 obscure
2993 447 3243 506 alterum
3302 447 3656 523 baptismum
3687 470 3781 527 ap-

387 557 504 613 quo
536 539 728 611 reipsa
754 538 1056 595 Artaldum
1089 537 1339 595 electum
1371 538 1551 595 fuisse
1609 538 1925 602 credimus,
1987 542 2045 595 et

391 630 504 686 sub
536 628 805 701 ejusdem
836 627 973 685 anni
1022 627 1201 684 finem
1234 628 1452 694 Roma,
1514 644 1630 700 quo
1662 631 1798 701 post
1851 628 2047 684 varias

391 718 898 793 peregrinationes
937 718 1065 789 jam
1097 717 1350 773 redierat
1380 716 1673 786 Urbanus,
1732 734 2037 773 consecra-

391 810 541 863 tum.
576 807 805 863 Laudat
850 807 1006 861 idem
1038 805 1309 862 Baluzius
1340 806 1488 861 duos
1519 805 1747 862 codices
1785 808 2046 862 vetustos

395 913 508 953 ms.
537 914 550 953 :
585 913 771 952 unum
804 895 1028 951 scilicet
1057 895 1401 962 Puteanum,
1437 894 1536 967 qui
1568 911 1726 950 nunc
1767 898 1958 951 exstat
1986 894 2045 949 in

397 984 754 1041 Bibliotheca
784 985 963 1057 regia,
994 988 1051 1040 et
1081 984 1326 1040 alterum
1354 1000 1526 1057 quem
1552 1001 1731 1057 penes
1753 1001 1814 1040 se
1836 988 2046 1051 servat,

399 1074 461 1130 in
494 1074 711 1144 quibus
740 1074 835 1130 hic
864 1074 1098 1141 dicitur,
1131 1074 1399 1131 Artaldas
1428 1073 1717 1129 Alanensis
1746 1074 2048 1146 episcopus,

358 1225 375 1237 ,
404 1181 531 1236 qua
579 1163 749 1219 lectio
798 1163 907 1219 etsi
957 1164 1262 1228 mendosa,
1321 1162 1612 1219 sinceram
1646 1166 1838 1218 tamen
1872 1177 2051 1233 quam

404 1268 845 1326 propugnamus
866 1252 1191 1308 confirmat.
1216 1251 1317 1308 His
1335 1252 1482 1307 adde
1506 1250 1723 1307 Urbani
1746 1249 2051 1323 epistolam

407 1358 561 1398 anno
592 1341 857 1414 sequenti
889 1341 1169 1414 scriptam
1201 1342 1271 1397 ad
1320 1340 1674 1413 Raynerium
1726 1338 2053 1413 apostolica

407 1431 564 1488 sedis
590 1430 871 1504 legatum,
902 1448 1019 1503 qua
1048 1430 1306 1503 pontifex
1336 1430 1385 1484 ei
1420 1444 1657 1484 causam
1691 1427 2054 1491 hauddubio

394 1521 605 1585 'istam,
648 1536 775 1591 qua
807 1520 961 1574 inter
988 1518 1327 1592 episcopum
1359 1516 1704 1574 Elenensem
1751 1520 1810 1573 et.
1838 1517 2054 1573 Narbo-

408 1622 651 1663 nensem
682 1606 1200 1677 metropolitanum
1230 1605 1590 1672 versabatur,
1624 1604 2054 1661 discutiendam

410 1694 741 1751 committit.
776 1695 879 1750 Hic
926 1694 1289 1750 exhibendus
1349 1696 1438 1749 est
1491 1692 1654 1749 locus
1712 1694 1936 1765 integer
1989 1709 2060 1748 ex

412 1784 641 1839 decreto
684 1783 969 1848 Gratiani,
1021 1800 1155 1838 cum
1212 1783 1369 1839 Gesta
1434 1784 1641 1839 Urbani
1692 1782 1939 1852 secundi,
1990 1797 2060 1837 ex

396 1862 629 1946 iquibus
676 1872 771 1928 hic
829 1889 1012 1928 canon
1062 1872 1443 1945 depromptus
1474 1871 1705 1942 dicitur,
1740 1872 1912 1928 modo
1943 1888 2057 1927 non

411 1961 759 2019 habeantur.

411 2072 540 2128 Post
568 2066 904 2137 electionem,
933 2085 1034 2141 pro
1062 2068 1431 2141 indemnitate
1460 2068 1730 2136 Ecclesia,
1752 2069 1877 2125 licet
1894 2068 2062 2125 electo

644 2139 1023 2214 juramentnm
1045 2143 1317 2212 praestare
1345 2140 1362 2211 (
1393 2139 1447 2207 8,
1482 2156 1539 2211 q.
1566 2141 1620 2207 3,
1654 2156 1705 2197 ο.
1734 2141 1811 2210 2).

462 2230 761 2305 rArtaldus
790 2229 1145 2286 Arelatensis
1173 2230 1311 2300 [lege
1330 2227 1692 2302 Ilelenensis]
1731 2228 2059 2303 episcopus,

414 2317 812 2377 Narbonensis
841 2318 1107 2374 Ecclesia
1137 2317 1566 2389 suﬂ'raganeus,
1592 2317 1835 2373 Romam
1860 2333 2061 2373 conse-

416 2410 670 2467 crandus
700 2409 770 2463 ad
803 2406 1107 2463 dominum
1138 2405 1438 2461 Urbanum
1472 2422 1683 2478 papam
1706 2406 1883 2475 venit,
1917 2423 2063 2462 suus

414 2498 630 2571 quippe
685 2496 1159 2570 archiepiscopus
1216 2511 1350 2551 eum
1410 2510 1748 2551 consecrare
1805 2493 2060 2564 nolebat,

414 2586 692 2660 quoniam
726 2590 859 2658 post
888 2584 1227 2659 electionem
1251 2600 1419 2639 suam
1443 2586 1679 2656 propter
1699 2583 1852 2639 bona
1876 2582 2063 2640 Eccle-

415 2675 513 2731 sia
572 2674 969 2731 conservanda
1024 2673 1321 2728 canonicis
1372 2671 1614 2743 juravit.
1675 2671 2064 2728 Consecratus

412 2764 611 2836 itaque
641 2767 730 2818 est
758 2779 791 2818 a
820 2761 1057 2817 domino
1112 2777 1264 2834 papa
1307 2760 1562 2827 Urbano,
1596 2764 1729 2816 ante
1779 2764 2065 2832 purgatus

411 2852 1120 2925 hujusmodijuramento.
1147 2872 1175 2900 «
1199 2850 1278 2905 De
1294 2850 1633 2923 juramento
1655 2849 1811 2922 quod
1834 2849 2069 2905 canoni-

414 2942 499 2996 cis
527 2944 739 2996 nostra
795 2938 1060 2995 Ecclesia
1093 2937 1199 2993 feci
1232 2941 1364 3010 post
1420 2937 1787 3006 electionem,
1838 2937 2064 2994 nullam

413 3024 853 3085 conventionem
913 3031 1048 3083 ante
1080 3031 1145 3083 ut
1200 3025 1444 3099 eligerer
1491 3026 1620 3082 feci.
1669 3026 2065 3083 Narbonensis

412 3135 546 3175 vero
569 3117 1046 3190 archiepiscopus
1068 3114 1509 3190 nulliusprater
1524 3115 1582 3171 id
1603 3115 1869 3172 criminis
1890 3132 2069 3172 causa

2152 538 2349 611 pellat.

2151 645 2367 702 XXXV.
2428 647 3010 729 Magalona_episcopi
3065 645 3308 729 speciali
3354 648 3483 719 jure
3545 645 3787 720 pontiﬁci

2723 717 2959 774 Romano
2988 717 3237 789 subjecti.

2227 807 2423 862 Mense
2455 806 2720 878 sequenti
2756 806 3015 879 pontifex
3045 806 3358 862 Gotofredo
3401 805 3667 879 episcopo
3692 808 3789 864 Ec-

2156 893 2395 950 clesiam
2428 894 2904 968 Magalonensem
2936 911 3073 951 cum
3104 894 3384 951 comitatu
3433 884 3788 951 Substantio-

2157 984 2324 1039 nensi
2352 984 2738 1056 confirmavit,
2782 982 2992 1040 litteris
3024 1001 3093 1040 ea
3124 985 3194 1039 de
3226 1000 3287 1039 re
3317 983 3428 1039 hoc
3458 1000 3606 1040 anno
3653 983 3795 1040 datis

2159 1073 2353 1128 Roma
2384 1090 2479 1127 xxx
2512 1072 2798 1129 Kalendas
2826 1072 3112 1128 Januarii.
3145 1073 3262 1129 Cur
3288 1088 3424 1129 vero
3454 1077 3593 1128 tunc
3631 1072 3793 1128 Goto-

2161 1161 2321 1217 fredo
2354 1162 2683 1218 necessaria
2714 1161 2887 1219 fuerit
2915 1161 3182 1218 Ecclesia
3213 1161 3644 1235 Magalonensis
3671 1178 3796 1216 con-

2162 1250 2433 1315 firmatio,
2468 1251 2567 1323 qui
2616 1250 2801 1307 multo
2859 1255 3175 1324 antequam
3232 1251 3501 1307 Urbanus
3555 1249 3799 1324 pontifex

2161 1339 2346 1405 ﬁeret,
2377 1339 2530 1394 hanc
2561 1341 2759 1395 sedem
2791 1340 3145 1407 obtinuerat,
3172 1338 3457 1396 discimus
3479 1355 3547 1395 ex
3564 1339 3799 1394 Antonio

2163 1428 2235 1483 de
2264 1428 2530 1495 Verdala,
2563 1429 2829 1500 ejusdem
2880 1428 3146 1485 Ecclesia
3177 1427 3473 1501 episcopo,
3505 1426 3565 1483 in
3616 1426 3801 1483 libello

2164 1517 2243 1572 De
2258 1520 2403 1572 serie
2417 1518 2821 1589 episcoporum
2837 1517 3338 1590 Magalonensium
3353 1515 3803 1590 apudLabbeum

2166 1610 2325 1661 tomo
2358 1606 2378 1660 Ι
2411 1605 2775 1661 Bibliotheca
2807 1622 2988 1674 nova,
3022 1606 3122 1660 ubi
3155 1604 3250 1659 ille
3280 1609 3487 1661 auctor
3515 1604 3689 1660 refert
3709 1608 3804 1659 Pe-

2166 1699 2324 1749 trum
2375 1693 2633 1766 Melgorii
2667 1695 2941 1750 comitem
2975 1711 3128 1750 anno
3160 1695 3303 1749 4085
3358 1693 3631 1750 Kalendis
3679 1692 3805 1748 Maii

2088 1819 2136 1885 B
2167 1784 2398 1838 dedisse
2430 1782 2706 1855 Gregorio
2736 1783 2837 1839 VII
2889 1782 3149 1856 pontifici
3212 1783 3478 1838 Romano
3498 1783 3601 1854 jus
3647 1798 3809 1838 omne

2168 1872 2320 1944 quod
2346 1871 2683 1937 habebat,in
2706 1872 3043 1945 episcopatu
3059 1870 3667 1944 Magalonensi,simul
3684 1887 3807 1926 cum

2170 1962 2447 2017 comitatu
2478 1960 2991 2017 Substantionensi
3038 1961 3099 2016 in
3139 1977 3354 2017 manus
3385 1960 3534 2034 petri
3565 1959 3809 2032 episcopi

2167 2048 2535 2118 Albanensis,
2590 2035 2748 2105 sedis
2807 2048 3134 2122 apostolicae
3195 2048 3393 2121 legati,
3429 2053 3486 2106 et
3532 2047 3811 2105 Gotoiredi

2170 2140 2434 2211 ejusdem
2469 2138 2730 2194 Ecclesia
2754 2140 2881 2210 jam
2927 2143 3067 2193 tunc
3114 2137 3394 2212 episcOpi.
3427 2139 3499 2194 At
3547 2136 3810 2211 pontifex,

2170 2232 2408 2300 accepta
2439 2227 2769 2294 donatione,
2803 2226 3145 2282 comitatum
3175 2226 3345 2282 Petro
3399 2227 3647 2300 ejusque
3690 2242 3810 2281 suc-

2170 2316 2501 2373 cessoribus
2532 2318 2591 2371 in
2619 2316 2844 2388 fetidum
2874 2315 3128 2371 reddidit
3153 2317 3253 2371 sub
3311 2324 3654 2373 sacramento
3686 2315 3807 2383 Iide-

2176 2404 2354 2461 litatis
2382 2409 2433 2462 et
2452 2421 2615 2461 censu
2645 2421 2829 2461 annuo
2856 2406 3027 2461 unius
3074 2407 3254 2460 uncia
3300 2406 3435 2461 auri
3461 2407 3658 2477 optimi
3675 2424 3696 2471 ;
3717 2405 3810 2477 jus

2171 2510 2306 2550 vero
2352 2511 2545 2563 omne,
2582 2495 2737 2567 quod
2780 2493 3102 2567 apostolica
3148 2494 3318 2551 sedes
3347 2494 3461 2551 hac
3515 2493 3816 2551 donatione

2173 2583 2549 2657 acquisierat,
2601 2583 2919 2638 transfudit
2978 2583 3038 2637 in
3069 2583 3474 2653 Gotofredum,
3534 2583 3637 2657 qui
3662 2601 3729 2640 ex
3757 2599 3815 2639 eo

2172 2676 2435 2745 tempore
2464 2673 2617 2728 vices
2661 2671 2957 2744 pontificis
2985 2688 3054 2728 ea
3102 2671 3163 2727 in
3194 2688 3255 2728 re
3286 2672 3569 2746 obtinuit,
3616 2678 3675 2729 et
3698 2672 3816 2744 ejus

2173 2760 2430 2817 Ecclesia
2457 2762 2558 2817 sub
2581 2762 2809 2833 speciali
2839 2762 3092 2818 Romana
3111 2761 3252 2819 sedis
3266 2762 3444 2818 tutela
3465 2762 3659 2835 posita
3686 2760 3817 2817 fuit:

2175 2851 2328 2907 unde
2349 2851 2591 2907 comites
2613 2851 2688 2907 Su
2697 2849 3170 2907 bstantionenses
3188 2849 3701 2923 Magalonensium
3720 2848 3825 2923 epi-

2174 2957 2485 3013 scoporum
2539 2939 2673 2995 facti
2721 2943 2862 2996 sunt
2911 2939 3242 3009 feudatarii,
3277 2944 3348 2996 et:
3404 2939 3518 3012 ipsi
3580 2936 3825 3012 episcopi

2174 3029 2455 3085 Romanis
2487 3028 2863 3102 pontificibus
2893 3028 3223 3102 specialiter
3268 3028 3497 3084 addicti
3555 3028 3822 3084 fuerunt:

2175 3133 2303 3190 qua
2325 3118 2523 3174 omnia
2537 3116 2676 3172 huic
2697 3115 3160 3173 conﬁrmationis
3180 3114 3362 3172 bullae
3386 3117 3460 3174 de
3473 3133 3593 3190 qua
3610 3115 3826 3190 agimus

414 3207 913 3264 consecrationem
945 3209 1206 3262 nostram
1229 3205 1450 3270 omisit,
1481 3220 1573 3261 me
1604 3204 1843 3273 sciente,
1875 3221 2066 3279 neque
2095 3190 2139 3257 C
2177 3206 2371 3262 locum
2402 3205 2722 3278 praebuere.
2771 3205 2945 3261 Porro
2965 3204 3311 3261 Gotofredus
3368 3209 3577 3278 postea
3623 3202 3825 3260 multas

416 3297 559 3354 mihi
583 3296 850 3354 criminis
882 3295 1161 3353 conscius
1194 3310 1328 3351 sum
1362 3297 1597 3367 propter
1642 3294 1796 3366 quod
1829 3310 1864 3350 a
1908 3310 2075 3351 sacra

426 3384 521 3443 me
550 3386 825 3442 unctione
855 3387 1003 3458 (mss.
1028 3402 1063 3440 a
1093 3384 1419 3441 sacerdotio
1450 3383 1563 3454 me]
1595 3382 1854 3456 repellat.
1887 3405 1916 3435 ››

486 3480 698 3534 Contra
728 3477 879 3532 hanc
911 3474 1341 3531 ordinationem
1392 3473 1835 3529 Narbonensem
1880 3472 2077 3529 archi-

413 3567 754 3640 episcopum
810 3564 1162 3619 reclamasse
1228 3562 1514 3617 discimus
1563 3577 1632 3616 ex
1689 3561 1942 3633 epistola
2001 3575 2076 3631 ad

434 3655 787 3729 Reynerium
843 3653 1020 3707 modo
1076 3650 1360 3706 laudata:
1420 3666 1595 3721 quem
1652 3654 1849 3707 tamen
1907 3668 2086 3710 causa

429 3744 714 3803 cecidisse
744 3744 903 3813 patet
923 3744 1048 3795 tum
1078 3756 1146 3795 ex
1176 3739 1288 3794 isto
1319 3755 1558 3806 canone,
1591 3742 1716 3794 tum
1748 3755 1817 3795 ex
1836 3756 1903 3796 eo
1924 3742 2080 3814 quod

408 3833 687 3891 Artaldus
717 3829 1041 3886 Ecclesium
1076 3826 1467 3883 Helenensem
1504 3827 1601 3883 diu
1635 3831 1840 3900 postea
1891 3830 2084 3902 quiete

409 3922 645 3993 rexerit,
670 3918 967 3990 variisque
999 3915 1291 3987 conciliis,
1323 3931 1389 3970 ac
1420 3915 1794 3989 potissimum
1822 3919 2078 3976 Nemau-

409 4012 596 4079 sensi,
648 4008 749 4065 ubi
779 4024 1039 4081 prasens
1072 4008 1198 4062 erat
1248 4005 1372 4078 ipse
1424 4006 1709 4078 pontifex,
1755 4007 1909 4064 inter
1935 4008 2082 4068 alios

407 4099 726 4157 catholicos
756 4094 1068 4152 antistites
1098 4094 1454 4163 interfuerit,
1490 4099 1556 4149 ut
1585 4096 1791 4169 probat
1810 4096 2082 4156 Baluzius

404 4189 551 4246 locis
608 4186 883 4244 laudatis.
951 4184 1134 4241 Porro
1196 4182 1507 4241 Elenensis
1562 4201 1663 4241 seu
1741 4186 2080 4246 Helenensis

407 4278 780 4353 episcopatus
839 4275 1015 4331 sedes
1044 4276 1181 4346 post
1210 4273 1399 4329 varias
1431 4274 1717 4343 fortunas,
1748 4292 1896 4348 quas
1924 4277 2079 4333 idem

408 4368 683 4424 Baluzius
716 4363 999 4421 describit
1030 4356 1088 4418 in
1124 4361 1278 4419 notis
1303 4362 1373 4418 ad
1407 4362 1773 4437 Gratianum,
1796 4366 2084 4423 translata

409 4455 849 4529 Perpinianum,
884 4452 1129 4507 tandem
1162 4455 1296 4508 ante
1326 4451 1552 4524 aliquot
1601 4469 1786 4509 annos
1814 4472 1847 4510 a
1874 4458 2079 4511 Tarra-

2184 3294 2461 3352 ecclesias
2491 3298 2550 3350 et
2595 3295 2998 3367 possessiones
3027 3311 3148 3350 sua
3203 3293 3484 3351 Ecclesia
3543 3290 3827 3351 canonicis

2185 3376 2450 3448 contulit,
2484 3388 2548 3439 ut
2575 3400 2674 3440 eos
2713 3383 2786 3439 ad
2815 3384 2998 3440 vitam
3030 3398 3435 3451 communem,
3486 3386 3546 3440 et
3575 3379 3824 3456 regulam

2186 3473 2373 3531 sancti
2404 3473 2715 3547 Augustini
2739 3471 3206 3545 amplectendam
3228 3471 3530 3529 incitaret.
3553 3472 3680 3536 Qua
3698 3471 3756 3525 in
3776 3484 3829 3524 re

2188 3562 2530 3619 auctoritate
2560 3561 2776 3618 Urbani
2810 3561 3082 3633 adiutum
3115 3559 3297 3617 fuisse
3349 3561 3526 3618 docet
3555 3561 3707 3618 idem
3739 3575 3829 3616 au-

2187 3656 2328 3720 ctor,
2388 3652 2489 3725 qui
2547 3653 2817 3708 observat
2874 3650 3071 3706 datam
3131 3648 3312 3706 fuisse
3375 3649 3451 3705 ab
3500 3649 3735 3707 Urbano
3776 3661 3835 3705 ea

2188 3741 2491 3798 occasione
2525 3744 2870 3814 potestatem
2893 3738 3223 3808 Gotofredo,
3255 3738 3514 3811 ejusque
3544 3750 3834 3796 successo-

2188 3831 2352 3887 ribus
2383 3831 2675 3886 insistendi
2732 3829 2889 3901 quod
2949 3828 3167 3883 frustra
3218 3826 3290 3882 ab
3346 3828 3483 3900 ejus
3542 3829 3837 3885 decessore

2187 3923 2476 3976 tentatum
2507 3920 2713 3989 fuerat,
2744 3925 2806 3974 ut
2833 3918 3022 3973 clerici
3051 3915 3122 3972 ad
3161 3919 3494 3973 canonicam
3543 3920 3597 3973 et
3624 3915 3836 3986 religio-

2186 4027 2305 4066 sam
2332 4011 2504 4065 vitam
2545 4010 3008 4074 converterentur,
3066 4005 3365 4077 arguendo,
3426 4003 3760 4064 obsecrando
3795 4002 3839 4057 et

2187 4098 2535 4171 increpando.

2187 4188 2444 4245 XXXVI.
2476 4186 2779 4244 Guidonem
2809 4186 3021 4258 epistol.
3061 4185 3457 4244 Viennensibus
3484 4181 3836 4242 commendat.

2257 4278 2376 4334 Hoc
2405 4277 2532 4349 ipso
2563 4292 2737 4343 anno,
2769 4280 2835 4331 ut
2864 4291 2933 4331 ex
2959 4273 3241 4332 Chronico
3272 4274 3623 4331 antistitum
3673 4271 3839 4327 Vien-

2186 4367 2459 4425 nensium
2491 4384 2524 4421 a
2574 4365 2844 4421 Burnone
2873 4364 3137 4435 ejusdem
3186 4360 3351 4418 urbis
3402 4360 3840 4434 archiepiscopo

2185 4458 2340 4516 edito
2370 4455 2677 4523 discimus,
2708 4451 3056 4509 Viennensis
3088 4456 3221 4525 post
3268 4451 3650 4518 diuturnam,
3699 4446 3843 4523 quod

406 4545 676 4604 conensis
698 4542 951 4615 archiepi
965 4541 1125 4614 scopi
1136 4539 1552 4613 jurisdictione
1593 4542 1912 4612 subtracta,
1937 4542 2079 4600 Nar-
2107 4553 2156 4620 1)
2186 4546 2566 4621 conqueritur
2595 4544 2863 4600 Urbanus
2894 4542 2953 4597 in
2985 4540 3234 4614 epistola
3262 4540 3334 4597 ad
3368 4541 3507 4613 ejus
3540 4536 3843 4614 provincia

404 4634 650 4692 bonensi
686 4633 939 4705 antiqua
965 4648 1084 4687 sua
1108 4628 1413 4702 metrOpoli
1446 4630 1764 4687 restitutus
1794 4636 1901 4688 est.

718 4721 955 4778 XXXIV.
989 4720 1353 4791 Privilegium
1385 4717 1761 4776 Cluniacense.

475 4812 750 4871 Urbanus
782 4811 882 4884 qui
918 4809 1117 4866 Idibus
1141 4807 1406 4865 Octobris
1426 4807 1703 4881 Anagnia
1725 4813 1868 4878 erat,
1894 4811 1975 4866 uti
2001 4828 2070 4872 ex

404 4900 706 4973 privilegio
779 4899 1068 4955 Toletana
1125 4896 1395 4953 Ecclesia
1466 4900 1643 4969 patet,
1705 4899 1879 4970 paulo
1936 4907 2071 4975 post

408 4989 654 5044 Romam
689 5004 980 5055 reversus,
1016 4986 1095 5041 ibi
1142 4985 1271 5059 ipso
1303 4984 1395 5041 die
1447 4985 1641 5058 primo
1673 4986 2065 5048 Kalendarum

404 5076 827 5132 Novembrium
858 5074 1298 5148 amplissimum
1332 5074 1700 5148 privilegium
1726 5084 1929 5134 sancto
1953 5084 2068 5136 Hu-

404 5164 541 5238 goni
607 5164 854 5235 ejusque
910 5164 1265 5220 monasterio
1322 5162 1688 5220 Cluniacensi
1754 5168 2063 5238 concessit,

408 5254 467 5309 in
503 5270 639 5325 quo,
661 5253 815 5308 inter
836 5256 1042 5308 caetera
1063 5252 1467 5310 observatione
1489 5252 1689 5324 digna,
1717 5252 1982 5325 pontifex
2002 5274 2065 5315 se

403 5346 608 5400 sancto
637 5341 835 5398 abbati
867 5342 1111 5414 ejusque
1142 5341 1406 5398 coenobio
1438 5340 1736 5397 debitorem
1776 5346 2061 5414 agnoscit,

402 5431 558 5503 quod
588 5448 689 5503 per
720 5448 846 5486 eum
873 5433 1187 5487 monasticae
1226 5431 1511 5502 religionis
1540 5428 1860 5484 rudimenta
1884 5445 2062 5501 suscee

398 5522 566 5592 perit,
597 5528 649 5575 et
688 5522 748 5576 in
803 5537 863 5576 eo
919 5521 1032 5577 loco
1086 5537 1186 5593 per
1239 5518 1534 5576 secundan
1586 5518 1771 5573 sancti
1824 5515 2065 5588 Spiritus

396 5609 640 5706 gratiam
662 5611 833 5688 fuerit
864 5618 1131 5677 renatus;
1163 5608 1381 5686 quibus
1411 5605 1602 5667 verbis
1633 5603 2059 5683 professionem

680 5765 715 5782 δι’

2175 4637 2500 4712 episcopos,
2535 4633 2761 4705 aliquot
2819 4646 3111 4687 annorum
3143 4628 3620 4696 cunctationem,
3655 4627 3717 4684 in
3762 4642 3843 4682 ar-

2176 4725 2613 4799 chiepiscopum
2628 4718 3329 4795 elegeruntGuidonem,e
3348 4717 3846 4791 Burgundionum

2178 4814 2509 4891 principum
2570 4809 2813 4877 familia,
2873 4808 2974 4881 qui
3033 4802 3341 4864 confestim
3410 4808 3489 4864 ad
3548 4805 3845 4891 Urbanum

2177 4889 2425 4963 accessit
2449 4906 2507 4959 et
2536 4898 2786 4973 benigne
2818 4899 2890 4955 ab
2921 4914 2987 4955 eo
3016 4900 3314 4970 exceptus,
3362 4913 3435 4953 ac
3469 4912 3581 4971 per
3613 4889 3844 4967 aliquod

2175 5000 2411 5068 tempus
2442 4992 2501 5047 in
2524 4988 2687 5046 curia
2717 4989 2982 5045 Romana
3011 4991 3273 5044 retentus
3305 4988 3420 5041 est.
3456 4986 3614 5042 Eum
3651 4986 3845 5058 postea

2175 5084 2465 5139 Viennam
2495 5082 2879 5137 revertentem
2933 5076 3192 5150 pontifex
3222 5073 3465 5142 litteris,
3524 5076 3619 5135 ad,
3646 5085 3843 5130 omnes

2174 5173 2303 5244 eius
2334 5170 2497 5228 urbis
2560 5168 2795 5224 ordines
2854 5166 3030 5234 datis,
3085 5164 3553 5221 commendavit.
3612 5162 3730 5220 Has
3775 5157 3838 5214 ad

2173 5261 2354 5335 hujus
2402 5259 2541 5317 anni
2572 5258 2749 5314 finem
2790 5255 3145 5313 revocandas
3193 5270 3321 5311 esse
3374 5253 3604 5311 suadet
3652 5263 3839 5308 rerum

2172 5354 2467 5423 gestarum
2501 5345 2702 5405 series.

2170 5455 2431 5513 XXXVII.
2490 5453 2781 5511 Benedicto
2836 5452 3102 5580 εὲἐηδῖοέἃᾳι
3132 5452 3480 5508 Nannetensi
3536 5446 3841 5523 privilegia

3060 5540 3078 5580 ι
3109 5566 3121 5579 .

3060 5540 3121 5580 ιι.

2241 5615 2406 5678 Circa
2433 5615 2591 5676 idem
2622 5616 2879 5691 tempus,
2906 5618 2969 5673 ul
2997 5612 3235 5691 quidem
3263 5607 3531 5686 videtur,
3566 5611 3837 5673 Urbanus
