3958 6224
181 250 242 330 is
1806 256 2018 324 vna.
3534 276 3613 355 se

176 382 453 440 Benedicto
486 382 1006 443 Nannetensium
1058 386 1350 462 episcopo,
1384 391 1484 462 qui
1516 390 1590 458 ei,
1630 396 1696 447 ut
1716 409 1852 450 con-
1884 396 1938 463 Α
1968 398 2023 449 et
2055 397 2709 472 provinciis,ipseetiam
2743 402 3024 459 Henricus
3043 421 3159 462 non
3189 406 3369 465 semel
3401 406 3461 463 in
3482 406 3610 465 vitae

165 473 391 545 jicimus,
428 489 659 532 recens
693 475 902 532 electo
926 478 1258 550 gratulatus
1304 478 1511 547 fuerat,
1556 481 1856 555 rescripsit
1962 488 2021 540 et
2050 484 2275 558 imperii
2308 487 2633 560 periculum
2666 489 2953 549 inciderit.
2987 493 3233 567 Welpho
3262 498 3458 553 autem
3502 496 3611 552 Ba-

166 562 377 634 ejusqne
409 562 742 633 Ecclesiae,
780 582 855 621 ac
912 566 1248 623 monasterii
1301 569 1848 642 Kemperlegiensis.

166 652 234 706 cui
258 652 432 707 etiam
466 652 680 709 abbas
714 659 1002 726 praeerat,
1035 655 1339 730 privilegia
1370 658 1757 715 confirmavit.
1780 660 1852 715 At

162 740 661 798 canonizationem
696 743 909 799 sancti
941 743 1203 800 Garlazsii
1223 762 1400 818 quam
1420 745 1575 802 idem
1603 748 1849 805 antistes

163 829 597 903 efﬂagitabat,in
620 830 804 887 aliud
823 836 1065 905 tempus
1083 833 1332 907 distulit,
1353 836 1509 908 quod
1531 835 1653 892 haec
1670 853 1849 895 causa

165 916 208 973 in
231 918 495 990 plenaria
529 920 791 992 synodo
820 921 1071 994 expendi
1103 922 1362 979 deberet.

168 1015 420 1073 XXXVIII.
456 1018 669 1074 Roma:
682 1018 933 1074 hiemem
945 1020 1203 1089 transigit
1226 1021 1285 1075 in
1301 1022 1516 1092 magnis
1547 1024 1841 1091 angustiis.

221 1114 412 1171 Totam
474 1113 691 1186 hujus
725 1114 873 1171 anni
935 1114 1193 1172 hiemem
1252 1117 1515 1189 pontifex
1559 1121 1845 1193 transegit

170 1202 351 1267 Rome,
383 1203 497 1258 sed
525 1202 597 1258 in
638 1203 838 1259 tantis
869 1204 1182 1277 angustiis,
1218 1210 1282 1261 ut
1300 1206 1396 1262 vix
1426 1208 1477 1263 ei
1509 1209 1841 1264 necessaria

169 1292 714 1364 suppeditarentur.
749 1291 1071 1349 Guibertus
1091 1311 1302 1368 nempe
1331 1312 1464 1352 cum
1496 1314 1614 1352 sua:
1637 1297 1837 1354 factio-

170 1381 241 1436 nis
264 1381 633 1437 bominibus
667 1382 760 1438 ita
792 1381 1121 1454 pontificios
1151 1383 1503 1457 exagitabat,
1539 1390 1603 1442 ut
1633 1387 1836 1459 nequi-

168 1470 272 1525 dem
298 1471 618 1542 respirare
644 1470 741 1526 eis
771 1474 902 1526 tuto
956 1470 1171 1528 liceret.
1234 1473 1535 1529 Urbanum
1586 1475 1645 1530 in
1675 1481 1835 1531 turre

168 1560 394 1630 quadam
427 1559 757 1632 captivum
793 1560 1095 1616 detentum
1120 1561 1321 1629 fuisse,
1356 1579 1421 1618 ac
1442 1568 1643 1635 postea
1668 1582 1701 1619 a
1724 1565 1832 1620 Ro-

168 1646 302 1713 berto
321 1646 661 1702 Wiscardo
688 1646 828 1702 inde
855 1645 1166 1702 liberatum
1181 1648 1358 1703 tradit
1383 1649 1647 1705 Gerohus
1676 1652 1828 1722 apud

168 1730 609 1810 Teguagellum,
644 1734 1246 1833 sed-hicauctorquod
1272 1736 1549 1833 Gregorio
1578 1738 1827 1833 Vllcon-
1859 1766 1906 1833 B

170 1824 299 1896 tigit,
328 1825 582 1881 incaute
617 1824 695 1880 ad
731 1823 1032 1879 Urbanum
1066 1825 1256 1881 refert.
1293 1825 1519 1882 Certius
1541 1833 1629 1883 est
1657 1828 1829 1883 Dom-

171 1912 373 1970 nizonis
433 1913 886 1978 testimonium,
947 1915 1101 1986 quod
1134 1915 1192 1969 in
1241 1916 1635 1988 Appendicem
1695 1934 1828 1974 nos-

170 2006 302 2057 tram
331 2004 699 2068 referemus,
732 2019 802 2058 ex
821 2000 973 2058 libro
1002 2020 1064 2070 11,
1087 2019 1214 2075 cap.
1246 2005 1300 2072 3,
1333 2003 1433 2061 ubi
1465 2005 1549 2060 ait
1568 2005 1827 2062 Odonem

169 2093 475 2162 quemdam
505 2092 581 2146 de
616 2092 859 2147 Tulliere
888 2109 923 2146 a
952 2091 1225 2148 Guiberto
1257 2094 1384 2149 suis
1413 2093 1598 2166 ipsius
1645 2094 1828 2168 copiis

166 2180 339 2236 fuisse
368 2181 752 2252 praefectum,
785 2184 851 2236 ut
879 2180 1181 2236 Urbanum
1218 2181 1370 2238 bello
1419 2183 1695 2239 continuo
1742 2183 1824 2240 la-

164 2274 432 2325 cesseret.
466 2272 547 2325 At
578 2285 759 2326 nemo
790 2268 1004 2325 melius
1034 2286 1102 2325 ea
1153 2271 1223 2327 de
1255 2288 1316 2327 re
1364 2271 1602 2344 scripsit
1646 2289 1825 2344 quam

161 2356 479 2413 Pandulfus
510 2357 575 2412 in
598 2358 741 2413 Vita
763 2356 979 2413 Gelasii
1012 2359 1272 2415 secundi.
1296 2359 1562 2417 Gelasius
1582 2378 1754 2434 porro
1774 2362 1825 2418 is

156 2444 277 2517 ipse
305 2448 397 2502 est
422 2446 696 2503 Joannes
717 2446 1052 2517 Cajetanus,
1087 2463 1262 2519 quem
1311 2447 1581 2505 Urbanus
1629 2451 1821 2507 diaco-

157 2551 292 2590 num
322 2534 695 2607 cardinalem
729 2539 787 2589 et
803 2534 1219 2592 cancellarium
1239 2537 1471 2606 creavit,
1498 2539 1668 2609 cujus
1686 2555 1821 2594 con-

152 2623 433 2679 stantiam
467 2623 803 2680 Pandulfus
834 2639 1210 2697 summopere
1244 2624 1467 2692 laudat,
1502 2627 1575 2681 ob
1622 2627 1680 2683 id
1713 2644 1822 2699 po-

151 2711 451 2768 tissimum
471 2712 634 2785 quod
657 2712 994 2783 pontificem
1013 2715 1096 2768 tot
1124 2714 1424 2787 tantisque
1455 2715 1635 2771 ferme
1656 2716 1824 2772 obru-

148 2805 274 2857 tum
304 2800 763 2865 calamitatibus.
787 2817 1095 2873 nunquam
1123 2802 1465 2859 deseruerit.
1524 2804 1685 2861 Libet
1727 2804 1821 2861 hic

146 2888 326 2961 hujus
356 2889 626 2947 auctoris
654 2890 837 2946 verba
865 2890 1143 2962 proferre.

215 3002 242 3028 ει
278 2984 344 3034 In
378 2980 597 3036 diebus
630 2978 818 3052 igitur
847 2977 965 3035 illis
996 2996 1134 3051 non,
1166 2980 1319 3037 sicut
1360 2983 1555 3050 credo,
1597 2983 1821 3056 absque

140 3066 402 3138 Spiritus
434 3067 835 3125 consolatorie
866 3068 1121 3137 oraculo,
1150 3070 1330 3126 frater
1355 3070 1611 3127 Joannes
1649 3072 1812 3144 Caje-

1959 573 2129 631 varite
2152 576 2287 644 dux,
2321 577 2422 649 qui
2454 578 2504 633 ei
2533 579 2970 648 adversabatur,
2987 582 3114 654 jam
3140 584 3213 639 ab
3244 572 3410 641 initio
3431 585 3613 657 hujus

1959 663 2191 731 anni,ut
2220 667 3144 744 narratTrithemius,Augustam
3171 672 3610 731 Vindelicorum

1957 758 2355 825 occupaverat,
2387 761 2554 827 capto
2586 758 2714 829 ejus
2745 759 2910 816 urbis
2939 761 3313 835 episcopatus
3343 761 3612 819 invasore

1956 840 2261 913 Sigefrido.
2295 844 2417 908 Quo
2447 844 2622 902 etiam
2658 850 2919 921 tempore
2968 849 3120 906 alius
3168 850 3609 921 schismatious,

1954 931 2054 1002 qui
2083 930 2418 989 Wormatiae
2432 935 2630 991 sedem
2648 939 2818 992 antea
2828 936 3279 1007 invaserat,tacti
3295 939 3606 1013 paenitens,

1953 1018 2152 1076 relicto
2183 1022 2923 1098 episcopatu,Hirsaugiam
2936 1027 3179 1084 secessit
3200 1031 3257 1085 et
3280 1028 3607 1087 monachus

1951 1107 2029 1162 ibi
2058 1108 2297 1166 effectus
2329 1115 2436 1166 est.
2470 1116 2699 1169 Interea
2728 1113 2893 1188 Hugo
2924 1131 3119 1172 comes
3149 1117 3223 1173 de
3258 1116 3603 1191 Egentbeim

1947 1195 2227 1253 Alsatiam
2260 1198 2493 1271 recepit;
2526 1204 2584 1257 et
2613 1201 2919 1273 Metenses,
2954 1220 3089 1261 cum
3126 1205 3455 1263 audiissent
3500 1205 3605 1263 Ur-

1949 1284 2165 1341 banum
2184 1286 2241 1341 in
2262 1287 2509 1345 Victoris
2531 1290 2818 1346 demortui
2837 1291 3033 1349 locum
3056 1294 3368 1350 suffectum
3392 1294 3597 1363 fuisse,

1944 1373 2121 1446 idque
2151 1374 2210 1431 in
2234 1375 2545 1434 Germania
2564 1378 2744 1435 fuisse
2765 1380 3222 1454 promulgatum,
3254 1382 3426 1456 pulso
3449 1383 3599 1441 Bru-

1944 1480 2094 1519 none
2124 1466 2641 1539 pseudoepiscOpo,
2673 1467 2773 1540 qui
2799 1473 2932 1541 post
2958 1469 3207 1527 alterum
3238 1471 3599 1544 invasorem,

1943 1552 2041 1607 sed
2068 1554 2194 1624 jam
2239 1556 2377 1610 tunc
2416 1556 2815 1627 pmnitentem,
2861 1558 3012 1615 hanc
3060 1560 3261 1616 sedem
3313 1577 3597 1635 occupare

1941 1641 2220 1709 tentabat,
2252 1642 2445 1715 palam
2471 1646 2773 1716 protestati
2805 1652 2944 1703 sunt
2974 1646 3204 1704 nullum
3236 1665 3299 1706 se
3326 1666 3593 1724 unquam

1941 1729 2121 1786 alium
2155 1730 2516 1805 episc0pum,
2538 1740 2743 1807 praeter
2767 1736 3190 1806 Hermannum,
3212 1739 3312 1811 qui
3340 1754 3514 1795 verus
3535 1744 3595 1797 et

1940 1818 2239 1891 legitimus
2269 1837 2471 1877 eorum
2499 1827 2698 1895 pastor
2716 1828 2859 1892 erat,
2887 1825 2961 1880 ob
2991 1824 3167 1898 idque
3196 1827 3271 1882 ab
3302 1826 3598 1902 Henriciq

1941 1908 2033 1963 nis
2062 1908 2122 1963 in
2138 1908 2350 1964 Tuscia
2365 1911 2627 1983 captivus
2647 1912 3038 1981 detinebatur,
3062 1914 3591 1989 recepturos.Unde

1940 1997 2133 2053 Bruno
2165 1998 2307 2054 adeo
2340 1999 2410 2055 ab
2438 2000 2714 2056 omnibus
2758 2002 3069 2074 despectus
3099 2008 3207 2073 est,
3266 2007 3414 2061 teste
3450 2004 3589 2061 Ber-

1936 2084 2117 2153 toldo,
2147 2090 2213 2142 ut
2241 2104 2393 2143 anno
2423 2090 2689 2161 sequenti
2711 2090 2780 2146 ad
2802 2090 3202 2149 Catholicorum
3211 2097 3428 2166 partem
3443 2109 3590 2167 repe-

1934 2174 2067 2232 dare
2095 2177 2404 2248 compulsus
2432 2180 2621 2249 fuerit.

2008 2264 2125 2320 Hoc
2155 2266 2333 2321 etiam
2364 2283 2537 2334 anno,
2573 2272 2675 2324 aut
2692 2271 3143 2343 certesequenti,
3175 2272 3586 2330 crebrescenti-

1933 2354 2044 2411 bus
2075 2353 2146 2410 ad
2177 2355 2470 2411 tumulum
2500 2357 2651 2413 beati
2705 2357 2977 2415 Stanislai
3023 2359 3419 2417 Cracoviensis
3460 2361 3581 2433 epi-

1934 2442 2095 2515 scopi
2127 2443 2446 2509 miraculis,
2480 2462 2711 2501 sacrum
2725 2447 2853 2519 ejus
2883 2463 3096 2520 corpus
3113 2447 3206 2504 die
3233 2451 3302 2504 27
3323 2449 3584 2522 Septem-

1933 2531 2055 2587 bris
2085 2549 2153 2588 ex
2184 2533 2369 2588 sancti
2404 2532 2704 2590 Michaelis
2725 2534 2944 2608 templo
2973 2535 3033 2591 in
3062 2535 3368 2595 ecclesiam
3388 2537 3582 2595 cathe-

1930 2618 2153 2675 dralem
2186 2618 2434 2675 solemni
2463 2620 2579 2676 ritu
2609 2620 2960 2679 translatum
2987 2622 3116 2679 fuit.
3151 2624 3213 2680 Ei
3251 2628 3455 2699 postea
3482 2626 3583 2683 In-

1884 2712 1887 2715 ’
1930 2708 2235 2764 nocentius
2266 2707 2339 2764 IV
2368 2725 2566 2765 sacros
2593 2710 2843 2768 honores
2871 2711 3142 2782 decrevit,
3175 2716 3234 2770 et
3261 2713 3471 2771 exhinc
3498 2713 3586 2771 in-

1928 2798 2018 2851 ter
2048 2800 2332 2867 martyres
2362 2796 2705 2855 celebratur.
2735 2799 2865 2856 Haec
2920 2801 3116 2859 fusius
3163 2802 3322 2876 apud
3372 2803 3582 2878 Longi-

1930 2900 2073 2939 num
2102 2879 2241 2956 ejus
2259 2885 2403 2941 Vitae
2432 2886 2798 2960 scriptorem.

1999 2973 2071 3028 At
2103 2990 2412 3046 prosperos
2435 2974 2568 3033 illos
2597 2982 2840 3035 eventus
2870 2995 3032 3037 mors
3080 2979 3303 3054 aliquot
3349 2989 3582 3040 sancto-

1928 3077 2060 3116 rum
2090 3062 2348 3119 virorum
2378 3063 2810 3122 interturbavit.
2844 3068 2923 3123 Ex
2940 3069 3033 3125 bis
3063 3070 3178 3126 fuit
3206 3070 3582 3129 Burchardus

137 3134 313 3213 ιέοηε
335 3159 471 3229 jam
538 3156 909 3222 adolescens,
973 3134 1298 3214 monachus
1344 3159 1698 3229 Casinensis,
1722 3134 1812 3218 "ab
1844 3134 1888 3201 C
1927 3149 2943 3227 Halberstatensisepiscopus,quem
2958 3156 3317 3216 schismatici
3332 3159 3581 3216 immani

130 3245 297 3301 omni
329 3244 523 3302 simul
557 3244 858 3302 catholica
896 3245 1160 3302 Romana
1198 3246 1455 3304 Ecclesia
1499 3255 1557 3305 et
1586 3249 1816 3307 Urbano

122 3349 305 3407 papa,
340 3335 449 3408 qui
484 3335 538 3391 ei
571 3338 849 3408 praeerat,
883 3334 944 3389 in
976 3338 1273 3392 tantarum
1306 3338 1816 3408 perturbationum

121 3422 425 3480 auxilium
459 3440 531 3480 ac
554 3423 902 3495 consilium,
926 3428 1268 3498 partemque
1288 3430 1378 3481 est
1405 3426 1818 3483 sollicitudinis

118 3517 401 3581 vocatus,
435 3517 551 3569 etc.
586 3512 860 3570 Domnus
894 3512 1233 3570 Urbanus...
1265 3532 1402 3572 eum
1434 3515 1658 3585 accivit,
1706 3518 1816 3572 im-

122 3602 402 3658 minente
427 3602 850 3676 persecutione
880 3600 1299 3670 Allemnnnica,
1346 3604 1405 3659 in
1446 3608 1674 3660 tantum
1708 3605 1815 3661 mi-

121 3691 435 3748 seriarum
468 3708 577 3765 per
627 3692 975 3747 Girbertum
1025 3692 1321 3761 astrictus,
1363 3694 1519 3765 quod
1579 3700 1818 3767 praeter-

124 3780 341 3836 missis
373 3780 533 3851 aliis,
566 3798 602 3836 a
633 3780 900 3852 quodam
920 3780 1316 3837 famosissimo
1333 3782 1455 3838 viro
1482 3786 1655 3856 atque
1686 3783 1817 3839 illu-

126 3870 266 3938 stri,
296 3870 725 3926 Petro-Leonis
761 3870 961 3924 Romae
993 3869 1051 3924 in
1083 3869 1280 3926 insula
1310 3871 1618 3943 Lycaonia,
1666 3872 1822 3929 intra

134 3956 287 4013 duos
317 3958 546 4031 egregii
577 3957 813 4013 Tiberis
846 3961 1077 4028 pontes,
1103 3957 1196 4013 vix
1223 3959 1295 4014 ab
1327 3960 1702 4017 inimicorum
1730 3961 1820 4017 in-

134 4046 310 4102 sidiis
372 4051 753 4103 sustentatus
815 4050 1222 4103 matronarum
1281 4049 1706 4118 Romanarum,
1765 4055 1823 4107 et

132 4133 469 4206 aliquando
508 4132 1009 4190 muliercularum
1059 4152 1385 4208 pauperum
1437 4136 1822 4211 eleemosynis

132 4224 619 4291 sustentabatur.
654 4247 685 4275 »
720 4224 872 4291 Huc,
909 4224 1024 4279 nisi
1057 4224 1244 4294 fallor,
1277 4231 1378 4282 aut
1407 4231 1581 4293 certe,
1612 4232 1678 4283 ut
1694 4229 1821 4300 jam

131 4312 430 4380 diximus,
468 4313 541 4369 ad
569 4313 767 4385 prima
797 4313 931 4384 ejus
952 4312 1327 4384 pontificatus
1356 4315 1527 4372 initia
1569 4318 1822 4373 revocari

135 4407 401 4472 possunt
432 4402 817 4468 Domnizonis
876 4418 1082 4458 versus
1136 4419 1202 4459 ex
1233 4420 1358 4478 cap.
1418 4406 1474 4475 3,
1531 4404 1632 4461 lib.
1667 4422 1730 4473 ιι,
1762 4407 1822 4462 in

1925 3237 2230 3311 sacrilegio
2262 3240 2355 3295 die
2382 3258 2481 3295 vm
2515 3242 2653 3298 Idus
2685 3244 2897 3316 Aprilis
2945 3244 3366 3303 interfecerunt
3410 3251 3578 3304 Hune

1924 3327 2084 3382 brevi
2117 3326 2299 3382 secuti
2325 3334 2464 3385 sunt
2491 3329 2803 3413 Wigoldus
2833 3332 3142 3406 episcopus
3171 3336 3573 3408 Augustanus.

1927 3415 2321 3485 Bernhardus,
2383 3417 2484 3488 qui
2537 3418 2728 3474 fuerat
2785 3420 3247 3481 Constantiensis
3302 3422 3572 3480 Ecclesia

1928 3503 2260 3560 scholarum
2280 3504 2888 3578 magister,Bertoldus
2907 3509 3046 3565 item
3063 3510 3333 3584 egregius
3353 3510 3577 3579 doctor,

1929 3596 1985 3648 et
2014 3593 2114 3665 qui
2147 3610 2262 3665 prae
2294 3594 2514 3650 caeteris
2544 3595 2790 3654 illustris
2806 3601 2950 3669 erat,
2981 3598 3363 3656 Gebebardus
3383 3599 3580 3657 archi-

1929 3682 2260 3754 episcopus,
2276 3683 2740 3758 Salisburgensis
2760 3686 3027 3744 Ecclesiae
3051 3688 3351 3746 catholica
3371 3706 3585 3764 propu-

1930 3774 2138 3842 gnator
2149 3771 2577 3841 indefessus,ad
2594 3791 2765 3846 quem
2792 3776 3038 3848 ejusque
3050 3776 3302 3852 collegas
3313 3777 3586 3836 Urbanus

1930 3859 2181 3931 primam
2215 3860 2500 3931 omnium,
2534 3863 3342 3939 pontifexfactus,epistolam
3385 3868 3459 3923 de
3479 3884 3589 3925 sua

1930 3948 2209 4005 electione
2235 3949 2569 4021 scripserat.
2603 3951 2761 4008 Obiit
2782 3970 2898 4009 xvn
2929 3953 3054 4010 Kal.
3082 3954 3224 4012 Julii
3254 3960 3321 4011 ut
3349 3956 3409 4012 in
3457 3958 3588 4030 ejus

1932 4038 2064 4093 Vita
2087 4036 2321 4110 legitur,
2351 4038 2513 4095 edita
2541 4041 2827 4114 Augustae
2856 4041 3312 4101 Vindelicorum.
3345 4043 3586 4102 Librum

1932 4126 2168 4198 scripsit
2188 4131 2391 4183 contra
2418 4128 2849 4197 schismaticos,
2882 4148 3059 4205 quem
3103 4133 3492 4208 Tegnagellus
3522 4134 3584 4192 in

1932 4233 2040 4273 sua
2096 4215 2431 4274 collectione
2490 4217 2783 4292 integrum
2840 4220 3090 4278 exhibet.
3168 4222 3382 4279 Praeter
3437 4223 3581 4295 hac,

1932 4304 2257 4361 Saxonibus
2287 4321 2420 4360 cum
2451 4304 2696 4363 Henrico
2743 4307 3154 4377 reconciliatis,
3211 4309 3583 4367 Hermannus

1932 4394 2031 4465 qui
2060 4393 2342 4450 adversus
2370 4410 2505 4449 eum
2535 4393 2595 4449 in
2626 4410 2822 4468 regem
2847 4396 3066 4454 electus
3097 4397 3303 4467 fuerat,
3327 4398 3589 4472 compul-

138 4490 371 4561 quibus
395 4490 675 4548 Urbanus
709 4508 745 4547 a
775 4489 1139 4547 Guibertinis
1169 4492 1473 4565 impetitus
1494 4495 1566 4550 ad
1600 4494 1827 4550 Matbil-

2009 4500 2036 4538 s
2066 4486 2158 4538 est
2184 4481 2243 4537 in
2276 4482 2719 4557 Lotharingiam
2741 4501 2803 4541 se
2828 4485 3103 4558 recipere,
3130 4486 3231 4543 ubi
3248 4487 3422 4560 paulo
3450 4492 3587 4561 post

138 4578 276 4635 dem
321 4579 641 4652 scripsisse
692 4578 933 4649 dicitur,
984 4584 1049 4634 ut
1098 4580 1357 4655 Gregorii
1403 4588 1822 4656 praeceptorum

140 4683 380 4724 memor
409 4668 681 4725 Ecclesiae
712 4684 961 4725 causam
992 4685 1108 4724 non
1155 4670 1404 4737 deserat,
1436 4673 1590 4743 quod
1643 4690 1820 4745 quam

138 4756 294 4811 virili
332 4758 534 4813 animo
565 4758 776 4815 fecerit
794 4756 1013 4813 mulier
1031 4757 1366 4827 fortissima,
1401 4763 1640 4833 exponit
1665 4762 1819 4819 idem

142 4851 353 4901 auctor
383 4847 440 4901 in
473 4844 1016 4919 consequentibus,
1049 4864 1269 4920 nosque
1319 4849 1446 4905 suis
1490 4850 1634 4906 locis
1663 4850 1820 4907 dice-

142 4949 306 4989 IDUS.

235 5023 475 5081 XXXIX.
513 5028 724 5083 Rerum
758 5026 819 5080 in
873 5024 1167 5081 Germania
1195 5035 1247 5083 et
1278 5028 1500 5084 Henrici
1527 5038 1718 5085 status.

616 5103 683 5153 Β.
720 5093 1011 5152 Stam’slai
1047 5099 1355 5155 translatio.

216 5186 285 5238 At
317 5179 667 5257 quatumvis'
705 5201 921 5259 graves
971 5184 1187 5241 fuerint
1234 5186 1431 5242 Romae
1482 5192 1540 5244 et
1570 5188 1628 5244 in
1655 5189 1822 5247 Italia

141 5271 412 5330 Ecclesiae
439 5281 498 5333 et
519 5276 689 5351 regni
725 5273 936 5343 turbat,
961 5290 1109 5347 quas
1124 5274 1458 5332 Henriciani
1488 5281 1545 5333 et
1564 5278 1819 5336 fautores

144 5363 535 5440 pseudopapte
591 5363 859 5421 Wiberti
902 5362 997 5419 bis
1046 5363 1413 5436 temporibus
1470 5365 1815 5438 excitarunt,

143 5447 299 5509 haud
328 5458 524 5512 tamen
560 5454 841 5511 minores
871 5451 1031 5509 fuere
1059 5451 1354 5509 tumultus
1384 5453 1443 5508 in
1484 5453 1816 5527 Germania,

141 5541 282 5625 adeo
309 5549 391 5620 ut,
422 5544 645 5610 divisis
677 5542 846 5603 inter
872 5557 936 5604 se
964 5541 1024 5602 in
1051 5541 1245 5605 varias
1276 5540 1557 5604 factiones
1570 5543 1817 5611 urbibus

1932 4571 2439 4638 defunctus,Metis
2453 4572 2721 4644 sepultus
2734 4577 2840 4630 est.
2862 4574 3079 4631 Verum
3096 4579 3315 4647 postea,
3338 4576 3584 4634 mutatis

1930 4660 2175 4728 vicibus,
2206 4663 2460 4717 Saxones
2478 4660 2690 4716 iterum
2708 4662 2988 4718 adversus
3004 4662 3317 4718 Henricum
3338 4663 3580 4720 rebella-

1932 4753 2087 4817 runt,
2122 4753 2179 4803 et
2206 4749 2331 4820 ipse
2380 4748 2713 4821 insignibus
2761 4749 2941 4821 regiis
2993 4749 3281 4822 spoliatus
3334 4751 3587 4824 turpiter

1930 4838 2118 4893 victus
2149 4837 2501 4909 fugatusque
2520 4836 2647 4904 fuit,
2682 4840 2747 4891 ut
2776 4836 2951 4893 refert
2978 4836 3290 4896 Bertoldus
3309 4840 3381 4895 ad
3400 4840 3581 4899 ﬁnem

1930 4927 2110 4998 hujus
2142 4925 2304 4992 anni,
2334 4925 2435 4979 ubi
2467 4924 2671 4980 scribit
2690 4925 3003 4983 Henricum
3036 4925 3277 4984 biduana
3305 4927 3586 4988 obsidione

1928 5014 1999 5069 ad
2027 5014 2420 5086 confessionem
2448 5014 2815 5070 anathemati:
2844 5018 2895 5071 et
2924 5018 3313 5088 expetitionem
3337 5022 3582 5077 reconci-

1930 5104 2177 5159 liationis
2197 5103 2451 5158 adactum
2478 5104 2668 5175 fuisse.
2701 5105 2773 5159 At
2820 5103 3102 5162 diuturna
3160 5122 3277 5162 non
3306 5106 3420 5163 fuit
3474 5124 3582 5165 nec

1929 5192 2157 5250 sincera
2184 5191 2307 5246 haec
2366 5191 2777 5263 reconciliatio,
2838 5198 2896 5250 et
2941 5194 3115 5267 paulo
3171 5200 3306 5267 post
3335 5212 3580 5253 suorum

1929 5280 2356 5355 promissorum
2388 5277 2605 5336 oblitus
2620 5297 2828 5338 rursus
2853 5282 3106 5339 rediitad
3119 5281 3426 5338 vomitum.
3449 5282 3579 5338 Haec

1927 5369 2062 5426 licet
2091 5366 2464 5424 Dodochinus
2517 5368 2705 5425 sancti
2752 5370 3018 5427 Disibodi
3069 5371 3253 5426 abbas
3304 5386 3459 5427 anno
3486 5385 3578 5426 se-

1927 5464 2141 5533 quente
2152 5457 2463 5529 consignat
2478 5456 2873 5529 inAppendice
2885 5460 2957 5515 ad
2973 5459 3300 5516 Marianum
3314 5458 3576 5525 Scotum,

1927 5562 2105 5627 quem
2136 5546 2403 5624 sequitur
2430 5543 2809 5607 Trithemius:
2840 5545 3198 5629 praeferenda
3226 5550 3287 5608 et
3313 5542 3576 5609 Burtoldi
