3958 6224
409 350 487 409 47
1704 349 1774 413 Β.
1820 347 2052 414 URBA]

2172 346 2216 411 [ι
2257 348 2516 411 PAPIE.
3710 344 3791 433 ss

410 486 538 537 tum
568 480 809 538 viventis
839 481 1306 556 auctoritas,.qui
1326 482 1497 541 hanc
1544 481 1771 542 cladem
1816 481 2145 551 Henrico-A
2175 481 2371 538 Sancti
2399 479 2650 539 Joannis
2673 479 2739 539 in
2756 478 2979 548 Vincis,
2998 478 3165 536 editas
3197 476 3519 559 secundum
3547 477 3791 560 regulam

411 569 635 626 illatam
667 570 758 634 bis
791 574 1230 638 commemorat,
1263 572 1374 627 sub
1404 571 1581 629 ﬁnem
1620 571 2061 646 nempe‘hujus

413 658 553 714 anni
583 663 640 715 et
671 659 970 731 sequentis
1001 658 1188 730 initio,
1213 660 1368 733 quod
1400 677 1504 734 pro
1537 674 1698 717 more
1719 678 1824 718 suo
1848 678 1882 716 a
1902 659 2062 716 Chri-

416 748 488 803 sti
522 747 818 804 Natalium
856 748 1168 806 festivitate
1224 736 1449 823 repetit.
1509 749 1686 806 Porro
1732 748 2059 811 victoriam.

411 853 590 909 quam
621 851 690 892 ea
703 837 1008 899 occasione
1032 837 1415 895 Ekkehardus
1435 837 1694 897 marchio
1725 838 1796 893 de
1814 837 2061 894 Henrico

409 927 746 999 reportavit,
795 930 1021 983 tantam
1076 926 1259 983 fuisse
1305 930 1596 983 asseverat
1624 924 1965 995 ‘Bertoldus,
1998 929 2063 981 ut

408 1013 746 1088 imperator,
805 1014 1048 1088 perditis
1104 1013 1399 1089 regalibus
1454 1013 1809 1089 insignibus,
1856 1014 1950 1070 vix
1990 1014 2060 1070 de

408 1104 685 1160 manibus
744 1103 1180 1177 insequentium
1238 1107 1493 1176 ereptus,
1527 1119 1558 1159 e
1602 1102 1929 1177 Thuringia
1956 1103 2057 1162 ubi

409 1191 705 1250 Gleicham
724 1209 917 1248 arcem
932 1191 1629 1266 obsidebat,Banbergam
1649 1207 1839 1265 usque
1861 1192 2060 1263 fugere

408 1283 646 1338 coactus
679 1280 872 1348 fuerit,
905 1279 1412 1354 ibiqueNatalium
1439 1279 1654 1336 Christi
1685 1279 2059 1341 festivitatem

407 1369 627 1441 absque
658 1367 775 1425 ullo
808 1372 1090 1442 apparatu
1122 1370 1398 1439 inglorius
1422 1369 1807 1425 solemnisare.

401 1458 405 1463 “
688 1456 797 1515 XL.
830 1456 1367 1530 Epistoladecretalis
1398 1456 1468 1513 ad
1489 1457 1772 1514 Pibonem.

398 1555 411 1567 '
479 1544 645 1601 Circa
668 1544 816 1601 illud
842 1550 1076 1618 tempus
1094 1545 1368 1605 Urbanus
1398 1564 1432 1602 a
1460 1544 2059 1602 PiboneTullensium

399 1634 676 1707 ‘episcopo
707 1635 777 1689 de
788 1628 963 1690 variis
985 1626 1177 1691 causis
1195 1634 1589 1709 interrogatus
1620 1633 1966 1691 decretalem
1986 1633 2056 1690 ad

405 1739 539 1778 eum
571 1721 900 1795 epistolam,
931 1739 1056 1779 cum
1085 1738 1349 1780 consensu
1378 1723 1662 1796 synodalis
1691 1722 1937 1788 concilii,
1970 1739 2056 1778 re-

2169 569 2363 626 Sancti
2396 568 2730 643 Augustini,
2754 568 3109 624 confirmatae
3143 566 3350 625 abonm
3380 559 3791 631 memoriaevim

2156 658 2401 717 Urbano
2430 658 2703 731 pontifice
2732 657 2781 714 ΙΙ
2802 674 2958 730 quas
2981 656 3262 731 debemus
3279 653 3677 712 inviolabiliter
3690 656 3792 719 ser-

2167 748 2333 804 vare.
2354 747 2595 803 Duabus
2624 751 2825 803 autem
2839 750 2897 802 et
2926 745 3318 819 quadraginta
3344 742 3682 807 lectionibus
3700 744 3792 823 ab-

2169 831 2494 900 solvuntur,
2531 854 2559 883 »
2590 837 2699 889 etc.
2719 831 2883 890 Certe
2902 828 3205 888 Urbanum
3220 829 3550 904 pontificem
3572 828 3795 903 speciali

2168 921 2479 977 dilectione
2529 925 2904 994 prosecutum
2932 920 3118 977 fuisse
3161 918 3472 999 canonicos
3518 917 3796 989 regulares

2167 1010 2352 1066 sancti
2385 1009 2985 1083 Augustini,quitunc
3014 1024 3217 1066 recens
3229 1007 3465 1064 excitati
3480 1006 3540 1063 in
3560 1006 3799 1087 Ecclesia

2159 1097 2472 1165 ﬂorebant,
2495 1098 2746 1171 probant
2773 1098 2934 1155 varia
2962 1100 3091 1171 ejus
3107 1095 3430 1171 diplomata
3448 1109 3797 1169 quas-super-

2167 1191 2327 1255 sunt,
2384 1191 2512 1243 suis
2541 1186 2685 1244 locis
2741 1187 3220 1260 proferendusEx
3271 1185 3490 1258 quibus
3534 1175 3796 1240 Gerasius

2158 1276 2529 1349 praepositus
2544 1276 3124 1350 Reicherspergensis
3153 1275 3215 1331 in
3235 1272 3589 1348 expositione
3604 1272 3800 1345 psalmi

2160 1366 2234 1421 ﬁli
2264 1382 2365 1421 seu
2398 1364 2548 1420 libro
2577 1365 2660 1421 De
2683 1369 2957 1438 corrupto
2986 1368 3145 1442 statu
3194 1362 3464 1419 Bccelsie
3482 1388 3492 1397 -
3510 1362 3801 1434 ad-Euge-

2164 1454 2329 1509 nium
2364 1454 2437 1510 Ill
2472 1469 2705 1527 papam,
2756 1458 2917 1510 temo
2955 1453 3005 1507 V
3050 1442 3801 1533 Miscellaneorum'Balez,

2165 1544 2320 1599 edito
2350 1542 2540 1599 locum
2573 1541 2865 1616 insignem
2898 1541 3136 1615 profert,
3158 1536 3334 1614 quem
3364 1539 3807 1596 seorsumsedere

2164 1633 2359 1687 visum
2392 1648 2506 1687 non
2536 1636 2795 1696 est,eum
2824 1631 3030 1687 iisdem
3051 1629 3290 1687 omnino
3317 1629 3521 1685 verbis
3535 1627 3809 1684 habeatur

2165 1720 2224 1776 in
2254 1719 2550 1793 plerisque
2595 1720 3015 1777 canonicorum
3065 1718 3429 1793 regularium
3483 1716 3806 1803 privilegiis.

406 1810 662 1885 scripsit,
705 1827 883 1883 quam
935 1811 1143 1884 primis
1191 1811 1407 1868 Urbani
1459 1811 1837 1885 pontificatus
1888 1809 2061 1868 annis
2086 1849 2135 1918 Β
2167 1810 2345 1884 Porro
2372 1809 2527 1866 aliud
2577 1809 2773 1865 Sancti
2819 1806 3561 1865 Joannis'Suessionensis
3593 1805 3811 1878 privile-
3902 1822 3903 1825 ‘

406 1894 458 1918 ΞΑ
505 1900 534 1918 σν
567 1902 579 1918 ι
719 1896 744 1918 ι
786 1900 797 1914 θ
881 1917 890 1918 ,
941 1917 948 1918 ,
1136 1898 1283 1918 -Ii°,¢
1587 1900 1636 1918 ιο
1723 1916 1770 1918 ,γ
1805 1917 1826 1918 η
1854 1915 1865 1918 -
1897 1899 2038 1918 Αιξολλ
2171 1898 2325 1918 ..ἔῃ-Α
2369 1913 2426 1918 ,μ
2460 1897 2604 1918 ns__-
2628 1898 2755 1918 -_._I!
2795 1896 3022 1918 _-L‘j!_
3105 1897 3251 1918 μ---]
3301 1895 3492 1918 ,ιε-...θ
3536 1909 3598 1918 Α..
3633 1893 3810 1918 --)ε--

402 1894 685 1973 scriptam
715 1896 899 1971 fuisse
928 1917 996 1957 ex
1009 1918 1075 1957 eo
1092 1898 1681 1974 colligimus,quodin
1714 1916 1782 1957 ea
1802 1899 2059 1973 pontifex
2086 1893 2135 1918 ⁸³
2166 1898 2329 1971 gium
2362 1913 2428 1953 ex
2460 1897 2756 1953 Sirmon‘di
2791 1896 3047 1965 schedia,
3098 1897 3255 1969 quod
3294 1895 3492 1952 etiam
3526 1909 3601 1951 ex
3622 1893 3813 1950 codice

403 1983 591 2061 capite
620 1991 651 2044 4
683 1990 892 2046 innuat
931 2007 993 2047 se
1053 1989 1258 2046 Piboni
1308 1990 1682 2064 respondere,
1741 1994 2056 2062 antequam

401 2077 588 2134 ullum
619 2079 931 2135 concilium
946 2079 1212 2153 generale
1239 2078 1609 2136 celebrasset.
1624 2078 1696 2135 At
1719 2094 1872 2134 anno
1896 2078 2056 2147 1089,

400 2171 465 2222 ut
495 2167 670 2223 habet
716 2167 1044 2238 Bertoldus,
1103 2167 1371 2224 Urbanus
1414 2168 1734 2238 generalem
1787 2166 2058 2240 synodum

396 2255 505 2311 415
532 2258 911 2329 episcoporum
958 2257 1197 2329 collegit.
1231 2257 1398 2312 Forte
1429 2256 1591 2323 Pibo,
1623 2271 1777 2318 cum;
1791 2258 1923 2328 post
1947 2253 2060 2310 iter

395 2342 950 2417 Jerosolymitanum
982 2345 1040 2400 in
1067 2344 1424 2400 monasterio
1455 2342 1926 2417 Sancti‘Benigni
1958 2341 2055 2399 Di-

393 2431 563 2488 vione
611 2434 970 2512 monachum
1020 2431 1336 2502 induisset,
1397 2434 1470 2490 ad
1530 2431 1838 2490 ecclesiam
1880 2447 2053 2489 suam

395 2522 584 2577 redire
608 2521 782 2594 paulo
808 2526 1013 2595 postea
1021 2522 1254 2595 jussus,
1285 2522 1395 2579 has
1426 2520 1659 2579 Urbano
1678 2520 2054 2579 difficultates

394 2611 719 2682 proposuit.
752 2612 866 2667 Iter
890 2610 1035 2666 illud
1070 2614 1410 2684 susceperat
1439 2625 1592 2667 anno
1642 2609 1780 2668 1083
1826 2614 1883 2666 et
1907 2609 2056 2669 Tul-

395 2698 530 2782 lum,
543 2698 669 2770 jam
703 2714 971 2756 reversus
1017 2703 1141 2757 erat
1178 2715 1331 2756 anno
1362 2698 1523 2768 1088,
1574 2698 1674 2755 ubi
1726 2699 1871 2756 obiit
1900 2714 2053 2756 anno

703 2870 815 2931 XL.
848 2875 961 2931 bis.
999 2877 1250 2933 Urbanus
1281 2876 1459 2933 Rom
1485 2879 1757 2940 moratur.

470 2964 694 3021 Primos
725 2963 905 3037 hujus
935 2963 1073 3021 anni
1092 2960 1275 3037 (1089)
1297 2978 1549 3034 menses,
1578 2963 1762 3024 Romae
1792 2965 2052 3041 ininsula

398 3055 464 3109 ut
493 3054 667 3108 refert
695 3052 1024 3123 Bertoldus,
1055 3068 1181 3126 quae
1209 3054 1357 3110 inter
1403 3053 1534 3111 duos
1575 3057 1767 3128 pontes
1802 3056 1909 3112 sita
1950 3064 2049 3122 est,

395 3141 682 3215 transegit
706 3141 1001 3209 Urbanus,
1033 3145 1090 3199 et
1119 3143 1357 3215 quidem
1372 3142 1479 3200 his
1497 3142 1557 3199 in
1593 3142 1880 3217 angustiis
1900 3143 2051 3217 posi-

2166 2000 2278 2043 ms.
2313 1987 2429 2059 regi
2439 2004 2524 2041 me
2555 1986 2799 2053 Bueciaa,
2816 2002 2974 2042 nunc
2990 1985 3415 2051 Ottoboniano,
3435 1984 3639 2041 Romae
3653 1983 3816 2039 habe-

2165 2091 2320 2139 mus,
2351 2076 2535 2131 edidit
2565 2075 2831 2131 Labbeus
2862 2079 3020 2130 temo
3046 2073 3097 2129 Χ
3113 2072 3644 2142 Conciliorum,sed
3667 2069 3809 2143 quod

2163 2165 2376 2238 prioris
2406 2171 2740 2237 excerptum
2770 2163 2959 2221 ‘facile
3005 2165 3406 2230 crederemus,
3457 2160 3575 2218 nisi
3625 2164 3817 2234 praeter

2164 2269 2351 2327 pauca
2381 2252 2518 2321 alia,
2549 2253 2840 2309 diversam
2871 2253 3113 2310 haberet
3141 2251 3480 2309 chronicam
3506 2242 3811 2307 notamullt

2163 2342 2401 2415 quidem
2436 2359 2551 2399 non
2583 2342 2822 2399 omnino
2859 2341 3118 2399 insolens
3134 2346 3242 2410 est,
3274 2345 3343 2397 ut
3374 2336 3813 2412 idem'pontlfex

2163 2431 2396 2488 duobus
2427 2430 2869 2504 diplomatibus,
2884 2430 3113 2487 diverso
3130 2434 3395 2503 temmre
3414 2429 3594 2496 datis,
3610 2428 3816 2503 eadem

2161 2520 2345 2577 ferme
2368 2520 2508 2591 jura
2536 2521 2638 2575 uni
2669 2518 2795 2576 loco
2826 2518 3197 2587 concesserit;
3244 2534 3364 2591 quo
3423 2521 3624 2575 autem
3673 2530 3817 2572 anno

2161 2610 2365 2666 datum
2397 2608 2557 2665 istud
2582 2609 2774 2674 fuerit,
2806 2624 2878 2665 ne
2891 2597 3255 2680 conjicien'do
3272 2607 3520 2680 quidem
3542 2604 3819 2679 expiscari

2161 2697 2487 2772 potuimus,
2526 2698 2861 2771 praesertim
2893 2713 3029 2754 cum
3088 2696 3147 2753 in
3181 2696 3309 2754 cod.
3330 2712 3463 2753 ms.
3496 2688 3821 2752 decretalis

2163 2787 2410 2844 formam
2442 2787 2727 2860 praferat.

2336 2875 2475 2932 XLI.
2513 2874 2972 2946 Privilegium'S.
2998 2875 3242 2932 Victoris
3273 2874 3664 2931 Massiliensis.

2229 2964 2315 3021 Ad
2347 2964 2526 3037 hujus
2556 2980 2790 3037 quoque
2816 2962 2955 3021 anni
2984 2962 3155 3020 initia
3183 2963 3586 3020 revocandum
3612 2964 3701 3018 est
3719 2960 3823 3034 pri.

2158 3052 2436 3127 vilegium
2497 3054 2651 3126 quod
2713 3052 2983 3109 Urbanus
3041 3051 3403 3109 monasterio
3468 3048 3823 3108 Massiliensi

2159 3143 2355 3200 Sancti
2374 3140 2630 3199 Victoris
2649 3133 2839 3215 primo
2860 3140 3234 3214 pontificatus
3247 3139 3342 3196 sui
3372 3157 3536 3197 anno
3570 3138 3824 3204 indulsit,

395 3234 516 3298 tus,
549 3248 698 3304 quas
730 3230 904 3304 paulo
936 3232 1209 3304 superius
1227 3248 1295 3287 ex
1325 3231 1613 3289 Pandulfo
1634 3244 2056 3290 commemora-’
2078 3217 2121 3284 C
2157 3249 2273 3289 non
2302 3232 2542 3305 quidem
2586 3230 2903 3286 indictione
2950 3247 3027 3299 x1,
3060 3233 3127 3286 ut
3171 3227 3416 3302 vulgata
3476 3226 3824 3301 exemplaria

392 3316 761 3392 vimus,nihil
793 3319 1055 3377 omnimo
1071 3319 1429 3378 subtrahens
1452 3319 1709 3390 utilium,
1731 3321 2052 3395 quominus

394 3409 555 3483 gregi
615 3409 730 3465 sibi
790 3409 1106 3467 commisso
1142 3408 1199 3466 in
1253 3404 1529 3466 omnibus
1568 3410 1911 3485 prodesset;
1968 3410 2052 3469 ita

394 3500 621 3571 majora
647 3499 881 3574 negotia
905 3501 1292 3572 pertractans,
1326 3502 1391 3554 ut
1421 3503 1619 3557 tamen
1650 3513 1719 3555 ea
1750 3516 1877 3572 quae
1903 3500 2049 3559 tanti

394 3605 511 3644 non
533 3586 885 3644 videbantur
914 3605 1044 3645 esse
1100 3587 1386 3644 momenti
1438 3576 1708 3656 curaret;
1771 3605 1838 3643 ac
1866 3586 1950 3646 sic
1978 3588 2053 3645 iis

396 3694 524 3749 quas
554 3677 627 3731 ad
672 3676 998 3733 universale
1049 3675 1323 3732 Ecclesiae
1372 3676 1632 3749 regimen
1682 3676 2055 3749 pertinebant

394 3765 678 3833 intentus,
694 3768 759 3819 ut
784 3781 900 3819 non
931 3762 1251 3836 negligeret
1282 3762 1637 3836 privatorum
1652 3765 1906 3838 negotia,
1925 3781 2051 3838 quae

397 3853 470 3910 ad
504 3868 637 3908 eum
664 3852 1084 3907 referebantur.
1100 3851 1229 3906 Haec
1246 3851 1444 3908 omnia
1455 3867 1650 3908 rerum
1669 3853 1743 3908 ab
1774 3869 1841 3909 eo
1860 3857 2051 3926 gesta-

397 3957 530 3997 rum
561 3939 739 3996 series
765 3956 902 3996 vera
929 3956 1057 3997 esse
1070 3939 1495 4012 comprobabit.
1517 3939 1707 4013 Hujus
1726 3941 1863 3997 anni
1886 3941 2053 4003 initio

395 4028 768 4102 privilegium
800 4026 939 4083 olim
968 4027 1365 4085 exhibendum
1415 4029 1707 4087 concessit
1756 4029 2053 4089 canonicis

395 4116 765 4190 regularibus
797 4116 979 4173 sancti
1011 4116 1253 4173 Joannis
1285 4118 1357 4174 de
1383 4117 1586 4175 Vineis
1617 4119 1771 4193 apud
1788 4119 2052 4179 Suessio-

394 4225 503 4264 nas
530 4211 597 4263 ut
625 4224 724 4264 eos
745 4207 855 4263 sub
914 4205 1246 4280 apostolicae
1287 4208 1445 4263 sedis
1498 4207 1683 4264 tutela
1726 4208 1948 4282 positos
1980 4209 2050 4264 ad

394 4297 701 4353 arctiorem
732 4295 947 4369 regulae
996 4310 1116 4352 suae
1174 4295 1444 4369 praxim,‘
1481 4314 1659 4370 quam
1709 4296 1886 4371 paulo
1918 4301 2051 4354 ante

394 4389 792 4459 susceperant,
825 4384 1015 4457 magis
1028 4401 1096 4441 ac
1110 4383 1298 4463 magis
1322 4385 1745 4442 observandam
1776 4385 2050 4444 adhorta-

395 4479 576 4531 retur:
610 4491 789 4547 quare
819 4490 996 4547 super
1025 4472 1225 4531 omnia
1252 4474 1479 4542 statuit,
1504 4478 1567 4530 ut
1598 4477 1878 4533 canonica:
1924 4491 2050 4532 con-

392 4565 721 4632 stitutiones,
749 4565 1028 4636 perpetuis
1088 4563 1420 4636 temporibus
1467 4565 1527 4619 in
1557 4579 1761 4620 eorum
1809 4565 2050 4625 Ecclesia
2080 4583 2128 4651 ι)

392 4654 746 4711 inviolabiter
763 4653 1196 4710 observarentur.
1220 4651 1336 4709 Has
1356 4653 1804 4710 constitutiones
1834 4652 2052 4715 vidisse

393 4748 449 4800 et
477 4743 832 4817 approbasse
862 4741 1135 4799 Urbanus
1171 4742 1390 4798 dicitur
1420 4740 1479 4797 in
1528 4741 1706 4801 veteri
1755 4743 1884 4815 ejus
1935 4742 2046 4799 loci

392 4824 696 4900 Chronico,
719 4833 891 4903 cujus
922 4830 1216 4887 auctorid
1249 4830 1459 4904 probat
1486 4845 1556 4886 ex
1606 4847 1809 4887 earum
1851 4831 2043 4901 titulo,

396 4921 497 4993 qui
527 4920 586 4975 in
616 4919 946 4975 authentico
976 4936 1179 4976 earum
1224 4918 1563 4991 exemplari,
1597 4923 1655 4975 et
1698 4919 1843 4977 forte
1878 4924 2046 4979 auto-

397 5007 639 5081 grapho,
663 5024 769 5062 suo
781 5011 1041 5081 tempore
1061 5003 1545 5062 habebaturlizec
1571 5011 1710 5063 sunt
1724 5008 1853 5080 ejus
1872 5008 2049 5065 verba

397 5096 469 5151 de
498 5094 729 5150 Urbano
760 5094 1074 5166 loquentis:
1107 5096 1158 5150 Is
1182 5096 1401 5167 primus
1427 5098 1540 5167 [uit
1561 5114 1691 5168 erga
1726 5100 2049 5153 canonicam

394 5188 659 5251 nostram,
694 5183 777 5238 sic
806 5187 1032 5238 veteres
1063 5185 1481 5241 canonicorum
1516 5183 1872 5258 regularium
1920 5201 2049 5243 mo-

397 5271 655 5328 nasteria
728 5269 1020 5343 appellare
1096 5277 1541 5341 consueverant,
1602 5272 2052 5331 'benedictionum

396 5361 819 5432 apostolicarum
849 5362 899 5414 et
929 5360 1286 5429 largitionum
1311 5361 1656 5428 distributor,
1680 5362 1780 5434 qui
1796 5364 2053 5421 constitu-

399 5452 571 5506 tiones
616 5448 774 5504 nobis
814 5450 1071 5520 proprias
1131 5452 1183 5504 et
1220 5451 1593 5521 particulares
1657 5449 1976 5522 approbavit
2002 5460 2053 5510 et

398 5537 786 5603 corroboravit,
844 5535 1298 5609 quemadmodum
1352 5538 1547 5596 titulus
1603 5538 1719 5594 illis
1766 5537 2053 5617 praeﬁxit:

399 5628 670 5688 'connotat.
695 5648 722 5680 ‹‹
743 5626 766 5684 Ι
772 5624 1040 5703 acipiunt
1054 5625 1345 5687 cancnicae
1367 5624 1770 5687 institutiones
1786 5624 2052 5688 Ecclesia

2158 3320 2492 3394 praeferunt,
2524 3319 2625 3376 sed
2657 3330 2759 3387 xu,
2778 3335 2906 3392 quas
2937 3318 3243 3375 huicanno
3262 3318 3573 3375 convenit.
3602 3314 3821 3388 Et‘qui-

2157 3408 2291 3465 dem
2320 3424 2473 3466 anno
2502 3406 2851 3481 praecedenti
2898 3407 2992 3464 die
3019 3424 3056 3463 x
3084 3406 3403 3481 Kalendasi
3414 3406 3618 3463 Martii
3665 3406 3821 3479 (nam

2158 3497 2269 3554 hoc
2292 3510 2495 3554 mense
2516 3496 2719 3554 datum
2751 3495 2984 3569 dicitur)
3015 3496 3278 3552 nondum
3313 3494 3601 3553 Urbanus
3628 3494 3826 3551 sedem

2159 3587 2541 3662 apostolicam
2575 3587 3011 3655 conscenderat,
3044 3590 3101 3643 et
3129 3584 3484 3642 Richardus
3515 3585 3703 3642 abbas
3749 3579 3832 3638 cui

2158 3676 2510 3749 inscriptum
2543 3680 2653 3744 est,
2688 3675 2889 3733 adhuc
2920 3675 2980 3732 in
3029 3673 3309 3748 Hispania
3353 3678 3510 3731 tunc
3538 3670 3833 3748 temporis

2159 3766 2522 3834 morabatur,
2537 3764 2638 3822 ubi
2651 3764 2963 3840 legationis
2979 3763 3332 3838 apostolicae,
3360 3780 3553 3837 quam
3574 3764 3833 3834 aGrego-

2160 3853 2247 3911 rio
2275 3854 2375 3927 Vl!
2406 3857 2729 3926 acceperat,
2764 3852 2972 3910 munia
3001 3853 3325 3921 exercebat,
3360 3852 3509 3910 licet
3532 3869 3578 3910 -a
3602 3851 3832 3908 Victore

2160 3944 2419 4018 primum
2440 3942 2768 4011 defecisset,
2777 3947 2978 4016 postea
3001 3940 3379 4014 fortasseipsi
3400 3940 3837 3999 reconciliatus.

2162 4034 2235 4089 At
2265 4032 2374 4088 hoc
2404 4048 2558 4088 anno
2579 4028 3301 4102 Ricardus,iiladignitate
3317 4028 3394 4084 ab
3414 4022 3838 4100 Urbano,quod

2161 4120 2363 4178 minus
2395 4124 2584 4189 caute,
2616 4118 3166 4187 utait‘Roderieus,
3201 4115 3531 4191 legationis
3575 4116 3832 4174 cilicium

2162 4209 2371 4279 obiret,
2402 4213 2460 4265 et
2489 4209 2635 4265 forte
2666 4208 2738 4264 ob
2759 4206 2909 4264 alias
2923 4206 3096 4264 nobis
3112 4206 3351 4280 ignotas
3363 4220 3591 4264 causas
3603 4207 3836 4269 astutus,

2159 4302 2216 4355 et
2241 4298 2309 4354 ad
2345 4295 2777 4354 monasterium
2792 4309 3270 4362 suumreversus,
3292 4293 3429 4350 hoc
3460 4293 3838 4373 privilegium

2162 4405 2197 4445 a
2226 4387 2501 4461 pontifice
2532 4385 2791 4442 obtinere
2814 4384 3027 4458 potuit.
3053 4383 3169 4440 Nec
3184 4382 3407 4439 mirum
3429 4384 3625 4440 videri
3644 4383 3839 4445 debet,

2158 4477 2301 4533 tunc
2335 4475 2420 4532 illi
2454 4474 2755 4532 Urbanum
2774 4472 3093 4548 gratificari
3120 4470 3411 4540 voluisse;
3426 4472 3839 4531 necessarium

2160 4564 2374 4639 quippe
2402 4568 2527 4621 erat
2545 4568 2779 4621 tantum
2791 4563 3006 4632 virum,
3021 4562 3194 4635 cujus
3206 4560 3453 4619 animus
3485 4550 3839 4619 ob‘ablatam

2160 4653 2274 4711 sibi
2305 4653 2658 4728 legationem
2673 4651 3007 4725 exasperari
3023 4649 3330 4725 potuisset,
3356 4649 3695 4709 conciliare
3713 4646 3841 4717 sibi,

2156 4747 2213 4800 et
2242 4741 2435 4816 reipsa
2450 4741 2802 4810 Richardus,
2831 4740 2985 4796 sicut
3003 4739 3236 4813 ctHugo
3254 4760 3255 4767 η
3270 4735 3841 4812 Lugdunensis,qui

2154 4831 2332 4889 simul
2388 4848 2422 4887 a
2450 4829 2704 4887 Victoris
2763 4828 3097 4887 obedientia
3155 4825 3560 4898 recesserant,
3613 4827 3844 4885 Urbano

2155 4935 2389 4993 semper
2417 4920 2621 4992 postea
2652 4917 3051 4975 addictissimi
3085 4918 3268 4973 fuere.
3298 4916 3436 4972 Non
3470 4914 3846 4989 itaquesu'b-

2156 5009 2507 5066 movendum
2539 5012 2629 5064 est
2646 5008 2718 5063 ab
2740 5007 2851 5064 hoc
2879 5023 3033 5063 anno
3052 5003 3618 5079 privilegiumillud
3640 5002 3844 5062 Massi-

2156 5098 2359 5165 liense,
2392 5098 2545 5169 quod
2578 5097 2652 5152 ad
2675 5097 2816 5157 .cod.
2851 5112 2965 5152 ms.
3003 5094 3365 5152 Tolosanum
3402 5094 3603 5151 beatas
3653 5092 3842 5150 Marias

2157 5187 2445 5243 deauratae
2471 5183 2750 5242 collatum
2781 5183 2928 5251 alias
2959 5183 3304 5257 proferetur.

2550 5262 2724 5331 XLII.
2758 5275 2834 5330 De
2860 5272 3021 5330 rebus
3053 5270 3421 5335 Germanicis.

2229 5362 2385 5419 Nihil
2417 5366 2615 5420 autem
2645 5362 2835 5437 magis
2885 5360 3047 5421 cordi
3078 5364 3204 5418 erat
3253 5359 3517 5422 Urbano
3570 5372 3756 5435 quam
3785 5361 3844 5413 ut

2158 5452 2483 5511 Germanias
2513 5452 2849 5509 subveniret
2884 5452 3061 5526 quam
3103 5450 3328 5512 sciebat
3360 5467 3401 5507 ο,
3434 5447 3843 5509 sdhismaticis

2160 5541 2418 5599 multum
2439 5556 2505 5597 eo
2518 5530 2782 5614 tempore
2813 5539 3577 5613 conturbari.8upererant
3606 5538 3844 5617 quidem

2160 5628 2352 5692 adhuc
2381 5627 2541 5689 eain
2572 5627 2803 5705 regione
2827 5622 3846 5711 preter‘llermannum‘Metensem,
