3958 6224
159 340 220 413 ω.

1759 335 1971 401 ἮΤΛ.
1996 386 2002 389 μ

3488 329 3569 389 50

158 478 229 560 qui
251 483 369 541 ante
392 474 653 558 aliquot
672 477 820 541 dies
832 475 1042 539 sedem
1065 493 1235 539 suam
1258 474 1640 550 receperat,et
1659 465 1889 545 aliosA
1915 476 2085 532 catur
2110 470 2170 531 in
2193 469 2295 531 illa
2313 470 2536 547 synodo
2555 468 2813 547 generali
2836 470 2940 529 115
2959 467 3367 560 episcoporum
3389 486 3569 545 quam

159 562 340 652 paucos,
362 572 633 638 omnino
665 572 949 646 Quatuor
970 568 1234 627 catholici
1259 566 1537 641 episcopi,
1563 579 1817 639 quorum,

157 662 316 737 inquit,
332 661 698 728 Bertoldus,
721 663 790 717 in
817 662 1119 717 Teutonicis
1138 658 1393 731 partibus
1415 660 1815 727 cmi/ortamen-

159 757 195 808 to
209 751 689 827 reliqui_catholici
708 750 1089 806 schismaticis
1111 766 1143 804 α
1168 748 1449 821 principio
1472 745 1816 803 restiterunt.

161 841 193 898 Ii
214 842 351 898 erant
397 839 729 897 Adalbero
778 838 1219 908 Niceburgensis,
1250 836 1602 893 Altmannus
1648 835 1815 889 Pata-

165 933 341 1002 vimis,
352 929 755 996 Adelbertus,
769 929 1271 993 Wormatiensis,et
1287 924 1669 982 Gebehardus
1689 922 1824 979 Con-

171 1018 456 1078 iuntiensis.
493 1019 563 1078 Is
591 1018 863 1076 ultimus
879 1016 1216 1086 abUrbano,
1241 1031 1378 1072 cum
1411 1013 1472 1069 in
1505 1012 1825 1070 Germania

169 1109 453 1186 apostolica:
478 1109 668 1166 sedis
707 1107 1133 1182 apocrisiarius
1177 1109 1357 1172 esset,
1387 1105 1447 1161 in
1479 1103 1823 1177 episcopum

171 1197 533 1266 consecratus,
580 1198 774 1271 probe
815 1196 869 1254 ei
898 1200 1073 1253 notus
1105 1199 1229 1251 erat
1262 1211 1276 1249 :
1315 1209 1503 1267 quare
1547 1191 1823 1248 eumdem

178 1287 394 1363 pontifex
412 1287 629 1345 factus
650 1282 986 1361 apostolica:
1006 1284 1164 1343 sedis
1182 1284 1449 1359 legatum
1479 1284 1541 1338 in
1571 1289 1683 1339 tota
1704 1280 1824 1335 Ale-

170 1370 337 1443 inania,
353 1377 663 1448 Bajoaria,
680 1375 950 1443 Samnio,
974 1375 1277 1447 vicinisque
1306 1370 1635 1444 regionibus
1667 1385 1828 1425 crea-

166 1467 226 1523 vit
244 1464 455 1523 litteris
484 1482 564 1522 ea
595 1465 675 1521 de
718 1480 783 1521 re
825 1467 1014 1524 Romae
1052 1462 1205 1521 datis
1233 1479 1334 1520 xiv
1363 1461 1633 1519 Kalendas
1675 1457 1826 1539 Maii,

167 1555 464 1629 etquidem
498 1553 621 1611 hoc
653 1568 833 1619 anno,
856 1551 941 1609 uti
964 1551 1130 1609 docet
1152 1568 1259 1608 nos
1287 1544 1624 1617 Bertoldus,
1646 1551 1828 1604 tanta-

169 1662 257 1720 que
277 1638 401 1700 visa
430 1649 531 1700 est
562 1658 775 1699 earum
819 1641 1163 1708 auctoritas,
1192 1643 1260 1697 ut
1288 1640 1362 1696 ab
1394 1639 1658 1696 Ivoneset
1687 1637 1829 1694 Gra-

1925 563 2037 623 hoc
2068 580 2220 621 anno
2249 566 2307 621 et
2334 561 2572 636 quidem
2603 562 2819 629 Romae,
2843 564 2907 619 ut
2939 558 3108 617 multi
3138 559 3361 628 volunt,
3384 560 3572 618 Urba-

1927 673 2055 714 nus.
2083 655 2238 729 apud
2286 653 2621 712 Bertoldum
2652 651 2958 726 collegisse
2988 650 3222 722 dicitur,
3256 651 3315 706 in
3346 668 3463 723 qua
3510 654 3575 707 ut

1927 745 2080 802 idem
2110 748 2312 801 auctor
2332 743 2450 800 ait:
2478 744 2853 800 Ecclesiastica
2885 744 3089 798 statuta
3108 758 3333 798 suorum
3359 740 3577 813 prside-

1926 851 2201 891 cessorum
2229 834 2524 905 apostolica
2559 833 2885 889 auctoritate
2916 832 3277 902 conﬁrmavit.
3311 829 3460 885 Illud
3491 832 3579 884 ta-

1931 940 2064 982 men
2089 923 2446 979 incommodi
2476 926 2567 978 est
2592 923 2649 977 in
2682 921 2795 978 hac
2814 910 3102 978 sententia
3122 920 3276 993 quod
3310 918 3578 975 Urbanus

1929 1014 2323 1071 communicato
2353 1012 2593 1085 quidem
2636 1014 2879 1083 fratrum
2908 1012 3135 1067 consilio
3173 1009 3480 1083 epistolam
3506 1009 3579 1064 ad

1930 1102 2341 1161 Gebehardum
2374 1118 2436 1157 se
2465 1100 2773 1174 scripsisse
2803 1100 2977 1165 dicat,
3006 1100 3105 1155 sed
3130 1100 3303 1172 paulo
3335 1098 3582 1154 inferius

1930 1190 1990 1248 id
2014 1191 2072 1247 in
2094 1190 2298 1263 synodo
2321 1190 2567 1260 generali
2587 1190 2806 1247 factum
2836 1206 2950 1247 non
2974 1189 3155 1246 fuisse
3185 1192 3380 1261 aperte
3402 1188 3584 1244 fatea-e

1933 1284 2048 1337 tur.
2064 1280 2137 1337 Ut
2156 1283 2221 1336 ut
2241 1279 2338 1346 sit,
2356 1283 2578 1336 certum
2603 1283 2692 1335 est
2710 1296 2778 1335 ea
2797 1280 2856 1335 in
2878 1280 3099 1352 synodo
3112 1280 3305 1335 Romae
3324 1283 3426 1334 aut
3446 1295 3587 1351 quo-

1934 1369 2024 1425 vis
2040 1368 2157 1425 alio
2178 1368 2236 1424 in
2260 1368 2385 1425 loco
2403 1368 2803 1440 babita,quam
2820 1367 3127 1425 Bertoldus
3142 1372 3582 1437 commemorat,

1937 1458 2091 1515 sicut
2140 1462 2198 1515 et
2227 1458 2497 1515 Urbanus
2528 1458 2588 1514 in
2615 1457 2863 1531 epistola
2889 1474 2998 1514 sua
3028 1457 3359 1513 faciendum
3390 1458 3585 1521 decor:

1939 1548 2048 1615 nit,
2081 1546 2283 1605 mitius
2313 1551 2508 1604 actum
2540 1547 2725 1605 fuisse
2752 1563 2887 1604 cum
2919 1547 3010 1613 iis,
3039 1548 3141 1621 qui
3173 1546 3409 1604 nonnisi
3430 1563 3589 1609 occa-

1940 1637 2103 1695 sione
2133 1640 2234 1694 aut
2264 1641 2448 1704 metu,
2470 1641 2571 1693 aut
2598 1637 2654 1692 vi
2686 1637 2759 1694 ad
2800 1637 3206 1695 schismaticos
3235 1636 3587 1704 defecerant,

166 1728 297 1790 tiano
324 1731 386 1789 in
414 1731 687 1788 decretis
739 1729 866 1786 suis
904 1728 1083 1785 veluti
1113 1727 1332 1802 regule
1376 1724 1535 1797 juris
1587 1723 1829 1780 omnino
1940 1730 2258 1800 posteaque
2284 1726 2358 1781 ad
2391 1726 2709 1784 Ecclesium
2752 1727 2986 1784 fuerant
3029 1726 3266 1783 reversi.
3291 1725 3451 1783 Unde
3477 1725 3590 1781 Ro-

166 1822 309 1880 certas
338 1825 396 1877 et
426 1820 779 1912 approbata:
830 1817 1059 1912 laudari
1110 1815 1459 1873 meruerint.
1493 1812 1833 1912 Pecretalem
1862 1844 1912 1912 Β
1940 1815 2123 1912 mani,
2146 1817 2211 1870 ut
2240 1815 2393 1872 idem
2439 1818 2641 1871 auctor
2687 1819 2904 1886 narrat,
2938 1815 2998 1872 in
3028 1818 3261 1873 tantum
3309 1815 3591 1871 adversus

161 1910 425 1985 epistolam
445 1906 720 1982 appellat
743 1906 1074 1975 Bertoldus,
1090 1907 1311 1963 litteras
1326 1903 1625 1979 synodales
1643 1900 1835 1964 cardi-
1863 1900 1910 1912 ”
1946 1904 2292 1961 Guibertum
2321 1904 2736 1973 eﬂ'erbuerunt,
2761 1908 2827 1960 ut
2848 1904 2921 1961 ab
2942 1905 3015 1961 iis
3043 1907 3279 1977 turpiter
3304 1905 3476 1976 fuerit
3503 1919 3596 1961 exe

159 1990 289 2056 dalis
320 1998 646 2063 Baronius,
676 1996 837 2071 quod
884 2012 985 2053 eas
1014 2013 1086 2053 ea:
1110 1994 1316 2068 synodo
1347 1992 1603 2067 scriptas
1651 1991 1837 2049 fuisse
1940 1994 2133 2066 pulsus
2169 1997 2226 2050 et
2267 1998 2505 2050 coactus
2541 1995 2858 2067 juramento
2909 1996 3245 2068 promittere,
3279 1994 3434 2067 quod
3484 2009 3596 2050 non

153 2086 569 2146 existimaverit
590 2090 653 2142 ut
670 2102 742 2143 ea:
762 2087 880 2157 ejus
913 2087 1244 2157 fragmento,
1271 2081 1498 2164 inquit,
1524 2089 1677 2154 patet
1696 2094 1838 2152 quod
1946 2084 2185 2156 amplius
2203 2084 2555 2155 apostolicam
2574 2083 2752 2140 sedem
2781 2085 3039 2141 invadere
3053 2088 3429 2156 praesumeret,
3451 2084 3595 2141 adeo

154 2169 216 2236 ab
239 2179 401 2235 Ivone
427 2176 727 2233 laudatur.
761 2175 875 2232 Sed
916 2174 975 2231 id
997 2173 1124 2245 jam
1172 2173 1416 2230 omnino
1465 2175 1693 2227 certum
1725 2172 1833 2245 est,
1945 2176 2032 2243 ut,
2067 2174 2191 2243 jam
2218 2172 2630 2244 aliquantulum
2658 2172 2923 2230 diuturua
2947 2176 3105 2244 regni
3132 2174 3405 2231 discordia
3452 2176 3599 2231 inter

150 2268 368 2341 exejus
394 2264 625 2339 ipsius,
662 2258 847 2338 quam
881 2264 1054 2320 modo
1094 2258 1385 2319 habemus
1418 2261 1731 2335 integram,
1752 2258 1834 2316 le'
1948 2261 2248 2321 Catholicos
2270 2265 2322 2318 et
2347 2261 2718 2318 schismaticos
2744 2262 2952 2320 exinde
2980 2271 3244 2335 tepescere
3265 2265 3505 2336 coeperit,
3536 2266 3599 2320 ut

156 2347 342 2413 ctione
376 2370 392 2410 :
425 2354 587 2417 hanc
616 2349 899 2426 nempea
927 2369 988 2409 se
1017 2351 1301 2425 scriptam
1348 2350 1533 2407 fuisse
1576 2348 1837 2423 pontifex
1944 2351 2198 2424 nonjam
2240 2351 2443 2406 bellum
2491 2351 2562 2406 ad
2606 2351 2859 2418 invicem,
2910 2351 3003 2407 sed
3044 2368 3237 2423 pacem
3282 2368 3598 2425 componere

147 2448 399 2501 testatur
424 2444 685 2515 fratrum
713 2457 959 2498 suorum
987 2442 1389 2497 communicato
1427 2439 1679 2508 consilio,
1704 2436 1833 2495 diu-
1944 2442 2137 2496 sanius
2164 2438 2502 2512 judicarent.
2536 2441 2659 2496 Imo
2693 2456 2787 2496 res
2826 2456 2893 2496 eo
2943 2444 3306 2513 processerat
3335 2445 3401 2497 ut
3428 2440 3600 2498 collo-

146 2532 252 2607 q'ue
295 2531 933 2597 “communicationis,
956 2530 1029 2585 de
1069 2546 1186 2603 qua
1230 2527 1607 2601 potissimum
1660 2526 1719 2584 in
1769 2544 1838 2584 ea
1945 2527 2083 2601 quio
2114 2529 2267 2597 inter
2292 2528 2604 2585 Henricum
2639 2532 2699 2585 et
2725 2544 2826 2586 eos
2855 2529 2956 2601 qui
2982 2528 3056 2584 ab
3087 2528 3319 2586 Urbano
3364 2531 3601 2587 stabant

142 2612 386 2696 agitur,
413 2622 730 2694 quastione
749 2626 981 2675 tractata
1010 2622 1183 2692 atque
1215 2618 1358 2673 adeo
1386 2617 1447 2673 in
1478 2617 1840 2689 subsequen'
1942 2617 2167 2689 habito,
2194 2633 2333 2691 spes
2373 2616 2572 2691 aliqua
2611 2617 2914 2692 effulgeret
2938 2617 3101 2690 pacis
3148 2618 3205 2674 in
3258 2618 3511 2677 Ecclesia
3540 2623 3600 2676 et

155 2711 319 2767 tibus
351 2707 632 2767 conciliis
663 2706 809 2763 nihil
859 2705 1019 2763 aliud
1051 2723 1120 2763 ea
1148 2706 1218 2765 de
1254 2723 1335 2777 re,
1359 2722 1539 2778 quam
1586 2706 1741 2779 quod
1775 2706 1834 2761 in
1945 2706 2190 2780 imperio
2221 2708 2614 2766 restituendae.
2648 2708 2748 2763 Isti
2778 2708 2936 2765 enim
2968 2707 3212 2765 Henrico
3237 2707 3599 2781 polliceban-

131 2817 202 2856 ea
230 2796 503 2873 epistola
532 2795 966 2873 praescribitur,
987 2795 1287 2875 decretum
1317 2790 1449 2873 fuit.
1474 2794 1693 2850 Praeter
1720 2793 1837 2851 alia
1943 2801 2043 2853 tur
2072 2813 2134 2855 se
2165 2796 2216 2853 ei
2262 2797 2478 2854 auxilio
2507 2801 2560 2853 et
2586 2798 2816 2854 consilio
2846 2814 3143 2871 nusquam
3192 2814 3310 2855 non
3360 2798 3595 2854 adfutu-

127 2906 271 2946 νει-ο
288 2890 456 2945 bene
481 2876 1664 2958 multaquaapotissimuminhislitteris
1688 2900 1835 2941 novo
1946 2902 2062 2954 ros,
2093 2885 2146 2943 si
2202 2886 2447 2953 dimisso
2497 2886 2775 2944 Guiberto
2829 2886 3006 2943 vellet
3059 2887 3129 2943 ad
3182 2887 3601 2944 ecclesiasticam

128 2994 246 3035 suo
277 2976 492 3051 legato
528 2973 909 3032 commendat
937 2972 1230 3041 Urbanus,
1260 2971 1836 3046 praaclarasregulas
1943 2978 2380 3033 communionem
2397 2991 2500 3048 per
2511 2976 2842 3032 catholicum
2857 2980 3126 3048 pastorem
3144 2992 3404 3033 remeare.
3425 2977 3600 3045 Quam

126 3065 489 3139 praecl-ibit
522 3062 596 3120 de
632 3062 809 3120 modo
852 3054 1322 3134 recipiendorum
1364 3061 1835 3118 excommunica.
1943 3065 2311 3124 conditionem
2364 3082 2479 3121 non
2519 3066 2754 3121 multum
2814 3064 3097 3123 Henricus
3151 3066 3452 3139 respuebat.
3485 3064 3599 3122 Sed

123 3161 338 3212 torum
380 3154 460 3210 ad
492 3150 930 3226 paenitentiam.
954 3151 1079 3215 Qua
1107 3150 1164 3207 in
1195 3167 1257 3207 re
1285 3149 1682 3208 acerbissimis
1709 3149 1828 3206 illis
1875 3211 1913 3227 η
1950 3153 2215 3211 restitere
2245 3171 2371 3210 suis
2416 3153 2604 3226 ipsius
2635 3153 2906 3210 factionis
2936 3153 3214 3227 episcopi,
3248 3155 3403 3227 quod
3440 3170 3600 3210 vere-

120 3234 535 3317 temporibus
565 3256 786 3314 magna
804 3238 1033 3296 cautela
1064 3237 1401 3296 adhibenda
1425 3242 1571 3303 erat,
1600 3256 1673 3299 ne
1702 3239 1840 3295 faci-
1871 3234 1917 3281 υ
1953 3246 2154 3299 rentur
2210 3259 2282 3299 ne
2339 3258 2480 3315 pace
2526 3242 2853 3315 composita
2887 3258 3022 3298 cum
3054 3242 3327 3309 Guiberto
3376 3246 3433 3299 et
3488 3240 3602 3314 ipsi

125 3328 308 3389 litate
328 3324 673 3405 recipiendi
688 3328 892 3403 lapsos
906 3326 1175 3385 Ecclesiae
1193 3326 1515 3400 disciplina
1536 3327 1845 3386 labefacta'
1952 3334 2490 3388 exauctorarentur.
2518 3330 2709 3396 Quare
2726 3335 2783 3387 et
2801 3333 2856 3387 ei
2880 3333 3099 3402 penitus
3129 3333 3232 3388 hac
3259 3334 3373 3388 vice
3396 3332 3605 3386 dissua-

126 3411 334 3493 retur,
374 3424 485 3477 aut
532 3417 867 3475 econtrario
914 3417 1101 3474 nimia
1146 3417 1491 3474 austeritate
1536 3408 1842 3475 exacerha-
1951 3427 2143 3479 serunt
2168 3435 2238 3476 ne
2263 3427 2469 3477 sanctae
2496 3419 2747 3476 Ecclesia
2778 3420 3243 3476 reconciliantur.

128 3516 364 3568 rentur
394 3507 583 3591 animi
611 3522 840 3575 eorum,
863 3506 964 3580 qui
989 3506 1246 3581 quadam
1266 3505 1448 3563 veluti
1474 3506 1691 3563 necessi

2077 3525 2266 3583 XLIII.
2298 3526 2778 3583 Schismaticorum
2804 3527 2980 3597 furor.
3013 3525 3151 3581 Mors
3185 3526 3477 3582 Boniz-onis

124 3592 240 3655 aut
273 3601 447 3654 certe
478 3595 718 3653 levitate
763 3592 1009 3669 ingenii,
1044 3594 1239 3667 potius
1272 3612 1456 3668 quam
1508 3594 1737 3675 malitia
1784 3595 1845 3652 in
2649 3592 2923 3670 episcopi-

123 3678 844 3743 excommunicationem
875 3676 1283 3740 incurrerent:
1316 3682 1540 3758 quippe
1570 3700 1725 3752 cum,
1759 3682 1846 3740 uti
1970 3755 1975 3760 ‘
2025 3680 2125 3755 Ea,
2157 3686 2242 3743 uti
2274 3686 2527 3755 videtur,
2553 3685 2857 3743 occasione
2886 3684 2969 3741 ita
2998 3686 3176 3743 crevit
3204 3686 3609 3744 schismatico-

122 3768 434 3849 observat
464 3771 805 3841 Bertoldus,
832 3770 1119 3831 Guibertus
1148 3774 1380 3846 ejusque
1406 3773 1712 3846 complices,
1745 3789 1849 3847 per
1955 3792 2087 3832 rum
2118 3775 2179 3832 in
2202 3773 2528 3832 Catholicae
2553 3774 2778 3842 odium,
2800 3778 2864 3831 ut
2892 3775 3068 3831 etiam
3098 3775 3324 3849 aliquot
3351 3775 3606 3833 Catholi-

121 3855 225 3919 τὰς
258 3869 329 3920 et
360 3863 557 3929 nefas,
592 3877 749 3934 sape
797 3860 976 3917 etiam
1010 3866 1249 3934 accepto
1296 3854 1505 3935 pretio,
1532 3865 1853 3920 sectatores
1956 3881 2159 3921 corum
2209 3862 2514 3937 episcopos
2559 3862 2895 3920 interimere
2941 3862 3069 3920 ausi
3118 3865 3353 3922 fuerint.
3401 3865 3610 3921 Horret

123 3970 284 4009 suos
317 3969 433 4026 per
462 3951 702 4007 diversa
732 3949 863 4007 loca
888 3950 1155 4007 ordinare
1178 3967 1290 4008 non
1316 3958 1608 4018 cessarent,
1634 3967 1847 4009 excom-
1955 3952 2192 4011 animus
2223 3950 2285 4010 iu
2316 3952 2617 4008 referenda
2657 3951 2966 4009 Bonizonis
3014 3953 3337 4010 Sutriensis
3386 3952 3609 4010 crudeli

129 4041 567 4123 manicationis
590 4040 805 4095 malum
826 4038 1106 4095 intentum
1118 4039 1627 4112 propagabatur,ut
1647 4038 1845 4108 etiam,
1955 4046 2165 4108 morte,
2183 4057 2359 4114 quem
2388 4045 2447 4096 et
2475 4057 2609 4097 cum
2651 4041 2888 4114 propria
2916 4041 3060 4099 urbe
3089 4043 3340 4113 ejectum
3363 4042 3609 4099 Placen-

131 4129 442 4197 Ca'tholici
467 4128 571 4185 se:
607 4144 666 4184 se
712 4128 782 4183 ab
836 4142 1029 4183 eorum
1079 4128 1330 4199 contagio
1372 4131 1591 4200 possent
1647 4128 1848 4186 illaesos
1956 4128 2065 4201 tini
2096 4147 2202 4204 pro
2242 4129 2516 4203 episcopo
2560 4130 2937 4201 recepissent,
2970 4128 3356 4197 schismatici,
3381 4131 3610 4189 effossis

134 4218 463 4275 custodire.
484 4218 676 4284 Quare
690 4214 975 4288 providus
998 4214 1257 4289 pontifex
1278 4221 1336 4272 et
1363 4215 1496 4289 pius
1518 4216 1848 4290 complures
1955 4218 2141 4275 oculis
2172 4219 2577 4291 truncatisque
2608 4235 2756 4292 pene
2773 4219 3050 4276 omnibus
3078 4220 3381 4286 membris,
3405 4220 3613 4277 imma-

137 4304 823 4379 exco'mmunicatorum
857 4300 1076 4377 gradus
1104 4304 1442 4378 distinguit,
1467 4309 1535 4361 ut
1563 4309 1618 4361 et
1647 4322 1848 4379 super—
1956 4309 2126 4378 niler,
2169 4308 2254 4364 uti
2306 4308 2482 4364 refert
2538 4306 2862 4376 Bertoldus,
2914 4308 3303 4373 trucidarunt,
3336 4308 3492 4380 quod
3542 4310 3611 4365 14

140 4395 386 4451 borum
410 4410 481 4450 ac
495 4393 892 4473 pervicacium
913 4390 1578 4466 temeritatiresistatur,
1596 4386 1848 4453 etsimul
1954 4396 2098 4454 Julii
2145 4396 2468 4469 contigisse
2514 4395 2800 4452 discimus
2831 4414 2900 4453 ex
2927 4398 3056 4469 ejus
3099 4396 3398 4470 epitaphio
3452 4398 3608 4469 apud

147 4476 563 4547 succurratur
590 4474 955 4557 simplicium
1003 4499 1070 4539 ac
1112 4482 1484 4539 inﬁmorum
1535 4483 1846 4541 imbecilli-
1955 4484 2455 4560 Ughellumetomo
2484 4489 2536 4539 ll
2568 4485 2749 4542 italiae
2776 4502 2955 4542 sacrae
2988 4502 3002 4541 :
3037 4485 3218 4543 simili
3248 4487 3364 4544 fere
3390 4485 3611 4558 suppli—

146 4572 296 4630 tati.
1272 4566 1277 4571 ’
1875 4586 1924 4652 D
1954 4574 2041 4633 cio
2072 4575 2316 4632 affectus
2366 4574 2476 4630 fuit
2504 4593 2538 4630 a
2567 4574 2960 4632 schismaticis
2989 4574 3318 4647 Liprandus
3367 4576 3609 4646 presby-

230 4661 414 4727 Quod
445 4676 581 4718 vero
609 4660 669 4716 in
696 4677 767 4717 ea
794 4659 1044 4735 epistola
1072 4660 1344 4717 Urbanus
1381 4659 1638 4717 declarat
1667 4678 1752 4729 se,
1784 4662 1843 4718 in
1953 4668 2042 4720 ter
2070 4663 2551 4727 Mediolanensis,
2574 4666 2670 4719 cui
2716 4680 2915 4719 nasum
2939 4670 2991 4719 et
3021 4679 3182 4719 aures
3229 4664 3289 4716 in
3333 4663 3608 4718 contume-

147 4750 256 4806 his
288 4744 685 4823 pmnitentize'
709 4749 996 4824 gradibus
1035 4749 1429 4823 assignandis,
1452 4749 1712 4824 Gregorii
1741 4751 1845 4806 VII
1955 4754 2090 4809 liam
2122 4752 2527 4825 praeciderunt.
2553 4753 2727 4809 Porro
2749 4752 3057 4809 Bonizonis
3076 4750 3299 4822 aliquot
3326 4750 3612 4823 opuscula
3640 4788 3649 4815 ε

150 4839 442 4913 vestigiis
487 4837 818 4907 inhaesisse,
854 4839 1233 4894 confirmatur
1280 4856 1348 4895 ex
1395 4838 1656 4911 epistolae
1687 4839 1839 4911 frag-
1952 4846 2216 4899 recenset
2246 4842 2596 4897 Lambecius
2626 4845 2784 4897 tomo
2823 4840 2874 4895 II
2912 4838 3282 4897 Bibliotheca:
3313 4840 3613 4914 Caesareae,

153 4933 397 4994 mento,
422 4926 584 5000 quod
629 4925 799 5000 Hugo
833 4924 1285 4985 Flaviniacensis
1324 4927 1384 4982 in
1416 4926 1703 4984 Chronico
1735 4944 1842 4984 suo
1951 4946 2161 5003 nempe
2188 4930 2513 5004 paradisum
2538 4929 2999 4999 Augustinianum
3023 4945 3093 4986 ex
3118 4929 3271 4987 beati
3296 4932 3608 5005 Augustini

157 5015 376 5085 refert,
420 5016 480 5071 in
531 5032 650 5090 quo
697 5013 1011 5089 Gregorius
1058 5015 1235 5072 morti
1285 5015 1587 5095 proximus
1629 5015 1845 5073 dicitur
1953 5019 2267 5075 sententiis
2296 5022 2354 5075 et
2378 5017 2569 5075 verbis
2600 5017 2840 5075 omnino
2873 5022 3231 5087 contextum,
3266 5036 3442 5093 quem
3473 5038 3607 5077 san-

159 5121 407 5172 omnes,
428 5105 692 5178 exceptis
721 5102 972 5161 Henrico
1003 5108 1059 5161 et
1085 5104 1382 5172 Guiberto,
1416 5122 1481 5161 ac
1508 5098 1844 5179 principali-
1953 5112 2049 5164 cto
2076 5107 2288 5165 Joanni
2314 5107 2628 5166 Gualberto
2660 5109 3045 5182 nuncupavit;
3078 5109 3317 5167 Librum
3345 5111 3607 5167 decreta-

161 5194 271 5248 bus
284 5196 544 5268 personis
572 5210 700 5269 quae
729 5193 965 5250 consilio
981 5202 1073 5251 aut
1092 5196 1310 5251 auxilio
1335 5195 1594 5267 favebant
1624 5195 1848 5251 illorum
1956 5196 2096 5267 lem,
2115 5201 2171 5254 et
2200 5197 2507 5270 Epitomen
2530 5197 2790 5255 historia:
2811 5197 3156 5271 pontiﬁcum
3185 5200 3602 5261 Romanorum,

160 5285 439 5358 nequitiae
465 5287 517 5351 et
542 5281 837 5356 impietali
864 5282 1181 5343 absolvisse
1205 5287 1265 5340 et
1292 5283 1684 5351 benedixisse.
1957 5303 2135 5358 quam
2186 5285 2474 5344 Martinus
2530 5286 2782 5344 Polonus
2835 5286 3113 5343 laudavit.
3163 5288 3320 5344 Idem
3372 5284 3607 5356 scripsit

232 5372 378 5430 Jam
408 5386 547 5433 vero
578 5372 631 5430 si
668 5375 970 5445 quaeratur
1014 5390 1132 5448 qua
1160 5374 1219 5429 in
1252 5373 1473 5447 synodo
1520 5372 1713 5447 gravis
1742 5372 1843 5431 illa
1958 5374 2177 5431 librum
2204 5377 2280 5433 De
2306 5378 2660 5433 sacramentis
2681 5376 2756 5432 ad
2788 5375 3112 5433 Galterium
3146 5374 3459 5433 Leonensis
3482 5388 3604 5427 mo-

160 5464 415 5536 questib
446 5464 523 5521 de
572 5461 1110 5520 excommunicatis
1141 5461 1365 5537 agitata
1395 5459 1588 5529 fuerit,
1620 5462 1691 5518 de
1734 5481 1852 5536 qua
1961 5464 2197 5535 nasterii
2233 5464 2526 5533 abbatem,
2549 5482 2724 5537 quem
2754 5466 2813 5520 in
2845 5463 3041 5521 codice
3071 5482 3181 5521 ms.
3210 5462 3607 5521 Ambrosiame

155 5551 229 5629 Id
263 5552 705 5629 Gebehardum
741 5548 945 5606 scribit
972 5551 1265 5620 Urbanus,
1285 5568 1401 5608 non
1427 5552 1746 5609 admodum
1775 5555 1853 5610 fa-
1961 5552 2321 5629 bibliothecae
2366 5553 2586 5611 invenit
2633 5553 3009 5610 Mabillonius
3034 5569 3046 5608 :
3071 5555 3143 5610 ad
3175 5571 3299 5610 rem
3346 5553 3609 5607 nostram

154 5628 286 5702 citis
314 5640 431 5703 erit
460 5635 822 5717 responsio,
857 5638 967 5696 nisi
996 5641 1140 5697 forte
1187 5639 1245 5695 id
1298 5638 1517 5696 factum
1548 5638 1728 5698 fuisse
1759 5641 1853 5698 di-
1964 5640 2153 5712 magis
2182 5628 2408 5713 spectat
2434 5641 2564 5713 ejus
2602 5638 2769 5697 liber.
2801 5641 2884 5697 De
2930 5641 3114 5713 gestis
3146 5640 3362 5699 Urbani
3391 5632 3608 5692 ibidem
