3958 6224
149 293 210 364 53
1762 296 1975 368 VITA.
3493 299 3572 366 Bb
3604 295 3641 343 ι’

260 433 513 494 XLVIII.
549 432 950 509 Privilcgium
979 433 1035 495 S.
1065 432 1251 496 Ponti:
1282 433 1671 495 Tomeriarum.

204 526 371 585 Paulo
383 530 526 584 ante
545 525 703 584 illud
728 526 1065 602 tempus,id
1076 530 1167 584 est
1191 525 1337 601 ipsis
1354 525 1630 584 Kalendis
1647 522 1810 597 Julii,

150 618 353 692 insigne
368 615 774 693 privilegium
796 617 1097 673 concessit
1118 617 1390 673 Urbanus
1414 617 1689 673 Frotardo
1710 616 1811 671 ab-

150 707 255 764 bati
271 706 471 764 Sancti
492 705 703 762 Pontii
723 705 1141 763 Tomeriarum
1164 706 1221 761 in
1245 704 1436 762 Gallia
1465 706 1811 762 Narbonen-

151 798 325 871 si,quo
352 795 561 852 locum
586 794 766 851 illum
797 813 833 851 a
852 796 1263 868 cujuscunque
1294 793 1551 868 episcopi
1564 792 1813 865 jurisdi-

149 887 319 944 ctione
361 884 597 953 eximit,
652 883 912 957 aliisque
969 882 1369 955 compluribus
1416 881 1813 957 prterogativis

152 979 419 1033 exornat:
472 973 632 1031 illud
678 974 971 1030 debemus
1020 971 1305 1029 beneﬁcio
1357 969 1674 1028 clarissimi
1703 969 1813 1026 viri

151 1065 417 1139 Stephani
440 1062 884 1136 Baluzii,atque
915 1060 1127 1118 ultima
1145 1065 1254 1131 est,
1272 1060 1385 1116 nisi
1411 1060 1598 1131 fallor,
1630 1058 1810 1126 bulla,

149 1155 200 1212 in
248 1170 364 1227 qua
408 1153 686 1210 Joannes
732 1151 1152 1225 praesignatoris
1201 1148 1415 1206 domini
1450 1164 1615 1221 papa
1641 1147 1812 1204 titulo

150 1260 283 1300 usus
311 1246 427 1300 est.

148 1349 324 1407 XLIX.
360 1349 629 1408 Urbanus
652 1349 846 1405 scribit
903 1345 1374 1474 debrestauranda
1424 1346 1815 1401 Tarraconensi

911 1435 983 1474 ur
1015 1435 1062 1474 e.

911 1435 1062 1475 υνοε.

206 1510 462 1582 Scripsit
480 1525 727 1582 quoque
758 1507 962 1564 eadem
980 1506 1075 1563 die
1096 1505 1357 1579 pontifex
1387 1505 1459 1560 ad
1498 1504 1810 1561 Catalania:

146 1616 409 1675 proceres
420 1615 579 1672 quos
591 1598 669 1654 ad
682 1595 1073 1670 reparandam
1089 1597 1585 1652 Tarraconensem
1603 1594 1810 1650 urbem

147 1690 512 1754 adhortatur,
546 1691 613 1742 ut
629 1685 970 1760 praesidium
993 1685 1072 1741 sit
1101 1685 1339 1740 ﬁrmum
1371 1684 1652 1740 adversus
1673 1684 1809 1739 Sar-

1843 434 1901 505 Α
1929 436 2022 509 tis,
2053 440 2162 498 etc.
2194 436 2358 500 Unde
2378 437 2579 500 mirari
2602 438 2763 500 subit
2791 439 3025 499 Petrum
3056 439 3378 500 Diaconum
3409 441 3470 498 in
3500 439 3573 498 li-

1922 529 2029 586 bro
2050 529 2132 587 De
2146 529 2289 589 viris
2310 530 2639 589 illustribus
2659 532 2996 589 Casinensis
3009 531 3345 589 monasterii
3368 550 3474 604 cap
3486 532 3569 589 ,31

1923 618 2198 677 laudasse
2218 622 2465 679 Leonem
2497 623 2812 695 quemdam
2846 621 3202 678 cardinalem
3235 621 3336 694 qui
3356 624 3575 694 scripsit

1922 723 1992 765 ea:
2014 713 2238 766 nomine
2279 711 2485 769 Urbani
2499 727 2662 783 papa?
2682 712 3034 784 quamplures
3066 711 3337 782 epistolas,
3371 718 3420 766 et
3448 712 3573 781 fecit

1926 800 2223 868 registrum
2264 802 2398 873 ejus.
2435 802 2494 856 In
2537 818 2710 872 quem
2763 800 2956 855 locum
2982 802 3349 871 Marus,post
3378 816 3571 871 repre-

1924 887 2142 946 hensos
2174 890 2489 946 Baronium
2521 895 2577 947 et
2598 889 3567 961 Possevinum,aliosqueauctores,

1924 977 2024 1051 qui
2083 978 2242 1035 hunc
2297 979 2546 1035 Leonem
2600 996 2730 1035 cum
2798 980 2988 1035 Leone
3023 978 3368 1045 Marsicano,
3394 978 3569 1050 vulgo

1922 1066 2177 1123 Ostiensi
2201 1067 2379 1137 dicto,
2410 1067 2678 1125 Chronici
2704 1068 3039 1124 Casinensis
3073 1071 3329 1133 auctore,
3363 1068 3432 1124 de
3452 1083 3569 1140 quo

1919 1155 2127 1213 Petrus
2144 1157 2332 1231 capite
2354 1158 2699 1231 praecedenti
2730 1161 2948 1231 egerat,
2982 1158 3393 1225 confuderunt,
3428 1158 3566 1212 sub—

1915 1245 2116 1320 jungit
2136 1247 2384 1303 Leonem
2407 1247 2586 1303 istum
2619 1246 2952 1319 complures
2968 1246 3247 1319 epistolas
3277 1262 3568 1313 exarasse,

1921 1352 1990 1392 ex
2020 1335 2260 1409 quibus,
2293 1336 2506 1409 inquit,
2528 1334 2731 1409 viginti
2754 1336 2864 1392 sub
2895 1334 3112 1391 Urbani
3144 1335 3382 1391 nomine
3413 1335 3569 1408 apud

1922 1423 2156 1481 Binium
2189 1428 2348 1482 tomo
2376 1426 2478 1481 VII
2499 1424 2890 1482 Conciliorum
2931 1422 3097 1480 edita:
3130 1428 3287 1480 sunt.
3319 1425 3393 1479 At
3421 1441 3568 1479 nus-

1920 1529 2098 1585 quam
2123 1514 2377 1587 reperire
2398 1514 2564 1569 licuit
2584 1513 2768 1569 ullam
2798 1513 2918 1569 sive
2940 1511 3158 1567 bullam
3198 1512 3317 1568 sive
3351 1512 3568 1585 episto-
3646 1534 3649 1539 ν

1919 1602 2036 1658 lam
2085 1602 2322 1673 Urbani,
2371 1621 2499 1676 quas
2549 1621 2583 1659 a
2630 1604 2817 1659 Leone
2847 1602 3065 1675 scripta
3096 1601 3279 1658 fuisse
3318 1602 3568 1667 dicatur,

1919 1693 2045 1760 sed,
2064 1695 2130 1747 ut
2151 1692 2430 1759 diximus,
2462 1692 2771 1765 pleraeque,
2795 1692 2915 1747 imo
2939 1691 3056 1747 fere
3073 1707 3275 1746 omnes
3299 1690 3569 1748 aJoanne

147 1795 405 1845 racenos,
435 1777 577 1833 etin
600 1792 673 1832 ea
689 1774 950 1832 cathedra
978 1773 1305 1847 episcopalis
1329 1772 1559 1829 restitui
1596 1773 1804 1845 possit.

1989 1780 2148 1852 ripta:
2171 1782 2437 1850 fuerunt;
2460 1782 2615 1855 quod
2637 1781 2852 1837 mirum
2869 1784 2958 1838 est
2977 1799 3011 1835 a
3040 1780 3226 1847 Petro,
3258 1779 3434 1836 etiam
3466 1780 3568 1835 ubi

147 1870 302 1925 Tunc
334 1864 678 1924 commissa
724 1868 850 1919 erat
871 1864 999 1935 jam
1029 1880 1064 1918 8-
1094 1861 1298 1918 muuis
1337 1861 1509 1917 annis
1538 1861 1811 1934 episcopo
1840 1861 1888 1873 ”
1920 1869 1992 1925 de
2021 1868 2121 1926 illo
2143 1871 2369 1927 Joanne
2391 1871 2504 1927 sub
2526 1870 2738 1927 Gelasii
2762 1871 2812 1927 ῙΙ
2844 1868 3080 1926 nomine
3108 1869 3246 1942 egit,
3278 1868 3566 1926 omissum

142 1956 468 2015 Ausonensi
502 1971 651 2010 cura
679 1950 1133 2010 Tarraconensis
1182 1948 1470 2017 Ecclesiae,
1518 1949 1805 2006 exstincta

146 2047 201 2103 in
240 2064 309 2104 ea
354 2042 673 2119 provincia
719 2040 1147 2114 metropolitica
1187 2039 1494 2113 dignitate,
1554 2056 1682 2111 quas
1734 2039 1806 2095 ad

147 2136 591 2193 Narbonensem
634 2129 1139 2204 archiepiscopum
1170 2128 1399 2185 decreto
1440 2126 1807 2199 comprovin-

148 2226 378 2282 cialium
409 2223 833 2298 episcoporum
866 2223 925 2276 et
955 2217 1304 2292 populorum
1338 2233 1628 2273 consensu
1643 2217 1808 2274 devo-

147 2315 263 2372 luta
291 2316 512 2371 fuerat.
568 2312 733 2368 Hanc
782 2325 917 2365 vero
965 2307 1396 2365 restitutionem
1428 2305 1804 2379 potissimum

148 2405 385 2479 urgebat
404 2399 809 2474 Berangerius
837 2395 1805 2469 Ausonensisepiscopus,sperans

149 2511 284 2551 seen
302 2497 482 2567 pacto
505 2490 581 2549 ad
605 2486 1043 2560 metropolitani
1076 2484 1427 2559 dignitatem
1442 2484 1599 2541 haud
1629 2484 1805 2541 dubie

145 2584 652 2657 perventurum,et
680 2577 925 2651 quidem
956 2576 1158 2633 eadem
1182 2591 1361 2630 causa
1390 2573 1513 2641 diu,
1532 2577 1598 2630 ut
1626 2577 1805 2630 testa-

143 2676 231 2729 tur
253 2673 382 2746 ipse
412 2669 706 2743 pontifex,
743 2667 941 2723 Romae
974 2667 1238 2721 moratus
1271 2667 1381 2729 est,
1418 2679 1553 2719 cum
1584 2662 1699 2719 huc
1729 2663 1803 2718 ad

143 2761 441 2819 invisenda
460 2753 1305 2833 apostolormlimina,sunque
1337 2752 1622 2824 obsequia
1658 2769 1802 2808 novo

145 2848 393 2925 pontiﬁci
411 2846 742 2915 reddenda,
775 2844 959 2916 hujus
976 2840 1114 2898 anni
1134 2840 1328 2910 initio,
1360 2844 1461 2896 aut
1480 2840 1589 2896 sub
1625 2841 1801 2897 ﬁnem

145 2938 525 3013 precedentis
537 2934 909 2993 accessisset.
934 2932 1090 2988 Dataa
1105 2934 1243 2986 sunt
1256 2930 1341 2985 hac
1362 2929 1400 2985 1i
1411 2935 1567 2986 tterie
1582 2930 1797 2999 Romae,

145 3027 412 3085 Kalendis
429 3024 579 3081 Julii
601 3024 715 3081 hoc
738 3017 1375 3078 anno.’l‘arraconensis
1393 3023 1589 3076 tamen
1612 3017 1801 3075 Eccle-

147 3117 227 3174 sia
255 3116 497 3174 nonnisi
518 3112 761 3171 biennio
792 3114 1016 3184 postea,
1051 3114 1115 3164 ut
1143 3108 1420 3178 ditemus,
1454 3108 1795 3182 dignitatem

148 3223 305 3262 suam
331 3200 725 3277 recuperavit.

419 3294 489 3349 L.
504 3294 744 3350 Joannes
754 3288 1020 3345 diaconus
1043 3289 1105 3358 ﬁt
1126 3286 1513 3343 cancellarius.

211 3383 613 3440 Porrolittera:
632 3396 786 3453 quas
823 3376 1207 3433 eaoccasione
1242 3375 1513 3432 Urbanus
1544 3374 1797 3448 scripsit,

148 3473 287 3529 data
315 3473 601 3528 dicuntur
630 3485 735 3542 per
781 3482 982 3522 manus
1022 3465 1249 3522 Joannis
1290 3471 1498 3521 sancta:
1540 3465 1801 3523 Romana?

143 3563 389 3619 Ecclesia?
405 3560 636 3617 diaconi
652 3556 963 3613 cardinalis
992 3562 1043 3610 et
1060 3553 1402 3618 cancellarii,
1437 3569 1572 3607 cum
1605 3557 1796 3621 antea,

142 3657 204 3708 ut
230 3651 506 3717 diximus,
552 3650 813 3705 Joannes
856 3643 1275 3715 praesignatoris
1323 3641 1542 3698 domini
1592 3642 1800 3699 Urbani

142 3740 372 3797 titulum
403 3754 645 3811 semper
673 3732 1049 3792 adhibuisset
1095 3750 1108 3787 :
1142 3731 1297 3787 unde
1342 3729 1553 3802 conjici
1582 3734 1795 3803 potest,

141 3846 268 3886 eum
300 3835 440 3885 tunc
472 3826 737 3901 primum
772 3824 1050 3879 Romanis
1081 3818 1694 3905 Ecclesiaacancellarii
1715 3820 1799 3876 di-

138 3917 412 3992 gnitatem
446 3911 983 3974 obtinuisse.Certe
1012 3907 1337 3966 Pandulfus
1371 3907 1429 3964 in
1462 3906 1594 3964 Vita
1627 3908 1796 3965 Gela-

140 4009 209 4063 sii
227 4008 274 4064 ll
292 4007 418 4079 (qui
438 4011 530 4062 est
549 4005 678 4078 ipse
702 4000 985 4071 Joannes)
998 3998 1265 4055 observat
1280 4014 1416 4053 eum
1438 3996 1512 4052 ab
1539 3997 1794 4067 Urbano,

141 4097 235 4169 qui
254 4101 395 4152 tunc
417 4094 617 4151 Romae
659 4090 814 4147 inter
835 4088 985 4144 duos
1006 4090 1213 4160 pontes
1257 4086 1315 4141 in
1356 4086 1594 4159 magnis
1615 4103 1800 4160 angu-

139 4185 264 4243 stiis
301 4183 663 4241 constitutus
711 4178 1078 4244 morabatur,
1132 4173 1557 4232 cancellarium
1617 4175 1803 4233 fuisse

139 4274 499 4341 insh'tutum,
530 4269 897 4344 proindeque
935 4283 1052 4322 non
1083 4265 1144 4320 in
1175 4263 1482 4320 Casinensi
1506 4270 1800 4321 monaste-

143 4361 499 4435 rio,quando
530 4359 794 4434 primum
818 4357 877 4413 in
898 4353 1192 4430 pontiﬁcis
1211 4354 1556 4410 comitatum
1578 4370 1804 4410 assum-

141 4458 272 4525 ptus
304 4452 435 4519 fuit,
454 4453 559 4506 aut
575 4448 802 4521 reliquo
821 4449 1110 4519 tempore,
1142 4443 1297 4516 quod
1330 4442 1389 4498 in
1422 4442 1601 4499 variis
1630 4442 1800 4499 itine-

1918 1958 2120 2016 fuisse.

1992 2049 2080 2104 LI.
2104 2050 2366 2106 Rainaldi
2394 2050 2791 2122 archiepiscopi
2820 2051 3095 2106 Bernensis
3115 2052 3220 2105 iter
3243 2050 3489 2104 Romam.

1987 2137 2150 2195 Circa
2180 2140 2439 2196 medium
2490 2139 2671 2211 hujus
2703 2139 2840 2194 anni
2882 2137 3217 2211 Raynaldus
3246 2138 3563 2194 Remorum

1915 2227 2161 2285 antistes
2195 2229 2442 2285 Romam
2466 2229 2697 2284 advenit
2718 2229 2789 2285 ab
2811 2227 3045 2285 Urbano
3066 2227 3370 2295 invitatus,
3405 2228 3561 2299 quod

1913 2315 2024 2372 iter
2070 2321 2203 2373 ante
2242 2318 2377 2374 Maii
2424 2319 2602 2374 ﬁnem
2650 2334 2785 2374 eum
2828 2316 3139 2389 incmpisse
3170 2316 3466 2390 colligitur
3495 2334 3562 2373 ex

1914 2404 2073 2461 illius
2085 2406 2354 2462 chartain
2376 2407 2625 2481 gratiam
2650 2404 3070 2463 monachorum
3085 2405 3561 2477 Remigianorum

1913 2494 2050 2551 data
2090 2495 2201 2552 hoc
2239 2513 2393 2552 anno
2434 2497 2593 2563 1089,
2626 2494 2947 2551 indictione
2975 2511 3074 2560 xu,
3107 2493 3359 2566 Philippi
3383 2495 3562 2550 Fran-

1912 2599 2114 2639 corum
2148 2584 2299 2658 regis
2343 2586 2433 2655 30,
2469 2584 2827 2659 proindeque
2856 2587 2989 2640 ante
3020 2582 3175 2639 diem
3213 2582 3558 2640 vicesimum

1909 2673 2148 2729 tertium
2199 2674 2352 2730 Maii.
2386 2675 2533 2731 Nam
2565 2675 2673 2731 hoc
2705 2675 2831 2747 ipso
2877 2673 2971 2730 die
3005 2672 3310 2746 Philippus
3334 2672 3558 2729 tricesi-

1910 2778 2074 2818 mum
2106 2764 2269 2837 regni
2292 2764 2382 2820 sui
2405 2781 2625 2820 annum
2649 2762 2911 2837 inccepit,
2945 2765 3320 2818 consecratus
3361 2761 3558 2819 Remis

1908 2855 2043 2908 ante
2071 2852 2161 2908 sui
2212 2853 2397 2926 patris
2430 2854 2678 2920 obitum,
2712 2853 2806 2909 die
2836 2869 3002 2909 sacro
3034 2851 3419 2920 Pentecostes,
3452 2869 3555 2908 an-

1908 2941 2163 2997 1101059.
2199 2943 2263 2998 In
2285 2941 2388 2998 illa
2419 2947 2615 2999 autem
2652 2942 2874 3009 charta,
2906 2957 3084 3014 quam
3122 2939 3404 2997 Marlotus
3433 2940 3555 2997 edi-

1907 3026 1993 3085 dit
2020 3033 2179 3086 tomo
2226 3030 2271 3086 Il
2318 3031 2654 3104 Metropolis
2698 3029 3030 3097 Remensis,
3061 3027 3211 3085 libro
3242 3046 3437 3102 n,cap.
3471 3030 3502 3085 4
3538 3048 3551 3086 :

1907 3116 2223 3174 Rainaldus
2237 3137 2363 3175 cum
2385 3137 2453 3176 ea:
2467 3122 2733 3193 petitione
2751 3120 2964 3176 domini
2969 3134 3128 3191 papa:
3156 3120 3363 3175 Urbani
3399 3134 3555 3190 apos-

1829 3176 1872 3243 C
1908 3208 2173 3265 stolarum
2218 3210 2417 3265 limina
2451 3176 2852 3280 lico-testemque
2872 3176 3176 3265 Romanam
3192 3208 3414 3264 visitare
3428 3176 3560 3277 ‘agi-

1908 3296 2242 3369 grederetur,
2292 3303 2420 3354 ante
2469 3315 2664 3371 corpus
2723 3298 3026 3353 beatissimi
3071 3300 3124 3353 et
3176 3297 3564 3367 gloriosissimi

1904 3389 2129 3459 patroni
2160 3386 2251 3442 sui
2276 3388 2517 3457 Remegii
2535 3388 2781 3443 oratione
2811 3386 2977 3456 facta,
3010 3387 3073 3440 in
3102 3385 3401 3456 capitulum
3432 3401 3563 3456 per-

1910 3475 2058 3533 rexit
2100 3476 2166 3532 de
2213 3494 2319 3532 suo
2368 3478 2565 3532 itinere
2585 3476 2887 3540 locuturus,
2920 3473 3119 3545 ibique
3151 3472 3324 3527 altare
3352 3472 3417 3526 de
3446 3474 3561 3528 vico

1907 3567 2085 3621 sancti
2107 3567 2341 3635 Remigii
2361 3565 2557 3621 abbati
2588 3563 2834 3620 Henrico
2875 3561 3098 3634 totique
3145 3559 3557 3616 archicoznobii

1910 3652 2238 3727 Remigiani
2284 3652 2719 3727 congregationi
2772 3650 3082 3708 concessit.
3134 3654 3276 3705 Cum
3307 3666 3461 3718 vero,
3496 3653 3562 3705 ut

1910 3743 2217 3799 Bertoldus
2239 3743 2432 3812 refert,
2466 3742 2736 3799 Urbanus
2758 3741 2868 3797 hoc
2891 3757 3042 3796 anno
3064 3738 3289 3795 litteras
3309 3739 3561 3811 Philippi

1911 3833 2052 3905 regis
2080 3834 2415 3888 Francorum
2447 3832 2687 3887 debitam
2705 3831 3095 3902 subjectionem
3125 3830 3177 3884 ei
3192 3828 3559 3900 promittentis

1907 3922 2225 3992 susceperit,
2257 3918 2572 3976 verisimile
2593 3924 2682 3975 est
2694 3936 2793 3976 eas
2816 3936 2850 3975 a
2872 3918 3029 3991 Rayn
3040 3917 3172 3974 aldo
3195 3916 3376 3974 fuisse
3398 3916 3556 3973 dela-

1908 4013 2021 4066 tas.
2055 4010 2189 4066 Erat
2209 4008 2388 4080 enim,
2422 4013 2487 4065 ut
2530 4009 2653 4082 ipse
2675 4007 2934 4081 pontifex
2963 4007 3022 4062 in
3041 4006 3296 4079 quadam
3314 4005 3560 4079 epistola

1909 4102 2178 4167 testatur,
2212 4096 2480 4171 Philippo
2530 4096 3000 4170 acceptissimus.
3048 4096 3218 4152 Forte
3264 4095 3557 4169 reliquum

1910 4187 2091 4259 hujus
2108 4187 2244 4243 anni
2267 4186 2454 4259 exegit
2478 4187 2672 4242 Roma:
2696 4203 2885 4254 :nam,
2912 4190 2976 4241 ut
3005 4183 3249 4240 inferius
3271 4184 3555 4252 dicemus,

1910 4275 2345 4349 amplissimum
2361 4274 2730 4349 privilegium
2751 4276 2825 4331 ab
2846 4274 3079 4331 Urbano
3101 4273 3211 4328 sub
3225 4272 3402 4345 hujus
3419 4271 3557 4329 anni

1910 4365 2089 4420 ﬁnem
2123 4364 2363 4436 accepit.

2305 4453 2421 4509 LII.
2458 4454 2577 4509 Pax
2616 4469 2741 4508 cum
2773 4451 2975 4510 Gracis
3006 4453 3166 4508 inita.

141 4541 300 4599 ribus
320 4541 379 4598 in
396 4540 621 4613 quibus
643 4535 913 4611 pontiﬁci
946 4532 1216 4600 adhesit,
1238 4535 1508 4588 exactum
1532 4537 1640 4589 est.
1672 4532 1802 4590 Haec
1833 4547 1880 4612 D
1981 4540 2249 4615 Aliquam
2270 4540 2445 4598 etiam
2462 4542 2857 4598 interGraecos
2872 4546 2927 4597 et
2941 4540 3177 4597 Latinos
3190 4539 3559 4595 concordiam

138 4637 275 4688 sunt
321 4627 594 4686 Pandulﬁ
640 4626 820 4683 verba
843 4628 997 4695 -post
1045 4626 1346 4678 enarratas
1416 4620 1800 4691 calamitates,

139 4735 284 4792 quas
305 4719 501 4776 Romae
524 4715 791 4791 pontifex
809 4713 922 4769 sub
948 4712 1122 4767 ﬁnem
1153 4709 1292 4766 anni
1318 4709 1721 4782 praecedentis,
1745 4716 1802 4767 et

140 4807 318 4880 hujus
352 4807 519 4864 initio
559 4802 906 4880 pertulerat.
943 4803 1087 4857 Tunc
1109 4815 1261 4871 papa
1288 4799 1724 4856 litteratissimus
1753 4810 1805 4857 et

139 4898 402 4969 facundus
416 4899 660 4970 fratrem
676 4894 948 4951 Joannem
984 4891 1168 4945 virum
1197 4889 1386 4961 utique
1410 4889 1711 4960 sapientem
1741 4907 1804 4946 ac

137 4987 425 5058 providum
451 4987 722 5051 sentiens,
747 4980 1045 5044 ordinavit,
1078 4976 1342 5043 admovit,
1375 4993 1643 5049 suumque
1669 4994 1800 5034 can-

142 5076 430 5132 cellarium
474 5093 547 5132 es:
594 5075 805 5130 intima
845 5069 1236 5125 deliberatione
1261 5067 1593 5123 constituit:
1620 5076 1681 5123 ut
1703 5086 1805 5141 per

144 5164 503 5237 eloquentiam
542 5165 656 5222 sibi
706 5180 743 5217 a
780 5161 1008 5216 Domino
1039 5157 1320 5224 traditam,
1352 5157 1574 5228 antiqui
1604 5158 1803 5229 teporis

147 5254 492 5325 detegantiz
509 5253 748 5326 stytum,
784 5251 848 5304 in
890 5246 1011 5303 sede
1030 5242 1326 5317 apostolica
1364 5243 1489 5313 jam
1521 5259 1659 5315 pene
1688 5261 1804 5301 om-

149 5358 269 5398 nem
322 5344 700 5418 deperditum,
749 5338 937 5393 sancto
981 5334 1220 5390 dictante
1288 5332 1520 5403 Spiritu,
1572 5334 1805 5392 Joannes

146 5430 241 5489 υεί
279 5436 460 5507 gratia
504 5428 873 5503 reformaret,
926 5440 988 5479 ac
1031 5420 1343 5478 Leoninum
1368 5436 1593 5475 cursum
1622 5422 1806 5480 lucida

141 5522 739 5580 velocitatereduceret.
775 5514 848 5570 Et
882 5512 1118 5585 quidem
1152 5525 1361 5566 omnes
1379 5508 1558 5566 ferme
1588 5510 1804 5571 Urbani

136 5609 298 5671 bulla
320 5613 472 5671 data:
500 5611 653 5670 sunt
693 5618 797 5678 per
844 5617 1038 5657 manus
1059 5599 1284 5656 Joannis
1306 5598 1528 5656 diaconi
1546 5602 1804 5662 cardina-

1913 4632 2115 4688 eodem
2137 4635 2396 4703 tempore
2419 4632 2624 4687 initam
2640 4630 2822 4686 fuisse
2835 4628 3025 4701 colligi
3049 4632 3237 4700 potest
3261 4644 3328 4682 ex
3343 4626 3558 4681 Bertol-

1911 4720 2111 4793 do,qui
2144 4720 2320 4776 refert
2364 4720 2665 4777 Urbanum
2711 4736 2812 4791 per
2843 4716 3217 4789 suoslegatos
3240 4714 3560 4770 absolvisse

1911 4810 2323 4882 imperatorem
2345 4809 2458 4865 Con
2468 4805 3056 4879 stantinopolitanum
3072 4805 3143 4860 ab
3159 4803 3557 4859 excommuni-

1911 4899 2157 4956 catione.
2182 4898 2237 4954 Is
2259 4902 2380 4954 erat
2400 4897 2639 4954 Alexius
2660 4900 3010 4962 Comnenus,
3048 4894 3147 4967 qui
3170 4910 3322 4950 anno
3346 4910 3560 4966 praece—

1912 4986 2093 5053 denti,
2129 4990 2193 5043 ut
2212 5003 2281 5042 ex
2309 4986 2596 5043 Gaufredo
2642 4985 2951 5043 Malaterra
2980 4984 3257 5050 vidimus,
3282 4982 3417 5057 §29,
3452 4982 3557 5039 Ur-

1910 5077 2132 5133 banum
2192 5074 2755 5149 Constantinopolim
2799 5073 3163 5140 invitaverat,
3215 5076 3280 5128 ut
3327 5074 3558 5128 concilio

1909 5168 2255 5235 congregato,
2289 5164 2587 5237 disputatio
2635 5166 2779 5221 inter
2808 5164 3019 5220 Graecos
3047 5166 3100 5218 et
3134 5163 3353 5216 Latinos
3383 5161 3555 5230 ﬁeret,

1910 5253 2097 5309 dicens
2139 5270 2194 5308 se
2238 5256 2469 5310 libenter
2511 5255 2836 5311 discussioni
2862 5252 3147 5308 catholicae
3186 5266 3554 5304 assensurum.

1916 5342 2079 5399 Unde
2098 5359 2229 5398 vero
2253 5341 2444 5399 simile
2464 5348 2571 5413 est,
2607 5344 2761 5417 quod
2784 5342 2893 5398 etsi
2925 5342 2982 5396 id
3016 5341 3089 5395 ob
3112 5344 3441 5408 temporum
3456 5333 3562 5389 dif-

1914 5430 2206 5487 ﬁcultates
2228 5448 2331 5503 per
2351 5432 2610 5504 seipsum
2638 5436 2912 5505 praestare
2940 5445 3055 5483 non
3096 5423 3352 5499 potuerit
3378 5422 3560 5505 Urbaf

1916 5536 2050 5585 nus,
2101 5536 2241 5575 suos
2294 5525 2492 5576 tamen
2524 5504 2747 5594 legatos
2775 5519 2835 5574 in
2862 5516 3142 5573 Graeciam
3179 5510 3425 5576 miserit,
3461 5504 3561 5578 qui

1916 5608 2070 5664 hanc
2092 5606 2560 5680 qualemcunque
2580 5624 2783 5681 pacem
2799 5602 3224 5662 interLatinam
3238 5600 3560 5652 etGraecam
