3958 6224
349 377 430 439 35
1647 367 1722 433 Β.
1766 367 1965 444 ΠΒΒΔ

2199 366 2452 432 ΡΑΡιΕ.
3685 364 3768 431 ³6

352 507 482 564 ritis
528 507 588 562 in
638 522 804 562 sacro
835 508 1034 562 monte
1065 505 1378 560 sanitatem
1405 519 1802 577 recuperasse,
1851 503 2004 560 haud
2033 503 2091 572 Α
2119 502 2392 560 manibus
2421 502 2602 575 hujus
2633 499 2972 556 monasterii
3001 496 3309 556 ecclesiam
3341 503 3763 556 consecrasset.

350 599 550 652 tamen
567 597 637 652 ad
649 595 958 660 mittimus,
975 594 1126 666 quod
1152 593 1249 650 ille
1267 597 1468 650 auctor
1487 597 1708 662 narrat,
1727 597 2000 668 sanatum

2114 594 2266 650 Tum
2291 592 2533 648 laudant
2549 589 2914 663 privilegium
2933 589 3004 646 ab
3020 588 3224 645 eodem
3240 587 3512 661 pontiﬁce
3533 605 3768 646 conces-

353 685 580 742 Patrem
613 683 872 758 pontiﬁci
905 683 1272 756 apparuisse,
1322 686 1387 736 ut
1431 698 1564 738 eum
1597 683 1666 737 de
1697 681 2004 754 praesentia
2111 697 2265 747 sum,
2301 681 2455 753 quod
2479 682 2710 749 triginta
2740 679 2946 736 duobus
2965 677 3248 734 catholicis
3267 679 3526 733 Patribus
3547 679 3766 734 inniris

352 774 444 830 sui
475 773 666 846 ipsius
685 771 944 848 corporis
975 772 1129 844 apud
1159 771 1460 838 Casinum,
1486 787 1663 843 quam
1685 775 1855 827 antea
1883 787 2000 826 non

352 863 646 929 credebat,
697 861 911 917 taceret
967 859 1297 916 certiorem.
1345 858 1553 930 Liquet
1581 858 1737 914 enim
1767 875 1839 915 ex
1869 857 2000 915 aliis

351 951 574 1024 passim
595 949 760 1020 locis,
783 950 1020 1006 Petrum
1043 947 1332 1020 ejusmodi
1347 945 1682 1004 historiolas
1697 947 2000 1003 occasione

351 1037 771 1096 miraculorum
804 1037 996 1108 reipsa
1025 1053 1060 1092 a
1088 1039 1288 1092 sancto
1313 1035 1622 1091 Benedicto
1637 1039 1998 1107 patratorum

349 1128 570 1202 passim
583 1127 710 1184 suis
731 1125 1166 1182 narrationibus
1183 1123 1602 1192 immiscuisse,
1617 1140 1744 1196 qua
1765 1140 1898 1180 cum
1917 1141 1998 1180 re-

327 1233 481 1274 rum
508 1221 806 1290 gestarum
837 1214 1076 1270 veritate
1105 1217 1260 1270 stare
1290 1229 1404 1269 non
1430 1217 1696 1285 possunt.

417 1305 475 1362 Si
493 1306 678 1363 eidem
693 1304 914 1361 auctori
929 1303 1259 1369 credamus,
1284 1301 1559 1358 Urbanus
1573 1303 1996 1360 monasterium

347 1396 661 1453 Casinense
691 1409 897 1450 rursus
919 1392 1116 1449 invisit
1148 1390 1320 1464 paulo
1351 1395 1484 1448 ante
1513 1391 1832 1463 Trojanum
1865 1410 1996 1466 syn-

345 1484 546 1540 odum.
577 1483 692 1552 Quo
723 1485 983 1554 tempore,
1005 1479 1223 1552 inquit,
1253 1497 1378 1553 cap.
1403 1482 1458 1546 7,
1489 1479 1835 1552 supradictus
1849 1497 1996 1554 papa

319 1573 602 1629 .Urbanus
651 1573 853 1627 iterum
879 1569 950 1626 ad
1001 1568 1100 1625 has
1147 1572 1333 1641 partes
1391 1568 1676 1625 deueniens
1733 1571 1994 1626 Joannem

323 1661 669 1732 ,Cajetanum
698 1660 802 1714 loci
833 1659 1016 1730 hujus,
1050 1657 1105 1712 id
1139 1663 1229 1712 est
1252 1657 1466 1725 Casini,
1498 1659 1825 1714 monachum
1866 1659 1994 1714 dia-

343 1765 542 1804 conum
567 1749 628 1804 in
659 1746 1372 1819 Lateranensipatriarchio
1399 1746 1695 1802 ordinavit.
1717 1749 1789 1802 At
1815 1747 1995 1803 Joan-

344 1838 440 1896 nis
459 1836 767 1930 promotio,
793 1840 857 1891 ut
878 1835 1116 1930 inhunc
1139 1834 1334 1930 locum
1359 1835 1626 1890 observat
1645 1834 1902 1930 Angelus
1923 1835 1994 1891 de
2023 1865 2070 1930 Β

320 1927 522 1996 .Nuce,
555 1927 628 1982 ad
659 1925 916 1999 primum
951 1923 1161 1981 Urbani
1193 1940 1494 1981 accessum
1518 1925 1769 1981 revocari
1802 1924 1992 1995 debet,

345 2015 524 2088 idque
553 2013 958 2088 compluribus
986 2012 1412 2073 etindubitatis
1431 2011 1850 2085 diplomatibus
1872 2029 1993 2068 cer-

344 2107 471 2160 tum
493 2108 605 2175 est,
635 2120 765 2176 quas
795 2120 832 2159 a
857 2103 1082 2160 Joanne
1110 2101 1220 2162 hoc
1260 2101 1388 2174 ipso
1421 2118 1574 2158 anno
1612 2103 1744 2156 1088
1775 2101 1992 2158 Urbani

343 2192 720 2265 pontiﬁcatus
759 2191 950 2265 primo
981 2189 1316 2262 subscripta
1346 2189 1568 2262 passim
1600 2189 1989 2262 reperiuntur.

319 2280 507 2352 ,Certe
529 2280 682 2337 hanc
714 2285 914 2335 notam
937 2279 1152 2336 diserte
1181 2277 1399 2334 habent
1420 2279 1634 2335 Urbani
1665 2277 1870 2335 litterae
1889 2296 1990 2351 pro

321 2369 602 2440 primatu
623 2367 912 2425 Toletanaa
931 2366 1286 2435 Ecclesiaaﬁn
1304 2367 1602 2439 Hispaniis
1621 2367 1989 2440 privilegium

313 2457 742 2525 -‘Cluniacense,
760 2461 818 2513 et
834 2455 948 2512 alia
968 2455 1184 2528 quibus
1211 2456 1563 2529 subscripsit
1575 2456 1831 2512 Joannes
1845 2473 1989 2528 prae-

318 2547 634 2618 ,signataris
663 2544 832 2601 titulo
858 2561 1042 2617 usque
1064 2545 1132 2602 ad
1161 2561 1383 2601 annum
1416 2545 1554 2600 1089
1573 2561 1689 2617 quo
1713 2544 1994 2601 cancella-

321 2635 414 2690 -rii
445 2634 793 2708 dignitatem
823 2634 1099 2690 obtinuit.

342 2741 558 2798 XXVII.
593 2742 898 2797 Bantinum
925 2742 1319 2812 monasterium
1365 2739 1578 2796 dedicat
1604 2744 1656 2795 et
1696 2741 1990 2812 privilegio

590 2812 796 2874 donat;
817 2811 956 2884 quod
978 2813 1244 2868 violatum
1270 2811 1445 2868 denuo
1464 2811 1738 2883 firmatur.

410 2900 617 2957 Adhuc
649 2901 705 2955 in
727 2901 1030 2957 Casinensi
1063 2900 1416 2957 monasterio
1438 2901 1785 2956 versabatur
1813 2900 1989 2956 Urba-

343 3007 479 3060 nus,
511 3007 646 3046 cum
678 3006 714 3045 ε.
745 2989 990 3064 Rogerio
1009 2987 1156 3046 duc'e
1186 2994 1244 3045 et
1271 2990 1445 3046 fratre
1475 2991 1605 3060 ejus
1628 2990 1986 3056 Boamundo,

312 3079 580 3136 .Roberti
601 3078 905 3135 Guiscardi
935 3077 1095 3146 ﬁliis,
1117 3077 1294 3135 simul
1323 3082 1381 3134 et
1409 3079 1482 3134 ab
1503 3077 1987 3146 Ursioneabbate

2109 771 2347 839 singulis
2361 769 2740 842 pastoralibus
2771 769 2960 840 virgis,
3001 767 3329 835 astantibus,
3361 769 3645 839 prasente
3675 783 3764 824 co-

2107 860 2303 914 mitum
2333 867 2383 915 et
2415 859 2682 915 baronum
2702 860 2998 914 innumera
3017 855 3396 924 multitudine,
3419 856 3758 912 roboratum

2109 947 2292 1004 fuisse
2323 951 2631 1004 testantur.
2689 947 2778 1012 Et,
2817 963 2890 1002 ne
2921 944 3063 1017 quid
3094 942 3208 1000 loci
3236 941 3432 1000 tutelae
3461 941 3760 1016 ﬁrmitatis

2109 1036 2358 1101 deesset.
2390 1039 2632 1092 narrant
2651 1034 2868 1108 quibus
2885 1032 3324 1090 conditionibus
3345 1031 3403 1089 id
3433 1048 3468 1088 a
3483 1031 3758 1105 pontiﬁce

2106 1126 2432 1198 praestitum
2465 1125 2659 1181 fuerit.
2691 1125 3077 1180 Monasterium
3107 1123 3305 1196 ipsum.
3339 1120 3638 1194 inquiunt,
3666 1120 3760 1176 do-

2103 1217 2292 1272 minus
2323 1232 2469 1287 papa
2524 1229 2840 1270 consecrare
2892 1213 3114 1270 omnino
3170 1212 3370 1278 renuit,
3424 1211 3758 1284 priusquam

2105 1303 2252 1360 idem
2292 1307 2342 1359 et
2388 1305 2574 1360 omnia
2601 1319 2705 1359 sua
2747 1304 2807 1358 in
2838 1305 3025 1358 nostra
3053 1304 3104 1357 et
3129 1299 3413 1382 heredum
3441 1303 3758 1356 nostrorum

2103 1394 2331 1464 speciali
2357 1409 2494 1447 cura
2545 1396 2594 1448 et
2645 1391 2958 1462 defensione
3013 1388 3322 1446 omnimoda
3366 1389 3754 1461 reciperemus,

2103 1481 2155 1536 et
2183 1479 2456 1535 convicini
2501 1480 2720 1534 comites
2749 1482 2803 1535 et
2835 1477 3062 1534 barones
3091 1477 3188 1548 qui
3235 1475 3486 1546 aderant,
3537 1480 3756 1549 aposto-

2105 1570 2215 1624 lica
2252 1569 2501 1638 jussione
2547 1568 2876 1637 euangelicis
2903 1566 3262 1622 sacramentis
3298 1566 3534 1632 astricti,
3579 1564 3751 1622 eidem

2102 1662 2432 1714 monasterio
2480 1665 2532 1712 ct
2575 1658 2733 1712 rebus
2757 1657 3006 1712 omnibus
3035 1657 3149 1710 suis
3185 1671 3379 1727 pacem
3405 1658 3455 1710 et
3483 1654 3750 1728 defensio-

2102 1765 2226 1804 nem
2281 1751 2622 1820 perpetuam,
2652 1749 2702 1802 et
2757 1746 3064 1817 generalem
3123 1744 3427 1800 libertatem
3466 1759 3523 1799 se
3551 1744 3754 1815 ubique

2100 1839 2368 1893 custodire
2392 1838 2793 1910 promitterent.
2815 1835 2976 1890 Tunc
3008 1837 3314 1890 recensent
3341 1832 3536 1890 varias
3567 1833 3750 1890 dona-

2103 1927 2292 1982 tiones
2314 1942 2348 1981 a
2371 1925 2579 1998 seipsis
2609 1925 2809 1992 factas,
2828 1924 3294 1996 conﬁrmantque
3311 1927 3368 1978 et
3382 1925 3601 1995 augent
3620 1937 3751 1978 mo-

2103 2015 2339 2071 nasterii
2373 2013 2793 2069 immunitates.
2830 2013 2978 2079 Quia
3007 2029 3139 2068 vero
3171 2009 3460 2085 privilegii
3489 2011 3651 2084 quod
3675 2013 3750 2069 ab

2102 2103 2332 2160 Urbano
2361 2103 2564 2158 datum
2596 2102 2785 2158 fuerat
2812 2101 3244 2174 autographum
3261 2099 3439 2172 simul
3461 2116 3596 2156 cum
3615 2099 3750 2158 aliis

2103 2193 2321 2248 chartis
2352 2191 2668 2265 direptum,
2693 2207 2806 2247 non
2837 2190 3094 2264 amplius
3124 2189 3546 2258 inveniebatur,
3578 2205 3749 2247 cura-

2101 2286 2239 2336 runt
2267 2279 2486 2353 providi
2519 2279 2837 2352 principes,
2864 2283 2930 2336 ut
2957 2278 3116 2335 aliud
3151 2280 3283 2351 ejus
3314 2277 3614 2351 exemplar
3642 2295 3747 2334 au-

2098 2370 2423 2427 thenticum
2444 2369 2890 2436 describeretur,
2909 2369 3063 2441 quod
3087 2368 3260 2442 primi
3277 2367 3470 2424 locum
3487 2371 3748 2424 etaucto-

2100 2461 2331 2517 ritatem
2363 2459 2620 2516 haberet.
2647 2458 2834 2530 Digna
2864 2461 3006 2514 sunt
3057 2473 3258 2512 eorum
3287 2457 3464 2514 verba
3490 2473 3618 2529 qua:
3649 2457 3744 2513 hic

2097 2541 2480 2606 inserantur.‘
2511 2548 2636 2616 Nos,
2667 2547 2855 2614 aiunt,
2914 2548 3049 2603 tacti
3085 2545 3269 2603 dolore
3313 2547 3662 2616 intrinsecus,
3692 2554 3746 2602 et

2097 2641 2432 2696 extrinsecus
2487 2637 2694 2707 aspersi
2744 2637 2961 2705 rubore,
3021 2637 3282 2707 quoniam
3337 2634 3492 2692 labor
3551 2634 3744 2692 debite

2096 2732 2302 2785 nostrae
2314 2725 2706 2784 sollicitudinis
2716 2726 3016 2796 pretiosum
3035 2725 3390 2796 apostolicum
3405 2725 3742 2796 instrumen-

2095 2823 2235 2886 tum,
2288 2817 2488 2873 nostris
2541 2814 3036 2886 supplicationibus
3089 2814 3460 2881 constitutum,
3517 2817 3569 2869 et
3611 2813 3743 2870 sub-

2095 2915 2310 2979 reptum
2353 2912 2589 2976 tempore
2636 2911 2820 2960 nostra
2849 2920 2997 2958 nunc
3041 2921 3211 2974 usque
3242 2905 3480 2976 reperiri
3505 2919 3618 2959 non
3641 2920 3741 2976 po-

2095 2998 2236 3057 tuit;
2263 2993 2561 3050 secundum
2591 2992 2731 3064 quod
2755 2993 2992 3062 ﬁdeliter
3020 2994 3086 3048 ab
3115 3009 3178 3050 eo
3205 2993 3578 3066 exemplatum
3597 2997 3745 3049 inve-

2093 3086 2298 3152 nimus,
2352 3091 2540 3140 nostra
2585 3089 3002 3154 nostrorumque
3057 3085 3318 3157 comitum
3361 3086 3418 3148 et
3473 3083 3744 3139 baronum

317 3167 678 3236 _monasterii
711 3165 946 3223 Bantini
995 3183 1173 3240 prope
1219 3166 1630 3223 Acheruntiam
1664 3167 1722 3222 in
1776 3165 1986 3238 Apulia
2028 3240 2056 3246 ᾧ
2089 3175 2218 3245 pari
2244 3172 2506 3228 memmi;
2521 3174 2877 3244 praestante,
2919 3187 3159 3244 praesen;
3188 3171 3286 3226 hoc
3323 3171 3512 3227 simile
3540 3171 3744 3246 libera:

341 3257 459 3326 siti,
483 3256 761 3312 invitatus
784 3259 892 3322 est,
925 3257 997 3312 ad
1029 3257 1294 3328 ejusdem
1318 3255 1429 3312 loci
1459 3255 1768 3312 ecclesiam
1799 3256 1858 3310 in
1890 3255 1988 3311 ho-
2018 3240 2060 3308 C
2089 3240 2297 3318 torium
2324 3240 2588 3332 scriptum
2612 3277 2714 3332 per
2748 3240 2946 3316 manus
2976 3261 3234 3332 magistri
3263 3258 3541 3316 Theodosii
3565 3240 3744 3316 nostri

313 3394 325 3404 .
340 3362 541 3402 norem
572 3345 754 3402 beatae
776 3345 970 3400 Mariae
992 3345 1470 3402 consecrandam.
1489 3345 1651 3408 Quod
1675 3361 1807 3400 cum
1825 3344 1987 3400 fecis-

338 3439 430 3492 set
457 3433 734 3508 pontifex,
757 3433 993 3490 illorum
1026 3434 1358 3507 principum
1388 3450 1707 3506 eorumque
1725 3434 1986 3490 comitum

323 3533 386 3592 ,ει
415 3524 679 3580 baronum
703 3523 1054 3592 interventu,
1083 3523 1238 3580 idem
1259 3522 1684 3580 monasterium
1710 3521 1985 3578 maximis

310 3612 734 3686 -praarogativis
755 3611 1014 3680 donavit.
1041 3613 1174 3678 Quae
1194 3611 1385 3668 fusius
1405 3611 1462 3667 in
1483 3611 1802 3684 diplomate
1821 3628 1890 3668 ea
1913 3611 1987 3667 de

337 3718 399 3757 re
423 3701 637 3756 donato
667 3699 1052 3776 explicantur.
1086 3699 1235 3755 Illud
1286 3699 1657 3773 privilegium
1698 3700 1851 3756 inter
1875 3699 1984 3756 Ur-

335 3789 474 3845 bani
523 3787 804 3860 epistolas
847 3787 1104 3860 primum
1155 3787 1350 3844 locum
1392 3789 1616 3845 obtinet
1644 3788 1702 3843 in
1731 3789 1986 3845 editione

338 3875 722 3935 conciliorum
748 3876 1078 3944 Labbeana,
1112 3877 1214 3932 sed
1245 3876 1356 3932 sub
1376 3875 1484 3933 hoc
1517 3875 1662 3934 falso
1691 3875 1892 3933 titulo:
1913 3877 1988 3932 De

339 3967 564 4024 ecclesia
621 3965 837 4025 Sanctae
888 3965 1082 4022 Maria?
1133 3964 1444 4024 Casinensis
1498 3967 1820 4022 monasterii
1871 3983 1907 4022 a
1933 3983 1984 4023 se

337 4057 650 4110 consecrata
679 4058 731 4110 et
781 4055 1074 4126 privilegio
1130 4055 1367 4112 munita.
1400 4053 1642 4110 Exstant
1685 4055 1838 4127 apud
1872 4053 1984 4128 Ug-

319 4141 584 4210 bellum,
609 4147 767 4200 tomo
787 4143 886 4198 VII
912 4141 1086 4198 Italia:
1117 4160 1316 4211 sacris,
1351 4143 1448 4198 ubi
1481 4144 1553 4198 de
1573 4143 1985 4200 Acheruntinis

335 4230 792 4304 archiepiscopis
839 4230 1045 4288 litterae
1096 4231 1392 4288 Paschalis
1423 4233 1686 4302 secundi,
1722 4249 1850 4305 quae
1875 4233 1986 4289 hoc

334 4321 534 4395 ipsum
561 4320 776 4378 Urbani
803 4319 1175 4394 privilegium
1203 4321 1573 4377 conﬁrmant.
1591 4320 1740 4385 Quin
1773 4326 1830 4378 et
1849 4338 1985 4378 cum

333 4409 556 4483 Apuliae
573 4409 812 4482 quidam
829 4425 1118 4482 proceres,
1135 4409 1378 4483 Roget-io
1399 4409 1602 4482 procul
1615 4410 1792 4467 dubio
1809 4415 1987 4484 atque

333 4498 676 4555 Boamundo
697 4496 811 4554 alio
832 4497 1098 4565 intentis,
1123 4498 1444 4556 monachos
1465 4499 1730 4570 ejusdem
1752 4497 1886 4570 loci,
1905 4500 1987 4556 di-

2091 3351 2300 3407 notarii
2330 3351 2503 3406 scribi
2546 3349 2948 3405 mandavimus.
2979 3353 3032 3404 et
3066 3349 3324 3419 plumbea
3354 3347 3526 3416 bulla,
3556 3355 3741 3406 nostra

2091 3439 2253 3498 solito
2283 3440 2500 3512 typario
2555 3439 2820 3510 impressa
2871 3438 3210 3508 conﬁrmari,
3259 3440 3368 3494 etc.
3401 3436 3539 3502 Quae
3579 3437 3740 3510 apud

2093 3529 2408 3586 Baronium
2439 3528 2730 3584 habentur
2747 3527 2820 3583 ad
2841 3543 3063 3584 annum
3089 3526 3240 3594 1090,
3259 3525 3360 3582 ubi
3380 3525 3744 3583 instrumen-

2092 3622 2218 3673 tum
2232 3617 2390 3673 istud
2406 3617 2608 3672 datum
2619 3613 2855 3672 Canusii
2875 3630 3074 3670 mense
3089 3613 3268 3684 Julio,
3281 3613 3597 3670 indictione
3615 3631 3741 3681 xm,

2093 3704 2385 3776 integrum
2414 3703 2682 3770 habetur,
2703 3719 2841 3760 cum
2864 3701 3092 3776 Rogerii
3117 3702 3440 3760 Boamundi
3463 3702 3744 3760 aliorum-

2094 3809 2208 3866 que
2237 3793 2586 3866 optimatum
2619 3793 3170 3864 subscriptionibus.

2165 3881 2408 3938 XXVIII.
2438 3882 2514 3939 De
2541 3883 2683 3953 falso
2723 3883 3080 3938 instrumento
3107 3879 3462 3938 dedicationis
3489 3882 3668 3939 Canae.

2165 3971 2248 4027 Ex
2275 3971 2370 4028 his
2399 3975 2594 4027 autem
2627 3969 2794 4027 facile
2845 3969 3197 4042 intelligitur
3225 3973 3509 4042 quantum
3541 3987 3578 4026 a
3607 3987 3747 4028 vero

2093 4060 2446 4118 aberraverit
2475 4059 2757 4133 Ughellus
2785 4063 2944 4116 tomo
2974 4058 3074 4114 VII
3107 4057 3282 4116 Italiae
3314 4075 3516 4128 sacris,
3546 4059 3648 4114 ubi
3681 4059 3746 4116 in

2093 4149 2358 4223 catalogo
2391 4148 2722 4206 antitistum
2751 4147 3282 4204 Acheruntinorum
3313 4147 3464 4204 hanc
3507 4147 3745 4204 Bantini
3821 4156 3826 4158 '

2094 4238 2431 4296 monasterii
2465 4236 2889 4293 dedicationem
2919 4235 2992 4292 ad
3024 4253 3244 4292 annum
3278 4235 3418 4292 1093
3449 4253 3517 4293 ex
3539 4237 3746 4305 veteri,

2094 4332 2162 4384 ut
2211 4331 2401 4400 putat,
2457 4329 2838 4382 monumento
2897 4342 3164 4385 revocare
3213 4329 3478 4382 conatur.
3509 4325 3746 4383 Etenim

2095 4416 2366 4490 quamvis
2393 4415 2644 4472 inﬁciari
2669 4413 2928 4470 nolimus
2949 4414 3249 4470 Urbanum
3282 4431 3435 4471 anno
3461 4413 3617 4482 1093,
3641 4418 3748 4472 aut

2093 4506 2270 4562 etiam
2301 4505 2432 4562 aliis
2453 4505 2837 4577 temporibus,
2862 4507 2927 4560 ut
2949 4503 3142 4560 innuit
3158 4502 3363 4560 Petrus
3385 4502 3668 4561 diaconus
3685 4503 3746 4560 in

333 4585 519 4660 reptis
548 4585 723 4645 etiam
750 4587 1096 4675 monasterii
1136 4587 1307 4644 bonis
1337 4591 1395 4644 et
1421 4587 1664 4656 chartis,
1692 4595 1984 4658 vexarent,
2017 4613 2062 4678 Ι)
2093 4594 2530 4652 continuatione
2543 4592 3748 4664 ChroniciCasinensis,Casinuminvisere

335 4675 604 4732 Urbanus
645 4693 713 4731 ea
750 4664 826 4733 de
878 4693 939 4732 re
989 4677 1059 4732 ad
1120 4677 1433 4750 Rogerium
1483 4681 1541 4732 et
1571 4677 1699 4748 ejus
1744 4677 1982 4735 fratrem

331 4765 590 4839 scripsit,
621 4769 686 4821 ut
713 4782 821 4821 sua
851 4763 1198 4822 auctoritate
1229 4766 1568 4822 temerarios
1601 4765 1732 4823 illos
1753 4783 1984 4841 compe-

331 4859 580 4922 scerent,
597 4853 858 4910 minatus
881 4855 1129 4927 insuper
1148 4871 1210 4912 se
1223 4854 1536 4929 sacrilegos
1555 4856 1698 4912 adeo
1719 4855 1987 4914 homines

332 4941 692 4998 anathemati
715 4944 1144 5014 subjecturum,
1170 4943 1281 5000 nisi
1303 4945 1459 5000 brevi
1487 4943 1910 5017 resipiscerent.

327 5073 330 5077 .
402 5031 570 5102 Papae
586 5031 828 5087 monitis
849 5032 1327 5088 obsecundarunt
1339 5033 1422 5104 pii
1441 5033 1755 5106 principes,
1781 5051 1987 5090 mona-

332 5119 698 5190 steriumque
720 5136 864 5175 novo
878 5119 1176 5193 privilegio
1195 5122 1556 5189 munierunt,
1570 5123 1724 5195 quod
1745 5123 1817 5179 ab
1839 5123 1986 5195 ipsis

333 5207 582 5280 aliisque
593 5207 908 5264 comitibus
921 5209 1290 5267 etnobilibus
1305 5211 1446 5268 viris
1458 5209 1858 5284 subscriptum
1871 5215 1980 5278 est,

333 5315 407 5354 ne
437 5296 772 5352 chartarum
793 5300 853 5352 et
872 5295 1260 5370 diplomatum
1279 5316 1406 5372 quae
1422 5300 1713 5372 perierant
1725 5300 1980 5370 jactura,

331 5385 752 5443 detrimentum
783 5383 1018 5458 aliquod
1053 5385 1218 5444 locus
1251 5387 1346 5446 ille
1385 5404 1550 5444 sacer
1582 5390 1894 5460 pateretur.
1919 5388 1983 5442 In

331 5492 479 5532 novo
501 5477 698 5531 autem
723 5473 826 5532 illo
851 5475 1244 5534 instrumento
1266 5477 1550 5550 Rogerius
1577 5492 1643 5532 ac
1662 5476 1790 5548 ejus
1809 5475 1986 5532 frater

329 5563 714 5622 Boamundus
748 5563 904 5622 inter
931 5569 1138 5622 caetera
1169 5565 1406 5623 sibimet
1425 5564 1573 5639 ipsis
1589 5562 1982 5636 gratulantur,

324 5654 490 5735 .quod
519 5668 724 5714 eorum
755 5669 934 5743 opera
961 5669 1236 5716 summus
1265 5653 1392 5733 ipse
1432 5653 1695 5736 pontifex
1729 5653 1986 5734 propriis

2093 4683 2375 4758 potuisse,
2409 4683 2529 4739 imo
2559 4686 2619 4739 et
2647 4699 2786 4740 eum
2815 4683 2875 4739 in
2923 4681 3194 4755 Apuliam
3225 4697 3360 4738 cum
3403 4682 3747 4738 memoratis

2094 4773 2461 4847 principibus
2482 4771 2660 4828 variis
2673 4771 3038 4844 temporibus
3059 4787 3174 4828 non
3186 4769 3367 4828 semel
3380 4769 3746 4842 convenisse,

2095 4863 2145 4920 si
2175 4866 2374 4919 tamen
2397 4866 2556 4918 certa
2583 4865 2724 4918 sunt
2755 4865 3137 4918 monumenta
3165 4877 3292 4933 qua
3315 4875 3558 4916 numero
3577 4876 3749 4933 supe-

2095 4950 2234 5007 riori
2265 4950 2662 5018 laudavimus,
2685 4953 2741 5005 et
2770 4967 2911 5006 sane
2940 4948 3044 5005 illa
3063 4965 3193 5006 esse
3218 4953 3376 5006 certa
3388 4947 3550 5004 haud
3579 4948 3750 5005 dubi-

2095 5039 2207 5094 tari
2266 5041 2478 5111 potest,
2526 5036 2620 5092 vix
2677 5037 2832 5095 ultra
2877 5054 3100 5094 annum
3133 5037 3274 5094 4088
3304 5035 3525 5094 differri
3555 5041 3748 5110 potest

2094 5127 2276 5198 hujus
2298 5125 2682 5182 dedicationis
2701 5125 3028 5183 celebritas.
3049 5125 3279 5182 Etenim
3292 5141 3445 5181 anno
3469 5124 3608 5181 l090
3628 5141 3746 5198 quo

2093 5215 2297 5270 datum
2325 5218 2414 5270 est
2445 5215 2770 5270 secundum
2803 5215 2948 5270 illud
2970 5214 3201 5287 Rogerii
3231 5217 3290 5271 et
3307 5213 3632 5270 Boamundi
3655 5214 3747 5270 in-

2093 5306 2485 5358 strumentum
2497 5344 2511 5369 ,
2525 5301 2651 5373 jam
2672 5319 2705 5358 a
2724 5302 3015 5358 celebrata
3031 5301 3396 5358 dedicatione
3412 5301 3672 5374 aliquod,
3691 5303 3750 5358 et

2093 5391 2333 5464 quidem
2347 5389 2492 5446 satis
2504 5387 2748 5460 longum
2759 5393 2876 5445 tem
2885 5389 3042 5462 poris
3059 5389 3430 5446 intervallum
3447 5390 3748 5456 effluxisse

2093 5479 2391 5545 debuerat,
2411 5481 2478 5532 ut
2493 5492 2606 5531 non
2631 5475 2822 5532 solum
2843 5475 3068 5550 Apuliae
3092 5479 3751 5552 proceresimmemoree

2092 5582 2338 5624 suorum
2369 5561 2818 5638 promissorum,
2851 5565 3086 5624 Bantini
3112 5567 3456 5626 monasterii
3507 5567 3664 5624 bona
3692 5572 3752 5626 et

2092 5655 2329 5721 chartas
2359 5649 2744 5727 diripuerint;
2772 5654 2874 5717 sed
2903 5655 3081 5718 etiam
3109 5661 3178 5718 ut
3206 5660 3442 5736 tempus
3469 5655 3748 5721 habuerit
