3958 6224
182 370 269 449 ’3Ἱ
1819 387 1875 453 ν

2225 392 2233 397 ’
3520 388 3527 397 ’
3557 388 3638 454 18

205 516 788 584 Urbanus,instante
806 514 1051 575 Ursionc
1089 518 1319 589 abbate,
1332 518 1459 591 jam
1497 519 1684 576 dictos
1717 521 1873 594 prin-
1902 524 1958 593 Α
1989 538 2277 579 consensu
2324 540 2435 596 pax
2491 521 2665 579 ﬁrma
2721 524 2782 579 in
2832 522 3088 580 Ecclesia
3143 525 3486 581 sanciretur.
3519 527 3637 582 Hoc

209 607 363 680 eipes
382 606 835 672 commonendi,
855 610 921 662 ut
940 611 1168 663 tantum
1192 608 1533 664 scandalum
1554 626 1661 665 sua
1677 614 1876 667 aucto-

178 708 185 715 '
209 696 379 752 ritate
401 694 889 767 comprimerent.
904 696 1066 762 Quod
1090 714 1150 753 re
1179 698 1307 770 ipsa
1345 713 1546 755 mense
1581 698 1759 766 Julio,
1786 699 1873 755 uti

211 786 320 841 fert
343 801 556 841 eorum
580 784 869 856 diploma,
894 784 1111 842 coactis
1138 786 1323 843 totius
1367 787 1673 860 provinciae
1733 788 1874 845 viris

212 873 515 931 nobilibus
547 890 706 930 anno
737 874 867 946 ipso
899 874 1040 930 1090
1061 876 1188 947 jam
1221 876 1498 933 fecerant.

279 964 416 1020 Jam
446 979 607 1030 vero,
632 963 683 1019 si
733 963 932 1031 libeat,
969 964 1164 1021 dicere
1213 964 1352 1038 quid
1394 966 1465 1021 de
1494 965 1604 1022 hoc
1648 965 1874 1039 Ughelli

190 1056 604 1109 monumento
626 1052 974 1108 sentiamus.
991 1052 1144 1110 Illud
1167 1054 1238 1109 ad
1260 1054 1576 1110 Bantinum
1591 1059 1877 1111 monaste-

216 1143 366 1198 rium
394 1140 548 1197 nihil
572 1142 890 1216 pertinere,
923 1143 1023 1198 sed
1059 1146 1160 1197 aut
1207 1142 1278 1198 ab
1337 1142 1537 1215 aliquo
1584 1143 1877 1199 nebulone

213 1230 533 1287 conﬁetum
558 1231 764 1294 fuisse,
781 1234 1051 1287 autcerte
1073 1232 1144 1287 ad
1181 1232 1603 1288 monasterium
1625 1233 1879 1289 Cavense

215 1319 418 1376 referri
453 1319 692 1387 debere,
720 1319 890 1376 nobis
920 1320 1171 1377 videtur.
1204 1321 1275 1377 Et
1320 1320 1559 1393 quidem
1608 1325 1878 1377 monaste-

214 1411 365 1465 rium
390 1416 599 1464 sancta
628 1408 823 1465 Mariae
850 1410 916 1464 de
958 1409 1161 1477 Pauso,
1195 1409 1496 1482 uulgariter
1542 1412 1882 1467 Doventaum

215 1505 559 1570 nuncupata,
591 1498 749 1569 quod
773 1498 832 1553 in
855 1514 921 1553 ea
942 1496 1145 1553 charta
1178 1503 1557 1563 memoratur,
1576 1515 1748 1555 nemo
1776 1515 1879 1553 no-

211 1588 325 1655 vit;
345 1603 458 1643 nec
480 1587 597 1643 nisi
620 1587 938 1643 divinando
962 1586 1262 1661 Ughellus,
1288 1605 1354 1643 ac
1378 1592 1508 1660 post
1541 1606 1674 1643 eum
1712 1588 1878 1643 Lubi-

216 1693 331 1733 nus
350 1676 414 1731 in
437 1674 660 1732 Notitia
690 1674 1058 1732 abbatiarum
1092 1676 1291 1744 Italize,
1317 1682 1373 1732 et
1404 1678 1547 1732 forte
1579 1676 1674 1731 alii
1737 1694 1878 1731 non-

218 1765 370 1823 nulli
405 1765 761 1822 recentiores
782 1763 926 1820 illud
957 1782 1088 1821 esse
1118 1765 1541 1822 monasterium
1566 1765 1880 1822 Bantinum

219 1857 624 1927 conjecerunt.
640 1854 697 1908 Si
720 1871 852 1910 vero
877 1854 984 1910 hoc
997 1854 1881 1927 qualecunqueinstrumentum

224 1943 410 2000 simul
430 1959 570 1999 cum
591 1942 865 1999 Cavensis
879 1943 1217 1999 monasterii
1240 1943 1561 2017 privilegiis
1581 1947 1636 1999 et
1659 1943 1887 1999 dedica-

222 2033 406 2088 tionis
435 2033 569 2104 ejus
598 2031 846 2088 historia
894 2032 1246 2099 conferatur,
1280 2050 1353 2091 ex
1381 2032 1451 2087 iis
1510 2031 1681 2104 plane
1739 2031 1879 2087 illud

226 2122 703 2179 consarcinatum
733 2121 933 2191 fuisse,
958 2122 1206 2194 quisque
1237 2121 1403 2178 facile
1434 2122 1729 2176 advertere
1782 2139 1882 2195 po-

227 2211 398 2267 terit:
425 2210 586 2284 quod
628 2211 838 2283 probat
876 2209 1265 2267 sanctissimae
1302 2210 1609 2267 Trinitatis
1641 2211 1880 2279 mentio,

221 2300 609 2374 indulgentiae
660 2298 974 2372 utrobique
1029 2301 1269 2369 easdem,
1302 2299 1590 2355 dedicatio
1641 2304 1884 2372 utraque

218 2405 425 2445 mense
461 2388 800 2460 Septembri
826 2389 1227 2454 facta,e:edem
1267 2388 1470 2461 gratiae
1496 2388 1725 2459 utrique
1756 2387 1883 2444 loco

217 2496 283 2534 ac
311 2478 573 2537 ecclesiae
624 2477 1119 2550 Compostellante’
1154 2477 1416 2543 indultae,
1440 2476 1600 2532 bulla
1633 2478 1689 2531 in
1725 2477 1878 2532 favo-

214 2584 339 2623 rem
370 2584 534 2624 novae
575 2566 965 2622 dedicationis
1019 2566 1331 2638 utrobique
1390 2564 1616 2622 Salerni
1679 2581 1881 2621 mense

217 2656 456 2713 Octobri
482 2657 644 2723 data,
669 2660 727 2711 et
757 2656 871 2711 alia
902 2672 1027 2728 qua:
1059 2655 1173 2710 huc
1204 2655 1495 2728 appellare
1528 2672 1643 2710 non
1689 2658 1877 2710 vacat.

218 2751 297 2802 De
324 2744 579 2803 Cavensi
610 2744 974 2801 dedicatione
1002 2744 1155 2800 infra
1185 2745 1254 2800 ad
1308 2760 1528 2799 annum
1571 2743 1710 2799 1002
1744 2760 1877 2815 age-

216 2852 372 2891 mus.

566 2922 762 2979 XXIX.
799 2924 1015 2981 Urbani
1040 2925 1147 2978 iter
1182 2925 1239 2977 in
1274 2922 1543 2978 Siciliam.

288 3013 597 3070 Urbanum
629 3012 835 3068 eodem
867 3029 1019 3067 anno
1047 3010 1108 3066 in
1141 3010 1397 3067 Siciliam
1454 3008 1877 3078 transmisisse,

218 3120 331 3160 non
364 3103 546 3157 modo
567 3101 922 3157 recentiores
954 3105 1240 3167 auctores,
1264 3101 1362 3155 sed
1398 3101 1525 3172 ipso
1569 3099 1743 3155 etiam
1800 3103 1880 3153 te-

218 3196 407 3248 statur
419 3190 679 3247 Gaufred
690 3208 759 3245 us
774 3188 1873 3257 Malaterra,monachusBenedictinus,

1989 612 2250 684 quidem,
2284 616 2348 667 ut
2378 613 2552 669 refert
2611 613 2768 669 idem
2823 619 3047 679 auctor,
3071 614 3351 687 Rogerius
3405 614 3637 671 Urbano

1984 699 2491 769 eonsulebat;sed
2544 702 2764 758 veritus
2822 702 3079 774 pontith
3141 720 3234 770 ne,
3266 718 3327 759 se
3374 704 3634 773 absente,

1984 788 2336 855 Guibertini,
2357 790 2457 862 qui
2486 791 2682 846 Romae
2702 794 2968 863 petentes
3001 796 3186 856 erant,
3219 791 3456 847 omnino
3487 810 3636 865 pra:-

1984 878 2243 933 valerent
2263 877 2406 932 illud
2442 879 2553 934 iter
2601 878 2835 951 aggredi
2888 896 3069 936 ausus
3122 897 3234 936 non
3266 884 3355 937 est
3387 898 3400 937 :
3432 884 3490 937 et
3510 898 3636 937 eos-

1986 968 2117 1022 dem
2141 971 2243 1022 aut
2264 972 2415 1023 certe
2448 967 2593 1023 alios
2617 966 2839 1040 legatos
2862 968 2951 1023 sui
2985 968 3109 1025 loco
3135 969 3409 1026 Urbanus
3431 971 3503 1025 ad
3535 970 3640 1026 im-

1986 1060 2309 1129 peratorem
2344 1055 2554 1111 iterato
2604 1056 2789 1117 misit.
2813 1055 2913 1128 qui
2945 1073 3149 1130 pacem
3183 1074 3336 1114 anno
3368 1059 3637 1131 sequenti

1986 1149 2305 1216 utcumque
2326 1161 2459 1200 cum
2486 1144 2583 1200 illo
2607 1152 3081 1217 composuerunt.
3103 1148 3266 1203 Certe
3294 1148 3640 1221 urgentissi-

1988 1250 2150 1289 mum
2164 1238 2222 1289 et
2235 1234 2474 1305 quidem
2496 1233 2876 1305 improvisum
2894 1234 3127 1306 aliquod
3144 1235 3341 1309 magni
3357 1235 3639 1292 momenti

1987 1323 2287 1395 negotium
2318 1322 2454 1377 huic
2489 1322 2545 1377 in
2580 1321 2836 1378 Siciliam
2872 1323 3063 1379 itineri
3095 1324 3459 1381 occasionem
3489 1343 3640 1398 pra:-

1990 1410 2190 1467 buisse
2222 1411 2358 1467 inde
2380 1410 2733 1484 colligimus,
2758 1413 2912 1484 quod
2949 1412 3227 1485 pontifex,
3253 1413 3351 1486 qui
3380 1418 3513 1470 ante
3543 1414 3643 1471 ali-

1995 1506 2140 1572 quot
2171 1501 2297 1557 dies
2351 1499 2544 1556 Casini
2574 1502 2939 1569 versabatur,
2978 1502 3095 1558 imo
3124 1505 3182 1557 et
3212 1502 3270 1557 in
3305 1501 3520 1576 Apulia
3565 1505 3639 1560 ad

1992 1590 2298 1645 Bantinam
2332 1590 2638 1645 ecclesiam
2675 1590 3060 1645 dedicandam
3095 1606 3229 1645 cum
3290 1591 3535 1664 Rogerio
3583 1597 3641 1647 et

1993 1678 2334 1733 Boamundo
2358 1678 2593 1733 comitis
2618 1679 2846 1751 Rngerii
2871 1695 2939 1733 ex
2969 1679 3469 1752 fratrenepotibus
3492 1679 3638 1735 nihil

1992 1766 2153 1823 aliud
2212 1767 2477 1840 cogitans
2537 1773 2881 1832 accesserat,
2915 1767 3292 1825 Terracinam
3348 1785 3637 1838 reversus,

1994 1862 2231 1928 repente
2254 1856 2520 1913 dimissis
2549 1859 2825 1911 omnibus
2852 1858 2905 1911 in
2939 1857 3198 1913 Siciliam
3232 1859 3388 1928 longo
3420 1861 3637 1927 itinere,

1996 1946 2078 2001 uti
2101 1946 2429 2001 Gaufredus
2450 1946 2644 2016 habet,
2667 1949 2932 2017 fatigatus
2956 1946 3370 2017 transmiserit,
3406 1952 3473 2003 ut
3503 1964 3637 2004 cum

1994 2035 2238 2107 Hogerio
2262 2033 2711 2106 colloqueretur,
2727 2036 2824 2105 qui
2855 2035 2963 2091 hoc
2983 2052 3135 2091 anno
3158 2036 3364 2109 captis,
3390 2038 3643 2094 utrel‘ert

1992 2123 2188 2196 Lupus
2214 2124 2575 2194 Protospata,
2598 2124 2927 2196 Syracusis,
2953 2125 3289 2193 Bruccram,
3315 2129 3380 2181 ut
3398 2130 3456 2182 et
3484 2126 3641 2182 Gau-

1995 2212 2154 2266 fredo
2172 2212 2451 2279 diximus,
2478 2217 2536 2267 tu
2548 2230 2636 2279 ne,
2659 2230 2844 2268 mense
2864 2212 3086 2269 scilicet
3100 2215 3298 2285 Aprili,
3315 2215 3638 2272 obsidebat.

1990 2301 2169 2355 Aiunt
2223 2300 2441 2374 vulgati
2499 2302 2652 2373 apud
2716 2302 3012 2357 Bocchum
3075 2302 3312 2375 Pyrrum
3359 2305 3417 2359 in
3446 2304 3643 2359 Sicilia

1990 2406 2156 2444 sacra
2186 2394 2453 2446 auctores
2486 2388 2784 2445 Urbanum
2826 2408 2895 2445 ea
2952 2391 3255 2446 occasione
3314 2392 3373 2446 in
3427 2391 3641 2449 sacello

1990 2479 2242 2550 quodam
2268 2479 2647 2534 subterraneo
2661 2478 3281 2534 cathedralisecclesiaa
3303 2481 3642 2536 Troinensis

1990 2567 2233 2622 missam
2266 2566 2612 2635 celebrasse,
2641 2571 2817 2639 atque
2849 2566 2905 2622 in
2963 2567 3091 2638 ejus
3151 2567 3233 2623 rei
3293 2568 3641 2625 memoriam

1989 2656 2323 2728 appositam
2349 2655 2532 2712 fuisse
2555 2655 3020 2729 inscriptionem,
3046 2672 3162 2728 qua
3188 2656 3432 2712 vetitum
3460 2662 3552 2713 est
3572 2674 3645 2714 ne

1989 2744 2265 2817 deinceps
2298 2743 2355 2798 in
2388 2743 2582 2799 locum
2631 2742 2801 2798 illum
2836 2742 3113 2799 mulieres
3171 2742 3640 2816 ingrederentur.

1989 2851 2146 2907 XXX.
2208 2851 2472 2907 .4nselmo
2530 2850 2936 2923 archiepiscopo
3010 2851 3406 2908 Mediolanensi
3467 2852 3641 2907 mittit

2588 2923 2850 2994 pallium,
2882 2928 2992 2978 etc.

2060 3011 2404 3083 Respirabat
2434 3016 2573 3066 tunc
2606 3011 3060 3067 Mediolanensis
3088 3010 3348 3068 Ecclesia
3376 3011 3489 3067 sub
3519 3015 3640 3068 An-

1988 3098 2154 3154 selmi
2183 3098 2449 3154 catholici
2469 3100 2572 3154 viri
2597 3100 2960 3172 pontificatu,
2988 3100 3085 3173 qui
3120 3104 3255 3156 ante
3285 3099 3509 3173 aliquot
3538 3118 3643 3157 an-

1990 3187 2372 3243 nosinlocum
2393 3187 2632 3244 Tedaldi
2656 3189 3015 3244 schismatici
3043 3191 3346 3258 suffectus,
3362 3189 3641 3245 baculum

214 3286 415 3336 auctor
433 3279 680 3334 illorum
704 3284 1034 3350 temporum
1058 3282 1388 3346 accuratus,
1414 3278 1513 3349 qui
1533 3293 1623 3332 res
1648 3276 1873 3349 Bogerii
1905 3261 1947 3327 (ἶ
1987 3292 2020 3330 a
2047 3293 2179 3348 rege
2210 3281 2571 3349 susceperat,
2599 3278 2671 3330 ob
2705 3278 2760 3331 id
2796 3294 2887 3343 ne,
2915 3282 3015 3332 aut
3047 3283 3201 3333 certe
3252 3278 3324 3333 ob
3378 3276 3639 3350 aliquam

208 3370 449 3425 comitis
495 3371 719 3441 gestas,
768 3366 895 3439 ipso
963 3366 1331 3437 adhortante,
1384 3369 1638 3438 quatuor
1705 3364 1872 3421 libris

210 3457 590 3529 conscripsit.
626 3456 681 3512 ls
714 3459 911 3510 narrat
940 3454 1089 3510 libro
1122 3471 1196 3522 1v,
1250 3470 1376 3526 cap.
1419 3455 1498 3520 t3,
1557 3454 1872 3525 ltogerium

206 3545 421 3603 Sicilia:
473 3543 781 3617 comitem,
805 3543 1041 3599 fratrem
1077 3543 1312 3598 Roberti
1338 3542 1668 3609 Guiscardi,
1699 3542 1871 3598 adeo-

203 3652 317 3709 que
341 3634 596 3692 alterius
619 3632 851 3706 Rogerii
876 3632 1043 3688 ducis
1071 3630 1290 3704 Apulia:
1321 3637 1378 3687 et
1408 3631 1731 3688 Boamundi
1769 3648 1872 3704 pa-

205 3729 437 3794 truum,
464 3738 614 3779 anno
647 3723 790 3777 1088
821 3723 1112 3777 inchoante
1140 3722 1325 3793 Aprili
1350 3725 1629 3776 Buceram
1668 3719 1872 3774 Siciliae

205 3815 418 3871 urbem
450 3811 779 3878 obsedisse,
805 3810 1004 3883 ibique
1026 3809 1356 3882 suscepisse
1388 3808 1605 3865 Urbani
1649 3807 1871 3881 legatos

205 3921 333 3958 cum
362 3903 573 3958 litteris
601 3901 886 3972 sigillatis,
902 3899 1415 3972 quibusinvitabat
1435 3914 1569 3954 eum
1589 3898 1868 3971 pontifex,

208 3992 596 4057 ut'l‘roinam,
621 3989 884 4061 quoipse
915 3988 1284 4062 properabat,
1316 4004 1492 4060 quam
1527 3991 1729 4060 posset
1776 4003 1868 4042 ce-

207 4080 449 4136 lerrime
471 4078 795 4144 accederet,
818 4093 1017 4132 secum
1067 4076 1140 4131 de
1182 4075 1360 4131 rebus
1390 4074 1665 4148 gravibus
1695 4072 1869 4129 collo-

209 4169 421 4241 quium
438 4167 779 4223 habiturus.
794 4165 1010 4231 Adfuit,
1030 4164 1296 4222 condicto
1318 4163 1727 4231 die,comes,ut
1743 4180 1872 4235 pro-

206 4257 484 4330 sequitur
502 4254 602 4311 ille
633 4259 858 4320 auctor,
891 4259 947 4310 et
994 4253 1158 4308 ﬁnito
1206 4251 1497 4324 colloquio
1530 4250 1865 4323 pontiﬁcem

202 4348 400 4403 multis
424 4346 678 4401 donariis
707 4343 1034 4399 honoratum
1062 4344 1295 4399 dimisit.
1322 4341 1468 4406 Quid
1487 4357 1619 4395 vero
1650 4340 1868 4412 negotii

204 4434 361 4491 inter
390 4451 493 4492 eos
524 4437 817 4507 ageretur,
840 4432 1168 4488 Gaufredus
1213 4430 1427 4487 diserte
1468 4446 1581 4485 non
1642 4427 1863 4496 retulit,

203 4525 316 4581 nisi
336 4525 489 4581 forte
510 4522 570 4579 id
590 4520 768 4578 fuerit
792 4521 947 4592 quod
974 4519 1281 4592 subjungit
1301 4519 1371 4574 de
1383 4516 1869 4588 Constantinopo-

203 4613 387 4670 litano
407 4613 796 4685 imperatore,
816 4608 1011 4665 Alexio
1035 4609 1354 4672 Comneno,
1379 4623 1554 4679 quem
1600 4605 1866 4662 Urbanus
1902 4628 1947 4693 ι)

204 4702 411 4759 missis
438 4704 572 4757 ante
588 4716 795 4773 paucos
825 4698 960 4766 dies,
997 4699 1053 4754 id
1077 4702 1168 4754 est
1217 4696 1414 4752 statim
1449 4699 1581 4767 post
1610 4710 1779 4749 suam
1815 4695 1871 4750 in

202 4792 615 4864 pontiﬁcatum
674 4787 1038 4853 electionem,
1095 4785 1309 4860 legatis
1358 4783 1595 4841 Nicolao
1665 4783 1873 4840 abbate

200 4880 424 4955 Cryptte
450 4881 703 4946 ferratis,
728 4882 786 4934 et
814 4877 1058 4950 Rogerio
1081 4876 1347 4941 diacono,
1370 4878 1608 4946 paterna
1627 4874 1874 4944 increpa-

200 4972 348 5026 tione
376 4969 812 5030 commonuerat,
838 4964 992 5038 quod
1017 4966 1074 5021 in
1101 4962 1419 5037 provinciis
1450 4960 1563 5018 sibi
1587 4960 1870 5032 subjectis

203 5059 438 5115 Latinos
459 5056 821 5122 sacerdotes,
841 5053 1085 5126 abjcctis
1108 5052 1346 5125 azymis,
1370 5049 1430 5106 in
1453 5066 1600 5125 rane
1617 5051 1865 5106 fermen-

200 5150 321 5203 tato
338 5148 679 5205 sacrificare
709 5146 961 5216 cogeret.
985 5141 1162 5197 Addit
1188 5141 1341 5197 idem
1374 5145 1578 5196 auctor
1605 5138 1865 5211 impera-

200 5238 408 5303 torem,
442 5236 727 5306 suscepta
754 5229 1062 5287 humiliter
1090 5228 1389 5302 pontificis
1446 5227 1864 5300 increpatione,

198 5341 331 5381 eum
356 5342 463 5398 per
484 5322 731 5381 eosdem
755 5321 955 5392 legatos
971 5334 1044 5374 ex
1064 5318 1267 5373 itinere
1280 5316 1405 5390 jam
1429 5332 1691 5373 reversos
1714 5315 1864 5371 invi-

194 5416 349 5471 tasse
367 5412 650 5470 chartulis
681 5410 879 5465 litteris
912 5408 1357 5478 aureisscriptis,
1380 5409 1445 5460 ut
1482 5403 1640 5459 intra
1686 5404 1863 5461 unius

192 5504 329 5560 anni
359 5508 421 5560 et
450 5498 691 5559 dimidii
723 5497 1047 5553 terminum
1080 5494 1139 5551 in
1192 5494 1471 5550 Graeciam
1512 5491 1753 5562 veniret,
1787 5494 1860 5550 ad

188 5592 577 5649 tractandum
611 5604 683 5644 ea
714 5586 787 5642 de
817 5602 878 5642 re
905 5585 968 5641 in
999 5584 1245 5642 concilio
1275 5582 1429 5657 apud
1451 5581 1857 5639 Constantino-

1981 3364 2158 3419 aliam
2193 3382 2455 3429 causam,
2491 3381 2667 3435 quam
2705 3364 2988 3420 incertam
3046 3383 3174 3421 esse
3232 3366 3644 3439 Ilipamontius

1980 3453 2225 3519 dicit,in
2247 3452 2510 3524 Gregorii
2542 3452 2836 3524 pontiﬁcis
2873 3454 3254 3509 oll'ensionem
3285 3455 3634 3521 incurreret,

1973 3541 2080 3596 'sed
2115 3540 2167 3595 ei
2197 3545 2328 3613 post
2384 3540 2628 3596 modum
2685 3541 2989 3613 poenitenti
3017 3541 3250 3613 culpam
3283 3543 3633 3598 condonavit

1980 3629 2270 3699 Urbanus,
2308 3634 2483 3701 atque
2510 3628 2621 3701 ipsi
2644 3629 2702 3684 in
2730 3629 2945 3699 solum,
2974 3631 3129 3702 quod
3163 3636 3367 3703 sponte
3389 3631 3645 3688 dimise-

1980 3723 2089 3786 rat,
2115 3718 2386 3774 restituto
2410 3735 2477 3775 ac
2501 3720 2866 3787 confirmato,
2901 3718 3145 3792 pallium
3192 3736 3296 3792 per
3324 3718 3630 3776 Heriman-

1981 3825 2125 3863 num
2148 3806 2504 3864 cardinalcm
2537 3807 2698 3864 misit
2731 3824 2865 3864 cum
2906 3807 3172 3880 epistola,
3206 3807 3378 3880 cujus
3439 3807 3632 3865 solum

1980 3901 2249 3969 superest
2270 3896 2663 3969 fragmentum
2684 3897 2740 3951 in
2760 3896 2976 3952 Urbani
2990 3897 3143 3966 Vita,
3169 3897 3326 3969 quod
3344 3898 3636 3953 referetur

1978 3986 2132 4041 inter
2156 3987 2284 4057 ejus
2314 3985 2610 4058 epistolas.
2645 3986 2802 4040 Idem
2834 3986 3014 4041 ferme
3055 3986 3326 4057 praastitit
3367 3985 3641 4042 Urbanus

1977 4090 2117 4146 erga
2137 4074 2450 4130 Henricum
2472 4074 2953 4130 Suessionensem
2984 4074 3348 4147 episcopum,
3366 4075 3466 4146 qui
3499 4091 3634 4131 cum

1978 4163 2353 4235 episcopatus
2373 4162 2653 4219 investitu
2664 4180 2786 4219 ram
2810 4180 2843 4217 a
2863 4162 3132 4235 Philippo
3148 4179 3281 4236 rege
3294 4164 3638 4236 accepisset.

1980 4252 2223 4306 Romam
2257 4251 2497 4307 veniens
2529 4269 2722 4308 coram
2752 4252 3025 4325 pontiﬁce
3057 4257 3263 4325 sponte
3282 4252 3637 4326 dignitatem

1977 4338 2294 4395 abdicavit:
2322 4339 2460 4396 huic
2481 4344 2678 4396 tamen
2727 4341 3000 4397 renitenti
3022 4346 3079 4397 et
3110 4339 3326 4397 nolenti
3360 4340 3637 4414 praecepit

1978 4427 2269 4495 Urbanus,
2296 4433 2361 4484 ut
2382 4429 2579 4485 sedem
2605 4433 2907 4501 repeteret,
2926 4434 3160 4502 accepto
3193 4431 3536 4501 juramento
3575 4446 3639 4486 se

1978 4533 2304 4588 numquam
2326 4517 2420 4584 iis,
2444 4517 2603 4590 quia
2631 4518 2767 4574 sede
2798 4518 3119 4591 apostolica
3142 4518 3633 4575 fuissentexcom-

1980 4606 2283 4675 municati,
2307 4607 2881 4664 communicaturum
2912 4624 3060 4675 esse,
3085 4612 3185 4664 aut
3206 4608 3632 4664 interfuturum

1980 4711 2182 4751 eorum
2215 4696 2775 4765 consecrationibus,
2801 4697 2899 4768 qui
2934 4714 3036 4769 per
3065 4698 3229 4751 nefas
3260 4696 3634 4769 episcopatus

1979 4783 2068 4840 vel
2089 4783 2358 4840 abbatias
2373 4788 2780 4856 occupassent.
2807 4785 2965 4842 Idem
2988 4786 3206 4841 factum
3231 4784 3415 4841 fuisse
3437 4784 3632 4841 Belva-

1979 4872 2139 4929 censi
2171 4872 2445 4945 episcopo
2467 4872 2645 4927 tradit
2680 4872 3000 4929 Pandulfus
3031 4873 3089 4928 in
3120 4872 3253 4928 Vita
3297 4871 3539 4943 Urbani,
3569 4873 3628 4930 id

1980 4960 2131 5033 quod
2166 4961 2340 5016 etiam
2374 4959 2602 5016 Platina
2631 4965 2904 5017 testatur.
2940 4963 3131 5018 Redeo
3163 4962 3235 5019 ad
3282 4962 3631 5020 Anselmum

1979 5047 2494 5105 Mediolanensem.

2047 5138 2192 5193 Huic
2223 5137 2493 5194 Urbanus
2523 5136 2749 5194 litteras
2775 5139 3014 5212 scripsit
3050 5141 3122 5196 de
3156 5141 3634 5198 reconciliatione

1976 5227 2381 5300 lapsorum,ex
2402 5226 2618 5300 quibus
2641 5228 2734 5284 Ivo
2758 5233 2921 5301 parte
2943 5246 3083 5295 1v,c.
3122 5231 3246 5299 407,
3281 5229 3631 5287 decretalem

1974 5316 2285 5390 epistolam
2302 5315 2606 5389 excerpsit,
2638 5334 2765 5390 quae
2788 5317 3010 5390 passim
3036 5319 3214 5387 edita,
3239 5320 3341 5375 sed
3373 5318 3627 5373 multum

1971 5423 2042 5461 ex
2073 5405 2309 5478 vulgato
2365 5405 2642 5463 Anselmo
2701 5406 2945 5463 Lucensi
2980 5411 3175 5479 aucta,
3209 5407 3446 5463 dabitur
3474 5407 3631 5460 inter

1970 5493 2187 5551 Urbani
2245 5493 2490 5560 litteras,
2525 5512 2658 5551 cum
2716 5495 2947 5551 duobus
3000 5494 3132 5550 aliis
3185 5495 3532 5560 canonibus,
3566 5492 3627 5547 in

1968 5582 2210 5640 concilio
2235 5582 2568 5639 Belvacensi
2587 5584 2726 5640 anni
2749 5584 2888 5638 1114
2908 5586 3109 5638 nostro
3128 5580 3387 5655 pontitici
3411 5579 3630 5652 pariter

186 5674 368 5762 polim
391 5676 754 5746 celebrando
771 5691 784 5734 :
801 5675 1005 5752 sicque
1020 5673 1319 5735 communi
1339 5670 1649 5753 utriusque
1664 5671 1875 5752 gentis
1965 5671 2294 5743 attributis,
2315 5687 2566 5746 quorum
2585 5672 2814 5748 primus
2832 5671 2997 5747 clero,
3029 5668 3179 5730 alter
3199 5669 3402 5751 popqu
3428 5664 3628 5724 Medio-
