3958 6224
369 383 451 446 35
1670 375 1744 441 Β.
1789 375 2180 453 ΠΒΒΑΝΙἾῙ
2221 377 2474 442 ΡΑΡιΕ.
3705 377 3796 440 86

374 513 504 571 ritis
550 513 611 570 in
660 529 826 569 sacro
859 517 1054 569 monte
1086 513 1400 568 sanitatem
1426 527 1823 586 recuperasse,
1873 513 2026 570 haud
2054 513 2113 582 Α
2141 512 2412 568 manibus
2443 511 2623 585 hujus
2654 510 2992 566 monasterii
3023 507 3330 567 ecclesiam
3362 514 3789 568 consecrasset.

371 605 572 659 tamen
589 602 980 668 admittimus,
996 601 1146 674 quod
1175 601 1270 657 ille
1287 605 1490 658 auctor
1509 605 1730 670 narrat,
1749 605 2022 678 sanatum

2136 603 2286 658 Tum
2312 602 2554 658 laudant
2571 599 2935 674 privilegium
2953 599 3026 656 ab
3041 599 3244 656 eodem
3261 599 3534 672 pontiﬁce
3554 617 3797 657 conces-

374 691 602 748 Patrem
636 690 895 764 pontiﬁci
927 691 1293 763 apparuisse,
1343 695 1408 745 ut
1451 706 1585 745 eum
1619 691 1688 746 de
1719 691 2026 762 prmsentia
2133 707 2286 756 sum,
2322 691 2476 762 quod
2501 692 2730 759 triginta
2761 689 2968 746 duobus
2986 689 3269 745 catholicis
3289 690 3546 744 Palribus
3569 691 3794 746 innixis

373 780 466 837 sui
496 779 687 853 ipsius
707 778 966 852 corporis
996 779 1150 852 apud
1180 779 1482 845 Casinum,
1507 796 1683 851 quam
1706 785 1876 835 antea
1905 796 2021 835 non

373 868 668 936 credebat,
718 869 933 924 faceret
987 867 1318 923 certiorem.
1367 867 1573 939 Liquet
1601 867 1759 923 enim
1789 885 1860 923 ex
1891 867 2022 924 aliis

371 957 595 1031 passim
616 956 781 1026 locis,
804 957 1041 1012 Petrum
1063 954 1702 1027 ejusmodihistoriolas
1717 956 2021 1012 occasione

371 1044 791 1102 miraculorum
824 1044 1017 1116 reipsa
1045 1061 1080 1100 a
1108 1048 1309 1100 sancto
1333 1043 1643 1100 Benedicto
1657 1048 2018 1116 patratorum

369 1134 590 1208 passim
605 1134 731 1190 suis
753 1133 1187 1189 narrationibus
1203 1131 1622 1200 immiscuisse,
1637 1149 1763 1204 qua:
1786 1149 1919 1189 cum
1936 1151 2018 1190 re-

346 1240 501 1280 -rum
529 1228 827 1296 gestarum
857 1221 1096 1278 veritate
1126 1225 1280 1278 stare
1311 1237 1425 1277 non
1450 1225 1717 1294 possunt.

437 1312 496 1368 Si
513 1313 698 1369 eidem
714 1311 934 1368 auctori
949 1311 1279 1376 credamus,
1305 1309 1579 1367 Urbanus
1593 1311 2015 1369 monasterium

367 1402 682 1459 Casinense
711 1417 917 1456 rursus
939 1399 1137 1457 invisit
1167 1398 1340 1472 paulo
1371 1403 1504 1456 ante
1533 1400 1853 1472 Trojanum
1884 1419 2016 1474 syn-

365 1491 565 1546 odum.
598 1490 712 1559 Quo
743 1493 1003 1560 tempore,
1026 1487 1242 1560 inquit,
1273 1505 1398 1560 cap.
1423 1490 1478 1554 7,
1510 1488 1855 1560 supradictus
1869 1507 2015 1562 papa

339 1579 622 1635 'Urbanus
672 1579 873 1634 iterum
899 1577 970 1632 ad
1021 1576 1120 1632 has
1167 1580 1352 1648 partes
1411 1576 1696 1633 deueniens
1753 1579 2014 1634 Joannem

343 1667 688 1738 _(.‘ajetanum
718 1667 822 1721 loci
853 1666 1036 1738 hujus,
1071 1665 1124 1720 id
1159 1671 1248 1720 est
1272 1666 1485 1734 Casini,
1517 1667 1843 1722 monachum
1886 1667 2014 1722 dia-

363 1771 561 1810 conum
586 1756 648 1810 in
679 1755 1391 1826 Lateranensipatn‘archio
1417 1754 1714 1810 ordinavit.
1737 1758 1808 1810 At
1833 1756 2014 1812 Joan-

363 1844 459 1900 nis
479 1843 785 1916 promotio,
813 1848 876 1898 ut
897 1844 956 1898 in
980 1843 1134 1898 hunc
1158 1842 1352 1900 locum
1378 1843 1645 1899 observat
1663 1843 1921 1916 Angelus
1942 1845 2013 1900 de

338 1933 540 2002 .Nuce,
574 1933 646 1990 ad
678 1932 934 2006 primum
970 1931 1180 1989 Urbani
1211 1949 1512 1989 accessum
1537 1933 1788 1990 revocari
1821 1933 2010 2004 debet,

363 2021 542 2094 idque
573 2020 976 2094 compluribus
1005 2020 1430 2081 etindnbitatis
1450 2020 1869 2094 diplomatibus
1891 2038 2012 2078 cer-

334 2114 490 2171 .tum
512 2114 623 2182 est,
655 2127 784 2182 quae
813 2127 850 2166 a
876 2110 1101 2166 Joanne
1129 2109 1239 2166 hoc
1279 2109 1407 2182 ipso
1440 2127 1592 2166 anno
1630 2112 1763 2166 1088
1794 2110 2010 2167 Urbani

361 2198 738 2272 pontificatus
778 2198 970 2272 primo
1000 2197 1335 2270 subscripta
1366 2197 1587 2270 passim
1619 2199 2008 2272 reperiuntur.

338 2286 526 2358 ,Certe
548 2287 700 2344 hanc
733 2292 932 2342 notam
956 2285 1171 2342 diserte
1200 2285 1418 2342 habent
1439 2287 1653 2343 Urbani
1685 2287 1888 2344 litteris
1907 2306 2009 2360 pro

359 2376 620 2447 primatu
643 2373 930 2431 Toletanis
949 2373 1305 2440 Ecclesiae,in
1323 2374 1620 2448 Hispaniis
1640 2375 2008 2448 privilegium

333 2463 761 2531 ICluniacense,
779 2467 836 2519 et
852 2463 966 2518 alia
987 2462 1203 2535 quibus
1230 2464 1848 2536 subscripsitJoannes
1863 2483 2007 2538 prae-

337 2554 653 2624 .szgnatoris
680 2551 851 2607 titulo
876 2568 1060 2624 usque
1082 2552 1150 2608 ad
1179 2569 1400 2608 annum
1434 2553 1572 2608 1089
1591 2570 1707 2625 quo
1731 2553 2012 2610 cancella-

339 2641 433 2696 -rii
463 2641 810 2714 dignitatem
841 2641 1117 2698 obtinuit.

359 2746 576 2803 XXVII.
611 2748 915 2820 flaminum
942 2749 1337 2820 monasterium
1383 2747 1594 2804 dedicat
1621 2753 1673 2804 et
1714 2750 2008 2820 privilegio

607 2817 776 2874 donat
792 2835 813 2880 ,°
834 2818 974 2890 quod
995 2819 1261 2874 violatum
1287 2818 1463 2875 denuo
1482 2817 1754 2890 ﬁrmatur.

428 2905 634 2963 Adhuc
666 2906 722 2960 in
745 2906 1047 2963 Casinensi
1080 2907 1434 2964 monasterio
1456 2909 1802 2964 versabatur
1831 2909 2007 2964 Urba-

337 3012 496 3065 nus,
529 3012 663 3050 cum
697 3012 731 3050 a
763 2995 1007 3068 Rogerio
1027 2995 1174 3051 duc’e
1203 3001 1262 3051 et
1288 2997 1462 3053 fratre
1493 2998 1622 3068 ejus
1645 2999 2003 3066 Boamundo,

329 3085 596 3140 .Roberti
619 3084 922 3140 Guiscardi
952 3083 1112 3152 ﬁliis,
1135 3084 1312 3142 simul
1341 3089 1398 3142 et
1427 3085 1500 3142 ab
1521 3085 1764 3142 Ursione
1795 3086 2004 3142 abbate

2131 781 2368 848 singulis
2383 780 2761 852 pastoralibus
2791 780 2981 850 virgis,
3021 778 3350 846 astantibus,
3381 783 3665 851 prasente
3696 795 3792 836 eo-

2129 870 2324 924 mitum
2354 877 2404 924 et
2435 869 2702 924 baronum
2723 870 3020 924 innumera
3038 867 3418 936 multitudine,
3440 867 3786 924 roboratum

2130 957 2312 1014 fuisse
2343 960 2652 1014 testantur.
2710 957 2799 1023 Et,
2837 973 2911 1012 ne
2943 956 3083 1028 quid
3115 953 3228 1011 loci
3257 953 3452 1011 tutelas
3483 954 3789 1012 ﬁrmitatis

2130 1045 2380 1111 deesset,
2410 1050 2652 1102 narrant
2671 1045 2888 1118 quibus
2905 1043 3344 1101 conditionibus
3366 1042 3424 1099 id
3454 1061 3488 1100 a
3503 1043 3786 1116 pontiﬁce

2127 1135 2452 1208 praestitum
2485 1135 2679 1190 fuerit.
2713 1135 3098 1190 Monasterium
3127 1135 3326 1206 ipsum,
3359 1131 3659 1206 inquiunt,
3687 1132 3788 1188 do-

2124 1227 2312 1281 minus
2343 1241 2490 1297 papa
2545 1239 2860 1280 consecrare
2913 1224 3134 1280 omnino
3191 1223 3392 1290 renuit,
3445 1223 3787 1296 priusquam

2124 1313 2272 1369 idem
2313 1316 2362 1368 et
2409 1315 2594 1370 omnia
2622 1329 2724 1369 sua
2767 1315 2827 1368 in
2859 1315 3045 1368 nostra
3073 1315 3124 1368 et
3149 1310 3434 1368 haeredum
3461 1314 3786 1368 nostrorum

2123 1403 2352 1474 speciali
2377 1419 2513 1457 cura
2565 1407 2613 1458 et
2665 1401 2978 1473 defensione
3031 1399 3343 1458 omnimodo
3387 1401 3782 1473 reciperemus,

2123 1491 2175 1545 et
2203 1489 2476 1544 convicini
2521 1491 2740 1545 comites
2769 1493 2822 1545 et
2854 1489 3082 1544 barones
3111 1489 3208 1560 qui
3255 1487 3506 1556 aderant,
3557 1493 3782 1560 aposto-

2125 1579 2234 1634 lica
2271 1579 2520 1647 jussione
2567 1579 2896 1646 euangelicis
2923 1578 3282 1632 sacramentis
3318 1577 3554 1643 astricti,
3598 1576 3778 1632 eidem

2099 1671 2451 1723 .monastcrio
2499 1675 2551 1723 et
2595 1668 2752 1722 rebus
2777 1667 3026 1722 omnibus
3054 1668 3169 1722 suis
3205 1682 3398 1738 pacem
3425 1670 3474 1721 et
3503 1665 3777 1739 defensio-

2122 1774 2246 1813 nem
2301 1761 2641 1829 pcrpetuam,
2671 1760 2722 1812 et
2776 1757 3084 1827 generalem
3141 1755 3446 1811 libertatem
3485 1771 3542 1810 se
3571 1756 3782 1828 ubique

2043 1874 2090 1940 B
2119 1848 2388 1902 custodire
2411 1848 2812 1918 promitterent.
2834 1845 2996 1900 Tunc
3027 1849 3333 1901 recensent
3361 1844 3555 1901 varias
3585 1845 3776 1902 dona-

2122 1937 2311 1992 tiones
2333 1952 2366 1990 a
2390 1934 2598 2007 seipsis
2629 1935 2828 2001 factas,
2847 1935 3313 2006 eonﬁrmantque
3329 1937 3386 1990 et
3401 1938 3620 2006 augent
3639 1950 3777 1990 mo-

2121 2025 2358 2080 nasterii
2393 2023 2812 2080 immunitates.
2849 2024 2996 2090 Quia
3027 2039 3159 2079 vero
3192 2021 3480 2096 privilegii
3507 2023 3670 2095 quod
3695 2025 3775 2081 ab

2121 2113 2350 2170 Urbano
2379 2113 2582 2168 datum
2615 2112 2804 2168 fuerat
2831 2111 3263 2185 autographum
3281 2111 3458 2168 simul
3480 2127 3616 2168 cum
3634 2111 3777 2170 aliis

2121 2202 2338 2258 chartis
2370 2201 2687 2275 direptum,
2711 2217 2824 2257 non
2856 2201 3113 2274 amplius
3142 2201 3564 2270 inveniebatur,
3597 2217 3775 2258 cura-

2119 2296 2257 2346 runt
2284 2289 2504 2364 providi
2537 2289 2856 2362 principes,
2883 2294 2948 2346 ut
2976 2289 3136 2346 aliud
3171 2291 3302 2362 ejus
3333 2289 3633 2363 exemplar
3660 2307 3772 2346 au-

2117 2380 2442 2437 thenticum
2461 2379 2908 2447 describeretur,
2927 2379 3082 2452 quod
3105 2379 3279 2452 primi
3296 2378 3488 2436 locum
3506 2383 3773 2436 etaucto-

2117 2470 2348 2527 ritatem
2381 2469 2638 2525 haberet.
2666 2468 2853 2541 Digna
2882 2473 3025 2524 sunt
3075 2485 3277 2524 eorum
3305 2469 3482 2525 verba
3509 2485 3636 2541 quin
3667 2468 3770 2525 hic

2115 2551 2498 2616 inserantur.'
2528 2558 2654 2626 Nos,
2685 2557 2874 2626 aiunt,
2932 2558 3068 2614 tacti
3103 2557 3288 2614 dolore
3332 2559 3682 2628 intrinsecus,
3713 2567 3771 2615 et

2115 2651 2449 2706 extrinsecus
2505 2647 2712 2718 aspersi
2762 2648 2979 2716 rubore,
3039 2648 3299 2718 quoniam
3355 2646 3510 2704 labor
3569 2647 3770 2704 debitae

2114 2741 2320 2795 nostra:
2331 2735 2724 2793 sollicitudinis
2734 2737 3033 2808 pretiosum
3053 2737 3408 2808 apostolicum
3423 2737 3765 2808 instrumen-

2113 2833 2252 2895 tum,
2305 2827 2505 2882 nostris
2558 2825 3054 2897 supplicationibus
3105 2826 3478 2892 constitutum,
3535 2829 3586 2880 et
3630 2826 3766 2882 sub-

2113 2924 2327 2988 reptum
2371 2922 2606 2986 tempore
2653 2922 2837 2970 nosbo
2867 2931 3014 2970 nunc
3059 2932 3228 2986 usque
3260 2917 3497 2987 reperiri
3523 2931 3634 2971 non
3658 2932 3764 2987 po-

2112 3007 2253 3066 tuit;
2281 3003 2578 3059 secundum
2608 3003 2748 3074 quod
2773 3003 3009 3073 ﬁdeliter
3037 3005 3103 3059 ab
3133 3020 3195 3061 eo
3221 3005 3596 3078 exemplatum
3616 3009 3768 3060 inve-

2110 3095 2316 3160 nimus,
2370 3101 2558 3149 nostra
2602 3100 3019 3165 nostrorumque
3073 3096 3336 3168 comitum
3379 3097 3435 3160 et
3491 3095 3766 3151 baronum

335 3173 695 3242 ,monasterii
729 3171 963 3229 Bantini
1011 3189 1190 3245 pri-pe
1235 3173 1648 3230 Acheruntiam
1682 3173 1740 3228 in
1794 3174 2004 3246 Apulia
2046 3249 2072 3254 Α
2106 3183 2236 3254 pari
2260 3182 2522 3238 meinoria
2539 3185 2894 3254 protestante,
2936 3198 3175 3254 praesens
3205 3182 3303 3238 hoc
3340 3183 3529 3238 simile
3557 3183 3762 3254 libera;

358 3262 475 3332 siti,
500 3261 779 3318 invitatus
801 3265 909 3327 est,
942 3263 1014 3318 ad
1047 3263 1312 3334 ejusdem
1335 3261 1446 3318 loci
1477 3263 1785 3319 ecclesiam
1818 3264 1875 3318 in
1907 3263 2006 3319 ho-
2035 3249 2078 3317 C
2106 3249 2313 3327 torium
2341 3249 2605 3342 scriptam
2629 3286 2730 3342 per
2765 3249 2964 3327 manus
2992 3273 3251 3343 magistri
3279 3270 3558 3328 Theodosii
3582 3249 3768 3329 nostri

329 3399 342 3408 .
357 3367 558 3407 norem
589 3350 771 3407 beatae
791 3350 986 3406 Mariae
1009 3351 1488 3408 consecrandam.
1508 3351 1667 3416 Quod
1693 3369 1824 3407 cum
1841 3352 2004 3408 fecis-

355 3445 446 3497 set
474 3440 752 3512 pontifex,
773 3439 1010 3496 iIlorum
1043 3440 1375 3514 principum
1405 3457 1724 3514 eorumque
1743 3442 2003 3498 comitum

339 3539 404 3598 et
432 3530 696 3586 hamum
719 3529 1070 3598 interventu,
1099 3530 1255 3586 idem
1275 3529 1700 3588 monasterium
1727 3530 2002 3586 maximis

327 3618 752 3692 -praarogativis
772 3618 1031 3685 donavit.
1057 3619 1192 3684 Quae
1210 3617 1401 3675 fusius
1422 3618 1479 3674 in
1500 3619 1818 3691 diplomate
1836 3637 1906 3676 ea
1929 3620 2002 3676 de

355 3723 416 3762 re
439 3708 654 3763 donato
683 3705 1068 3778 explicantur.
1102 3705 1252 3762 Illud
1303 3707 1673 3780 privilegium
1714 3709 1866 3764 inter
1890 3708 1999 3764 Ur-

353 3794 490 3851 bani
539 3793 1120 3866 epistolas-primum
1173 3793 1365 3850 locum
1407 3796 1632 3852 obtinet
1660 3796 1717 3851 in
1747 3797 2002 3854 editione

355 3881 738 3940 conciliorum
764 3882 1093 3950 Labbeana,
1129 3882 1230 3938 sed
1261 3883 1372 3939 sub
1391 3883 1500 3940 hoc
1532 3883 1678 3940 falso
1707 3884 1908 3942 titulo:
1929 3887 2003 3942 De

354 3972 580 4030 ecclesia
637 3970 853 4028 Sancta?
904 3970 1098 4028 Maria:
1149 3970 1460 4030 Casinensis
1514 3975 1836 4030 monasterii
1887 3991 1922 4030 a
1949 3992 2000 4032 se

353 4063 665 4116 consecrata
695 4063 747 4114 et
796 4060 1090 4132 privilegio
1145 4062 1383 4118 munita.
1415 4061 1658 4118 Exstant
1699 4063 1854 4135 apud
1887 4061 1999 4136 Ug-

335 4147 599 4215 _hellum,
623 4153 782 4204 temo
802 4148 902 4204 VII
926 4147 1101 4204 Italia:
1133 4166 1331 4220 sacrae,
1366 4150 1462 4206 ubi
1496 4151 1568 4206 de
1588 4151 2000 4208 Acheruntinis

351 4235 808 4310 archiepiscopis
854 4235 1060 4294 litterae
1112 4238 1407 4295 Paschalis
1439 4240 1702 4310 secundi,
1738 4257 1864 4312 quae
1891 4241 2002 4297 hoc

349 4325 548 4398 ipsum
576 4325 791 4382 Urbani
816 4325 1190 4400 privilegium
1219 4328 1588 4384 conﬁrmant.
1607 4328 1756 4392 Quin
1787 4334 2000 4386 etcum

348 4413 571 4487 Apuliae
587 4414 826 4486 quidam
843 4431 1133 4488 proceres,
1151 4415 1394 4490 Rogerio
1413 4416 1617 4490 procul
1631 4417 1808 4474 dubio
1825 4423 2002 4492 atque

349 4502 692 4559 Boamundo
713 4501 826 4560 alio
847 4503 1114 4571 intentis,
1139 4505 1460 4562 monachos
1479 4506 1746 4576 ejusdem
1769 4505 1901 4578 loci,
1919 4507 2003 4563 di-

2108 3361 2316 3416 notarii
2347 3361 2520 3416 scribi
2563 3359 2964 3415 mandavimus.
2995 3364 3049 3415 et
3084 3360 3341 3430 plumbea
3371 3359 3542 3428 bulla,
3572 3367 3762 3418 nostra

2108 3448 2269 3506 solito
2299 3449 2516 3521 typario
2571 3449 2836 3520 impressa
2888 3449 3226 3519 conﬁrmari,
3275 3452 3386 3506 etc.
3417 3448 3554 3514 Quae
3596 3449 3759 3523 apud

2108 3538 2424 3595 Baronium
2456 3537 2746 3594 habentur
2763 3537 2836 3592 ad
2858 3554 3079 3594 annum
3105 3537 3256 3606 1090,
3276 3536 3375 3594 ubi
3397 3536 3763 3594 instrumen-

2109 3630 2234 3682 tum
2249 3626 2406 3682 istud
2423 3627 2624 3680 datum
2636 3624 2871 3681 Canusii
2891 3641 3090 3680 mense
3105 3624 3285 3695 Julio,
3297 3624 3614 3682 indictione
3631 3643 3760 3694 xm,

2109 3713 2400 3785 integrum
2431 3713 2698 3779 habetur,
2721 3730 2858 3769 cum
2880 3713 3108 3786 Rogerii
3133 3713 3456 3771 Boamundi
3479 3713 3763 3772 aliorum-

2110 3819 2223 3876 que
2252 3803 2602 3875 optimatum
2635 3803 3185 3874 subscriptionibus.

2180 3890 2424 3948 XXVIII.
2454 3892 2530 3948 De
2557 3892 2699 3962 falso
2739 3893 3096 3948 instrumento
3123 3891 3478 3949 dedicationis
3505 3894 3685 3951 Cavea.

2180 3981 2262 4036 Ex
2290 3980 2384 4037 his
2414 3984 2610 4037 autem
2642 3979 2810 4036 facile
2861 3979 3212 4053 intelligitur
3240 3984 3525 4053 quantum
3558 3999 3594 4038 a
3622 3999 3765 4040 vero

2109 4069 2462 4127 aberraverit
2490 4069 2772 4142 Ughellus
2801 4072 2959 4126 tomo
2989 4069 3091 4126 VII
3123 4069 3298 4126 Italia)
3329 4087 3531 4139 εαενω,
3562 4071 3666 4126 ubi
3699 4071 3765 4128 in

2109 4157 2374 4232 catalogo
2406 4157 2737 4214 antitistum
2767 4157 3297 4214 Acheruntinorum
3329 4159 3480 4215 hanc
3523 4159 3764 4217 Bantini

2109 4247 2445 4304 monasterii
2480 4246 2905 4303 dedicationem
2935 4247 3008 4303 ad
3040 4264 3260 4303 annum
3294 4248 3434 4304 1093
3464 4265 3532 4305 ex
3555 4249 3762 4318 veteri,

2110 4341 2177 4392 ut
2226 4340 2416 4409 putat,
2473 4339 2854 4393 monumento
2912 4353 3180 4398 revocare
3228 4341 3492 4394 conatur.
3524 4337 3762 4396 Etenim

2110 4425 2382 4498 quamvis
2409 4424 2658 4482 inﬁciari
2685 4424 2943 4480 nolimus
2965 4425 3265 4482 Urbanum
3297 4443 3450 4482 anno
3476 4426 3632 4494 1093,
3656 4431 3765 4484 aut

2108 4515 2284 4571 etiam
2316 4514 2448 4570 aliis
2467 4515 2852 4587 temporibus,
2877 4518 2942 4570 ut
2965 4515 3157 4570 innuit
3173 4513 3378 4572 Petrus
3400 4514 3683 4572 diaconus
3699 4515 3762 4572 in

349 4590 534 4665 reptis
563 4590 736 4649 etiam
765 4593 1110 4680 monasterii
1151 4594 1322 4650 bonis
1351 4598 1410 4650 et
1435 4594 1679 4663 chartis,
1707 4601 2000 4666 vexarent,
2031 4620 2078 4686 ι)
2109 4603 2546 4660 continuatione
2558 4603 3764 4674 ChroniciCasincnsis,Casinuminvisere

351 4681 618 4738 Urbanus
659 4698 728 4737 ea
769 4681 840 4739 de
893 4699 954 4738 re
1003 4684 1074 4738 ad
1134 4683 1448 4756 Rogerium
1497 4688 1556 4739 et
1585 4684 1714 4756 ejus
1759 4685 1997 4742 fratrem
2032 4681 2069 4686 —
2107 4692 2390 4766 potuisse,
2425 4692 2544 4748 imo
2575 4697 2634 4748 et
2663 4709 2800 4749 eum
2829 4693 2889 4748 in
2937 4691 3208 4766 Apuliam
3239 4708 3374 4749 cum
3417 4693 3764 4750 memoratis

346 4770 605 4844 scripsit,
636 4774 700 4826 ut
727 4787 836 4827 sua
866 4770 1212 4828 auctoritate
1243 4773 1582 4830 temerarios
1615 4773 1746 4831 illos
1767 4791 1999 4848 compe-

346 4864 594 4927 scerent,
612 4859 872 4917 minatus
896 4861 1144 4933 insuper
1163 4877 1224 4918 se
1237 4861 1550 4936 sacrilegos
1569 4864 1712 4920 adeo
1733 4863 2002 4922 homines

347 4946 707 5004 anathemati
730 4950 1158 5021 subjecturum,
1185 4951 1294 5006 nisi
1318 4951 1473 5007 brevi
1501 4951 1926 5025 resipiscerent.

418 5036 584 5108 Papa:
601 5037 842 5093 monitis
863 5038 1340 5096 obsecundarunt
1354 5040 1434 5111 pii
1454 5041 1770 5114 principes,
1795 5059 2002 5098 monac

347 5125 712 5196 steriumque
734 5141 878 5181 novo
892 5127 1188 5200 privilegio
1208 5129 1568 5198 munierunt,
1583 5131 1737 5203 quod
1759 5131 1832 5186 ab
1853 5131 2002 5203 ipsis

347 5213 596 5286 aliisque
606 5213 922 5270 comitibus
935 5219 994 5270 et
1006 5215 1304 5273 nobilibus
1318 5217 1459 5274 viris
1471 5217 1873 5291 subscriptum
1886 5223 1995 5286 est,

348 5319 421 5358 ne
451 5301 786 5357 chartarum
808 5307 866 5357 et
885 5301 1273 5375 diplomatum
1293 5323 1420 5379 quae
1435 5307 1727 5380 perierant
1739 5308 1996 5378 jactura,

344 5390 766 5447 detrimentum
796 5389 1031 5463 aliquod
1066 5391 1231 5450 locus
1264 5394 1359 5451 ille
1399 5411 1564 5450 sacer
1596 5398 1908 5466 pateretur.
1932 5397 1996 5452 In

345 5496 493 5536 novo
515 5482 710 5535 autem
735 5478 838 5538 illo
863 5480 1257 5540 instrumento
1278 5483 1563 5558 Rogerius
1590 5499 1656 5538 ac
1675 5483 1804 5555 ejus
1821 5483 2000 5541 frater

343 5567 727 5627 Boamundus
759 5569 916 5628 inter
945 5575 1152 5627 cetera
1182 5571 1420 5629 sibimet
1439 5571 1586 5645 ipsis
1603 5570 1995 5644 gratulantur,

340 5658 503 5740 quod
532 5672 736 5720 eorum
767 5675 945 5749 opera
973 5674 1248 5722 summus
1277 5659 1405 5740 ipse
1445 5658 1709 5741 pontifex
1743 5661 1999 5741 propriis

2110 4782 2476 4855 principibus
2497 4781 2675 4838 variis
2687 4781 3053 4853 temporibus
3073 4797 3187 4838 non
3201 4781 3382 4838 semel
3395 4781 3762 4854 convenisse,

2111 4871 2160 4927 si
2191 4875 2388 4927 tamen
2413 4875 2570 4927 certa
2598 4873 2738 4927 sunt
2769 4875 3151 4927 monumenta
3181 4887 3306 4943 quas
3328 4887 3572 4928 numero
3591 4887 3766 4945 supe-

2110 4959 2248 5016 riori
2280 4958 2676 5027 laudavimus,
2698 4962 2756 5015 et
2784 4975 2925 5016 sane
2954 4958 3059 5015 illa
3077 4975 3208 5016 esse
3232 4963 3390 5016 certa
3403 4959 3562 5016 haud
3593 4961 3766 5017 dubi-

2110 5048 2222 5103 tari
2281 5050 2492 5120 potest,
2541 5046 2634 5102 vix
2691 5046 2846 5105 ultra
2891 5065 3115 5104 annum
3148 5049 3288 5105 1088
3317 5047 3537 5105 diiferri
3569 5053 3764 5122 potest

2110 5135 2291 5208 hujus
2313 5135 2696 5192 dedicationis
2715 5135 3043 5194 celebritas.
3064 5136 3292 5194 Etenim
3305 5153 3458 5192 anno
3483 5137 3621 5193 l090
3641 5154 3761 5210 quo

2107 5224 2310 5280 datum
2339 5228 2428 5280 est
2459 5225 2784 5281 secundum
2816 5225 2961 5282 illud
2985 5225 3214 5298 Rogerii
3245 5229 3303 5282 et
3321 5225 3646 5281 Boamundi
3669 5226 3762 5282 in-

2107 5315 2525 5380 strumentum,
2539 5313 2666 5383 jam
2685 5330 2719 5370 a
2737 5313 3027 5370 celebrata
3043 5313 3409 5369 dedicatione
3425 5312 3686 5386 aliquod,
3704 5317 3764 5370 et

2107 5400 2346 5472 quidem
2361 5399 2506 5457 satis
2518 5398 2761 5473 longum
2774 5401 3056 5474 temporis
3073 5401 3443 5458 intervallum
3460 5401 3762 5460 effluxisse

2106 5488 2404 5557 debuerat,
2425 5493 2491 5544 ut
2507 5505 2619 5544 non
2642 5489 2835 5545 solum
2857 5487 3081 5562 Apulia:
3105 5489 3764 5562 proceresimmemores

2105 5593 2350 5633 suorum
2382 5575 2832 5650 promissorum,
2863 5577 3099 5634 Bantini
3125 5577 3468 5638 monasterii
3520 5579 3678 5636 bona
3705 5585 3764 5638 et

2105 5664 2341 5730 chartas
2370 5664 2757 5741 diripuerint;
2785 5665 2887 5728 sed
2916 5665 3093 5729 etiam
3121 5671 3190 5728 ut
3217 5671 3454 5746 tempus
3481 5666 3760 5734 habuerit
