3958 6224
162 340 240 419 ’3Ἲ
1786 358 1843 425 ν

172 486 745 555 Urbanus,instante
765 486 1021 547 Ursione
1058 490 1286 560 abbate,
1299 490 1427 563 jam
1463 492 1651 548 dictos
1684 492 1840 566 prin-
1870 496 1926 564 Α
1956 510 2245 550 consensu
2291 511 2402 567 pax
2458 492 2631 549 ﬁrma
2688 494 2749 549 in
2799 493 3055 550 Ecclesia
3110 495 3452 551 sanciretur.
3486 497 3604 552 Hoc

167 577 312 651 cipes
328 578 797 645 commonendi,
817 582 889 633 ut
909 582 1135 635 tantum
1159 580 1500 637 scandalum
1521 598 1627 637 sua
1644 586 1843 639 aucto-

146 667 332 723 'ritate
352 665 855 738 comprimerent.
871 668 1035 734 Quod
1059 685 1118 725 re
1146 669 1274 743 ipsa
1312 685 1513 727 mense
1548 671 1726 738 Julio,
1754 670 1840 727 uti

182 757 283 812 fert
304 772 507 812 eorum
529 755 835 828 diploma,
861 756 1080 815 coactis
1106 757 1290 814 totius
1334 759 1641 832 provincia
1702 759 1842 816 viris

181 844 467 902 nobilibus
500 861 661 901 anno
695 846 834 918 ipso
867 845 1009 902 1090
1029 847 1156 919 jam
1188 847 1465 904 fecerant.

242 936 374 991 Jam
402 951 564 1002 vero,
588 934 641 990 si
692 935 900 1003 libeat,
939 936 1132 992 dicere
1180 936 1320 1010 quid
1361 937 1432 993 de
1461 937 1571 993 hoc
1616 936 1841 1010 Ugbelli

182 1028 562 1081 monumento
583 1024 943 1080 sentiamus.
961 1024 1112 1081 Illud
1135 1026 1205 1081 ad
1227 1025 1543 1082 Bantinum
1558 1030 1844 1082 monaste-

184 1114 329 1169 rium
355 1112 506 1169 nihil
532 1115 858 1188 pertinere,
891 1115 992 1170 scd
1026 1118 1128 1169 aut
1175 1114 1246 1170 ab
1304 1113 1504 1187 aliquo
1552 1114 1844 1170 nebulone

182 1202 492 1258 eonﬁctum
518 1202 728 1267 fuisse,
746 1207 851 1259 aut
865 1207 1020 1259 certe
1042 1204 1112 1259 ad
1149 1204 1571 1260 monasterium
1592 1205 1846 1260 Cavense

183 1291 381 1348 referri
414 1292 657 1360 debere,
684 1291 858 1348 nobis
889 1292 1139 1349 videtur.
1172 1293 1243 1349 Et
1288 1292 1526 1364 quidem
1576 1297 1845 1348 monaste-

184 1384 329 1436 rium
353 1388 563 1436 sancta
592 1380 789 1437 Mariae
818 1382 886 1436 de
927 1382 1129 1449 Pauso,
1162 1381 1463 1453 uulgariter
1509 1383 1849 1437 Doventuum

187 1477 524 1542 nuncupata,
556 1470 715 1541 quod
738 1470 798 1525 in
822 1486 890 1525 ea
911 1467 1113 1525 charta
1146 1475 1525 1534 memoratur,
1544 1486 1716 1526 nemo
1743 1486 1846 1524 no-

184 1559 292 1626 vit;
310 1575 421 1615 nec
444 1559 562 1615 nisi
584 1558 907 1615 divinando
931 1557 1230 1632 Ughellus,
1255 1576 1322 1615 ac
1345 1564 1475 1631 post
1509 1576 1641 1615 eum
1679 1558 1846 1614 Lubi-

190 1665 297 1704 nus
316 1648 377 1703 in
400 1646 627 1704 Notitia
657 1646 1025 1703 abbatiarum
1060 1648 1258 1716 Italia,
1284 1653 1340 1703 et
1372 1648 1516 1703 forte
1547 1646 1642 1702 alii
1706 1665 1845 1701 non-

192 1736 335 1794 nulli
369 1737 729 1794 recentiores
750 1735 895 1791 illud
925 1753 1057 1792 esse
1087 1737 1509 1793 monasterium
1534 1736 1848 1793 Bantinum

193 1828 591 1898 conjecerunt.
606 1825 666 1879 Si
686 1842 821 1882 vero
845 1825 953 1881 hoc
966 1826 1849 1899 qualecunqueinstrumentum

198 1914 374 1972 simul
394 1930 537 1971 cum
558 1913 833 1970 Cavensis
848 1914 1185 1970 monasterii
1208 1914 1528 1987 privilegiis
1549 1918 1603 1970 et
1627 1914 1854 1970 dedica-

172 2004 371 2059 tionis
400 2005 536 2076 ejus
566 2002 815 2059 historia
863 2004 1214 2071 conferatur,
1248 2003 1420 2062 exiis
1479 2002 1648 2075 plane
1706 2002 1848 2058 illud

201 2093 671 2150 consarcinatum
701 2093 902 2162 fuisse,
926 2092 1174 2165 quisque
1206 2091 1371 2148 facile
1403 2093 1697 2147 advertere
1750 2110 1850 2165 po-

202 2183 363 2239 terit:
390 2182 552 2255 quod
596 2182 806 2254 probat
845 2180 1233 2237 sanctissima
1271 2180 1577 2237 Trinitatis
1610 2182 1847 2250 mentio,

195 2271 575 2345 indulgentia
628 2270 944 2343 utrobique
998 2271 1238 2339 eadem,
1270 2270 1558 2326 dedicatio
1609 2274 1853 2342 utraque

193 2377 389 2416 mense
426 2359 766 2432 Septembri
795 2359 1195 2425 facta,eadem
1236 2358 1439 2431 gratia
1464 2358 1694 2430 utrique
1725 2357 1851 2414 loco

190 2467 253 2505 ac
279 2450 540 2507 ecclesia
590 2448 1072 2521 Compostellana
1122 2447 1385 2514 indulta,
1409 2446 1569 2503 bulla
1601 2448 1658 2502 in
1694 2448 1847 2503 favo-

187 2555 306 2594 rem
336 2556 501 2595 nova
542 2537 935 2593 dedicationis
988 2537 1301 2609 utrobique
1359 2534 1585 2592 Salerni
1647 2552 1849 2591 mense

187 2628 423 2684 Octobri
450 2628 611 2694 data,
635 2632 693 2683 et
723 2627 839 2682 alia
872 2643 996 2698 qua
1027 2626 1142 2681 huc
1173 2625 1465 2698 appellare
1498 2643 1611 2681 non
1658 2628 1845 2680 vacat.

189 2722 264 2773 De
292 2716 545 2775 Cavensi
577 2716 942 2772 dedicatione
972 2715 1124 2771 infra
1154 2715 1223 2771 ad
1277 2730 1497 2769 annum
1540 2714 1679 2769 1002
1713 2730 1846 2785 age-

188 2823 340 2862 mus.

532 2894 729 2950 XXIX.
767 2895 983 2952 Urbani
1009 2895 1116 2949 iter
1152 2895 1208 2947 in
1243 2893 1513 2948 Siciliam.

259 2984 563 3041 Urbanum
594 2984 803 3039 eodem
836 2999 987 3038 anno
1017 2982 1077 3037 in
1110 2981 1367 3037 Siciliam
1423 2978 1846 3047 transmisisse,

193 3090 304 3130 non
338 3074 512 3128 modo
533 3072 892 3129 recentiores
923 3076 1209 3137 auctores,
1233 3071 1331 3125 sed
1368 3071 1494 3142 ipso
1539 3069 1712 3124 etiam
1770 3073 1849 3122 te-

193 3166 379 3219 statur
391 3162 726 3218 Gaufredus
740 3157 1843 3228 Malaterra,monachusBenedictinus,

1956 584 2216 655 quidem,
2251 588 2311 639 ut
2344 583 2519 639 refert
2578 583 2735 639 idem
2790 589 3014 650 auctor,
3038 584 3318 657 Rogerius
3372 584 3604 641 Urbano

1951 670 2458 739 consulebat;sed
2511 673 2731 729 veritus
2789 673 3047 745 pontifex
3109 690 3201 740 ne,
3232 688 3294 729 se
3341 674 3600 743 absente,

1951 759 2303 826 Guibertini,
2323 760 2423 833 qui
2453 762 2649 817 Roma
2669 764 2934 834 petentes
2967 766 3153 826 erant,
3186 761 3423 818 omnino
3454 780 3603 835 pra-

1951 849 2210 904 valerent
2230 848 2373 904 illud
2411 850 2520 905 iter
2568 849 2802 921 aggredi
2854 866 3035 906 ausus
3088 867 3201 906 non
3233 854 3321 907 est
3354 868 3367 907 :
3399 854 3457 906 et
3477 867 3603 908 eos-

1952 938 2085 993 dem
2108 941 2210 993 aut
2231 942 2383 993 certe
2415 938 2560 994 alios
2582 936 2806 1010 legatos
2829 938 2918 994 sui
2953 939 3077 994 loco
3103 938 3375 996 Urbanus
3398 940 3470 995 ad
3502 940 3606 995 im-

1952 1030 2276 1099 peratorem
2312 1026 2521 1081 iterato
2572 1026 2756 1088 misit.
2780 1026 2879 1098 qui
2912 1043 3115 1100 pacem
3151 1045 3303 1084 anno
3335 1029 3604 1101 sequenti

1953 1120 2272 1187 utcumque
2293 1132 2427 1171 cum
2452 1114 2551 1170 illo
2574 1123 3048 1187 composuerunt.
3071 1118 3234 1173 Certe
3262 1118 3606 1190 urgentissi-

1955 1221 2117 1259 mum
2131 1209 2189 1259 et
2203 1205 2441 1276 quidem
2462 1204 2843 1275 improvisum
2861 1204 3093 1276 aliquod
3112 1206 3309 1279 magni
3324 1205 3605 1262 momenti

1955 1294 2254 1365 negotium
2286 1293 2421 1348 huic
2457 1293 2513 1348 in
2547 1292 2803 1349 Siciliam
2839 1293 3029 1349 itineri
3062 1294 3426 1351 occasionem
3456 1313 3607 1368 pra-

1957 1381 2158 1438 buisse
2189 1382 2325 1438 inde
2348 1381 2700 1455 colligimus,
2725 1383 2879 1454 quod
2916 1383 3194 1455 pontifex,
3220 1383 3318 1455 qui
3348 1388 3480 1440 ante
3510 1384 3610 1441 ali-

1962 1476 2108 1543 quot
2140 1472 2264 1528 dies
2319 1470 2511 1527 Casini
2541 1472 2905 1539 versabatur,
2946 1472 3062 1527 imo
3092 1475 3149 1527 et
3178 1471 3237 1527 in
3273 1470 3487 1545 Apulia
3532 1475 3606 1531 ad

1958 1561 2266 1615 Bantinam
2300 1560 2606 1615 ecclesiam
2642 1561 3027 1615 dedicandam
3063 1576 3197 1615 cum
3258 1560 3503 1634 Rogerio
3551 1566 3609 1617 et

1962 1649 2302 1704 Boamundo
2327 1648 2559 1704 comitis
2586 1649 2813 1721 Rogcrii
2839 1665 2905 1702 ex
2936 1651 3114 1704 fratre
3127 1649 3437 1721 nepotibus
3460 1648 3605 1705 nihil

1960 1737 2119 1793 aliud
2180 1737 2445 1810 cogitans
2505 1743 2848 1801 accesserat,
2883 1737 3259 1795 Terracinam
3316 1755 3604 1807 reversus,

1962 1833 2199 1898 repente
2222 1827 2487 1883 dimissis
2517 1829 2793 1882 omnibus
2820 1828 2873 1881 in
2906 1827 3165 1883 Siciliam
3199 1829 3355 1898 longo
3388 1830 3605 1897 itinere,

1964 1916 2046 1971 uti
2070 1916 2397 1972 Gaufredus
2420 1916 2612 1986 habet,
2635 1919 2899 1987 fatigatus
2923 1916 3338 1986 transmiserit,
3374 1921 3440 1973 ut
3470 1934 3605 1974 cum

1963 2005 2206 2076 Rogerio
2230 2004 2792 2076 colloqueretur,qui
2823 2005 2930 2061 hoc
2952 2022 3102 2060 anno
3126 2006 3332 2079 captis,
3358 2008 3611 2064 utrefert

1961 2093 2156 2166 Lupus
2182 2094 2543 2165 Protospata,
2566 2094 2894 2165 Syracusis,
2920 2095 3257 2163 Bruceram,
3283 2099 3348 2151 ut
3366 2099 3423 2151 et
3452 2096 3609 2151 Gau-

1962 2182 2123 2236 fredo
2140 2182 2419 2249 diximus,
2446 2186 2504 2237 tu
2515 2200 2604 2249 nc,
2627 2200 2812 2238 mense
2833 2182 3053 2239 scilicet
3068 2184 3266 2255 Aprili,
3282 2185 3605 2241 obsidebat.

1958 2271 2137 2325 Aiunt
2190 2270 2408 2343 vulgati
2467 2272 2620 2343 apud
2683 2271 2980 2327 Bocchum
3042 2272 3280 2345 Pyrrum
3326 2274 3385 2328 in
3414 2273 3611 2329 Sicilia

1958 2376 2125 2415 sacra
2154 2366 2421 2415 auctores
2453 2358 2753 2415 Urbanum
2794 2377 2863 2415 ea
2921 2360 3223 2415 occasione
3282 2361 3340 2416 in
3395 2360 3609 2417 sacello

1959 2450 2109 2521 quod
2119 2466 2210 2504 am
2236 2450 2615 2504 subterraneo
2629 2448 2833 2503 cathed
2843 2448 2980 2504 ralis
2993 2448 3249 2503 ecclesia
3270 2449 3610 2506 Troinensis

1959 2538 2201 2593 missam
2234 2535 2581 2605 celebrasse,
2610 2540 2786 2609 atque
2817 2536 2875 2592 in
2931 2537 3058 2607 ejus
3119 2537 3200 2593 rei
3262 2538 3609 2594 memoriam

1957 2626 2291 2698 appositam
2318 2625 2501 2682 fuisse
2523 2625 2988 2698 inscriptionem,
3014 2641 3130 2697 qua
3156 2626 3401 2681 vetitum
3428 2631 3520 2682 est
3540 2642 3613 2683 ne

1958 2713 2234 2787 deinceps
2268 2713 2323 2767 in
2357 2713 2550 2769 locum
2599 2712 2769 2768 illum
2804 2711 3081 2769 mulieres
3140 2712 3608 2785 ingrederentur.

1957 2821 2115 2876 XXX.
2177 2821 2441 2876 Anselmo
2498 2820 2904 2893 archiepiscopo
2978 2821 3375 2877 Mediolanensi
3435 2821 3611 2876 mittit

2557 2892 2818 2963 pallium,
2838 2892 2960 2947 etc.

2029 2981 2373 3052 ReSpirabat
2402 2986 2542 3036 tunc
2574 2979 3029 3036 Mediolanensis
3056 2979 3315 3037 Ecclesia
3344 2980 3457 3036 sub
3487 2985 3609 3036 An-

1958 3068 2123 3124 selmi
2152 3068 2417 3124 catholici
2437 3069 2540 3123 viri
2566 3070 2928 3141 pontiﬁcatu,
2956 3069 3053 3142 qui
3088 3074 3222 3125 ante
3253 3068 3477 3142 aliquot
3507 3087 3611 3126 an-

1960 3157 2341 3213 nosinlocum
2362 3156 2601 3213 Tedaldi
2625 3158 2984 3214 schismatiei
3011 3160 3314 3228 suffectus,
3330 3158 3609 3214 baculum

191 3249 647 3307 auctorillorum
672 3256 1004 3321 temporum
1027 3252 1357 3316 accuratus,
1383 3247 1593 3319 quires
1617 3245 1843 3319 Rogerii
1874 3230 1917 3296 C
1956 3262 1989 3299 a
2016 3262 2148 3317 rege
2179 3250 2540 3317 susceperat,
2567 3248 2640 3300 ob
2674 3247 2729 3300 id
2764 3263 2855 3312 ne,
2883 3251 2983 3301 aut
3015 3251 3168 3302 certe
3220 3246 3292 3301 ob
3346 3245 3608 3318 aliquam

187 3340 420 3396 'comitis
465 3344 686 3412 gestas,
736 3337 865 3409 ipso
932 3337 1300 3407 adhortante,
1354 3338 1608 3408 quatuor
1674 3334 1841 3390 libris

189 3428 556 3501 conscripsit.
592 3428 648 3483 Is
681 3429 881 3481 narrat
911 3424 1059 3481 libro
1090 3441 1165 3492 1v,
1219 3441 1346 3497 cap.
1388 3425 1467 3489 l3,
1527 3424 1841 3495 Rogerium

186 3515 393 3572 Sicilia
442 3515 749 3587 comitem,
774 3514 1009 3569 fratrem
1045 3514 1281 3568 Roberti
1307 3512 1637 3578 Guiscardi,
1669 3512 1840 3568 adeo-

186 3623 293 3678 que
316 3605 563 3662 alterius
584 3603 821 3677 Rogerii
846 3602 1012 3659 ducis
1041 3601 1260 3674 Apulia
1291 3606 1347 3657 et
1376 3600 1700 3657 Boamundi
1738 3618 1841 3673 pa-

187 3699 407 3764 truum,
433 3710 580 3750 anno
615 3694 759 3748 1088
790 3693 1081 3747 inchoante
1109 3692 1294 3763 Aprili
1319 3695 1598 3746 Buceram
1637 3689 1841 3745 Sicilia

188 3785 389 3840 urbem
419 3782 747 3849 obsedisse,
773 3780 973 3853 ibique
996 3780 1325 3852 suscepisse
1356 3778 1574 3835 Urbani
1618 3777 1839 3851 legatos

187 3890 309 3928 eum
336 3874 540 3929 litteris
568 3871 856 3943 sigillatis,
871 3870 1084 3943 quibus
1098 3869 1384 3923 invitabat
1404 3884 1539 3924 eum
1558 3868 1837 3940 pontifex,

188 3962 563 4029 ut'I‘roinam,
588 3977 706 4032 quo
727 3959 854 4032 ipse
886 3958 1254 4032 preperabat,
1285 3974 1462 4030 quam
1498 3961 1698 4029 posset
1744 3973 1837 4013 ce-

188 4049 419 4107 lerrime
439 4049 764 4113 accederet,
788 4063 987 4102 secum
1037 4046 1110 4101 de
1153 4045 1329 4100 rebus
1360 4044 1634 4118 gravibus
1664 4042 1853 4099 collo--

189 4138 391 4210 quium
408 4138 747 4194 habiturus.
762 4137 844 4191 Ad
855 4135 980 4201 fuit,
1000 4134 1266 4191 condicto
1288 4132 1696 4200 die,comes,ut
1712 4150 1841 4205 pro-

186 4226 569 4300 scquiturille
599 4230 828 4290 auctor,
860 4229 918 4280 et
964 4223 1128 4279 ﬁnito
1177 4220 1467 4294 colloquio
1502 4221 1835 4293 pontiﬁcem

181 4318 371 4372 multis
394 4317 645 4372 domriis
675 4314 1005 4369 honoratum
1032 4314 1265 4368 dimisit.
1292 4311 1439 4375 Quid
1456 4327 1589 4364 vero
1620 4310 1837 4382 negotii

182 4403 333 4461 inter
360 4422 461 4462 eos
492 4408 788 4478 ageretur,
810 4402 1138 4458 Gaufredus
1184 4400 1397 4456 diserte
1438 4415 1552 4454 non
1612 4398 1832 4467 retulit,

182 4495 287 4550 nisi
307 4494 457 4551 forte
478 4492 537 4550 id
558 4491 738 4550 fuerit
763 4492 917 4563 quod
944 4488 1252 4561 subjungit
1272 4487 1838 4559 deConstantinopo-

182 4582 357 4640 litano
377 4583 767 4656 imperatore,
787 4579 981 4635 Alexio
1005 4579 1324 4643 Comneno,
1350 4592 1523 4649 quem
1569 4575 1836 4633 Urbanus
1872 4597 1916 4663 Ι)

184 4673 379 4729 missis
407 4675 540 4727 ante
554 4687 766 4745 paucos
795 4668 931 4736 dies,
967 4669 1025 4723 id
1049 4672 1139 4723 est
1188 4665 1385 4721 statim
1419 4669 1551 4737 post
1580 4681 1748 4719 suam
1782 4666 1840 4720 in

183 4762 583 4834 pontiﬁcatum
643 4757 1009 4823 electionem,
1065 4755 1281 4829 legatis
1329 4753 1565 4810 Nicolao
1634 4753 1842 4810 abbate

181 4850 391 4925 Crypta
416 4852 675 4916 ferrata,
698 4852 757 4904 et
786 4846 1029 4919 Rogerio
1052 4846 1319 4911 diacono,
1342 4847 1578 4916 paterna
1597 4845 1842 4915 increpa-

181 4942 319 4996 tione
344 4939 784 5002 commo‘nuerat,
809 4934 962 5007 quod
987 4936 1045 4990 in
1071 4931 1390 5007 provinciis
1421 4930 1533 4987 sibi
1558 4931 1840 5002 subjectis

183 5028 406 5085 Latinos
428 5027 793 5092 sacerdotes,
813 5023 1055 5095 abjectis
1078 5020 1317 5095 azymis,
1341 5018 1401 5075 in
1424 5037 1571 5094 rane
1589 5020 1836 5074 fermen-

182 5120 291 5173 tato
308 5118 651 5175 sacriﬁcare
682 5116 932 5185 cogeret.
954 5112 1132 5168 Addit
1158 5111 1312 5167 idem
1347 5114 1549 5166 auctor
1576 5107 1835 5180 impera-

182 5208 375 5274 torem,
408 5205 701 5276 suscepta
728 5199 1029 5256 humiliter
1057 5198 1362 5273 pontiﬁcis
1418 5195 1835 5268 increpatione,

179 5310 300 5351 eum
324 5312 432 5369 per
453 5291 704 5352 eosdem
729 5291 926 5362 legatos
942 5305 1012 5345 ex
1032 5289 1239 5345 itinere
1252 5287 1378 5359 jam
1402 5301 1663 5343 reversos
1684 5284 1835 5340 invi-

176 5386 317 5440 tasse
335 5381 623 5440 chartulis
656 5378 854 5434 litteris
885 5378 1330 5449 aureisscriptis,
1353 5378 1418 5429 ut
1455 5372 1611 5429 intra
1658 5373 1834 5430 unius

173 5474 297 5530 anni
327 5479 387 5531 et
418 5467 667 5528 dimidii
698 5467 1016 5523 terminum
1049 5467 1109 5523 in
1162 5463 1443 5521 Graeciam
1484 5460 1724 5531 veniret,
1757 5463 1831 5519 ad

168 5562 551 5619 tractandum
585 5573 660 5613 ea
690 5555 765 5610 de
793 5572 853 5611 re
879 5555 939 5612 in
968 5555 1217 5613 concilio
1247 5551 1401 5627 apud
1423 5550 1828 5608 Constantino-

1949 3333 2127 3388 aliam
2162 3350 2425 3397 causam,
2460 3350 2637 3405 quam
2676 3334 2956 3389 incertam
3015 3351 3142 3390 esse
3199 3334 3612 3407 Ripamontius

1949 3422 2193 3489 dicit,in
2216 3422 2478 3493 Gregorii
2513 3422 2804 3493 pontiﬁcis
2841 3422 3222 3477 offensionem
3253 3422 3602 3490 incurreret,

1942 3510 2049 3565 'sed
2084 3509 2136 3564 ei
2166 3513 2297 3582 post
2352 3510 2597 3565 modum
2654 3509 2957 3581 panitcnti
2986 3510 3218 3582 culpam
3251 3511 3602 3567 condonavit

1949 3597 2240 3668 Urbanus,
2277 3603 2453 3670 atque
2479 3597 2590 3670 ipsi
2612 3598 2671 3654 in
2700 3597 2914 3667 solum,
2943 3599 3098 3671 quod
3130 3604 3336 3672 sponte
3357 3599 3613 3657 dimise-

1950 3692 2059 3755 rat,
2084 3687 2355 3743 restituto
2380 3704 2446 3744 ac
2470 3688 2835 3755 conﬁrmato,
2870 3687 3114 3761 pallium
3160 3704 3264 3760 per
3293 3687 3599 3746 Heriman-

1950 3794 2094 3832 num
2117 3775 2473 3833 cardinalem
2506 3776 2668 3832 misit
2700 3793 2834 3833 cum
2875 3776 3141 3849 epistola,
3175 3776 3347 3849 cujus
3407 3776 3600 3834 solum

1949 3871 2219 3938 superest
2240 3866 2631 3938 fragmentum
2652 3866 2709 3920 in
2731 3865 3111 3934 UrbaniVita,
3138 3866 3294 3938 quod
3312 3866 3605 3923 referetur

1947 3954 2101 4010 inter
2125 3956 2253 4026 ejus
2283 3954 2579 4027 epistolas.
2616 3955 2771 4009 Idem
2803 3954 2983 4010 ferme
3023 3955 3294 4026 praestitit
3336 3954 3609 4011 Urbanus

1947 4060 2087 4115 erga
2107 4043 2419 4099 Henricum
2441 4043 2921 4099 Suessionensem
2953 4043 3316 4116 episcopum,
3335 4044 3435 4116 qui
3468 4060 3603 4100 cum

1947 4132 2322 4205 episcopatus
2344 4131 2622 4188 investitu
2633 4149 2754 4188 ram
2780 4149 2812 4187 a
2833 4131 3101 4204 Philippo
3117 4149 3250 4207 rege
3262 4133 3608 4207 accepisset.

1948 4221 2193 4276 Romam
2226 4220 2466 4276 veniens
2498 4237 2691 4277 coram
2722 4222 2994 4294 pontiﬁce
3025 4226 3233 4294 sponte
3251 4222 3606 4297 dignitatem

1947 4308 2263 4365 abdicavit:
2292 4308 2429 4365 huic
2450 4314 2646 4365 tamen
2695 4310 2969 4366 renitenti
2991 4316 3048 4366 et
3078 4309 3295 4366 nolenti
3330 4310 3605 4384 pracepit

1949 4397 2239 4464 Urbanus,
2265 4403 2331 4453 ut
2352 4399 2549 4455 sedem
2574 4402 2876 4470 repeteret,
2895 4404 3129 4471 accepto
3162 4400 3504 4470 juramento
3544 4415 3607 4455 se

1948 4503 2273 4558 numquam
2296 4486 2389 4553 iis,
2413 4486 2514 4558 qui
2538 4504 2572 4543 a
2601 4487 2736 4543 sede
2767 4487 3089 4560 apostolica
3111 4487 3602 4545 fuissentexcom-

1948 4575 2252 4642 municati,
2276 4577 2851 4632 communicaturum
2881 4594 3029 4644 esse,
3054 4581 3154 4632 aut
3177 4577 3601 4633 interfuturum

1950 4680 2150 4720 eorum
2184 4665 2743 4733 consecrationibus,
2769 4665 2869 4736 qui
2903 4682 3005 4736 per
3035 4665 3198 4719 nefas
3229 4664 3602 4736 episcopatus

1949 4752 2036 4809 vel
2058 4753 2328 4809 abbatias
2342 4757 2748 4824 occupassent.
2776 4753 2934 4808 Idem
2957 4753 3175 4807 factum
3200 4751 3383 4807 fuisse
3405 4750 3601 4808 Belva-

1949 4842 2107 4898 censi
2140 4841 2414 4913 episcopo
2436 4840 2614 4895 tradit
2649 4839 2969 4895 Pandulfus
3000 4838 3059 4893 in
3088 4838 3222 4894 Vita
3267 4838 3508 4910 Urbani,
3538 4840 3597 4897 id

1949 4929 2100 5002 quod
2135 4929 2310 4983 etiam
2344 4926 2571 4983 Platina
2600 4932 2873 4983 testatur.
2909 4928 3100 4984 Redeo
3132 4928 3205 4985 ad
3252 4928 3600 4987 Anselmum

1947 5015 2463 5073 Mediolanensem.

2016 5106 2163 5161 Huic
2192 5104 2463 5161 Urbanus
2492 5102 2718 5161 litteras
2745 5105 2984 5179 scripsit
3019 5107 3092 5163 de
3127 5108 3604 5165 reconciliatione

1947 5195 2351 5268 lapsorum,ex
2372 5193 2588 5267 quibus
2610 5194 2704 5251 Ivo
2727 5199 2892 5268 parte
2913 5213 3053 5263 1v,c.
3091 5198 3216 5266 407,
3251 5197 3601 5253 decretalem

1945 5283 2255 5357 epistolam
2272 5283 2578 5355 excerpsit,
2610 5302 2736 5357 qua
2758 5284 2981 5357 passim
3007 5286 3185 5354 edita,
3210 5286 3311 5340 sed
3343 5285 3598 5340 multum

1943 5390 2012 5430 ex
2044 5371 2280 5445 vulgato
2337 5372 2613 5431 Anselmo
2672 5374 2917 5429 Lucensi
2951 5378 3146 5444 aucta,
3179 5371 3417 5427 dabitur
3445 5373 3602 5427 inter

1941 5459 2158 5519 Urbani
2216 5461 2462 5526 litteras,
2497 5479 2630 5518 cum
2688 5462 2919 5518 duobus
2972 5461 3103 5518 aliis
3155 5459 3505 5527 canonibus,
3538 5459 3600 5513 in

1938 5549 2182 5608 concilio
2206 5549 2541 5607 Belvacensi
2560 5551 2700 5608 anni
2722 5551 2860 5606 1114
2880 5553 3080 5607 nostro
3100 5543 3358 5621 pontiﬁci
3382 5546 3604 5616 pariter

166 5644 334 5733 polin:
357 5645 732 5716 celebrando
749 5659 761 5703 :
777 5644 975 5723 sicque
991 5642 1292 5707 communi
1312 5639 1619 5722 utriusque
1634 5641 1826 5722 gentis
1936 5638 2265 5711 attributis,
2287 5653 2540 5714 quorum
2559 5640 2786 5716 primus
2805 5638 2970 5713 clero,
3002 5635 3149 5696 alter
3169 5630 3372 5711 populo
3399 5630 3603 5691 Media-
