3958 6224
417 333 454 390 9
1673 323 1749 386 B.
1795 321 2095 396 URBANI
2133 323 2190 386 lI
2232 323 2485 384 PAPE.
3681 324 3762 391 40

371 463 590 521 ianensi
620 459 940 532 inscriptus
980 462 1089 515 est.
1126 459 1290 517 Hune
1335 461 1652 530 utrumque
1710 471 2016 523 eanonem,
2049 455 2105 521 Α
2138 454 2382 511 Pistorio
2429 461 2570 512 tom.
2614 455 2688 510 III
2747 455 3035 528 Hispania:
3081 454 3386 513 illustratae
3424 456 3573 514 editi
3600 457 3761 518 habet

370 551 478 607 etsi
535 548 801 606 nonnulli
855 552 1134 603 censeant
1186 545 1510 602 Alexandro
1559 547 1606 600 Il
1637 545 2020 600 tribuendum

369 657 517 707 esse,
541 638 774 694 Urbano
797 635 1133 707 abjudicare
1166 637 1354 691 visum
1386 653 1499 691 non
1542 639 1648 701 est,
1683 651 1814 689 eum
1881 634 2025 688 forte

369 727 550 785 simili
583 727 738 783 malo
770 727 924 782 idem
965 724 1204 782 omnino
1255 725 1580 780 remedium
1641 723 1714 778 ab
1775 727 2023 793 utroque

369 817 644 890 pontifice
675 815 1007 871 adhibitum
1066 813 1255 868 fuerit.
1293 812 1492 884 Neque
1547 811 1705 866 enim
1763 809 2022 865 insolens

369 905 550 962 videri
573 906 744 960 debet
775 920 956 959 unum
989 908 1046 959 et
1074 903 1348 958 eumdem
1407 916 1690 956 canonem
1725 917 1758 955 a
1789 899 2020 954 duobus

371 995 748 1068 pontificibus
765 991 1198 1065 promulgatum
1228 990 1580 1046 fuissc.Nam
1599 989 2019 1060 canonpresby-

368 1093 611 1142 terarum
661 1085 824 1154 ﬁlios,
881 1081 1018 1136 dist.
1077 1083 1167 1147 56,
1224 1097 1351 1152 cap.
1386 1080 1438 1146 l,
1475 1095 1687 1151 magna
1742 1095 1810 1133 ex
1857 1082 2018 1149 parte

369 1174 652 1246 repetitur
699 1189 748 1226 c.
789 1172 872 1236 ll,
903 1172 1028 1228 Nisi
1055 1174 1172 1236 aut,
1207 1171 1306 1242 qui
1367 1168 1604 1225 Urbano
1659 1171 1908 1238 utroque
1955 1167 2015 1221 in

371 1262 494 1318 loco
515 1263 868 1334 assignatur,
889 1264 946 1314 et
961 1259 1316 1330 reipsainter
1337 1255 1674 1329 Melphitani
1697 1260 1752 1312 et
1767 1255 2014 1311 aliorum

372 1350 584 1407 Urbani
619 1349 994 1405 conciliorum
1027 1348 1258 1403 decreta
1287 1347 1539 1402 occurrit
1571 1362 1584 1400 :
1619 1349 1674 1400 et
1703 1349 1900 1401 tamen
1952 1345 2014 1400 in

370 1438 612 1496 concilio
643 1436 974 1493 Belvacensi
1005 1453 1184 1508 supra
1233 1439 1555 1490 memorato
1614 1434 1832 1489 dicitur
1885 1451 2015 1490 esse

368 1527 626 1600 Gregorii
645 1526 717 1582 Vl
739 1531 796 1582 et
831 1525 1048 1580 Urbani
1089 1525 1158 1578 ll.
1183 1525 1252 1578 Et
1291 1523 1446 1595 apud
1481 1523 1713 1576 Ivonem
1741 1526 1903 1594 parte
1935 1540 2012 1587 v1,

369 1634 416 1672 c.
450 1617 573 1670 410.
599 1614 858 1686 Gregorii
881 1613 976 1668 VII
1017 1617 1066 1668 et
1130 1611 1347 1667 Urbani
1401 1611 1469 1666 II.
1503 1611 1709 1665 Visum
1761 1614 1849 1666 est
1906 1609 2012 1665 ali-

370 1705 604 1777 quando
633 1703 803 1769 mihi,
826 1703 980 1758 idem
1007 1701 1140 1756 ferri
1176 1717 1346 1772 posse
1369 1699 1658 1772 judicium
1691 1700 1760 1754 de
1792 1715 2012 1754 canone

368 1795 562 1850 clerico
585 1793 822 1865 jacientc
853 1790 988 1846 dist.
1011 1791 1101 1854 50,
1127 1806 1175 1845 c.
1209 1789 1297 1855 37,
1323 1789 1474 1860 quod
1509 1805 1576 1844 ex
1609 1787 1824 1843 Urbani
1882 1787 2010 1860 epi-

371 1882 521 1940 stola
541 1883 610 1937 ad
643 1881 1000 1936 Guerncrium
1039 1879 1460 1945 Narbonensem,
1495 1881 1807 1948 antequam
1869 1894 2010 1949 pon-

368 1973 508 2027 tifex
565 1973 744 2038 tieret,
805 1969 1170 2034 defunctum,
1203 1968 1512 2038 decerptus
1570 1966 1878 2020 diceretur.
1941 1967 2012 2020 At

368 2060 743 2135 postmodum
769 2076 800 2113 a
824 2057 960 2112 viris
993 2057 1179 2112 doctis
1201 2055 1378 2111 didici
1411 2071 1665 2110 errorem
1685 2055 1740 2108 in
1773 2053 2011 2109 titulum

369 2149 696 2222 irrepsisse,
747 2146 1180 2220 legendumque
1239 2162 1367 2199 esse
1414 2145 1708 2199 Gucrncrio
1742 2144 2011 2201 Mcrslmr-

365 2241 538 2310 gcnsi,
571 2236 669 2306 qui
695 2237 884 2308 reipsa
907 2234 1118 2289 Urbani
1147 2239 1194 2287 Il
1247 2239 1505 2304 tempore
1535 2233 1746 2288 vixisse
1794 2250 2010 2286 memo-

369 2328 752 2392 ratur.Quare
777 2323 942 2379 illum
966 2339 1247 2378 canonem
1271 2321 1380 2376 sub
1413 2321 1638 2376 sincero
1669 2323 1798 2392 ejus
1844 2319 2010 2375 titulo

367 2396 685 2473 referemus
737 2413 796 2468 in
853 2412 1194 2484 appendicc.
1223 2413 1344 2476 Quo
1376 2416 1570 2465 autem
1602 2427 1754 2465 anno
1785 2409 1905 2463 haec
1938 2409 2010 2464 ad

367 2505 750 2562 Guernerium
783 2501 1029 2574 epistola
1088 2499 1306 2572 scripta
1365 2499 1556 2566 fuerit,
1586 2499 1741 2554 haud
1802 2499 2008 2571 liquet.

367 2594 671 2651 Bucelinus
705 2593 969 2647 observat
998 2589 1380 2644 Guernerium
1433 2606 1536 2660 pro
1586 2587 1862 2659 Gregorio
1909 2587 2009 2642 ΥΠ

366 2662 618 2748 stetisse,
643 2686 698 2735 ut
717 2686 907 2734 tamen
932 2679 1080 2732 inter
1101 2678 1402 2749 episcopos
1425 2676 1744 2731 catholicos
1762 2676 1858 2748 qui
1879 2693 2010 2730 enn-

366 2771 498 2838 cilio
555 2766 1074 2838 Quintiliburgensi
1111 2783 1264 2820 anno
1317 2767 1452 2818 1035
1510 2765 2006 2836 subscripserunt,

365 2837 580 2933 legitur
627 2837 955 2911 Bel-cardus
1024 2853 1512 2923 Mersburgensis,
1565 2870 1636 2906 an
1691 2852 1845 2906 idem
1906 2852 2007 2923 qni

364 2947 708 3004 Wernarius
765 2961 866 2998 seu
924 2942 1276 2998 Guernerius
1325 2941 1515 2995 (licius
1568 2942 1662 3005 sit,
1697 2940 2007 2996 Bucelinus

364 3037 579 3111 quippe
611 3033 968 3090 Bernardum
999 3049 1112 3086 non
1150 3033 1428 3086 recenset.

665 3131 851 3187 ΧΧΧΙ.
886 3131 1119 3186 Ecclesia
1151 3132 1434 3184 Cremonae
1456 3127 1690 3182 dein/ur.

2139 544 2434 600 Urbanum
2456 544 2691 599 Alfonso
2717 545 3016 618 Aragoniie
3057 545 3177 618 regi
3209 546 3450 618 ejusque
3480 563 3763 604 successo-

2137 633 2300 688 ribus
2320 637 2376 687 et
2398 633 2558 705 regni
2586 634 2922 705 proceribus
2945 634 3325 703 condonassc,
3355 639 3420 690 ut
3448 635 3676 692 decima:
3704 637 3759 694 in

2133 722 2454 778 ditionibus
2487 740 2633 796 quas
2665 740 2698 778 a
2727 721 2948 778 Mauris
2980 728 3410 796 recuperarent,
3435 725 3504 780 ab
3563 725 3644 780 eis
3678 743 3762 784 re-

2131 811 2482 881 ciperentur,
2505 811 2760 883 exceptis
2790 811 3198 884 episcoporum
3229 811 3470 870 sedibus
3499 817 3556 868 et
3581 813 3762 888 digni-

2128 899 2370 954 tatibus.
3000 963 3012 969 _

2201 993 2274 1042 At
2295 988 2532 1044 sedente
2556 988 2810 1056 Urbano,
2835 1005 2950 1044 non
2972 989 3273 1060 Alfonsus,
3303 991 3404 1046 sed
3438 990 3679 1048 Saucius
3709 997 3762 1048 et

2129 1076 2330 1132 Petrus
2364 1077 2748 1150 Arragoniam
2770 1079 3150 1147 obtinebant;
3185 1096 3366 1152 quare
3397 1079 3476 1151 id,
3499 1079 3557 1135 ni
3582 1079 3758 1149 fallor,

2129 1165 2579 1239 intelligendum
2603 1168 2776 1224 estde
2798 1168 2986 1237 Petro,
3011 1169 3102 1224 cui
3134 1168 3405 1226 Urbanus
3420 1167 3572 1226 hanc
3593 1169 3763 1226 facul-

2125 1259 2304 1312 tatem
2326 1255 2592 1312 indulsit.
2616 1257 2733 1312 Etsi
2765 1257 2822 1312 id
2853 1258 3030 1314 etiam
3063 1257 3304 1315 Alfonso
3354 1258 3474 1332 regi
3534 1275 3760 1317 conces-

2125 1361 2258 1399 sum
2289 1344 2536 1413 dicatur,
2571 1345 2624 1400 id
2661 1346 2862 1402 referri
2915 1347 3088 1403 debet
3127 1347 3198 1403 ad
3231 1346 3610 1404 Aldet‘onsum
3664 1364 3759 1405 seu

2121 1432 2428 1490 Alfonsum
2465 1435 2728 1507 Legionis
2777 1438 2832 1491 et
2889 1436 3150 1492 Castellze
3205 1451 3404 1509 regem
3450 1440 3590 1494 tunc
3619 1436 3762 1491 inter

2123 1539 2285 1595 reges
2318 1522 2604 1595 Hispanos
2635 1523 3015 1593 eminentem,
3051 1525 3171 1597 qui,
3207 1528 3437 1598 recepto
3488 1529 3618 1581 ante
3660 1525 3760 1580 ali-

2121 1615 2265 1682 quot
2295 1629 2478 1666 annos
2507 1629 2574 1667 ex
2607 1613 2880 1669 Barbarie
2927 1613 3145 1682 Toleto,
3181 1615 3530 1686 imperatoris
3581 1615 3764 1686 Hispa-

2122 1701 2229 1754 πίω
2253 1699 2486 1755 titulum
2520 1701 2740 1773 accepit
2765 1701 3103 1774 curavitque
3153 1707 3216 1758 ut
3261 1702 3314 1758 ei
3353 1703 3484 1758 urbi
3527 1703 3760 1760 Bernar-

2121 1789 2231 1844 dus
2264 1789 2588 1846 monachus
2615 1790 3034 1858 Cluniacensis,
3069 1788 3170 1864 qui
3226 1795 3356 1848 tum
3414 1784 3757 1848 monasterio

2123 1877 2318 1932 Sancti
2346 1878 2597 1934 Facundi
2636 1885 2896 1951 praeerat,
2921 1879 3403 1954 archiepiscopus
3450 1880 3761 1953 praeficere-

2127 1971 2237 2022 tur.
2254 1970 2436 2038 Atque
2471 1985 2538 2022 ea
2559 1967 2665 2022 fuit
2702 1970 2926 2024 occasio
2949 1969 3269 2026 renovandi
3292 1969 3472 2042 hujus
3504 1968 3759 2026 Ecclesia:

2123 2056 2350 2122 antiqui
2381 2053 2728 2127 splendoris,
2753 2076 2926 2130 quem
2952 2059 3234 2114 diuturna
3263 2059 3650 2115 Barbarorum
3672 2059 3763 2113 d0-

2125 2145 2367 2200 minatio
2402 2145 2832 2202 obscuraverat.

2193 2234 2394 2289 triensi
2450 2234 2735 2302 Ecclesiae,
2763 2235 2855 2291 cui
2916 2239 3052 2292 tunc
3084 2237 3325 2292 suberat
3356 2238 3496 2293 urbs
3526 2238 3760 2308 Compo-

2123 2323 2448 2394 stella,jam
2473 2324 2544 2378 ab
2570 2323 2790 2396 aliquot
2814 2325 2982 2380 annis
3008 2327 3345 2398 prmlccerat
3374 2344 3470 2381 rex
3522 2325 3757 2382 Saucius

2121 2411 2429 2476 Didacum,
2463 2413 2651 2467 virum
2713 2413 2867 2468 haud
2927 2414 3266 2486 ignobilem,
3304 2416 3404 2471 sed
3439 2415 3559 2488 qui,
3592 2419 3655 2470 ut
3685 2412 3760 2470 ait

2121 2504 2322 2555 auctor
2343 2499 2605 2556 Historia:
2628 2502 3131 2575 Compostellancc,
3157 2505 3304 2561 adeo
3335 2505 3586 2561 externis
3611 2503 3756 2560 curis

2121 2588 2444 2660 implicitus
2466 2593 2607 2658 erat,
2630 2594 2692 2643 ut
2715 2590 2990 2646 interiora
3015 2609 3128 2646 non
3152 2591 3296 2647 satis
3321 2595 3567 2648 curaret.
3601 2591 3756 2648 Hunc

2123 2677 2314 2732 nescio
2337 2695 2450 2748 quo
2475 2695 2611 2732 casu
2637 2685 2969 2734 commotus
2990 2679 3269 2736 Alfonsus
3291 2681 3350 2735 in
3371 2679 3604 2736 vincula
3631 2696 3756 2736 con-

2119 2767 2276 2837 iecit,
2311 2767 2464 2820 unde
2490 2784 2699 2840 magna
2731 2767 3130 2834 tumultuatio,
3163 2769 3352 2824 turbae
3395 2769 3659 2841 ingentes
3697 2767 3753 2822 in

2119 2856 2224 2909 hac
2250 2855 2501 2909 Ecclesia
2539 2856 2858 2910 concitatm.
2885 2857 3026 2910 Cum
3063 2859 3258 2929 ilaque
3291 2859 3495 2912 omnia
3525 2873 3756 2930 pessum

2117 2945 2285 3011 irent,
2336 2961 2438 2997 nec
2487 2943 2872 2998 celeberrimis
2931 2946 3220 3011 Ecelesim,
3255 2963 3388 3017 qum
3439 2948 3565 3017 jam
3620 2951 3751 3002 tunc

2116 3034 2264 3088 beati
2297 3033 2497 3098 Jacobi
2533 3032 2913 3104 reliquiarum
2967 3036 3332 3106 possessione
3377 3035 3750 3109 gloriabatur,

2115 3122 2338 3177 cladem
2369 3139 2534 3194 aequo
2588 3123 2784 3178 animo
2818 3125 2962 3179 ferre
3019 3123 3277 3206 valerent
3307 3123 3418 3179 viri
3451 3125 3634 3197 probi,
3667 3122 3755 3178 Al-

433 3233 552 3288 Hoc
583 3232 708 3302 ipso
733 3245 885 3284 anno
907 3226 1211 3283 ecclesiam
1234 3224 1594 3297 eollegiatam
1619 3227 1837 3279 Sancta:
1863 3225 2003 3295 Aga-
2035 3192 2078 3260 θ
2119 3212 2322 3266 Γοηευε
2345 3215 2410 3302 Ui
2441 3210 2642 3302 han???
2663 3228 2723 3302 ες
2747 3211 3022 3302 injurile
3055 3213 3420 3283 amoliretur,
3443 3213 3622 3270 alium
3641 3212 3755 3285 epi-

362 3322 474 3378 tbas
498 3320 652 3392 apud
679 3322 1046 3379 Cremonam,
1081 3332 1256 3387 quam
1296 3313 1606 3385 Gregorius
1639 3313 1738 3366 V11
1770 3312 2009 3384 amplia-

363 3414 540 3477 verat,
577 3408 846 3464 Urbanus
904 3403 1464 3471 dotavit,attributis
1522 3402 1572 3457 ei
1630 3400 2005 3458 ecclesiarum

361 3499 553 3554 Sancti
586 3496 794 3552 Valerii
827 3500 884 3550 et
914 3493 1109 3551 Sancti
1159 3492 1582 3564 Christophori,
1619 3508 1795 3563 prope
1849 3508 2006 3546 eam-

363 3592 497 3646 dem
556 3589 760 3642 urbem
822 3585 1092 3650 sitarum,
1127 3582 1432 3648 reditibus,
1467 3585 1532 3635 ut
1561 3581 1735 3636 refert
1791 3579 2006 3652 Joseph

363 3679 721 3734 Breseeanus
751 3675 810 3728 in
843 3670 1123 3728 Chronico
1153 3669 1527 3724 Cremonensi
1561 3685 1670 3724 ms.
1706 3669 1856 3738 quod
1894 3686 2008 3739 pra:

363 3765 637 3823 manibus
669 3763 975 3816 habemus.
1004 3758 1252 3814 Clericos
1284 3757 1592 3814 saeculares
1623 3757 1804 3828 hujus
1851 3757 2006 3811 basi-

365 3856 487 3910 licae
520 3853 577 3908 in
611 3849 910 3923 regulares
944 3846 1254 3902 canonicos
1313 3849 1575 3902 mutasse
1603 3845 1758 3900 circa
1787 3862 2008 3900 annum

371 3940 758 4010 1090,dicitur
781 3938 935 3994 idem
981 3935 1237 4009 pontifex
1267 3935 1420 4007 apud
1450 3933 1758 3999 Merulam,
1793 3934 1893 3988 sed
1926 3933 2008 3988 illi

363 4030 656 4107 posteaad
688 4026 1027 4083 saecularem
1066 4028 1282 4080 statum
1316 4023 1556 4078 rediere.
1590 4021 1761 4078 Aliud
1786 4021 2009 4094 privile-

365 4123 530 4194 gium
550 4119 658 4174 hoc
679 4117 854 4174 etiam
879 4132 1029 4170 anno
1059 4112 1304 4169 indulsit
1346 4111 1614 4167 Urbanus
1655 4111 2007 4168 monasterio

362 4213 583 4266 Sanctae
641 4205 842 4262 Crucis
905 4203 1179 4270 Saxivivi,
1212 4201 1271 4257 in
1329 4200 1616 4256 territorio
1647 4198 2005 4272 Fulginensi,

362 4298 519 4372 quod
542 4295 841 4372 Mainardo
872 4294 1000 4365 ejus
1026 4291 1248 4348 auctori
1279 4294 1337 4346 et
1368 4290 1558 4362 primo
1577 4289 1774 4345 abbati
1801 4289 2008 4344 inscri-

363 4371 777 4462 ptum‘dicitur
807 4383 864 4438 in
899 4381 1163 4453 ejusdem
1190 4381 1300 4437 loci
1360 4378 1642 4434 Chronico
1691 4376 1906 4434 italico.
1937 4379 2010 4432 At

361 4480 492 4551 ejus
521 4473 816 4545 exemplar
846 4473 1054 4526 babere
1087 4487 1201 4524 non
1245 4468 1429 4535 licuit,
1455 4467 1606 4522 sicut
1637 4484 1740 4521 nec
1769 4465 2008 4522 alterius

2117 3316 2358 3372 scopum
2390 3299 2449 3353 in
2513 3300 2705 3354 Didaci
2760 3299 2952 3354 locum
3013 3301 3310 3357 intrudere
3371 3306 3618 3358 conatus
3649 3303 3751 3358 est.

2116 3388 2516 3460 Opportunam
2542 3387 2718 3458 hujus
2749 3388 2978 3444 concilii
3011 3390 3364 3462 exsequendi
3395 3392 3754 3448 occasionem

2117 3478 2390 3532 olferebat
2411 3477 2484 3542 ei,
2508 3483 2570 3531 ut.
2591 3477 2824 3548 quidem
2845 3477 2956 3550 ipsi
2972 3479 3298 3547 videbatur,
3321 3482 3584 3552 synodus
3605 3479 3754 3553 apud

2118 3573 2375 3623 sanctam
2413 3565 2654 3620 Mariam
2687 3567 2757 3621 de
2789 3567 3059 3633 Fusellis,
3081 3585 3257 3640 quam
3302 3569 3755 3626 tuncRicardus

2117 3655 2313 3710 Sancti
2343 3654 2594 3710 Victoris
2625 3656 2826 3722 abbas,
2855 3655 3084 3728 legatus
3140 3657 3296 3712 sedis
3344 3657 3669 3730 apostolicae
3725 3673 3758 3712 a

2118 3745 2392 3816 Gregorio
2423 3745 2524 3800 VlI
2547 3744 2601 3799 in
2628 3745 2920 3818 Hispaniis
2939 3746 3264 3816 institutus,
3289 3753 3752 3822 congregaverat.

2117 3836 2304 3900 Quare
2355 3834 2642 3890 immissis
2698 3836 3206 3903 subornatoribus,
3265 3853 3616 3908 persuasum
3671 3839 3756 3894 est

2117 3921 2325 3978 callide
2356 3922 2572 3978 Didaco
2601 3927 2684 3990 ut,
2718 3923 2767 3979 si
2811 3923 2981 3980 vellet
3035 3923 3255 3980 absolvi
3289 3943 3323 3980 a
3365 3925 3636 3995 vinculis,
3695 3939 3755 3980 se

2118 4028 2281 4067 reum
2333 4012 2391 4067 in
2449 4011 2692 4068 concilio
2748 4012 3047 4085 fateretur,
3081 4018 3138 4069 et
3167 4012 3500 4072 humilitate
3559 4010 3754 4088 procul

2116 4101 2295 4156 dubio
2318 4101 2580 4174 eorregis
2603 4100 3000 4157 emoliendum
3023 4102 3164 4166 fore,
3189 4119 3294 4158 nec
3307 4101 3483 4160 aliam
3495 4103 3547 4160 ei
3564 4119 3758 4175 super-

2117 4205 2244 4244 esse
2265 4189 2590 4244 obtinendze
2607 4189 2893 4246 libertatis
2909 4191 3363 4246 viam.Assensit
3383 4190 3500 4261 ille,
3535 4189 3635 4248 sed
3667 4206 3756 4246 res

2116 4277 2228 4332 alio
2247 4278 2417 4332 vertit
2438 4295 2616 4350 quam
2641 4279 2765 4351 ipse
2796 4283 3116 4352 putaverat.
3137 4279 3360 4354 Quippe
3389 4297 3525 4337 cum
3559 4279 3756 4336 Alfen-

2117 4383 2219 4422 sus
2241 4367 2296 4421 in
2321 4366 2630 4422 concilium
2651 4367 2923 4434 venisset,
2949 4368 3376 4440 adduetusque,
3399 4386 3466 4425 eo
3489 4369 3757 4440 jubente,

2118 4455 2325 4511 fuisset
2356 4455 2628 4523 Di-lacus,
2663 4461 2839 4528 atque
2872 4456 2952 4512 uti
2985 4457 3227 4513 edoctus
3275 4457 3482 4527 fuerat,
3513 4458 3673 4530 virga
3701 4460 3758 4512 et

361 4543 518 4640 q-uod
573 4543 858 4636 hoc—ipso
916 4577 1068 4615 anno
1128 4559 1329 4613 datum
1383 4557 1566 4611 fertur
1595 4560 1764 4610 Petro
1810 4554 2005 4610 abbati
2035 4559 2081 4624 D
2113 4543 2411 4640 anguloin
2439 4544 2844 4640 manuslcgati
2888 4545 3270 4640 consignatis,
3301 4545 3618 4640 episcopali
3671 4543 3758 4599 di-

360 4654 686 4714 Garrot'ensi
739 4650 894 4724 apud
953 4649 1218 4704 Pictones
1277 4647 1333 4701 in
1397 4644 1604 4712 Gallia,
1663 4660 2001 4716 quanquam

361 4747 540 4814 istud,
560 4745 610 4800 si
643 4759 756 4799 non
793 4739 982 4804 fallor,
1005 4737 1164 4792 aliud
1191 4754 1303 4792 non
1332 4744 1420 4792 est
1450 4735 1522 4788 ob
1551 4751 1615 4790 eo
1665 4734 1819 4804 quod
1853 4750 2006 4788 anno

363 4837 502 4890 1096
551 4833 742 4890 eidem
801 4827 1156 4885 monasterio
1213 4842 1554 4880 concessum
1587 4841 1692 4879 suo
1743 4822 1866 4877 loco
1917 4822 2004 4875 di-

361 4941 584 4981 cemus.

363 5019 588 5075 XXXII.
631 5018 703 5071 De
757 5017 913 5071 rebus
996 5014 1341 5086 llispanicis.
1391 5013 1586 5067 Turba:
1653 5009 2004 5086 in_Ecclc.siu

431 5089 649 5146 Iriensi.
698 5088 931 5143 Concilii
1013 5081 1368 5139 Fu'sscllcnsis
1433 5087 1662 5153 tempus.
1725 5081 2006 5134 Primaius

431 5161 686 5217 Ecclesiw
717 5159 985 5213 Toletanac
1012 5158 1312 5211 restitutus.

432 5257 594 5324 Quod
627 5255 696 5310 ad
732 5271 822 5310 res
873 5253 1216 5325 Hispanicas
1273 5253 1499 5307 attinet.
1535 5248 1873 5321 Augebatur
1924 5246 2002 5301 ibi

360 5346 622 5422 quotidie
644 5343 806 5399 novis
829 5342 1202 5397 incrementis
1230 5339 1516 5396 catholica
1544 5338 1688 5402 ﬁdes
1717 5335 2004 5389 Christia-

359 5451 571 5494 norum
597 5433 926 5505 principum
949 5430 1306 5498 fortitudine,
1327 5429 1424 5500 qui
1449 5426 1637 5498 pulsis
1659 5423 1876 5479 Mauris
1907 5439 2002 5476 ur-

359 5527 462 5582 bes
485 5521 812 5596 praeclaras,
836 5526 892 5576 et
927 5518 1252 5592 provincias
1293 5515 1588 5571 interdum
1625 5513 1884 5581 integras
1917 5527 2003 5565 re-

357 5611 964 5691 cuperabant.Auctor
984 5605 1230 5668 Indiculi
1255 5621 1449 5665 rerum
1482 5599 1939 5675 Aragonicarum
1971 5617 2005 5657 ο.

2112 4633 2332 4704 gnitate
2351 4649 2546 4688 coram
2571 4635 2728 4689 omni
2753 4633 2968 4706 populo
2991 4651 3052 4690 se
3079 4634 3385 4708 indignum
3406 4633 3760 4707 proclamas-

2115 4728 2226 4784 set,
2281 4721 2480 4776 statim
2533 4723 2932 4793 pronuntiavit
2975 4721 3204 4796 legatus
3253 4741 3388 4778 eum
3443 4720 3758 4796 episcopali

2117 4809 2397 4880 dignitate
2425 4810 2732 4876 decidisse,
2758 4810 3172 4884 licentiamque
3202 4812 3366 4869 dedit
3417 4812 3666 4868 alterum
3700 4809 3758 4866 in

2081 4899 2244 4968 ,ejus
2274 4897 2464 4953 locum
2499 4899 2916 4955 substituendi.
2945 4901 3061 4958 Nec
3090 4918 3273 4970 mora,
3299 4902 3503 4958 Petrus
3549 4899 3758 4958 Candi-

2115 4986 2401 5040 diniensis
2415 4987 2616 5055 abbas,
2639 4987 2736 5062 qui
2766 4989 2907 5058 {lata
2937 5007 3112 5061 opera
3135 5001 3345 5063 praesto
3391 4995 3534 5058 erat,
3565 5008 3600 5046 a
3629 5003 3760 5060 rege

2115 5073 2458 5146 designatus
2483 5075 2542 5128 in
2565 5076 2929 5149 episcopum,
2965 5079 3162 5135 statim
3199 5084 3542 5152 assumptus
3590 5083 3760 5150 atque

2114 5169 2487 5219 consecratus
2517 5170 2623 5220 est.
2650 5165 2702 5221 ls
2731 5167 2968 5222 biennio
3015 5168 3160 5223 rexit
3201 5168 3518 5224 Ecclesiam
3580 5167 3762 5223 Irien-

2115 5251 2347 5317 sem,ad
2403 5269 2623 5309 annum
2676 5255 2899 5310 scilicet
2935 5257 3094 5322 1091,
3127 5274 3240 5328 quo
3303 5257 3360 5311 in
3415 5251 3759 5329 Legionensi

2114 5339 2358 5394 concilio
2382 5357 2414 5394 a
2438 5341 2710 5399 Rainerio
2733 5345 3065 5415 apostolicae
3090 5345 3248 5402 sedis
3268 5345 3460 5419 legato
3494 5351 3764 5400 exaucto-

2115 5432 2276 5482 ratus
2296 5428 2424 5496 fuit,
2449 5433 2724 5502 cumjam
2749 5432 3101 5500 Richardus,
3134 5451 3194 5490 re
3227 5437 3298 5490 ad
3332 5435 3633 5492 Urbanum
3665 5434 3760 5489 de-

2112 5516 2250 5584 lata,
2304 5517 2626 5590 apostolica
2680 5519 2970 5593 legatione
3023 5522 3314 5593 spoliatus
3373 5525 3602 5580 fuisset.
3636 5522 3764 5578 Haec

2113 5605 2312 5667 omnia
2341 5605 2624 5668 discimus
2661 5625 2730 5668 ex
2768 5606 2946 5668 veteri
2973 5610 3234 5673 Historia
3280 5609 3764 5690 Compostellana
