3958 6224
191 288 253 348 lt
1815 283 1866 348 ν

3541 294 3628 358 ’Β

201 417 446 474 Ecclesia:
481 432 620 490 qua:
655 417 836 476 initio
870 419 1067 475 steculi
1101 417 1454 486 duodecimi,
1500 418 1744 491 jubente
1775 418 1864 474 al-
1893 419 1949 487 Α
1979 435 2156 492 quam
2205 420 2466 492 regebat,
2528 419 2929 477 reverentiam.
2991 421 3136 477 Hinc
3193 422 3392 480 statim
3438 423 3629 480 eidem

205 513 309 564 tero
362 507 609 579 Didaco,
690 508 895 581 primo
965 507 1363 580 Compostellze
1437 508 1869 580 archiepiscopo

207 596 404 670 scripta
434 602 527 654 est
558 613 596 652 a
618 596 884 654 Geraldo
918 597 1046 668 ejus
1076 597 1379 653 familiari.
1413 597 1494 652 Ex
1525 597 1632 652 hac
1679 598 1872 653 Histo-

209 687 283 741 ria
307 703 374 742 ea
402 704 535 759 qua:
569 687 646 742 ad
682 703 815 742 rem
849 691 1113 742 nostram
1146 686 1439 759 pertinent
1467 685 1786 743 referemus
1812 687 1871 742 in

209 775 529 848 Appendice
557 780 846 848 excerpta
871 793 1026 832 anno
1054 776 1192 831 1703
1239 791 1306 830 ex
1337 775 1465 830 cod.
1501 791 1613 832 ms.
1655 776 1870 832 doctis-

211 864 332 920 simi
383 865 648 922 Ferrerre
681 865 842 938 apud
876 864 1194 921 Madritum
1225 862 1577 936 parochialis
1615 862 1870 920 ecclesiae

209 953 464 1020 rectoris,
519 971 556 1009 a
586 954 716 1010 viro
765 953 839 1009 cl.
890 953 1114 1009 Joanne
1143 957 1217 1011 Le
1245 952 1452 1020 Grand,
1486 968 1620 1007 cum
1653 955 1809 1008 esset
1837 970 1872 1008 a

207 1041 434 1099 secretis
463 1041 883 1098 illustrissimo
905 1042 1103 1098 abbati
1135 1043 1372 1107 Estrzeo,
1406 1041 1503 1114 qui
1550 1047 1673 1096 tum
1706 1040 1870 1096 Chri-

207 1131 551 1187 stianissimi
587 1130 750 1205 regis
781 1131 1073 1204 legatione
1101 1131 1173 1186 ad
1215 1130 1553 1203 Philippum
1585 1129 1633 1183 V
1663 1129 1870 1202 Hispa-

207 1221 431 1276 niarum
465 1237 671 1292 regem
702 1219 763 1275 in
788 1236 857 1276 ea
886 1221 1030 1276 urbe
1061 1219 1431 1293 fungebatur.

266 1313 426 1365 Inter
454 1313 675 1366 caetera
701 1325 838 1364 vero
870 1325 998 1380 quae
1029 1325 1097 1364 ex
1139 1307 1342 1364 eadem
1392 1307 1645 1363 Historia
1693 1307 1870 1365 disci-

204 1415 351 1467 mus,
383 1397 536 1454 illud
573 1415 718 1454 sane
747 1397 1154 1453 observatione
1179 1398 1424 1470 dignum
1451 1401 1539 1453 est
1559 1398 1713 1469 quod
1736 1397 1871 1453 inde

208 1487 366 1542 facile
399 1485 602 1559 colligi
637 1487 824 1559 possit
853 1503 971 1558 quo
1003 1491 1262 1558 tempore
1293 1485 1648 1542 celebratum
1696 1486 1871 1542 fuerit

205 1574 522 1630 concilium
554 1574 946 1640 Fussellense,
978 1574 1152 1630 variis
1185 1573 1554 1646 temporibus
1577 1575 1645 1630 ad
1679 1579 1872 1631 aucto-

207 1665 365 1720 ribus
408 1664 698 1738 Hispanis
727 1665 1117 1737 assignatum.
1180 1665 1306 1719 Non
1338 1663 1494 1720 enim
1527 1664 1600 1719 ab
1650 1680 1868 1719 annum

1981 510 2304 581 primatum
2335 510 2394 564 in
2426 514 2664 566 caeteras
2695 509 3108 582 Hispaniarum
3139 511 3422 570 Ecclesiae
3450 513 3629 570 Urba-

1983 615 2097 654 nus
2130 598 2397 668 contulit,
2435 600 2572 655 data
2601 598 2764 655 bulla
2808 599 3085 672 Anagnite
3133 600 3334 657 Idibus
3365 601 3630 659 Octobris

1981 687 2161 756 hujus
2183 687 2340 753 anni,
2377 687 2434 742 in
2469 705 2584 760 qua
2604 687 2766 760 pallii
2799 687 3192 762 privilegium,
3225 693 3282 746 et
3305 689 3628 763 primatum

1981 775 2039 830 in
2072 775 2370 848 Hispaniis
2402 793 2464 832 se
2493 777 2543 833 ei
2575 777 2838 833 conferre
2859 777 3145 848 declarat,
3181 778 3253 834 ad
3293 778 3352 834 id
3373 773 3630 853 precibus

1981 864 2240 936 [Ide/onst
2288 867 2433 936 regis
2507 865 2810 933 excitatus,
2887 867 2959 922 ob
3018 867 3290 941 antiquas
3357 867 3626 926 Ecclesia

1981 952 2270 1009 Toletanaa
2301 955 2733 1027 praerogativae.
2767 958 2891 1022 Qua
2921 955 2991 1011 de
3011 973 3072 1012 re
3103 973 3219 1012 non
3240 973 3436 1031 regem
3450 959 3627 1015 modo

1981 1046 2083 1097 aut
2111 1042 2411 1115 Hugonem
2443 1044 2733 1114 abbatem,
2767 1045 2868 1100 sed
2891 1045 3066 1101 etiam
3092 1046 3396 1104 universos
3416 1047 3627 1121 Hispa-

1982 1132 2213 1187 niarum
2237 1133 2704 1206 archiepiscopos
2735 1135 3009 1191 certiores
3044 1135 3194 1191 fecit.
3230 1135 3476 1193 Litteras
3493 1151 3628 1192 vero

1981 1237 2128 1292 quas
2159 1220 2340 1292 hujus
2370 1220 2449 1276 rei
2482 1237 2660 1277 causa
2717 1221 2953 1294 scripsit
2997 1222 3277 1295 pontifex,
3306 1223 3415 1280 etsi
3472 1223 3630 1280 notis

1980 1307 2410 1381 chronologicis
2455 1314 2708 1376 careant,
2761 1311 2832 1364 ad
2881 1311 3039 1366 hunc
3088 1326 3310 1367 annum
3341 1305 3630 1387 pertinere

1980 1415 2152 1454 nemo
2183 1415 2294 1453 non
2352 1398 2526 1455 videt.
2586 1399 2960 1454 Praemissum
3011 1399 3299 1456 Toletanis
3360 1400 3629 1458 Ecclesia:

1981 1486 2345 1559 privilegium
2378 1487 2435 1542 in
2467 1487 2799 1560 Appendice
2831 1487 3026 1544 locum
3077 1488 3336 1557 habebit,
3393 1489 3544 1550 sicut
3567 1495 3631 1560 et

1979 1576 2236 1648 Gregorii
2270 1576 2338 1632 IX
2367 1577 2438 1631 de
2466 1577 2668 1632 eadem
2702 1592 2761 1632 re
2792 1575 3140 1650 rescriptum
3171 1579 3244 1634 ad
3277 1578 3627 1635 Rodericum

1977 1665 2320 1720 Toletanum
2355 1666 2884 1739 archiepiscopum,
2919 1667 3018 1739 qui
3054 1666 3491 1740 privilegiorum
3521 1667 3626 1723 Ec-

209 1756 346 1810 4135
376 1754 647 1810 revocari
675 1754 869 1822 debet,
890 1758 953 1809 ut
977 1754 1202 1826 putavit
1221 1751 1652 1821 Sandovallius,
1675 1757 1776 1808 aut
1795 1754 1945 1855 adB
1978 1753 2164 1808 clesize
2196 1771 2315 1809 suae
2346 1753 2701 1826 exemplaria
2733 1773 2842 1812 sua
2872 1755 3213 1812 authentica
3241 1756 3315 1812 ab
3337 1772 3402 1813 eo
3431 1755 3628 1830 ponti-

203 1842 501 1900 Paschah's
538 1842 586 1898 Il
617 1842 1049 1915 pontificatum,
1080 1847 1146 1898 ut
1164 1843 1357 1898 visum
1392 1845 1481 1897 est
1511 1842 1618 1914 piae
1643 1857 1861 1898 memo-

201 1933 293 1988 riae
322 1930 618 1989 cardinali
649 1932 854 2004 Aguiri
887 1931 1106 1988 ordinis
1151 1931 1510 1988 Benedictini
1541 1931 1861 2004 splendori,

199 2023 337 2093 quid
360 2021 511 2076 illud
545 2038 684 2077 cum
720 2020 1021 2077 Palentino
1051 2021 1107 2076 in
1131 2037 1271 2093 quo,
1299 2024 1366 2075 ut
1393 2019 1610 2092 legitur
1638 2021 1697 2074 in
1731 2020 1863 2075 Vita

199 2111 348 2167 beati
379 2109 645 2178 Geraldi,
678 2110 989 2166 recitatum
1021 2110 1132 2165 fuit
1165 2109 1574 2165 Braccarensis
1596 2108 1861 2165 Ecclesia)

198 2199 598 2274 privilegium,
631 2199 932 2255 confudit:
953 2200 1052 2254 sed
1077 2215 1231 2254 anno
1259 2200 1395 2254 1088
1415 2199 1738 2264 desinente,
1762 2202 1865 2253 aut

196 2288 498 2362 sequentis
529 2288 698 2344 initio
730 2287 1090 2344 celebratum
1124 2288 1307 2344 fuisse
1339 2287 1451 2342 dici
1484 2288 1672 2343 debet.
1715 2287 1860 2343 Nam

196 2379 395 2435 Petrus
424 2378 634 2445 abbas,
665 2377 772 2449 qui
803 2377 934 2448 ejus
958 2376 1189 2455 concilii
1218 2380 1501 2450 tempore,
1534 2380 1636 2432 aut
1655 2375 1860 2432 saltem

194 2469 390 2523 statim
421 2467 880 2539 atque'ﬁnitum
915 2467 1042 2532 fuit,
1105 2468 1386 2522 lriensem
1419 2465 1736 2521 Ecclesium
1767 2481 1861 2520 oc-

195 2555 447 2629 cupavit,
484 2559 624 2628 post
657 2556 810 2611 duos
850 2554 1155 2628 regiminis
1211 2571 1398 2611 annos
1455 2559 1864 2610 exauctoratus

198 2645 313 2700 fuit
336 2663 373 2700 a
407 2644 660 2701 Renerio
689 2643 886 2716 legato
919 2643 1074 2700 sedis
1125 2642 1476 2716 apostolicae,
1510 2643 1567 2698 in
1619 2641 1865 2700 concilio

201 2733 761 2807 Legionensi,'quod
785 2750 857 2788 ex
889 2733 1151 2788 omnium
1206 2749 1495 2789 consensu
1543 2749 1696 2789 anno
1728 2732 1857 2788 1091

202 2821 541 2895 consignari
571 2822 1081 2892 debet.'Ejusdem
1113 2822 1322 2878 veteris
1355 2823 1722 2878 monumenti
1761 2839 1868 2894 ope

215 2910 902 2966 multumillustrantur
945 2909 1170 2982 aliquot
1218 2910 1432 2965 Urbani
1479 2909 1756 2982 epistolae,
1809 2911 1870 2966 in

211 3000 434 3071 quibus
464 2999 726 3072 pontifex
774 2998 1148 3054 vehementer
1175 2999 1553 3072 conqueritur
1582 3000 1734 3072 apud
1777 2999 1874 3055 Al-

215 3089 449 3144 fonsum
484 3105 704 3160 regem,
737 3088 811 3144 de
842 3087 1175 3160 captivitate
1204 3090 1443 3160 episcopi
1469 3091 1650 3144 sancti
1664 3089 1872 3155 Jacobi,

215 3193 277 3231 ac
308 3177 379 3233 de
405 3178 674 3248 ejusdem
710 3176 1020 3249 illegitima
1049 3179 1539 3243 exeuctoratione,
1572 3197 1606 3232 a
1636 3177 1878 3234 Richar-'
1900 3161 1942 3228 C

211 3266 284 3320 do
315 3271 524 3322 contra
555 3265 796 3338 regulas
827 3270 1128 3322 attentala.
1163 3267 1308 3322 Hinc
1358 3267 1534 3322 etiam
1585 3267 1871 3324 discimus

211 3370 314 3409 cur
343 3355 641 3422 Urbanus,
677 3354 877 3411 ablata
908 3354 1206 3412 Richardo-
1221 3355 1532 3428 legatione,
1554 3356 1709 3412 vices
1733 3373 1872 3412 suas

211 3442 268 3498 in
299 3444 589 3517 Hispania
619 3443 918 3500 Bernardo
948 3443 1224 3501 Toletano
1255 3444 1506 3500 antistiti
1556 3445 1872 3502 commise-

206 3535 300 3588 rit.
335 3537 553 3589 Czetera
585 3533 711 3589 suis
743 3531 888 3589 locis
918 3537 1298 3605 exponentur.

272 3622 421 3679 Cum
448 3621 653 3694 itaque
686 3621 779 3677 his
800 3620 990 3678 turbis
1010 3621 1276 3677 Ecclesiae
1301 3621 1552 3678 Gallicis:
1584 3623 1871 3695 agitaren-

201 3714 323 3778 tur,
381 3711 721 3766 Bernardus
780 3712 900 3782 iam
951 3716 1328 3767 consecratus
1399 3711 1582 3767 Toleti
1643 3713 1867 3785 episco-

204 3816 340 3871 pus,
369 3805 439 3856 ut
487 3798 752 3873 plerique
808 3798 1163 3868 existimant,
1219 3801 1374 3872 quod
1432 3800 1668 3872 quidem
1720 3802 1867 3856 veri-

203 3888 468 3944 similius
493 3891 604 3956 est,
637 3891 741 3944 aut
787 3891 942 3944 certe
970 3886 1342 3945 solummodo
1374 3889 1444 3943 ad
1485 3888 1637 3945 hanc
1667 3890 1866 3946 sedem

201 3977 577 4049 designatus,
641 3977 716 4043 si,
775 3980 841 4032 ut
896 3976 994 4032 alii
1053 3975 1276 4040 volunt,
1332 3994 1533 4032 verum
1595 3979 1674 4033 sit
1730 3995 1864 4034 eum

200 4065 275 4121 ab
339 4066 600 4132 Urbano,
654 4066 813 4137 quod
873 4067 998 4138 ipse
1051 4082 1377 4138 numquam
1436 4067 1602 4132 dixit,
1661 4084 1864 4124 conse-

200 4160 435 4212 cratum
495 4154 700 4223 fuisse,
781 4155 1028 4210 Romam
1084 4155 1244 4211 venit
1299 4155 1582 4212 adversus
1625 4155 1864 4212 Richar-

197 4244 369 4310 dum,
432 4243 483 4300 si
545 4243 827 4300 Roderico
885 4244 1160 4300 Toletano
1221 4244 1550 4311 credamus,
1611 4262 1863 4318 conque-

198 4337 432 4400 sturus,
481 4330 592 4398 vel,
628 4337 692 4387 ut
721 4331 856 4387 aliis
899 4332 1110 4404 placet,
1166 4333 1238 4388 ad
1287 4332 1575 4389 visitanda
1630 4338 1861 4406 aposto-

199 4418 398 4477 lorum
455 4419 681 4486 limina,
715 4426 773 4476 et
803 4424 867 4475 ut
915 4421 1197 4494 obsequia
1244 4438 1353 4476 sua
1381 4439 1526 4479 novo
1581 4421 1859 4495 pontifici,

1977 1842 2081 1897 tice
2141 1840 2556 1914 postulaverat.
2621 1844 2784 1914 lpsas
2836 1847 3033 1899 autem
3090 1842 3315 1900 litteras
3372 1843 3630 1900 edendas

1972 1930 2365 2002 relinquimus
2381 1931 2673 1987 laborioso
2695 1924 3038 2004 eruditoque
3061 1933 3492 2005 pontificiarum
3513 1931 3630 2008 epi-

1977 2019 2259 2074 stolarum
2293 2019 2607 2091 collectori,
2655 2035 2726 2075 ne
2759 2020 3002 2092 repetita
3033 2021 3250 2094 saepius
3287 2022 3629 2078 earumdem

1973 2126 2170 2164 rerum
2203 2108 2457 2165 editione
2479 2107 2751 2165 litteratis
2777 2107 3057 2167 librorum
3080 2109 3446 2184 emptoribus
3467 2110 3630 2169 oneri

1974 2215 2184 2253 31111118.

1970 2286 2218 2342 XXXIII.
2273 2287 2525 2343 Artaldu-s
2555 2288 2873 2344 Helenen-sis
2903 2289 2970 2344 ab
2999 2289 3212 2346 Urbano
3255 2291 3620 2346 consecratur.

2044 2375 2297 2431 Emersit
2316 2375 2471 2430 circa
2498 2374 2645 2431 illud
2677 2381 2912 2448 tempus
2941 2377 3541 2454 graviscontroversia
3561 2377 3622 2433 in

1972 2465 2269 2537 provincia
2291 2465 2652 2520 Narbonensi
2682 2465 2833 2521 inter
2855 2465 3160 2522 Artaldum
3189 2465 3442 2522 electum
3463 2465 3624 2524 Hele-

1975 2569 2216 2610 nensem
2248 2553 2586 2626 episcopum
2618 2559 2675 2610 et
2703 2554 3057 2612 Dalmatium
3079 2555 3209 2627 ejus
3229 2545 3623 2629 metropolita-

1975 2660 2140 2709 num,
2174 2643 2275 2715 qui
2307 2659 2440 2698 enm
2467 2645 2540 2699 ob
2557 2644 2825 2700 Simonis:
2845 2644 3242 2718 suspicionem
3280 2637 3623 2718 consecrare

1976 2732 2279 2788 renuebat.
2307 2730 2583 2787 Artaldus
2614 2733 2764 2788 hanc
2799 2733 3094 2806 repulsam
3141 2750 3355 2807 passus
3383 2733 3628 2804 Romam

1980 2822 2142 2888 adiit,
2203 2821 2402 2893 ibique
2450 2822 2707 2894 praestita
2765 2827 3129 2879 sacramento
3187 2826 3496 2897 purgatus,
3554 2821 3630 2899 ab

1981 2911 2214 2965 Urbano
2237 2911 2363 2982 ipso
2377 2915 2750 2966 consecratus
2779 2915 2886 2968 est.
2912 2912 2971 2967 ld
3001 2911 3213 2981 fusius,
3236 2911 3321 2968 uti
3343 2911 3632 2984 conjicere

1983 2999 2136 3066 licet,
2167 2999 2524 3070 descriptum
2559 3003 2682 3054 erat
2710 3000 2769 3054 in
2801 2999 3019 3057 Urbani
3051 3000 3265 3070 Gestis,
3302 3017 3372 3056 ex
3414 2999 3631 3074 quibus

1985 3105 2264 3143 canoncm
2286 3088 2560 3143 Artaldus
2593 3088 2652 3143 in
2685 3106 2861 3144 suum
2893 3089 3190 3145 decretum
3209 3089 3522 3145 Gratianus
3550 3089 3634 3144 in-

1981 3178 2131 3232 vexit
2153 3180 2206 3243 8,
2240 3193 2294 3247 q.
2326 3177 2384 3245 3,
2417 3194 2465 3231 c.
2499 3179 2555 3244 2,
2588 3177 2686 3231 ubi
2720 3177 2815 3233 ille
2863 3177 3163 3242 mendose,
3213 3177 3299 3232 uti
3342 3177 3631 3246 dicemus,

1981 3268 2259 3338 cpiscopus
2314 3266 2644 3320 Arelatensis
2720 3265 3063 3337 appellatur.
3126 3266 3206 3321 De
3265 3283 3381 3339 quo
3439 3281 3633 3322 errore

1981 3372 2114 3410 cum
2150 3354 2244 3408 hic
2276 3371 2459 3408 canon
2494 3354 2565 3409 ad
2592 3353 2890 3408 Urbanum
2914 3359 3182 3410 nostrum
3205 3339 3634 3426 spectet,juvat

1982 3443 2074 3499 hic
2107 3442 2280 3515 paulo
2312 3442 2641 3497 accuratius
2671 3441 2987 3514 inquirere.
3012 3442 3358 3499 Franciscus
3378 3443 3634 3514 Bosque-

1982 3537 2075 3587 tus
2099 3531 2338 3587 meritos
2369 3531 2741 3603 reprehendit
2770 3530 3030 3587 Gratiani
3051 3530 3323 3599 editores,
3357 3531 3510 3604 quod
3522 3548 3630 3608 pro

1979 3621 2328 3691 Arelatensis,
2390 3619 2700 3693 legendum
2750 3635 2878 3676 esse
2925 3621 3218 3676 Electmis
3271 3617 3628 3688 censuerint,

1979 3727 2136 3778 cum,
2173 3710 2382 3781 inquit,
2409 3714 2634 3765 certum
2659 3709 2736 3764 sit
2764 3709 3125 3766 Electensem
3155 3708 3494 3779 Ecclesium,
3518 3697 3630 3766 etsi

1977 3799 2339 3855 Narbonensi
2391 3799 2697 3871 provinciae
2747 3799 2819 3855 ab
2868 3799 3034 3855 initio
3093 3799 3440 3871 subjectam,
3494 3803 3629 3856 ante

1975 3887 2220 3944 Joannis
2249 3885 2397 3943 XXII
2451 3891 2718 3960 tempora
2772 3887 3090 3961 episcopali
3139 3887 3309 3945 titulo
3358 3893 3626 3946 ornatam

1977 3991 2092 4031 non
2126 3975 2327 4031 fuisse.
2359 3978 2432 4031 At
2461 3976 2686 4032 caeteris
2709 3975 2929 4032 felicior
2958 3993 3073 4032 non
3105 3976 3217 4032 fuit
3242 3975 3331 4033 vir
3358 3977 3628 4035 eruditus

1974 4063 2034 4118 in
2065 4063 2301 4136 vulgata
2346 4064 2592 4120 lectione
2645 4067 3090 4138 propugnanda,
3147 4081 3330 4138 quam
3387 4066 3623 4124 retineri

1975 4152 2182 4208 debere
2211 4153 2531 4224 contendit,
2566 4159 2630 4210 ut
2659 4154 2794 4210 inde
2824 4155 3096 4227 probaret
3122 4155 3488 4213 Arelatenses
3508 4143 3629 4230 epi-

1973 4257 2181 4314 scopos
2241 4241 2379 4298 olim
2412 4243 2774 4299 Narbonensi
2832 4243 3281 4316 metropolitano
3327 4244 3625 4316 subjectos

1973 4330 2176 4386 fuisse.
2208 4332 2436 4387 Etenim
2466 4349 2569 4387 nec
2598 4331 2953 4389 Arelatensis
2983 4332 3238 4390 Ecclesia
3256 4339 3531 4406 unquam'
3550 4334 3625 4392 ad

1971 4418 2326 4492 provinciam
2358 4424 2459 4475 aut
2489 4421 2804 4493 primatum
2837 4421 3271 4478 Narbonensem
3320 4422 3622 4496 pertinuit,

196 4509 322 4566 sive
379 4509 478 4566 ille
537 4509 711 4568 fuerit
760 4509 974 4576 Victor,
1026 4515 1092 4564 ut
1148 4511 1391 4582 quidam
1451 4510 1676 4577 dicunt,
1741 4511 1861 4568 sive
1893 4529 1939 4594 ι)
1971 4525 2074 4564 nec
2107 4509 2258 4564 inter
2288 4508 2656 4566 Arelatenses
2686 4510 2989 4583 episcopos
3017 4511 3291 4568 Artaldus
3334 4511 3491 4569 ullus
3522 4530 3620 4569 us-

204 4615 517 4656 successor
545 4599 676 4670 ejus
736 4597 1028 4666 Urbanus,
1063 4600 1220 4671 quod
1253 4600 1443 4672 magis
1474 4598 1704 4655 videtur
1756 4618 1859 4655 an-

199 4687 384 4760 tiquis
445 4686 851 4745 monumentis
895 4691 1402 4753 consentaneum,
1459 4688 1742 4745 deferret:
1795 4705 1862 4745 eo

197 4777 376 4832 etiam
406 4777 755 4833 intendebat
787 4779 850 4830 ut
884 4793 954 4832 ea
1008 4777 1314 4832 occasione
1345 4777 1724 4849 antiquorum
1760 4778 1860 4833 Ec-

197 4863 386 4922 clesiae
418 4865 715 4922 Toletanae
747 4864 1184 4938 privilegiorum
1218 4865 1507 4921 obtineret
1537 4865 1858 4922 restitutio-

203 4970 332 5010 nem
361 4975 374 5011 :
405 4956 560 5028 quod
595 4954 795 5026 colligi
830 4958 1042 5026 potest,
1104 4954 1223 5010 imo
1255 4954 1468 5012 diserte
1525 4954 1773 5010 habetur
1803 4956 1860 5010 in

210 5041 421 5098 Urbani
480 5042 770 5116 epistolis.
824 5041 986 5098 Certe
1035 5041 1400 5097 Bernardum
1458 5057 1592 5097 cum
1653 5040 1861 5097 littoris

203 5131 703 5189 commendatitiis
732 5129 954 5186 Alfonsi
980 5129 1133 5204 regis
1161 5130 1491 5186 venientem
1516 5131 1764 5203 benigne
1787 5131 1857 5186 ab

202 5219 426 5279 Urbano
447 5226 764 5294 exceptum
787 5219 970 5276 fuisse
991 5223 1245 5276 testatur
1274 5219 1400 5293 ipse
1427 5219 1582 5275 idem
1601 5218 1860 5291 pontifex

203 5310 258 5366 in
286 5311 534 5384 epistola
565 5311 642 5367 ad
694 5309 968 5365 eumdem
1028 5324 1246 5380 regem,
1307 5309 1409 5380 qui
1467 5308 1526 5364 in
1558 5307 1740 5365 altera
1784 5310 1857 5366 ad

202 5399 496 5474 Hugonem
529 5397 1008 5464 Cluniacensem,
1041 5396 1123 5452 ait
1156 5396 1520 5452 Bernardum
1553 5415 1586 5452 a
1618 5414 1680 5453 se
1709 5414 1855 5454 reve-

199 5499 369 5549 renter
389 5485 588 5549 fuisse
638 5487 949 5558 exceptum,
981 5488 1108 5541 tum
1135 5485 1208 5542 ob
1239 5486 1369 5557 ejus
1401 5485 1859 5542 commendatio-

194 5597 335 5657 nem,
364 5586 503 5642 tum
534 5579 616 5639 ob
647 5575 848 5652 ipsius
883 5573 1198 5648 Bernardi,
1231 5578 1290 5633 et
1338 5573 1500 5635 sedis
1547 5573 1856 5650 Toletanae,

496 5708 790 5780 PATIOL.
831 5700 978 5770 CLI.

1972 4615 2148 4670 quam
2181 4603 2558 4654 memoratur.
2593 4597 2722 4654 Alia
2741 4599 2936 4672 itaque
2957 4599 3243 4656 solvendae
3265 4600 3443 4672 hujus
3466 4601 3620 4656 diffl-

1970 4685 2206 4741 cultatis
2235 4687 2328 4742 via
2359 4687 2617 4742 ineunda
2635 4691 2744 4757 est,
2769 4703 2945 4758 quam
2965 4687 3195 4744 videtur
3214 4687 3504 4744 invenisse
3532 4689 3623 4745 vir

1971 4774 2042 4831 cl.
2071 4773 2403 4846 Stephanus
2436 4775 2706 4831 Baluzius
2738 4777 2795 4830 in
2836 4776 3054 4832 additis
3101 4777 3182 4832 ad
3215 4776 3433 4833 librum
3473 4794 3508 4834 v
3537 4777 3620 4836 De

1970 4863 2280 4920 concordia
2310 4863 2619 4920 sacerdotii
2651 4869 2708 4920 et
2735 4864 2966 4936 imperii
2998 4881 3124 4938 cap.
3151 4865 3238 4936 41,
3289 4866 3388 4922 ubi
3421 4872 3621 4925 monet

1970 4953 2282 5026 legendum
2334 4970 2462 5009 esse
2492 4953 2549 5008 in
2598 4952 2709 5009 hoc
2739 4970 2962 5011 canone
3006 4956 3264 5012 Artaldus
3320 4955 3624 5016 Elenensz':

1971 5044 2272 5115 episcopus,
2302 5041 2643 5098 Helenensis
2675 5042 2890 5117 quippe
2906 5043 3161 5102 Ecclesia
3178 5048 3320 5102 tunc
3335 5046 3617 5120 temporis

1967 5133 2232 5203 subjecta
2253 5136 2377 5187 erat
2398 5131 2701 5205 metropoli
2724 5133 3106 5190 Narbonensi.
3123 5136 3193 5191 Et
3213 5135 3452 5208 quidem
3477 5140 3616 5192 tunc

1966 5220 2192 5277 vivebat
2221 5220 2518 5290 Artaldus,
2552 5222 2650 5294 qui
2683 5221 3026 5279 Elenensem
3061 5225 3257 5281 sedem
3289 5242 3354 5282 eo
3403 5223 3616 5282 saeculo

1967 5309 2268 5366 desinente
2299 5310 2504 5379 tenuit,
2534 5317 2597 5366 ut
2626 5312 3009 5368 conﬁrmatur
3040 5329 3107 5368 ex
3138 5313 3232 5370 bis
3257 5315 3450 5372 verbis
3481 5313 3616 5368 libri

1966 5415 2022 5453 ιν
2054 5398 2258 5454 Marcae
2291 5397 2640 5469 Hispanicae,
2663 5400 2864 5455 Artallz'
2883 5400 3037 5455 electi
3053 5401 3291 5472 episcopi
3305 5401 3618 5458 Helenenszs

1965 5489 2173 5542 "lentio
2202 5487 2265 5557 ﬁt
2295 5503 2350 5542 v1
2379 5487 2512 5544 Idus
2541 5489 2693 5555 Maii,
2735 5504 2881 5543 anno
2910 5489 2981 5541 27
3035 5496 3306 5558 regnante
3358 5487 3616 5559 Philippo

1964 5590 2112 5652 rege.
2145 5575 2254 5644 Qui
2286 5575 2526 5654 quidem
2587 5575 2840 5656 Philippi
2870 5592 3062 5634 annus
3111 5575 3161 5632 si
3192 5594 3230 5634 a
3278 5576 3461 5657 patris
3489 5575 3620 5648 eju's
