3958 6224
401 326 483 391 43
1707 329 1780 392 Β.
1823 328 2011 394 UBBA

2189 331 2214 394 Ι
2257 329 2513 394 ΡΑΡΛΕ.
3718 329 3789 394 α

395 463 558 519 obitu
588 465 980 535 computetur,
1013 462 1086 518 ad
1117 477 1339 519 annum
1373 463 1512 518 1088
1549 463 1802 520 revocari
1847 464 2036 534 debet,
2067 464 2124 534 Α
2153 465 2543 522 monasticam
2577 481 2692 521 non
2724 463 2972 520 obscure
3001 461 3251 521 alterum
3310 461 3666 538 baptismum
3697 481 3790 540 ap-

396 569 514 624 quo
545 551 738 624 reipsa
764 551 1066 608 Artaldum
1098 551 1348 608 electum
1380 551 1561 610 fuisse
1618 553 1934 616 credimus.
1995 557 2053 609 et

400 641 514 698 sub
545 641 814 713 ejusdem
845 641 983 698 anni
1031 641 1211 698 ﬁnem
1243 642 1462 709 Roma,
1524 658 1640 714 quo
1671 645 1808 715 post
1860 642 2056 698 varias

399 729 908 806 peregrinationes
946 731 1074 803 jam
1106 731 1360 787 redierat
1389 731 1682 800 Urbanus,
1741 748 2046 787 consecra-

399 821 550 875 tum.
587 819 814 875 Laudat
859 819 1014 875 idem
1047 818 1318 876 Baluzius
1349 820 1498 875 duos
1527 819 1755 876 codices
1793 824 2054 876 vetustos

404 925 517 964 ms.
545 926 558 964 :
594 925 779 964 unum
813 907 1036 964 scilicet
1065 908 1410 976 Puteanum,
1445 908 1544 981 qui
1575 925 1734 964 nunc
1775 912 1966 965 exstat
1993 908 2054 963 in

407 995 762 1053 Bibliotheca
792 997 972 1069 regia,
1002 1001 1059 1052 et
1089 997 1334 1053 alterum
1363 1011 1534 1070 quem
1560 1015 1738 1071 penes
1760 1014 1821 1054 se
1843 1001 2054 1065 servat,

407 1085 470 1142 in
501 1086 718 1155 quibus
747 1086 842 1142 hic
872 1086 1106 1154 dicitur,
1139 1087 1407 1144 Artaldus
1436 1086 1726 1142 Alanensis
1753 1087 2056 1160 episcopus,

365 1235 382 1250 ο
412 1191 539 1248 qua
586 1174 756 1231 lectio
805 1175 914 1231 etsi
965 1176 1270 1240 mendosa,
1329 1175 1620 1232 sinceram
1653 1179 1844 1232 tamen
1879 1191 2058 1248 quam

412 1280 852 1338 propugnamus
873 1265 1199 1321 confirmat.
1223 1264 1325 1320 His
1342 1265 1490 1320 adde
1515 1264 1729 1321 Urbani
1753 1263 2059 1337 epistolam

415 1369 570 1410 anno
600 1353 865 1426 sequenti
897 1354 1176 1427 scriptam
1208 1354 1279 1410 ad
1329 1353 1680 1427 Raynerium
1733 1352 2060 1426 apostolica

415 1443 572 1500 sedis
598 1441 879 1516 legatum,
909 1461 1027 1516 qua
1056 1443 1314 1516 pontifex
1344 1443 1394 1497 ei
1427 1457 1664 1497 causam
1697 1441 2062 1504 bauddubio

401 1532 614 1597 'istam,
657 1549 784 1604 qua
815 1531 969 1587 inter
996 1531 1335 1605 episcopum
1367 1529 1712 1586 Elenensem
1759 1533 1818 1586 et
1843 1531 2062 1586 Narbo-

416 1634 660 1674 nensem
691 1618 1207 1689 metropolitanum
1238 1617 1598 1685 versabatur,
1631 1617 2062 1675 discutiendam

419 1705 750 1762 committit.
783 1707 887 1762 Hic
934 1705 1298 1763 exhibendas
1357 1708 1446 1761 est
1499 1705 1662 1762 locus
1719 1707 1944 1778 integer
1997 1723 2067 1762 ex

421 1796 650 1851 decreto
693 1795 977 1861 Gratiani,
1029 1811 1163 1850 cum
1221 1794 1378 1850 Gesta
1442 1796 1649 1852 Urbani
1700 1796 1947 1866 secundi,
1997 1811 2067 1851 ex

405 1873 638 1958 ’quibus
684 1883 780 1940 hic
837 1901 1019 1940 canon
1070 1884 1452 1958 depromptus
1482 1883 1713 1954 dicitur,
1748 1885 1920 1941 modo
1951 1901 2066 1941 non

419 1973 766 2030 habeantur.

419 2083 548 2140 Post
577 2079 912 2148 electionem,
942 2097 1042 2153 pro
1071 2079 1439 2153 indemnitate
1468 2080 1738 2147 Ecclesia,
1760 2081 1884 2138 licet
1902 2081 2070 2138 electo

653 2151 1031 2225 juramentiim
1054 2155 1324 2224 prtestare
1353 2152 1370 2223 (
1401 2151 1455 2219 8,
1489 2168 1546 2224 q.
1573 2153 1628 2220 3,
1661 2169 1713 2210 c.
1742 2153 1820 2223 2).

491 2242 768 2299 Artaldus
798 2241 1153 2298 Arelatensis
1181 2241 1320 2313 [lege
1339 2239 1699 2315 Helenensis]
1738 2240 2066 2316 episcopus,

422 2328 820 2388 Narbonensis
849 2329 1115 2386 Ecclesia
1145 2329 1573 2402 suti'raganeus,
1599 2330 1842 2386 Romam
1867 2347 2068 2386 conse-

425 2421 678 2478 crandus
707 2421 778 2476 ad
811 2418 1115 2475 dominum
1146 2417 1445 2474 Urbanum
1479 2435 1690 2492 papam
1712 2419 1891 2488 venit,
1925 2436 2070 2476 suus

422 2509 639 2583 quippe
693 2507 1166 2582 archiepiscopus
1223 2523 1357 2564 eum
1417 2523 1755 2564 consecrare
1812 2506 2068 2577 nolebat,

421 2598 700 2672 quoniam
734 2602 866 2670 post
895 2597 1234 2652 electionem
1258 2613 1426 2652 suam
1450 2599 1686 2668 propter
1706 2596 1860 2652 bona
1882 2595 2071 2652 Eccle-

423 2685 522 2742 sia
579 2685 976 2742 conservanda
1031 2684 1329 2740 canonicis
1379 2684 1621 2757 juravit.
1682 2683 2072 2742 Consecratus

420 2775 618 2848 itaque
649 2777 738 2830 est
765 2791 798 2830 a
827 2772 1065 2829 domino
1119 2789 1271 2846 papa
1315 2773 1570 2840 Urbano,
1602 2777 1736 2828 ante
1786 2777 2073 2846 purgatus

419 2863 1128 2937 hujusmodijuramento.
1153 2885 1181 2912 «
1206 2862 1286 2918 De
1301 2863 1640 2935 juramento
1662 2861 1818 2934 quod
1841 2861 2076 2918 canoni-

421 2953 507 3008 cis
534 2955 746 3008 nostra
801 2949 1067 3007 Ecclesia
1101 2949 1206 3006 feci
1238 2953 1371 3022 post
1427 2949 1794 3019 electionem,
1845 2949 2072 3006 nullam

420 3035 860 3097 eonventionem
919 3043 1055 3095 ante
1087 3041 1152 3095 ut
1207 3037 1452 3111 eligerer
1498 3039 1626 3094 feci.
1677 3038 2072 3096 Narbonensis

418 3146 553 3187 vero
576 3129 1053 3202 archiepiscopus
1075 3126 1298 3184 nullius
1309 3127 1589 3201 praterid
1611 3127 1876 3184 criminis
1897 3143 2076 3184 causa

2161 552 2358 626 pellat.

2160 659 2376 716 XXXV.
2435 661 3020 744 Magalonaneptscopi
3073 659 3316 744 speciali
3362 661 3494 734 jure
3555 658 3795 734 pontiﬁci

2732 731 2969 789 Romano
2996 731 3244 805 subjecti.

2235 821 2431 876 Mense
2463 821 2728 893 sequenti
2764 820 3023 894 pontifex
3053 821 3367 877 Gotofredo
3411 820 3676 894 episcopo
3701 821 3795 877 Ec-

2164 907 2404 964 clesiam
2435 908 2914 982 Magalonensem
2944 925 3081 966 cum
3111 909 3394 966 comitatu
3441 908 3794 966 Substantio-

2165 998 2331 1053 nensi
2359 998 2746 1070 confirmavit,
2790 997 3001 1054 litteris
3033 1014 3102 1054 ea
3133 999 3203 1054 de
3235 1014 3296 1054 re
3325 997 3437 1054 hoc
3467 1014 3615 1054 anno
3660 997 3799 1054 datis

2166 1087 2362 1142 Roma
2391 1104 2487 1142 χιχ
2521 1086 2807 1144 Kalendas
2834 1086 3120 1143 Januarii.
3153 1086 3270 1142 Cur
3297 1103 3435 1144 vero
3463 1091 3602 1143 tunc
3639 1085 3798 1142 Goto-

2168 1175 2329 1231 fredo
2362 1176 2691 1232 necessaria
2721 1175 2895 1232 fuerit
2923 1175 3192 1232 Ecclesia
3222 1175 3651 1250 Magalonensis
3677 1191 3798 1230 con-

2169 1263 2442 1329 firmatio,
2475 1265 2576 1337 qui
2625 1263 2809 1322 multo
2867 1269 3184 1338 antequam
3240 1264 3510 1322 Urbanus
3564 1263 3802 1338 pontifex

2169 1353 2354 1419 fieret,
2385 1353 2537 1408 banc
2568 1355 2767 1409 sedem
2799 1354 3153 1422 obtinuerat,
3180 1352 3466 1410 discimus
3487 1369 3556 1409 ex
3573 1351 3801 1408 Antonio

2171 1442 2242 1496 de
2272 1441 2538 1510 Verdala,
2570 1443 2837 1515 ejusdem
2887 1442 3154 1499 Ecclesia
3185 1441 3481 1516 episcopo,
3513 1440 3572 1497 in
3623 1439 3802 1496 libello

2173 1531 2252 1586 De
2265 1533 2412 1586 serie
2425 1531 2829 1604 episcoporum
2845 1531 3347 1604 Magalonensium
3361 1529 3802 1604 apudLabbeum

2173 1624 2333 1674 tomo
2366 1620 2386 1674 Ι
2418 1619 2783 1675 Bibliotheca
2814 1637 2995 1688 nova,
3030 1620 3129 1674 ubi
3163 1618 3258 1674 ille
3288 1623 3495 1675 auctor
3521 1618 3692 1674 refert
3711 1621 3803 1672 Pe-

2175 1713 2332 1763 trum
2382 1707 2642 1781 Melgorii
2675 1709 2948 1764 comitem
2983 1725 3136 1764 anno
3168 1709 3312 1764 1085
3366 1705 3636 1764 Kalendis
3683 1705 3804 1762 Maii

2175 1797 2406 1852 dedisse
2438 1796 2714 1868 Gregorio
2743 1797 2844 1854 VII
2896 1797 3157 1870 pontifici
3220 1797 3484 1853 Romano
3504 1797 3606 1868 jus
3650 1811 3806 1851 omne

2175 1885 2328 1958 quod
2355 1884 2691 1952 habebat,in
2713 1886 3050 1959 episcopatu
3067 1883 3670 1959 Magalonensi,simul
3687 1899 3806 1939 cum

2177 1975 2454 2030 comitatu
2486 1977 2562 2030 Su
2575 1975 2996 2031 hstantionensi
3046 1975 3106 2030 in
3146 1991 3362 2032 manus
3391 1973 3539 2048 petri
3570 1971 3808 2045 episcopi

2174 2062 2542 2132 Albanensis,
2597 2049 2756 2118 sedis
2813 2062 3142 2136 apostolica
3202 2063 3401 2136 legati,
3435 2066 3494 2120 et
3538 2059 3810 2119 Gotofredi

2177 2153 2442 2224 ejusdem
2476 2151 2738 2207 Ecclesia
2761 2153 2889 2224 jam
2934 2156 3074 2208 tunc
3121 2151 3404 2226 episcOpi.
3436 2153 3507 2208 At
3553 2149 3808 2224 pontifex,

2177 2245 2415 2314 accepta
2446 2241 2776 2308 donatione,
2810 2239 3152 2296 comitatum
3183 2241 3354 2297 Petro
3408 2241 3651 2313 ejusque
3692 2254 3808 2294 suc-

2177 2329 2508 2386 cessoribus
2540 2331 2599 2384 in
2626 2329 2852 2402 [cadum
2881 2329 3136 2386 reddidit
3161 2330 3261 2385 sub
3317 2337 3657 2387 sacramento
3687 2327 3805 2396 ﬁde-

2183 2418 2361 2474 litatis
2389 2422 2440 2475 et
2459 2435 2622 2474 censu
2651 2434 2837 2474 annuo
2863 2419 3035 2474 unius
3081 2420 3262 2474 uncia
3305 2421 3442 2476 auri
3467 2419 3697 2491 optimi;
3717 2417 3807 2488 jus

2178 2523 2314 2564 vero
2359 2524 2552 2576 omne,
2589 2508 2744 2580 quod
2787 2506 3109 2580 apostolica
3155 2507 3324 2564 sedes
3355 2508 3466 2564 hac
3519 2505 3812 2564 donatione

2180 2597 2556 2670 acquisierat,
2608 2596 2927 2652 transfudit
2985 2596 3044 2651 in
3075 2596 3479 2665 Gotofredum,
3537 2595 3638 2670 qui
3663 2612 3728 2653 ex
3754 2609 3811 2650 eo

2179 2689 2442 2758 tempore
2471 2686 2624 2742 vices
2669 2684 2964 2758 pontiﬁcis
2992 2701 3061 2742 ea
3109 2685 3170 2742 in
3201 2701 3262 2742 re
3291 2685 3572 2759 obtinuit,
3617 2689 3675 2741 et
3697 2683 3812 2755 ejus

2181 2773 2438 2830 Ecclesia
2463 2775 2566 2830 sub
2588 2775 2816 2846 speciali
2846 2775 3100 2832 Romana
3117 2774 3259 2832 sedis
3272 2775 3447 2832 tutela
3467 2774 3656 2848 posita
3682 2771 3810 2828 fuit:

2182 2863 2336 2920 unde
2355 2864 2597 2920 comites
2619 2861 3177 2920 Substantionenses
3195 2862 3694 2937 Magalonensium
3713 2858 3815 2933 epi-

2181 2969 2491 3026 scoporum
2547 2952 2680 3008 facti
2727 2957 2868 3010 sunt
2918 2952 3249 3023 feudatarii,
3283 2957 3346 3010 et
3401 2952 3514 3026 ipsi
3573 2945 3812 3024 episcopi

2181 3041 2462 3098 Romanis
2494 3041 2870 3115 pontificibus
2899 3041 3230 3115 specialiter
3274 3041 3494 3098 addicti
3549 3040 3810 3096 fuerunt:

2182 3145 2310 3202 qua
2332 3130 2530 3186 omnia
2545 3129 2683 3186 huic
2704 3128 3167 3186 conﬁrmationis
3187 3128 3362 3186 bulla
3385 3130 3458 3188 de
3470 3146 3586 3203 qua
3602 3126 3813 3201 agimus

421 3219 920 3276 consecrationem
951 3221 1213 3274 nostram
1236 3217 1457 3281 omisit,
1488 3233 1581 3273 me
1611 3217 1850 3286 sciente,
1883 3233 2072 3291 neque
2102 3202 2146 3270 C
2184 3218 2377 3275 locum
2409 3219 2729 3292 prabuere.
2778 3218 2952 3275 Porro
2972 3217 3317 3275 Gotofredus
3370 3202 3572 3292 postea
3615 3212 3814 3271 multas

422 3308 566 3365 mihi
589 3307 856 3366 criminis
887 3307 1168 3366 consoius
1201 3322 1335 3363 sum
1368 3309 1604 3378 propter
1649 3306 1803 3378 quod
1835 3323 1871 3362 ι
1915 3322 2082 3364 sacra

432 3394 528 3455 me
557 3397 831 3454 unctione
862 3398 1010 3470 (mss.
1035 3413 1070 3452 a
1100 3395 1426 3453 sacerdotio
1457 3395 1570 3466 me]
1601 3393 1861 3468 repellat.
1893 3417 1924 3447 »δ

492 3492 706 3546 Contra
734 3487 886 3544 hanc
917 3485 1347 3542 ordinationem
1398 3485 1841 3542 Narbonensem
1887 3484 2084 3542 archi-

419 3578 761 3651 episcopum
817 3575 1169 3632 reclamasse
1235 3574 1521 3630 discimus
1569 3590 1639 3628 ex
1695 3573 1947 3646 epistola
2007 3587 2082 3644 ad

441 3666 794 3741 Reynerium
849 3665 1026 3719 modo
1083 3662 1366 3718 laudata:
1425 3679 1602 3734 quem
1657 3667 1855 3720 tamen
1912 3681 2092 3723 causa

436 3755 721 3814 cecidisse
750 3755 910 3825 patet
929 3757 1054 3807 tum
1084 3767 1152 3807 ex
1182 3750 1294 3806 isto
1324 3767 1564 3819 canone,
1597 3755 1722 3807 tum
1755 3768 1823 3808 ex
1842 3769 1909 3810 eo
1929 3755 2086 3826 quod

414 3843 693 3902 Artaldus
723 3841 1047 3897 Ecclesium
1083 3837 1474 3896 Helenensem
1509 3840 1607 3896 diu
1641 3844 1846 3913 postea
1897 3843 2090 3915 quiete

415 3933 651 4004 rexerit,
675 3929 973 4002 variisque
1005 3927 1296 3996 conciliis,
1328 3942 1394 3983 ac
1426 3927 1800 4002 potissimum
1829 3931 2085 3988 Nemau-

415 4023 602 4089 sensi,
655 4020 756 4076 ubi
785 4035 1045 4091 prasens
1078 4021 1205 4074 erat
1254 4017 1378 4090 ipse
1430 4019 1714 4090 pontifex,
1761 4018 1915 4076 inter
1941 4020 2088 4081 alios

413 4109 732 4168 catholicos
762 4105 1074 4164 antistites
1104 4106 1460 4176 interfuerit,
1495 4110 1561 4162 ut
1591 4107 1798 4181 probat
1816 4107 2089 4169 Baluzius

411 4199 557 4257 locis
615 4195 890 4255 laudatis.
957 4195 1141 4252 Porro
1201 4195 1513 4253 Elenensis
1568 4212 1670 4252 seu
1748 4198 2086 4258 Helenensis

413 4289 786 4364 episcopatus
845 4285 1022 4342 sedes
1051 4287 1187 4358 post
1217 4285 1406 4341 varias
1437 4285 1723 4354 fortunas,
1754 4303 1902 4360 quas
1931 4287 2085 4346 idem

415 4378 689 4435 Baluzius
722 4373 1005 4432 describit
1037 4374 1096 4429 in
1132 4372 1285 4430 notis
1309 4373 1380 4429 ad
1413 4373 1780 4446 Gratianum,
1803 4377 2090 4435 translata

415 4465 856 4540 Perpiuianum,
891 4463 1135 4518 tandem
1169 4465 1303 4518 ante
1333 4461 1559 4535 aliquot
1607 4479 1793 4520 annos
1819 4484 1853 4522 a
1880 4469 2084 4524 Tarra-

2189 3307 2468 3365 ecclesias
2498 3311 2557 3364 et
2602 3308 3005 3380 possessiones
3033 3324 3155 3364 sua
3210 3305 3482 3364 Ecclesia
3538 3299 3814 3362 canonicis

2191 3390 2457 3462 contulit,
2490 3401 2555 3452 ut
2581 3413 2682 3453 eos
2719 3396 2792 3452 ad
2821 3396 3004 3453 vitam
3037 3411 3436 3465 communem,
3484 3398 3543 3452 et
3571 3389 3814 3466 regulam

2192 3486 2380 3544 sancti
2410 3485 2722 3560 Augustini
2745 3483 3213 3559 amplectendam
3235 3485 3528 3542 incitaret.
3551 3483 3673 3548 Qua
3692 3481 3748 3535 in
3767 3491 3818 3533 re

2193 3575 2536 3633 auctoritate
2567 3573 2784 3631 Urbani
2817 3574 3088 3647 adiutum
3121 3573 3303 3630 fuisse
3351 3573 3525 3631 docet
3551 3571 3700 3629 idem
3730 3583 3819 3625 au-

2193 3669 2335 3734 ctor,
2394 3665 2494 3738 qui
2553 3665 2824 3721 observat
2880 3663 3077 3719 datam
3137 3661 3319 3720 fuisse
3375 3663 3452 3719 ab
3499 3661 3726 3719 Urbano
3765 3669 3823 3714 ea

2193 3754 2496 3811 occasione
2531 3755 2876 3828 potestatem
2899 3751 3230 3820 Gotofredo,
3261 3752 3512 3824 ejusque
3540 3758 3821 3807 successo-

2194 3843 2358 3900 ribus
2389 3843 2682 3899 insistendi
2737 3841 2894 3914 quod
2956 3841 3174 3896 frustra
3224 3839 3296 3896 ab
3349 3841 3482 3912 ejus
3539 3841 3823 3896 decessore

2192 3936 2482 3989 tentatum
2513 3932 2718 4002 fuerat,
2749 3938 2812 3986 ut
2839 3931 3029 3986 clerici
3057 3929 3128 3986 ad
3168 3931 3492 3986 canonicam
3537 3931 3588 3984 et
3616 3923 3822 3994 religio'

2191 4039 2312 4078 sam
2337 4023 2509 4078 vitam
2550 4023 3016 4087 converterentur,
3072 4018 3368 4090 arguendo,
3427 4011 3746 4077 obsecrando
3781 4009 3824 4064 et

2193 4111 2541 4184 increpando.

2193 4200 2449 4257 XXXVI.
2481 4199 2785 4258 Guidonem
2815 4199 3028 4272 epistol.
3067 4198 3454 4256 Viennensibus
3481 4187 3820 4254 commendat.

2263 4290 2382 4347 Hoc
2410 4290 2538 4362 ipso
2569 4305 2743 4358 anno,
2775 4293 2841 4344 ut
2870 4304 2940 4344 ex
2966 4287 3248 4345 Chronico
3277 4286 3612 4343 antistitum
3661 4279 3820 4334 Vien-

2193 4379 2464 4438 nensium
2497 4396 2530 4434 a
2580 4378 2850 4434 Burnone
2879 4377 3144 4448 ejusdem
3192 4373 3356 4432 urbis
3403 4368 3822 4444 archiepiscopo

2191 4471 2346 4529 edito
2375 4468 2682 4536 discimus,
2713 4464 3062 4522 Viennensis
3094 4469 3227 4539 post
3273 4465 3636 4526 diuturnam,
3681 4450 3821 4529 quod

413 4555 682 4614 conensis
705 4549 1560 4625 archiepiscopijurisdictione
1599 4552 1918 4624 subtracta,
1943 4554 2085 4613 Nar-
2113 4565 2162 4632 D
2191 4559 2572 4634 conqueritur
2599 4556 2870 4614 Urbanus
2899 4555 2958 4611 in
2991 4553 3239 4628 epistola
3267 4553 3340 4611 ad
3371 4553 3500 4626 ejus
3530 4541 3822 4624 provincia

411 4644 657 4702 bonensi
692 4643 947 4715 antiqua
972 4657 1092 4698 sua
1115 4638 1420 4714 metropoli
1453 4641 1771 4699 restitutua
1799 4648 1908 4700 est.

726 4730 962 4788 XXXIV.
995 4730 1360 4802 Privilegium
1391 4727 1767 4788 Cluniacense.

482 4823 757 4881 Urbanus
787 4821 888 4895 qui
925 4819 1124 4876 Idibus
1147 4818 1412 4876 Octobris
1433 4819 1709 4894 Anagnia
1730 4827 1874 4891 erat,
1899 4824 1981 4879 uti
2006 4840 2075 4884 ex

411 4911 713 4984 privilegio
785 4910 1073 4966 Toletana
1131 4907 1400 4964 Ecclesia
1472 4913 1649 4982 patet,
1710 4911 1885 4983 paulo
1941 4919 2076 4988 post

414 4999 660 5054 Romam
695 5015 986 5067 reversus,
1021 4997 1101 5054 ibi
1147 4997 1276 5071 ipso
1308 4997 1400 5053 die
1453 4997 1647 5071 primo
1679 4999 2070 5061 Kalendarum

410 5087 832 5144 Novembrium
863 5086 1304 5160 amplissimum
1337 5087 1706 5161 privilegium
1731 5098 1935 5148 sancto
1959 5097 2074 5150 Hu-

410 5175 548 5249 goni
613 5175 859 5247 ejusque
915 5175 1271 5233 monasterio
1327 5175 1692 5232 Cluniacensi
1759 5181 2068 5250 concessit,

414 5265 473 5319 in
508 5280 645 5336 quo,
666 5263 822 5319 inter
841 5268 1048 5320 catera
1068 5264 1473 5322 observatione
1494 5264 1694 5336 digna,
1722 5267 1986 5339 pontifex
2007 5287 2070 5328 se

409 5356 614 5410 sancto
643 5351 840 5408 abbati
872 5353 1116 5426 ejusque
1147 5353 1411 5410 coenobio
1443 5353 1740 5410 debitorem
1781 5359 2066 5428 agnoscit,

409 5441 564 5514 quod
594 5458 696 5514 per
725 5459 852 5498 eum
878 5445 1192 5500 monastica
1229 5443 1516 5514 religionis
1545 5441 1863 5499 rudimenta
1889 5461 2067 5506 susce-

403 5531 572 5604 perit,
602 5539 654 5586 et
695 5533 754 5587 in
809 5548 869 5588 eo
925 5532 1037 5588 loco
1091 5549 1192 5604 per
1244 5531 1540 5589 secundum
1591 5533 1774 5586 sancti
1828 5531 2069 5605 Spiritus

401 5619 646 5718 gratiam
667 5621 839 5699 fuerit
870 5629 1136 5688 renatus;
1168 5619 1386 5697 quibus
1415 5618 1607 5679 verbis
1638 5619 2063 5696 professionem

687 5774 722 5792 ιο

2181 4650 2505 4724 episcopos,
2541 4645 2767 4718 aliquot
2825 4660 3117 4700 annorum
3148 4641 3605 4706 cunctationem,
3639 4635 3697 4724 in
3741 4646 3821 4686 ar-

2182 4723 2618 4812 chiepiscopum
2634 4733 2937 4808 elegerunt
2946 4731 3272 4789 Guidonem
3284 4748 3335 4800 ,e
3352 4723 3823 4803 Burgundionum

2183 4827 2516 4904 principum
2575 4822 2818 4890 familia,
2879 4821 2979 4895 qui
3039 4813 3348 4878 confestim
3409 4819 3483 4876 ad
3537 4814 3821 4904 Urbanum

2183 4891 2432 4976 accessit
2454 4919 2512 4971 et
2541 4911 2792 4986 benigne
2823 4891 2994 4968 ab—eo
3021 4914 3320 4984 exceptus,
3365 4925 3432 4966 ac
3463 4923 3566 4982 per
3596 4891 3818 4972 aliquod

2181 5012 2417 5080 tempus
2447 5004 2506 5060 in
2529 5000 2693 5058 curia
2723 5001 2988 5057 Romana
3017 5004 3279 5058 retentus
3310 5002 3420 5056 est.
3451 4997 3598 5054 Eum
3631 4989 3820 5064 postea

2180 5097 2470 5152 Viennam
2501 5095 2884 5150 revertentem
2939 5089 3199 5163 pontifex
3228 5086 3460 5154 litteris,
3513 5084 3585 5141 ad
3626 5086 3816 5163 omnes

2179 5185 2308 5257 eius
2339 5183 2502 5240 urbis
2565 5180 2802 5237 ordines
2859 5158 3036 5248 datis,
3090 5175 3540 5234 commendavit.
3595 5168 3707 5226 Has
3749 5158 3812 5217 ad

2178 5273 2360 5347 huius
2407 5271 2546 5330 anni
2577 5270 2754 5327 tinem
2796 5267 3150 5327 revocandas
3197 5282 3326 5324 esse
3375 5263 3586 5323 suadet
3631 5263 3811 5314 rerum

2176 5367 2473 5436 gestarum
2507 5357 2708 5418 series.

2174 5467 2437 5526 XXXVII.
2496 5465 2786 5524 Benedicto
2841 5465 3105 5548 episcope
3137 5463 3472 5522 Nannetensi
3522 5445 3811 5532 privilegia

2867 5535 3126 5593 concedit.

2245 5627 2411 5691 Circa
2438 5627 2597 5688 idem
2626 5627 2884 5702 tempus,
2911 5629 2974 5684 ul.
3002 5625 3240 5704 quidem
3267 5620 3517 5696 videtur,
3549 5615 3808 5680 Urbanus
