3958 6224
197 333 253 414 45
1810 340 1832 397 1

2009 391 2020 404 .
3537 360 3616 421 48

195 467 477 524 Benedicto
509 467 1006 526 Nannetensium
1060 471 1353 545 episcopo,
1388 475 1488 545 qui
1520 474 1594 541 ei,
1635 479 1700 530 ut
1720 493 1856 533 con-
1888 480 1940 546 Α
1972 481 2027 531 ct
2059 480 2711 554 provinciis,ipseetiam
2747 485 3027 541 IIenricus
3047 505 3162 544 non
3193 489 3371 547 semel
3405 489 3464 545 in
3485 489 3614 547 vitae

186 558 419 630 jicimus,
456 575 680 615 recens
713 559 904 615 electo
929 561 1261 632 gratulatus
1308 563 1514 626 fuerat,
1560 565 1858 638 rescripsit
1966 571 2024 623 et
2054 568 2278 640 imperii
2312 570 2635 642 periculum
2670 573 2956 631 inciderit.
2990 576 3236 649 Welpho
3266 582 3461 635 autem
3507 579 3614 635 Ba-

189 647 405 718 ejusque
438 647 756 717 Ecclesiae,
792 666 862 704 ac
915 650 1250 705 monasterii
1306 652 1851 725 Kemperlegiensis.

190 736 258 790 cui
285 737 464 791 etiam
499 736 699 792 abbas
732 743 1003 808 prmerat,
1037 739 1340 812 privilegia
1373 741 1760 798 confirmavit.
1784 745 1855 798 At

186 824 681 882 canonizationem
715 826 909 882 sancti
945 827 1206 883 Garlaesii
1227 845 1402 900 quam
1425 829 1577 885 idem
1607 831 1852 888 antistes

187 913 624 987 eﬂlagitabatﬁn
647 914 810 970 aliud
830 920 1067 988 tempus
1086 917 1334 988 distulit,
1357 919 1512 990 quod
1536 919 1655 975 haec
1674 937 1851 976 causa

185 1002 232 1057 in
256 1002 529 1075 plenaria
561 1005 797 1076 synodo
825 1005 1073 1077 expendi
1107 1006 1365 1062 deberet.

186 1099 454 1156 XXXVIII.
492 1103 685 1156 Romae
698 1102 935 1157 hiemem
949 1104 1206 1172 transigit
1230 1105 1288 1157 in.
1304 1105 1518 1175 magnis
1550 1108 1844 1173 angustiis.

244 1199 446 1254 Totam
509 1197 703 1269 hujus
737 1198 876 1253 anni
938 1198 1196 1255 hiemem
1257 1201 1517 1272 pontifex
1563 1204 1847 1275 transegit

186 1286 383 1351 Romae,
418 1287 529 1342 sed
556 1286 621 1341 in
657 1286 841 1342 tantis
873 1289 1185 1360 angustiis,
1222 1295 1285 1344 ut
1305 1290 1399 1345 vix
1429 1291 1480 1345 ei
1514 1293 1844 1347 necessaria

180 1376 722 1447 suppeditarentur.
758 1375 1073 1432 Guibertus
1093 1395 1304 1451 nempe
1334 1396 1467 1435 cum
1500 1397 1616 1436 sua:
1641 1381 1840 1437 factio-

179 1465 258 1518 nis
288 1465 650 1520 hominibus
682 1466 766 1520 ita
796 1465 1124 1536 pontificios
1155 1467 1505 1539 exagitabat,
1543 1473 1606 1524 ut
1635 1470 1839 1542 nequi-

174 1553 294 1608 dem
325 1554 634 1625 respirare
660 1554 748 1609 eis
778 1558 905 1610 tuto
960 1554 1172 1611 liceret.
1238 1557 1537 1612 Urbanum
1589 1558 1646 1612 in
1679 1565 1838 1614 turre

171 1643 419 1712 quadam
455 1642 762 1714 captivum
796 1644 1096 1699 detentum
1123 1645 1324 1712 fuisse,
1359 1663 1423 1701 ac
1445 1653 1646 1718 postea
1671 1666 1703 1702 a
1727 1649 1834 1703 Ilo-

168 1729 322 1784 berto
345 1730 672 1784 \Viscardo
698 1729 831 1784 inde
859 1729 1360 1786 liberatumtradit
1387 1733 1649 1789 Gcrobus
1679 1736 1831 1805 apud

1963 657 2131 713 varia:
2155 659 2290 726 dux,
2325 660 2424 732 qui
2458 662 2507 716 ei
2536 663 3116 736 adversabatur,jam
3143 667 3216 722 ab
3248 657 3413 724 initio
3435 669 3616 740 hujul

1962 746 2193 813 anni,ut
2223 750 3147 827 narratTrithemius,Augustam
3175 755 3612 813 Vindelicorum

1961 843 2356 907 occupaverat,
2391 844 2556 910 capto
2589 841 2716 911 ejus
2749 842 2912 898 urbis
2943 844 3316 918 episcopatus
3347 844 3616 902 invasere

1959 924 2263 995 Sigefrido.
2298 927 2420 990 Quo
2451 928 2625 984 etiam
2661 934 2922 1003 tempore
2971 933 3122 988 alius
3171 933 3612 1003 schismaticus,

1957 1014 2056 1085 qui
2087 1014 2420 1072 Wormatize
2437 1018 2631 1073 sedem
2652 1019 3281 1089 anteainvaserat,tacti
3298 1022 3609 1095 paenitens,

1957 1102 2155 1158 relicto
2187 1105 2925 1180 episcopatu,Hirsaugiam
2940 1111 3181 1166 secessit
3203 1115 3260 1167 et
3283 1111 3610 1169 monachus

1955 1190 2032 1245 ibi
2062 1192 2300 1248 effectus
2332 1199 2439 1248 est.
2474 1199 2702 1251 Interea
2732 1197 2896 1270 Hugo
2927 1215 3122 1255 comes
3153 1200 3225 1256 de
3262 1200 3606 1273 Egentheim

1950 1278 2229 1335 Alsatiam
2265 1281 2496 1354 recepit;
2529 1287 2586 1338 et
2617 1284 2922 1355 Metenses,
2957 1303 3091 1344 cum
3130 1289 3457 1346 audiissent
3503 1289 3608 1345 Ur-

1952 1368 2168 1424 banum
2188 1370 2243 1424 in
2265 1371 2513 1427 Victoris
2535 1373 2822 1429 demortui
2841 1374 3034 1432 locum
3059 1377 3371 1433 suffectum
3396 1377 3600 1445 fuisse,

1948 1457 2124 1529 idque
2155 1458 2212 1512 in
2237 1459 2547 1517 Germania
2568 1461 2747 1518 fuisse
2768 1464 3224 1537 promulgatum,
3258 1466 3428 1539 pulso
3452 1466 3602 1523 Bru-

1948 1563 2097 1602 nonc
2127 1549 2644 1622 pscudoepiscopo,
2675 1551 2775 1622 qui
2802 1556 2935 1624 post
2961 1553 3210 1610 alterum
3241 1554 3602 1628 invasorem,

1947 1636 2044 1690 sed
2071 1637 2196 1707 jam
2242 1641 2379 1692 tunc
2420 1640 2818 1710 pocnitentem,
2865 1641 3015 1698 hanc
3064 1643 3264 1699 sedem
3316 1660 3600 1718 occupare

1945 1725 2222 1792 tentabat,
2255 1726 2447 1798 palam
2475 1729 2774 1799 protestati
2809 1736 2947 1786 sunt
2978 1731 3206 1787 nullum
3239 1749 3301 1788 se
3330 1750 3595 1806 unquam

166 1817 622 1891 Tegnagellum,
657 1818 756 1872 sed
780 1818 872 1873 hic
887 1821 1248 1894 auctorquod
1275 1821 1551 1893 Gregorio
1581 1822 1830 1878 Vllcon-
1863 1849 1908 1915 B
1945 1813 2124 1915 elisi?!
2158 1815 2518 1888 episcopum,
2541 1823 2746 1915 preter
2771 1819 3193 1915 Hermanuum,
3215 1823 3598 1915 qui__verus_et

165 1907 312 1978 tigit,
349 1907 596 1962 incaute
629 1908 702 1962 ad
738 1906 1034 1962 Urbanum
1069 1909 1260 1965 refert.
1296 1910 1521 1966 Certius
1544 1915 1632 1966 est
1660 1911 1831 1966 Dom-

163 1995 389 2052 nizonis
453 1995 890 2060 testimonium,
951 1998 1103 2068 quod
1138 1998 1194 2052 in
1245 2000 1637 2070 Appendicem
1698 2018 1830 2056 nos-

161 2091 311 2140 tram
345 2086 704 2150 referemus,
737 2083 975 2140 exlibro
1006 2103 1066 2152 ιῐ,
1090 2103 1216 2158 cap.
1250 2088 1303 2154 3,
1337 2087 1435 2143 ubi
1469 2089 1551 2144 ait
1571 2089 1830 2144 Odonem

157 2175 490 2245 quemdam
521 2174 589 2228 de
626 2175 862 2230 Tulliere
893 2191 926 2228 a
955 2174 1228 2230 Guiberto
1261 2177 1386 2232 suis
1415 2177 1600 2249 ipsius
1648 2178 1830 2250 copiis

153 2263 348 2328 fuisse
381 2263 754 2334 praefectum,
790 2268 854 2318 ut
886 2263 1183 2319 Urbanum
1222 2264 1373 2320 bello
1423 2267 1697 2322 continuo
1745 2267 1827 2322 la-

151 2357 444 2407 cesseret.
479 2354 556 2406 At
588 2369 762 2408 nemo
795 2351 1006 2407 melius
1037 2370 1104 2408 ea
1156 2355 1226 2409 de
1259 2371 1319 2409 re
1368 2355 1604 2426 scripsit
1649 2373 1827 2427 quam

149 2440 491 2495 Pandulfus
524 2440 582 2494 in
609 2441 744 2496 Vita
767 2439 982 2495 Gelasii
1015 2443 1275 2497 secundi.
1300 2442 1565 2499 Gelasius
1586 2461 1756 2517 porro
1778 2445 1828 2501 is

143 2527 276 2600 ipse
311 2531 408 2583 est
433 2529 699 2584 Joannes
721 2529 1055 2599 Cajetanus,
1091 2547 1266 2602 quem
1316 2531 1584 2588 Urbanus
1633 2534 1823 2589 diaco-

144 2634 293 2672 num
329 2617 700 2673 cardinalem
734 2622 791 2671 et
808 2617 1222 2674 cancellarium
1243 2621 1474 2688 creavit,
1502 2622 1670 2691 cujus
1689 2639 1824 2677 con-

141 2706 441 2761 stantiam
479 2705 807 2762 Pandulfus
838 2722 1213 2779 summopere
1248 2707 1470 2774 laudat,
1505 2710 1577 2764 ob
1626 2711 1683 2764 id
1717 2727 1824 2781 po-

140 2795 461 2850 tissimum
483 2795 640 2866 quod
663 2794 997 2865 pontificem
1015 2799 1098 2850 tot
1129 2797 1426 2868 tantisque
1460 2799 1638 2853 ferme
1659 2799 1826 2854 obru-

141 2888 277 2939 tum
310 2882 760 2939 calamitatibus
793 2900 1096 2955 nunquam
1126 2884 1468 2942 deseruerit.
1527 2888 1687 2944 Libet
1731 2887 1824 2943 hic

141 2971 334 3044 hujus
367 2971 632 3027 auctoris
662 2973 841 3028 verba
870 2973 1146 3044 proferre.

219 3084 246 3110 ει
284 3066 354 3116 In
391 3061 606 3117 diebus
638 3061 822 3133 igitur
851 3060 967 3116 illis
999 3079 1136 3133 non,
1169 3063 1322 3118 sicut
1364 3065 1558 3131 credo,
1601 3067 1824 3138 absque

140 3149 414 3220 Spiritus
448 3150 838 3206 consolatoris
871 3151 1124 3218 oraculo,
1155 3153 1334 3208 frater
1359 3153 1614 3209 Joannes
1653 3155 1815 3226 Cajc-

1945 1902 2242 1973 legitimus
2273 1921 2474 1960 eorum
2503 1910 2701 1978 pastor
2720 1911 2862 1974 erat,
2891 1909 2964 1963 ob
2994 1908 3170 1981 idque
3200 1911 3272 1964 ab
3305 1910 3600 1985 Henriciq

1945 1992 2035 2045 nis
2068 1992 2124 2046 in
2142 1991 2352 2047 Tuscia
2368 1995 2630 2065 captivus
2651 1996 3040 2064 detinebatur,
3066 1998 3594 2072 recepturos.Unde

1944 2081 2136 2136 Bruno
2169 2082 2310 2137 adeo
2344 2082 2413 2137 ab
2443 2084 2717 2139 omnibus
2762 2085 3072 2158 despectus
3103 2092 3210 2155 est,
3269 2091 3416 2144 teste
3455 2089 3591 2144 Ber-

1939 2169 2119 2236 toldo,
2151 2175 2215 2225 ut
2245 2187 2396 2226 anno
2427 2173 2692 2243 sequenti
2714 2173 2783 2229 ad
2805 2173 3204 2231 Catholicorum
3215 2180 3430 2248 partem
3447 2193 3593 2250 repe-

1938 2257 2070 2314 dare
2099 2261 2406 2330 compulsus
2435 2263 2624 2332 fuerit.

2011 2348 2127 2402 Hoc
2158 2349 2335 2404 etiam
2368 2366 2540 2416 anno,
2577 2355 2678 2407 aut
2695 2355 3146 2426 certesequenti,
3178 2355 3589 2412 crebrescenti-

1937 2438 2048 2493 bus
2079 2438 2148 2492 ad
2182 2438 2474 2494 tumulum
2503 2440 2654 2495 beati
2709 2440 2980 2497 Stanislai
3027 2443 3422 2500 Cracoviensis
3464 2445 3584 2516 epi~

1937 2525 2096 2598 scopi
2131 2527 2449 2592 miraculis,
2483 2545 2714 2584 sacrum
2729 2530 2856 2601 ejus
2887 2546 3099 2602 corpus
3117 2531 3208 2586 die
3237 2534 3305 2586 27
3327 2532 3586 2605 Septem-

1936 2614 2058 2670 bris
2088 2632 2155 2670 ex
2188 2617 2372 2670 sancti
2408 2615 2707 2672 Michaelis
2729 2617 2947 2690 templo
2977 2619 3035 2673 in
3066 2618 3371 2677 ecclesiam
3392 2621 3585 2677 cathe-

1934 2701 2155 2756 dralem
2189 2701 2436 2757 solemni
2466 2703 2581 2759 ritu
2613 2703 2963 2761 translatum
2991 2705 3118 2760 fuit.
3155 2707 3215 2762 Ei
3255 2712 3457 2780 postea
3485 2709 3586 2765 In-

1933 2790 2237 2846 nocentius
2271 2790 2341 2846 IV
2372 2808 2568 2847 sacros
2596 2793 2846 2850 honores
2875 2794 3145 2864 decrevit,
3179 2799 3238 2852 et
3264 2796 3474 2854 exhinc
3502 2797 3588 2853 in-

1932 2882 2021 2933 ter
2051 2884 2334 2949 martyres
2365 2879 2708 2936 celebratur.
2738 2882 2867 2939 Hec
2925 2883 3119 2941 fusius
3167 2886 3324 2958 apud
3375 2885 3585 2961 Longi-

1933 2983 2075 3022 num
2105 2968 2232 3038 ejus
2263 2967 2404 3023 Vitae
2435 2969 2800 3042 scriptorem.

2003 3057 2073 3110 At
2107 3073 2415 3128 prosperos
2439 3057 2570 3115 illos
2600 3065 2842 3117 eventus
2874 3078 3034 3118 mors
3083 3062 3305 3136 aliquot
3353 3071 3584 3122 sancto-

1931 3160 2062 3198 rum
2094 3145 2350 3200 virorum
2383 3145 2812 3205 interturbavit.
2847 3151 2926 3205 Ex
2943 3151 3036 3207 his
3068 3152 3181 3208 fuit
3209 3153 3584 3211 Burchardus

139 3217 325 3294 minus
352 3240 486 3310 jam
548 3239 913 3304 adolescens,
976 3241 1301 3296 monachus
1348 3242 1701 3310 Casinensjs,
1743 3246 1815 3300 ab
1848 3217 1890 3284 C
1930 3232 2944 3310 Halberstatensisepiscopus,quem
2961 3239 3319 3297 schismatici
3337 3242 3584 3298 immani

137 3327 310 3382 omni
348 3327 533 3382 simul
568 3327 863 3384 catholica
901 3328 1163 3384 Romana
1202 3329 1458 3387 Ecclesia
1503 3337 1560 3387 et
1591 3332 1819 3388 Urbano

132 3432 321 3488 papa,
360 3417 463 3488 qui
499 3417 548 3472 ei
582 3421 854 3490 praeerat,
888 3417 946 3472 in
981 3423 1276 3474 tantarum
1310 3421 1818 3491 perturbationum

134 3505 440 3560 auxilium
477 3523 542 3561 ac
566 3505 906 3578 consilium,
930 3511 1270 3580 partemque
1292 3513 1380 3564 est
1408 3509 1820 3565 sollicitudinis

131 3599 416 3662 vocatus,
452 3599 562 3650 etc.
598 3595 864 3651 Domnus
899 3595 1236 3652 Urbanus...
1269 3615 1404 3654 eum
1437 3598 1662 3667 accivit,
1711 3601 1819 3654 im-

138 3685 418 3739 minente
444 3685 854 3756 persecutione
885 3684 1302 3752 Allemannica,
1350 3687 1409 3742 in
1451 3691 1678 3742 tantum
1712 3689 1818 3743 mi-

135 3774 450 3829 seriarum
484 3790 588 3845 per
637 3774 979 3828 Girbertum
1029 3775 1324 3844 astrictus,
1367 3777 1522 3848 quod
1583 3783 1822 3848 przster-

139 3862 358 3917 missis
388 3861 546 3932 aliis,
579 3880 612 3916 a
643 3863 904 3933 quodam
924 3863 1319 3919 famosissimo
1337 3865 1457 3920 viro
1486 3869 1657 3937 atque
1690 3865 1820 3921 illu—

139 3953 280 4016 stri,
314 3951 732 4006 Petro—Leonis
768 3952 964 4005 Romae
996 3952 1054 4006 in
1086 3951 1282 4008 insula
1315 3954 1620 4025 Lycaonia,
1671 3955 1825 4010 intra

147 4039 303 4094 duos
335 4039 557 4112 egregii
589 4039 818 4095 Tiberis
853 4044 1079 4110 pontes,
1106 4040 1199 4095 vix
1226 4042 1298 4096 ab
1331 4042 1704 4098 inimicorum
1735 4043 1822 4099 in-

148 4128 326 4183 sidiis
386 4133 760 4183 sustentatus
821 4133 1224 4185 matronarum
1284 4132 1709 4200 Romanarum,
1769 4138 1826 4188 et

148 4215 480 4288 aliquando
519 4215 1012 4272 muliercularum
1062 4235 1387 4290 pauperum
1441 4219 1824 4292 eleemosynis

148 4305 625 4371 sustentabatur.
662 4330 690 4355 ››
726 4307 877 4371 Huc,
915 4306 1026 4361 nisi
1061 4307 1247 4376 fallor,
1281 4314 1381 4364 aut
1411 4313 1584 4374 certe,
1616 4312 1823 4382 utjam

148 4394 442 4460 diximus,
478 4395 549 4449 ad
577 4395 773 4466 prima
804 4395 936 4464 ejus
957 4395 1330 4466 pontiﬁcatus
1360 4397 1530 4453 initia
1573 4400 1824 4456 revocari

152 4488 410 4554 possunt
442 4483 824 4549 Domnizonis
883 4500 1084 4540 versus
1139 4502 1207 4541 ex
1236 4503 1361 4559 cap.
1421 4489 1477 4556 3,
1535 4487 1635 4543 lib.
1670 4504 1732 4554 ιι,
1765 4489 1825 4544 in

1929 3321 2233 3393 sacrilegio
2265 3322 2356 3378 die
2385 3341 2483 3377 vm
2520 3325 2656 3380 Idus
2689 3327 2900 3398 Aprilis
2949 3327 3368 3385 interfecerunt
3412 3334 3581 3386 Hunc

1928 3409 2086 3464 brevi
2119 3409 2300 3464 secuti
2328 3417 2467 3467 sunt
2495 3413 2806 3494 Wigoldus
2836 3415 3145 3488 episcopus
3174 3420 3576 3490 Augustanus.

1931 3498 2324 3566 Bcrnhardus,
2387 3500 2487 3570 qui
2541 3501 2730 3556 fuerat
2789 3503 3250 3562 Constantiensis
3305 3505 3576 3562 Ecclesia)

1931 3586 2261 3642 scholarum
2284 3587 2891 3660 magister,Bertoldus
2912 3591 3049 3647 item
3066 3594 3335 3666 egregius
3357 3593 3580 3660 doctor,

1932 3681 1987 3730 et
2017 3677 2116 3747 qui
2150 3693 2265 3748 prae
2297 3678 2517 3732 caeteris
2549 3678 2793 3736 illustris
2810 3685 2952 3752 erat,
2985 3681 3366 3738 Gebehardus
3387 3682 3584 3739 archi-

1932 3765 2262 3837 episcopus,
2279 3766 2742 3840 Salisburgensis
2764 3769 3030 3826 Ecclesiae
3055 3771 3353 3828 catholica
3375 3789 3588 3846 propu-

1933 3857 2141 3924 gnator
2153 3854 2580 3923 indefessus,ad
2597 3873 2768 3928 quem
2796 3860 2845 3928 ej
2855 3876 3040 3931 usque
3053 3859 3305 3934 collegas
3317 3860 3589 3918 Urbanus

1933 3942 2183 4014 primam
2218 3944 2502 4013 omnium,
2537 3945 3345 4021 pontifcxfactus,epistolam
3389 3951 3460 4006 de
3483 3967 3592 4007 sua

1934 4031 2212 4087 electione
2239 4032 2571 4104 scripserat.
2607 4034 2764 4090 Obiit
2787 4053 2901 4092 xvu
2933 4036 3056 4093 Kal.
3085 4037 3226 4094 Julii
3257 4043 3323 4093 ut
3353 4039 3411 4094 in
3461 4041 3590 4112 ejus

1936 4121 2066 4175 Vita
2091 4119 2323 4192 legitur,
2354 4121 2516 4177 edita
2544 4124 2829 4196 Augustae
2859 4124 3314 4182 Vindelicorum.
3348 4126 3588 4184 Librum

1935 4209 2170 4280 scripsit
2192 4214 2394 4265 contra
2421 4211 2852 4278 schismaticos,
2885 4231 3061 4286 quem
3107 4215 3495 4290 Tegnagellus
3526 4217 3586 4273 in

1935 4315 2043 4355 sua
2099 4297 2434 4356 collectione
2494 4300 2786 4374 integrum
2844 4303 3093 4360 exhibet.
3172 4304 3384 4360 Praeter
3441 4305 3583 4376 haec,

1936 4386 2260 4443 Saxonibus
2291 4404 2422 4442 cnm
2455 4387 2699 4445 Henrico
2747 4389 3156 4458 reconciliatis,
3214 4391 3586 4448 Hermannus

1936 4477 2034 4548 qui
2063 4476 2345 4533 adversus
2374 4493 2507 4531 eum
2539 4476 2598 4531 in
2631 4493 2825 4550 regem
2851 4478 3070 4535 electus
3100 4479 3306 4549 fuerat,
3331 4479 3592 4554 compul-

153 4572 380 4642 quibus
407 4571 680 4628 Urbanus
715 4590 750 4627 a
782 4571 1140 4630 Guibertinis
1174 4575 1476 4646 impetitus
1499 4577 1569 4631 ad
1603 4577 1829 4632 Mathil-
1857 4585 1903 4650 1)
1937 4583 2038 4622 8119
2070 4569 2160 4620 est
2189 4565 2246 4619 in
2279 4565 2722 4639 Lothal‘ingiam
2745 4584 2806 4623 se
2832 4567 3105 4640 recipere,
3134 4569 3232 4624 ubi
3251 4569 3425 4641 paulo
3455 4574 3589 4642 post

152 4660 286 4716 dem
332 4661 646 4733 scripsisse
697 4660 939 4729 dicitur,
987 4667 1049 4716 ut
1100 4663 1360 4736 Gregorii
1408 4669 1824 4738 praeceptorum

154 4766 387 4805 memor
419 4750 686 4807 Ecclesiae
719 4766 965 4806 causam
996 4768 1110 4807 non
1157 4753 1407 4819 deserat,
1441 4755 1593 4824 quod
1647 4772 1822 4826 quam

153 4838 304 4892 virili
340 4839 539 4894 animo
571 4839 783 4895 fecerit
804 4837 1014 4894 mulier
1033 4841 1370 4909 fortissima,
1405 4845 1643 4914 exponit
1670 4845 1824 4900 idem

155 4931 359 4982 auctor
391 4929 445 4982 in
479 4926 1017 5000 consequentibus,
1051 4947 1272 5002 nosque
1324 4931 1449 4987 suis
1496 4932 1637 4987 locis
1668 4933 1824 4989 dicc-

156 5032 312 5071 IDUS.

245 5106 478 5163 XXXIX.
518 5109 734 5164 Rerum
768 5107 831 5160 in.
881 5105 1169 5163 Germania
1199 5117 1250 5164 et
1283 5111 1503 5165 Hem-icz'
1531 5120 1721 5167 status.

623 5184 691 5234 Β.
732 5175 1013 5232 Stanislai
1049 5181 1358 5236 translatio.

223 5268 287 5320 At
316 5261 672 5340 quatumvis'
716 5282 927 5338 graves
976 5266 1191 5322 fuerint
1239 5269 1434 5323 Romm
1486 5275 1543 5326 et
1573 5271 1630 5326 in
1660 5271 1825 5329 Italia

154 5353 410 5414 Ecclesiae
440 5362 500 5415 et
522 5356 700 5431 regni
737 5353 942 5422 turbae,
967 5371 1113 5427 quas
1130 5356 1460 5414 Henriciani
1491 5363 1547 5414 et
1567 5361 1821 5418 fautores

145 5449 537 5522 pseudopapaa
600 5442 869 5500 ‘Viberti
913 5443 1003 5499 his
1051 5446 1415 5517 temporibus
1473 5447 1819 5519 excitarunt,

139 5533 289 5593 haud
324 5542 530 5594 tamen
569 5533 850 5591 minores
881 5531 1038 5588 fuere
1068 5532 1358 5590 tumultus
1387 5535 1446 5590 in
1488 5535 1819 5607 Germania,

133 5628 273 5690 adeo
304 5633 390 5703 ut,
424 5624 658 5690 divisis
691 5620 856 5681 inter
883 5637 946 5680 se
974 5621 1032 5680 in
1060 5621 1251 5684 varias
1282 5623 1560 5685 factiones
1574 5625 1820 5692 urbibus

1935 4653 2443 4720 defunctus,Metis
2457 4654 2724 4726 sepultus
2737 4661 2844 4712 est.
2866 4657 3082 4712 Verum
3100 4661 3319 4729 postea,
3343 4658 3587 4715 mutatis

1934 4743 2178 4809 vicibus,
2211 4746 2464 4798 Saxones
2481 4742 2693 4798 iterum
2712 4745 2991 4800 adversus
3008 4744 3320 4800 Henricum
3342 4745 3583 4801 rebella-

1936 4837 2091 4898 runt,
2126 4835 2182 4885 et
2211 4831 2334 4901 ipse
2385 4831 2716 4903 insignibus
2767 4832 2944 4902 regiis
2997 4830 3284 4903 spoliatus
3338 4832 3589 4905 turpiter

1933 4921 2122 4975 victus
2153 4920 2504 4990 fugatusque
2525 4917 2651 4984 fuit,
2687 4923 2750 4973 ut
2780 4920 2955 4975 refert
2984 4919 3294 4978 Bertoldus
3313 4923 3384 4978 ad
3405 4923 3583 4980 ﬁnem

1933 5010 2113 5080 hujus
2146 5007 2307 5074 anni,
2339 5007 2437 5061 ubi
2471 5007 2674 5061 scribit
2695 5008 3006 5064 Henricum
3041 5008 3280 5066 biduana
3309 5010 3588 5069 obsidione

1933 5097 2002 5151 ad
2031 5097 2423 5168 confessionem
2453 5096 2819 5151 anathematz‘s
2849 5101 2899 5152 et
2928 5100 3316 5169 expetitionem
3341 5103 3584 5157 reconci-

1934 5187 2180 5241 liationis
2201 5185 2453 5239 adactum
2482 5187 2672 5256 fuisse.
2706 5187 2777 5240 At
2825 5186 3106 5243 diuturna
3165 5205 3279 5245 non
3311 5189 3422 5245 fuit
3477 5205 3584 5246 nec

1933 5275 2160 5332 sincera
2188 5273 2310 5328 haec
2370 5273 2781 5343 reconciliatio,
2843 5280 2899 5331 et
2946 5276 3118 5348 paulo
3176 5283 3308 5350 post
3339 5295 3582 5335 suorum

1933 5363 2359 5436 promissorum
2392 5360 2608 5417 oblitus
2624 5378 2833 5419 rursus
2858 5364 3110 5419 rediitad
3124 5365 3429 5420 vomitum.
3452 5364 3581 5420 Haec

1931 5451 2065 5507 licet
2096 5448 2468 5505 Dodochinus
2521 5449 2708 5506 sancti
2756 5451 3021 5508 Disibodi
3074 5453 3256 5508 abbas
3308 5469 3462 5508 anno
3490 5469 3580 5508 se-

1931 5545 2144 5614 quente
2157 5537 2466 5608 consignat
2483 5539 2878 5609 inAppendice
2891 5542 2962 5595 ad
2979 5541 3304 5596 Marianum
3319 5541 3578 5609 Scotum,

1931 5644 2108 5706 quem
2140 5625 2407 5702 sequitur
2434 5625 2814 5687 Trithemius:
2847 5627 3204 5708 praferenda
3232 5633 3290 5689 et
3317 5625 3580 5691 Burtoldi
