3958 6224
158 341 229 417 tu
1768 339 1798 404 Ἰ

3495 333 3578 393 50

160 481 246 562 qui
272 487 410 544 ante
435 478 679 561 aliquot
698 480 835 543 dies
845 478 1049 542 sedem
1072 496 1244 542 suam
1268 477 1649 553 receperat,et
1668 469 1899 549 aliosA,
1924 480 2105 535 catur.
2119 473 2179 535 in
2202 473 2305 536 illa
2322 474 2545 551 synodo
2564 472 2822 552 generali
2844 474 2949 533 115
2968 471 3375 548 episcoporum
3398 490 3577 548 quam

162 566 379 655 paucos,
405 575 659 642 omnino
689 576 953 649 quatuor
974 571 1245 630 catholici
1268 568 1546 645 episcopi,
1572 583 1826 642 quorum,

159 664 353 740 inquit,
371 664 718 729 Bertoldus,
741 665 806 721 in
830 664 1128 720 Teutonicis
1147 662 1402 734 partibus
1424 663 1824 730 con/ortamen-

162 758 206 811 to
224 755 710 831 reliquiocatholici
727 752 1098 809 schismaticis
1120 769 1151 807 a
1177 751 1458 824 principio
1482 748 1825 805 restiterunt.

163 844 202 900 li
229 844 394 917 erant
445 842 746 899 Adalbero
793 842 1228 911 Niceburgensis,
1259 838 1611 896 Altmannus
1657 838 1824 893 Pata-

164 936 380 1002 viensis,
393 933 767 998 Adelbertus,
782 927 1281 996 Wormatiensis,et
1296 927 1678 986 Gebehardus
1697 925 1833 983 Con-

169 1020 496 1080 s'tanliensis.
530 1022 587 1079 Is
616 1021 870 1078 ultimus
886 1021 958 1078 ab
972 1018 1224 1089 Urbano,
1250 1034 1387 1076 cum
1421 1016 1480 1072 in
1514 1015 1833 1072 Germania

166 1111 490 1187 apostolicae
516 1111 683 1168 sedis
722 1109 1141 1185 apocrisiarius
1186 1112 1366 1175 esset,
1396 1108 1456 1163 in
1488 1105 1831 1179 episcopum

166 1190 558 1269 consecratus,
600 1201 783 1274 probe
824 1198 876 1256 ei
907 1202 1082 1255 notus
1114 1201 1239 1254 erat
1271 1214 1285 1252 :
1323 1211 1512 1270 quare
1556 1194 1831 1251 eumdem

172 1289 432 1365 pontifex
451 1289 646 1347 factus
665 1287 994 1363 apostolicae
1013 1287 1174 1346 sedis
1192 1286 1458 1362 legatum
1488 1286 1549 1341 in
1579 1292 1692 1342 tota
1712 1282 1833 1338 Ale-

164 1370 369 1447 mania,
386 1370 675 1450 Bajoaria,
691 1377 957 1445 Saxonia,
982 1378 1286 1450 vicinisque
1315 1373 1644 1447 regionibus
1676 1388 1837 1428 crea-

157 1470 237 1525 vit
260 1466 484 1525 litteris
511 1484 582 1524 ea
611 1467 685 1524 de
730 1483 791 1523 re
835 1470 1022 1526 Rm
1060 1465 1215 1523 datis
1242 1482 1342 1522 XIV
1372 1463 1641 1521 Kalendas
1684 1460 1834 1542 Maii,

161 1550 217 1615 et
244 1557 492 1631 quidem
523 1555 635 1612 hoc
664 1570 840 1622 anno,
864 1554 948 1611 uti
971 1552 1139 1615 do’cet
1161 1571 1267 1611 nos
1296 1546 1633 1620 Bertoldus,
1655 1554 1836 1607 tanta

166 1663 276 1721 que
300 1640 432 1702 visa
460 1651 550 1701 est
578 1660 783 1702 earum
828 1644 1172 1711 auctoritas,
1201 1647 1268 1699 ut
1296 1642 1370 1699 ab
1402 1642 1666 1698 Ivoneet
1697 1640 1838 1697 Gra-

164 1728 321 1792 tiano
351 1724 415 1790 in
443 1732 697 1791 decretis
748 1731 873 1788 suis
912 1727 1090 1788 veluti
1122 1729 1341 1804 regulae
1385 1727 1543 1799 juris
1595 1726 1837 1783 omnino

1934 567 2045 627 hoc
2077 584 2229 624 anno
2258 569 2316 624 et
2344 565 2581 640 quidem
2612 566 2827 633 Romae,
2851 568 2917 622 ut
2948 562 3117 621 multi
3146 564 3369 632 volunt,
3392 564 3580 622 Urba-

1936 676 2050 717 nus
2092 659 2247 733 apud
2295 657 2630 717 Bertoldum
2661 655 2967 730 collegisse
2996 654 3231 725 dicitur,
3264 655 3323 711 in
3355 672 3472 727 qua
3518 658 3584 711 ut

1936 749 2089 806 idem
2118 751 2321 804 auctor
2342 747 2459 803 ait:
2486 747 2863 813 Ecclesiastica
2894 748 3096 802 statuta
3116 762 3342 801 suorum
3367 744 3585 817 praede-

1935 854 2209 895 cessorum
2238 837 2533 908 apostolica
2568 837 2894 893 auctoritate
2925 836 3285 905 conﬁrmavit.
3320 833 3469 889 Illud
3499 836 3587 889 ta-

1940 944 2073 986 men
2098 926 2454 982 incommodi
2485 926 2657 982 estin
2690 925 2803 982 hac
2823 916 3110 981 sententia
3130 924 3284 997 quod
3318 922 3587 979 Urbanus

1938 1018 2332 1074 communicato
2361 1015 2601 1089 quidem
2645 1018 2887 1088 fratrum
2917 1016 3143 1071 consilio
3181 1013 3489 1086 epistolam
3515 1013 3588 1068 ad

1939 1105 2350 1164 Gebehardum
2383 1122 2446 1160 se
2474 1104 2782 1178 scripsisse
2813 1103 2986 1170 dicat,
3015 1105 3113 1159 sed
3139 1103 3311 1175 paulo
3343 1102 3591 1158 inferius

1940 1193 1999 1251 id
2022 1193 2081 1250 in
2103 1193 2307 1266 synodo
2330 1194 2576 1264 generali
2596 1193 2815 1250 factum
2845 1210 2959 1251 non
2982 1192 3162 1250 fuisse
3193 1196 3389 1265 aperte
3411 1192 3592 1248 falsa-.-

1941 1287 2057 1340 tur.
2074 1283 2145 1340 Ut
2165 1286 2231 1339 ut
2250 1282 2347 1350 sit,
2365 1287 2587 1340 certum
2611 1287 2700 1338 est
2719 1299 2787 1339 ea
2805 1283 2864 1339 in
2886 1284 3107 1356 synodo
3120 1283 3313 1339 Romae
3332 1286 3434 1338 aut
3455 1299 3595 1354 quo-

1942 1372 2032 1429 vis
2048 1371 2166 1428 alio
2186 1370 2245 1428 in
2268 1371 2393 1429 loco
2411 1372 2812 1443 habita,quam
2830 1371 3136 1429 Bertoldus
3150 1375 3590 1441 commemorat,

1946 1462 2100 1518 sicut
2150 1465 2207 1517 et
2236 1461 2506 1518 Urbanus
2538 1461 2598 1516 in
2624 1460 2871 1534 epistola
2897 1477 3007 1517 sua
3036 1461 3367 1517 faciendum
3398 1461 3593 1523 decera

1947 1551 2057 1619 nit,
2090 1549 2292 1607 mitius
2322 1554 2517 1607 actum
2549 1550 2733 1607 fuisse
2761 1566 2896 1607 cum
2927 1550 3018 1617 iis,
3048 1551 3150 1624 qui
3181 1550 3418 1608 nonnisi
3439 1566 3597 1613 occa,-

1949 1640 2111 1698 sione
2142 1643 2243 1697 aut
2273 1643 2457 1707 metu,
2479 1644 2579 1695 aut
2606 1639 2663 1695 vi
2695 1641 2767 1698 ad
2808 1640 3214 1698 schismaticos
3245 1639 3595 1707 defecerant,

1948 1733 2266 1803 posteaque
2293 1730 2368 1785 ad
2400 1729 2718 1786 Ecclesiam
2762 1729 2995 1786 fuerant
3038 1729 3274 1787 reversi.
3299 1729 3460 1787 Unde
3485 1729 3599 1784 Ro-

167 1822 334 1881 certaa
365 1826 425 1879 et
454 1822 801 1895 approbatis
837 1820 1068 1878 laudari
1119 1819 1467 1876 meruerint.
1501 1815 1841 1915 Pecretalem
1871 1848 1921 1915 Β
1948 1818 2131 1915 mani,
2155 1820 2220 1874 ut
2249 1818 2410 1915 idem
2447 1822 2650 1915 auctor
2695 1822 2913 1889 narrat,
2946 1818 3007 1875 in
3038 1822 3269 1876 tantum
3318 1819 3599 1875 adversus

164 1911 452 1986 epistolam
469 1910 729 1984 appellat
752 1909 1082 1977 Bcrtoldus,
1099 1910 1319 1966 litteras
1334 1906 1634 1981 synodales
1651 1903 1844 1967 cardi_

165 1992 314 2058 dalis
345 2000 657 2065 Baronius,
686 1999 846 2073 quod
891 2015 992 2056 eas
1023 2016 1095 2056 ex
1119 1998 1324 2071 synodo
1356 1995 1612 2070 scriptas
1660 1995 1846 2052 fuisse

162 2088 583 2147 existimaverit
602 2093 663 2144 ut
680 2105 750 2145 ea:
771 2089 888 2160 ejus
919 2088 1252 2168 fragmento,
1278 2085 1507 2168 inquit,
1532 2093 1686 2157 patet
1704 2097 1847 2155 quod

166 2170 235 2236 ab
261 2181 425 2236 Ivone
451 2178 736 2235 laudatur.
770 2178 883 2234 Sed
923 2177 982 2233 id
1005 2176 1134 2249 jam
1181 2166 1424 2232 omnino
1473 2166 1701 2230 certum
1733 2176 1841 2248 est,

166 2269 393 2342 ex_sjus
418 2262 636 2340 ipsius,
673 2261 855 2340 quam
889 2266 1062 2323 modo
1102 2265 1394 2322 habemus
1426 2264 1739 2338 integram,
1762 2261 1843 2319 le-

175 2352 367 2414 ctione
402 2371 416 2410 :
446 2355 601 2415 hanc
628 2371 906 2429 nempe-a
933 2372 995 2412 se
1025 2354 1310 2427 scriptam
1357 2353 1541 2410 fuisse
1585 2351 1846 2425 pontifex

168 2448 422 2502 testatur
446 2444 696 2517 fratrum
723 2460 967 2500 suorum
995 2444 1397 2500 communicato
1435 2441 1687 2511 consilio,
1713 2439 1842 2498 diu-

171 2532 279 2608 Que
322 2533 939 2600 “communicationis,
966 2532 1038 2588 de
1079 2549 1195 2605 qua
1239 2530 1615 2604 potissimum
1668 2530 1728 2587 in
1778 2548 1847 2587 ea

168 2612 409 2697 agitur,
435 2623 739 2694 quaestione
759 2628 987 2678 tractata
1018 2625 1192 2694 atque
1223 2620 1366 2676 adeo
1394 2620 1454 2675 in
1486 2620 1848 2692 subsequen'

187 2712 347 2768 tibus
378 2709 642 2767 conciliis
674 2708 819 2765 nihil
868 2705 1129 2766 aliud‘ea
1157 2709 1227 2767 de
1263 2726 1343 2779 re,
1368 2725 1555 2781 quam.
1595 2708 1750 2782 quod
1784 2709 1843 2764 in

166 2818 235 2857 ea
261 2797 521 2874 epistola
546 2797 974 2872 praescribitur,
995 2798 1295 2855 decretum
1326 2794 1453 2853 fuit.
1483 2797 1701 2853 Praeter
1728 2795 1845 2853 alia

164 2907 300 2947 vero
318 2890 476 2945 bene
500 2878 707 2956 multa,
718 2904 853 2960 quas
870 2886 1251 2961 potissimum
1272 2887 1331 2943 in
1348 2885 1444 2943 his
1461 2885 1672 2944 litteris
1697 2903 1843 2944 novo

168 2966 281 3036 suo
308 2976 509 3052 legato
541 2969 916 3039 commendat
944 2974 1238 3043 Urbanus,
1269 2974 1582 3049 praeclaras
1612 2974 1844 3046 regulas

167 3065 507 3141 praescribit
536 3064 608 3121 de
643 3064 819 3122 modo
860 3064 1330 3137 recipiendorum
1372 3064 1843 3120 excommunica.

165 3162 366 3213 torum
402 3155 479 3212 ad
509 3152 938 3227 paenitentiam.
962 3153 1087 3218 Qua
1115 3152 1173 3209 in
1204 3170 1265 3210 re
1293 3152 1690 3211 acerbissimis
1718 3152 1837 3209 illis

164 3235 548 3318 temporibus
578 3258 795 3317 magna
814 3241 1041 3299 cautela
1072 3240 1409 3299 adhibenda
1433 3245 1578 3305 erat.
1609 3258 1681 3301 ne
1710 3241 1849 3301 faci-

168 3324 337 3391 litate
356 3326 683 3406 recipiendi
700 3330 900 3404 lapsos
913 3329 1184 3388 Ecclesiae
1202 3328 1523 3403 disciplina
1544 3320 1853 3389 labefacta‘

170 3412 361 3494 retur,
395 3412 515 3477 aut.
546 3419 875 3477 econtrario
922 3419 1109 3476 nimia
1154 3420 1499 3477 austeritate
1544 3421 1850 3477 exacerba-

172 3517 385 3570 rentur
413 3508 597 3568 animi
624 3525 849 3577 eorum,
871 3509 971 3583 qui
996 3509 1255 3583 quadam
1276 3504 1456 3565 veluti
1482 3509 1850 3579 necessitate,

168 3592 274 3657 aut
305 3586 465 3655 certe
494 3597 730 3654 levitate
774 3588 1016 3672 ingenii,
1052 3596 1248 3670 potius
1280 3614 1465 3671 quam
1516 3596 1745 3655 malitia
1791 3597 1852 3655 in

167 3679 853 3745 excommunicationem
883 3685 1291 3743 incurrerunt:
1324 3684 1547 3761 quippe
1578 3702 1733 3755 cum,
1767 3685 1854 3743 uti

152 3768 451 3834 observat
480 3763 814 3844 Bertoldus,
842 3772 1128 3833 Guibertus
1156 3776 1389 3849 ejusque
1414 3768 1720 3848 complices,
1754 3792 1857 3850 per

164 3857 258 3921 fas
290 3870 352 3922 et
380 3864 572 3931 nefas,
606 3880 760 3936 saepe
807 3863 983 3919 etiam
1017 3869 1257 3937 accepto
1304 3858 1513 3937 pretio,
1540 3868 1859 3923 sectatores

162 3971 311 4011 suos
341 3970 449 4027 per
479 3952 713 4009 diversa
744 3951 870 4009 loca
896 3954 1163 4010 ordinare
1186 3969 1298 4010 non
1323 3961 1616 4021 cessarent,
1642 3970 1855 4012 excom-

165 4043 581 4100 municationi:
603 4041 813 4097 malum
834 4042 1115 4098 intantum
1126 4042 1635 4114 propagabalur,ut
1655 4041 1853 4111 etiam,

165 4130 458 4189 catholici
481 4128 583 4187 vix
618 4146 677 4186 se
724 4130 791 4185 ab
845 4145 1036 4187 eorum
1086 4131 1338 4202 contagio
1380 4134 1598 4202 possent
1654 4131 1856 4189 illzesos

167 4220 476 4277 custodire.
497 4220 687 4287 Quare
702 4216 982 4290 providus
1004 4217 1265 4292 pontifex
1286 4223 1344 4275 et
1370 4217 1504 4292 pius
1526 4218 1856 4293 complures

168 4305 831 4366 exco‘mmunicatorum
864 4303 1084 4379 gradus
1112 4305 1449 4381 distinguit,
1476 4312 1542 4364 ut
1570 4312 1626 4364 et
1655 4324 1856 4381 super-

168 4398 398 4454 borum
423 4394 492 4452 ac
505 4390 899 4476 pervicacium
919 4394 1231 4452 temeritati
1257 4395 1586 4471 resistatur,
1604 4401 1660 4455 et
1676 4397 1855 4455 simul

172 4479 574 4544 succurratur
600 4478 961 4559 simplicium
1009 4502 1078 4541 ac
1120 4482 1492 4541 infirmorum
1543 4485 1854 4544 imbecilli-

168 4575 315 4633 tati.

250 4663 426 4730 Quod
456 4679 591 4720 vero
619 4661 680 4718 in
706 4679 777 4718 ea
803 4662 1050 4738 epistola
1080 4662 1352 4720 Urbanus
1390 4662 1647 4720 declarat
1676 4680 1760 4733 se,
1792 4665 1851 4721 in

168 4752 275 4810 his
307 4746 695 4825 paenitentia
720 4751 1003 4825 gradibus
1042 4751 1437 4826 assignandis,
1461 4752 1721 4825 Gregorii
1749 4754 1854 4809 VII

168 4840 453 4916 vestigiis
496 4838 827 4909 inuasisse,
860 4842 1241 4897 confirmatur
1288 4859 1356 4898 ex
1403 4841 1664 4914 epistola:
1694 4842 1848 4914 frag-

170 4934 408 4997 mento,
435 4930 593 5003 quod
640 4927 807 5002 Hugo
840 4927 1293 4987 Flaviniacensis
1331 4929 1392 4985 in
1424 4929 1712 4987 Chronico
1743 4947 1849 4987 suo

170 5018 386 5087 refert,
430 5017 490 5073 in
543 5034 661 5092 quo
707 5017 1019 5092 Gregorius
1065 5017 1242 5075 morti
1292 5018 1595 5090 proximus
1637 5018 1853 5077 dicitur

171 5125 418 5176 omnes,
440 5107 703 5180 exceptis
733 5098 979 5164 Henrico
1010 5111 1067 5164 et
1093 5107 1389 5174 Guiberto,
1423 5125 1489 5163 ac
1516 5100 1852 5182 principali-

174 5198 285 5252 bus
296 5199 557 5271 personis
585 5212 710 5271 qua
739 5196 972 5252 consilio
988 5204 1081 5253 aut
1100 5198 1318 5253 auxilio
1343 5197 1602 5269 favebant
1632 5198 1855 5254 illorum

170 5287 451 5361 nequitis,v
479 5290 532 5344 et
558 5282 843 5358 impietati
871 5285 1190 5353 absolvisse
1214 5289 1273 5342 et
1302 5285 1692 5353 benedixisse.

248 5376 390 5451 Jam
420 5386 561 5441 vero
592 5374 644 5431 si
679 5377 978 5447 quaeratur
1023 5392 1141 5450 qua
1169 5375 1228 5431 in
1261 5375 1481 5449 synodo
1527 5375 1720 5451 gravis
1750 5375 1851 5433 illa

164 5465 431 5540 quaestio
463 5466 539 5523 de
588 5462 1120 5527 excommunicatis
1151 5462 1373 5538 agitata
1404 5460 1595 5532 fuerit,
1629 5465 1700 5521 de
1742 5482 1861 5538 qua

168 5554 246 5631 ad
284 5548 715 5635 Gebebardum
749 5548 955 5607 scribit
982 5552 1277 5621 Urbanus,
1294 5569 1409 5609 non
1435 5555 1755 5612 admodum
1784 5556 1862 5610 fa-

170 5642 308 5703 cilis
336 5644 449 5703 erit
480 5637 829 5717 responsio,
865 5638 975 5696 nisi
1007 5641 1151 5697 forte
1196 5640 1255 5695 id
1307 5639 1524 5699 factum
1555 5641 1737 5701 fuisse
1768 5642 1862 5698 di-

1955 1907 2301 1964 Guibertum
2330 1907 2745 1976 efl‘erbuerunt,
2770 1911 2836 1963 ut
2857 1908 3024 1964 abiis
3052 1910 3288 1980 turpiter
3312 1908 3484 1979 fuerit
3512 1923 3604 1964 etn-

1947 1997 2142 2069 pulsus
2177 2000 2235 2053 et
2277 2000 2513 2053 coactus
2550 1998 2867 2070 juramento
2918 1999 3254 2071 promittere,
3288 1997 3443 2070 quod
3492 2012 3605 2053 non

1954 2087 2193 2159 amplius
2212 2087 2564 2159 apostolicam
2582 2086 2761 2143 sedem
2789 2088 3048 2144 invadere
3061 2091 3438 2159 praesumeret,
3460 2087 3603 2144 adeo

1954 2180 2040 2246 ut,
2076 2178 2199 2247 jam
2227 2175 2639 2249 aliquantulum
2667 2175 2933 2234 diuturna
2956 2179 3114 2247 regni
3141 2177 3413 2234 discordia
3461 2179 3607 2234 inter

1956 2264 2257 2323 Catholicos
2278 2268 2331 2321 et
2356 2264 2726 2322 schismaticos
2753 2265 2960 2323 exinde
2989 2274 3252 2339 tepescere
3273 2268 3513 2340 cmperit,
3544 2269 3607 2323 ut

1952 2370 2065 2410 non
2083 2354 2206 2426 jam
2248 2354 2452 2410 bellum
2500 2354 2571 2409 ad
2614 2354 2867 2421 invicem,
2918 2355 3011 2410 sed
3053 2371 3246 2426 pacem
3290 2371 3606 2428 componere

1953 2445 2145 2499 sanius
2172 2442 2510 2516 judicarent.
2545 2444 2668 2499 Imo
2702 2459 2796 2499 res
2835 2459 2902 2500 eo
2952 2447 3315 2516 processerat
3343 2448 3410 2499 ut
3437 2444 3609 2501 collo-

1954 2531 2092 2604 quio
2123 2532 2275 2601 inter
2301 2531 2612 2589 Henricum
2647 2535 2706 2588 et
2734 2547 2835 2589 eos
2863 2532 2965 2604 qui
2990 2531 3065 2588 ab
3095 2532 3328 2589 Urbano
3373 2533 3609 2590 stabant

1950 2620 2176 2691 habito,
2202 2636 2341 2694 spes
2381 2619 2581 2694 aliqua
2620 2620 2923 2695 effulgeret
2947 2620 3110 2694 pacis
3156 2621 3214 2677 in
3266 2621 3520 2685 Ecclesia
3549 2625 3609 2679 et

1953 2709 2198 2783 imperio
2229 2711 2622 2769 restituendae.
2657 2710 2757 2766 Isti
2787 2711 2945 2768 enim
2977 2710 3220 2768 Henrico
3246 2710 3608 2784 pollicebanp

1951 2804 2051 2855 tur
2080 2816 2142 2857 se
2173 2799 2225 2855 ei
2270 2800 2487 2859 auxilio
2516 2804 2569 2856 et
2594 2800 2825 2865 consilio
2855 2817 3152 2874 nusquam
3200 2818 3318 2858 non
3369 2801 3603 2856 adfutu-

1954 2905 2070 2957 ros,
2101 2887 2155 2945 si
2210 2888 2456 2947 dimisso
2506 2889 2784 2947 Guiberto
2838 2889 3015 2947 vellet
3068 2890 3137 2946 ad
3191 2890 3609 2946 ecclesiasticam

1952 2980 2389 3037 communionem
2405 2994 2508 3051 per
2519 2979 2850 3035 catholicum
2865 2983 3134 3050 pastorem
3150 2995 3412 3036 remeare.
3433 2980 3608 3048 Quam

1951 3067 2320 3127 conditionem
2372 3084 2487 3124 non
2527 3069 2763 3124 multum
2823 3067 3106 3126 Henricus
3160 3069 3460 3142 respuebat.
3493 3067 3607 3124 Sed

1958 3155 2223 3214 restitere
2252 3173 2379 3211 sua;
2425 3156 2613 3229 ipsius
2643 3155 2915 3212 factionis
2945 3156 3223 3229 episcopi,
3257 3158 3412 3230 quod
3448 3173 3608 3213 vere-

1961 3248 2162 3302 rentur
2218 3261 2290 3301 ne
2347 3260 2488 3317 pace
2535 3245 2862 3317 composita
2896 3261 3031 3301 cum
3063 3244 3335 3313 Guiberto
3385 3249 3442 3302 et
3497 3243 3610 3317 ipsi

1960 3336 2498 3391 exauctorarentur.
2527 3333 2717 3398 Quare
2734 3335 2865 3389 etei
2888 3336 3108 3404 penitus
3137 3335 3240 3391 hac
3269 3336 3381 3390 vice
3404 3335 3613 3389 dissua-

1959 3430 2151 3483 serunt
2175 3438 2247 3478 ne
2272 3430 2477 3479 sanctae
2505 3422 2755 3478 Ecclesiae
2787 3422 3252 3478 reconciliantur.

2002 3570 2005 3571 ν
2086 3528 2279 3585 XLIII.
2306 3528 2787 3611 Schismaticorum
2812 3530 2989 3611 furor.
3022 3528 3159 3583 Mors
3192 3529 3487 3583 Bom'z-onis

2658 3615 2913 3672 episcopi.

1980 3760 1985 3763 _
2033 3682 2133 3758 Ea,
2165 3688 2250 3746 uti
2281 3688 2535 3757 videtur,
2562 3687 2866 3746 occasione
2894 3687 2977 3744 ita
3006 3688 3185 3745 crevit
3213 3688 3617 3746 schismatico—

1963 3795 2094 3836 rum
2126 3778 2187 3835 in
2210 3776 2536 3835 Catholicos
2561 3777 2786 3844 odium,
2808 3781 2874 3833 ut
2901 3777 3076 3833 etiam
3106 3777 3333 3850 aliquot
3360 3777 3614 3835 Catholi-

1963 3884 2167 3924 corum
2217 3865 2522 3939 episcopos
2567 3865 2904 3922 interimere
2950 3865 3077 3922 ausi
3126 3867 3362 3923 fuerint.
3409 3866 3618 3923 Horret

1963 3954 2200 4014 animus
2230 3953 2293 4013 in
2324 3955 2625 4011 referenda
2665 3953 2975 4011 Bonizonis
3023 3955 3345 4012 Sutriensis
3395 3954 3617 4012 crudeli

1964 4048 2173 4111 morte,
2191 4060 2366 4117 quem
2396 4047 2455 4099 et
2483 4060 2618 4100 cum
2660 4044 2897 4117 propria
2925 4044 3069 4101 urbe
3098 4045 3349 4116 ejectum
3372 4044 3617 4100 Placen-

1965 4130 2073 4205 tini
2105 4150 2209 4206 pro
2250 4132 2524 4205 episcopo
2568 4132 2946 4204 recepissent,
2979 4130 3365 4199 schismatici,
3389 4132 3618 4190 effossis

1964 4221 2150 4278 oculis
2181 4221 2585 4293 truncatisque
2616 4238 2764 4295 pene
2782 4221 3058 4278 omnibus
3086 4222 3390 4288 membris,
3414 4222 3621 4278 imma-

1965 4311 2135 4381 niler,
2177 4310 2262 4367 uti
2315 4311 2490 4367 refert
2546 4309 2871 4379 Bertoldus,
2922 4311 3312 4375 trucidarunt,
3344 4310 3501 4383 quod
3550 4312 3618 4366 14

1963 4398 2111 4456 Julii
2153 4398 2476 4472 contigisse
2523 4398 2808 4455 discimus
2840 4416 2909 4456 ex
2936 4400 3065 4471 ejus
3108 4398 3407 4471 epitaphio
3460 4400 3616 4471 apud

1964 4487 2545 4562 Ughellumtomo‘ll
2578 4487 2757 4544 [taliae
2784 4504 2964 4545 sacrae
2997 4504 3011 4543 :
3045 4486 3227 4545 simili
3258 4488 3373 4545 fere
3398 4486 3619 4561 suppli-
3668 4550 3671 4553 _

1883 4588 1933 4655 D
1963 4577 2050 4635 cio
2081 4577 2324 4637 atl‘ectus
2374 4577 2485 4633 fuit
2512 4596 2547 4633 a
2576 4576 2968 4635 schismaticis
2998 4576 3327 4650 Liprandus
3375 4578 3617 4649 presby-

1962 4672 2051 4723 ter
2079 4665 2559 4731 Mediolanensis,
2583 4668 2678 4722 cui
2724 4683 2923 4722 nasum
2948 4673 3001 4722 et
3030 4681 3190 4722 aures
3237 4666 3299 4719 in
3318 4716 3323 4720 .
3342 4667 3616 4721 contume-

1963 4756 2099 4812 liam
2130 4755 2535 4828 prazciderunt.
2562 4756 2736 4813 Porro
2757 4755 3066 4812 Bonizonis
3085 4754 3308 4826 aliquot
3335 4753 3619 4827 opuscula
3648 4794 3656 4821 ε

1960 4840 2224 4901 recenset
2255 4845 2605 4901 Lambecius
2634 4850 2793 4901 tomo
2832 4844 2883 4899 Il
2920 4843 3291 4901 Bibliotheca;
3322 4844 3621 4919 Caesareae,

1960 4949 2170 5006 nempe
2197 4934 2520 5006 paradisum
2545 4933 3008 5003 Augustinianum
3032 4950 3101 4990 ex
3126 4934 3281 4991 beati
3304 4935 3618 5010 Augustini

1961 5022 2275 5079 sententiis
2305 5025 2362 5078 et
2387 5021 2577 5079 verbis
2609 5022 2848 5079 omnino
2882 5026 3239 5092 contextum,
3275 5041 3450 5097 quem
3482 5043 3616 5083 san-

1962 5114 2058 5167 cto
2084 5109 2297 5168 Joanni
2323 5110 2636 5169 Gualberto
2668 5112 3054 5186 nuncupavit;
3085 5113 3326 5171 Librum
3353 5116 3617 5173 decreta-

1964 5199 2105 5270 lem,
2123 5203 2179 5256 et
2208 5199 2516 5273 Epitomen
2538 5201 2799 5259 historiae
2820 5201 3165 5275 pontiﬁcum
3192 5203 3612 5273 Romanorum,

1965 5305 2144 5360 quam
2194 5288 2482 5345 Martinus
2538 5289 2790 5347 Polonus
2843 5290 3121 5347 laudavit.
3172 5292 3328 5348 Idem
3381 5293 3619 5365 scripsit

1965 5376 2185 5434 librum
2213 5379 2288 5434 De
2314 5380 2669 5435 sacramentis
2690 5379 2764 5433 ad
2796 5378 3119 5435 Galterium
3154 5379 3468 5435 Leonensis
3492 5398 3616 5437 mo-

1968 5466 2206 5523 nasterii
2241 5466 2535 5534 abbatem,
2558 5484 2731 5539 quem
2763 5466 2822 5521 in
2853 5467 3049 5524 codice
3079 5485 3189 5523 ms.
3217 5467 3619 5526 Ambrosianus

1968 5554 2330 5611 bibliothecae
2375 5554 2595 5612 invenit
2641 5554 3151 5612 Mabilloniuszad
3182 5571 3306 5610 rem
3355 5561 3620 5614 nostram

1972 5641 2162 5714 magis
2192 5630 2417 5714 spectat
2443 5640 2572 5713 ejus
2610 5640 2778 5699 liber.
2811 5641 2893 5698 De
2940 5644 3122 5715 gestis
3154 5641 3371 5700 Urbani
3399 5642 3620 5700 ibidem
