3958 6224
368 419 443 489 81
1686 419 1759 485 Β.
1803 419 1931 488 UB]

2186 419 2198 485 [
2242 418 2491 485 pars.
3676 417 3749 489 ss

369 555 752 626 memoratus,
787 570 963 629 quem
990 552 1169 613 etiam
1199 552 1447 629 ipsemet
1476 555 1585 614 sub
1614 556 1792 613 finem
1823 556 2014 630 Epito-
2042 557 2099 626 Α
2126 554 2481 621 laudandus,
2506 552 2684 629 quod,
2718 552 2805 611 uti
2841 549 3198 611 Trithemius
3242 551 3437 624 refert,
3456 549 3603 613 inter
3638 556 3751 632 epi-

368 664 498 706 mes
533 646 755 714 laudat,
786 645 882 702 his
911 645 1105 702 verbis
1147 662 1181 701 a
1230 646 1536 702 Lambecio
1586 645 1734 703 libro
1783 664 1845 716 ιι,
1878 664 1928 702 c.
1959 647 2014 714 8,
2125 643 2609 718 scopales'curas,
2638 643 2923 717 regularis
2969 643 3094 699 vitae
3128 644 3429 714 fervorem,
3453 660 3621 717 quem
3651 650 3751 705 sub

367 736 608 795 relatis:
645 735 852 793 Urbani
880 751 1003 791 vero
1025 736 1300 807 pontiﬁcis
1328 738 1448 791 acta
1496 738 1547 791 et
1592 735 1658 791 de
1703 737 1821 807 ejus
1849 738 2018 791 victo-
2124 733 2423 790 Wittelmo
2481 735 2689 789 abbate
2747 731 3066 804 Hirsaugiaa
3125 731 3423 800 hauserat,
3469 750 3765 808 nunquam.

367 828 462 883 ria
488 827 539 881 si
560 825 683 898 quis
709 826 850 880 seire
890 824 1144 891 voluerit,
1178 824 1323 893 legat
1354 824 1557 878 librum
1603 840 1760 895 quem
1800 827 2021 896 scripsit
2125 822 2525 878 intermiserit.
2561 823 2614 877 Is
2653 822 3076 877 monasterium
3106 820 3517 893 Hirsaugiense
3563 825 3633 879 ab
3676 842 3758 882 eo-

370 916 433 971 in
462 911 1136 986 Hugonem,cardinalem
1185 911 1407 967 scilicet
1453 909 1891 968 schismaticum
1924 929 2018 968 co-
2128 912 2263 967 dem
2315 916 2516 967 sancto
2562 911 2773 967 abbate
2813 926 3013 966 recens
3063 913 3438 979 restructum,
3471 915 3526 966 et
3566 913 3755 971 cellam

371 1006 690 1078 gnomento
735 1001 971 1070 Album,
1003 1008 1055 1057 et
1083 1000 1161 1055 ibi
1190 1001 1426 1055 inveniet
1457 1000 1525 1055 ad
1564 1002 1792 1072 plenum
1818 1001 2019 1056 diluci-
2128 999 2659 1057 Richenbacensem
2718 1000 3065 1055 auctoritate
3124 997 3340 1054 Urbani
3388 1003 3759 1071 consecravit;

371 1092 503 1149 data
532 1106 657 1164 qua
683 1092 938 1147 voluerit.
2130 1090 2231 1145 sed
2264 1106 2373 1145 sua
2402 1089 2460 1144 in
2483 1088 2865 1145 defendendis
2890 1087 3155 1144 Ecclesia:
3178 1087 3375 1144 causis
3399 1090 3767 1163 magnanimi-

440 1182 513 1237 At
542 1180 702 1237 istud
748 1196 896 1252 opus
942 1181 1045 1234 aut
1092 1176 1283 1250 periit,
1317 1181 1420 1234 aut
1457 1183 1609 1235 certe
1658 1179 2021 1253 incognitum
2129 1182 2223 1234 tas
2248 1183 2389 1234 tunc
2418 1178 2793 1251 potissimum
2824 1176 3053 1243 enituit,
3087 1177 3394 1233 occasione
3422 1177 3643 1235 Ottonis
3672 1197 3763 1236 cu-

372 1269 587 1328 alicubi
617 1269 784 1337 latet;
819 1267 972 1324 sicut
1020 1272 1078 1323 et
1124 1267 1373 1337 dialogus
1422 1268 1716 1335 Gualfredi
1767 1269 2024 1343 episc0pi
2124 1267 2365 1338 jusdam
2397 1266 2456 1322 in
2497 1266 2843 1323 Alemannia
2871 1266 3124 1333 comitis,
3158 1282 3334 1337 quem
3366 1266 3437 1321 ob
3482 1266 3765 1338 publicum

373 1357 648 1417 Senensis
676 1357 742 1413 de
769 1360 1001 1428 utroque
1041 1358 1354 1428 apostolico,
1390 1356 1449 1412 in
1496 1374 1612 1429 quo
1644 1356 2025 1415 interlocuto-
2133 1372 2268 1412 cum
2302 1374 2479 1413 uxore
2527 1356 2801 1412 Ludovici
2844 1354 3078 1411 comitis
3106 1370 3285 1426 quam
3309 1354 3532 1411 vivente
3577 1356 3769 1414 marito

372 1464 465 1504 res
495 1445 855 1520 producebat
886 1445 1188 1502 Urbanum
1237 1450 1295 1501 et
1341 1446 1707 1512 Guibertum,
1740 1451 1805 1502 ut
1832 1446 2027 1502 videre
2134 1444 2245 1502 sibi
2277 1445 2669 1518 ecpulaverat,
2701 1444 3055 1501 adulterium
3103 1443 3627 1500 excommunicavit
3648 1462 3661 1500 :
3683 1464 3771 1502 sa-

371 1538 462 1593 est
498 1535 654 1608 apud
686 1532 998 1607 Ughellum
1028 1537 1185 1590 torno
1233 1534 1310 1589 III
1353 1533 1532 1590 Italia:
1582 1552 1777 1591 sacrae.
1810 1536 1921 1592 Sed
1954 1536 2028 1591 ad
2135 1534 2211 1590 tis
2241 1534 2461 1607 quippe
2492 1552 2608 1591 non
2641 1534 2751 1589 fuit
2782 1550 2928 1589 novo
2957 1532 3039 1588 illi
3064 1532 3333 1604 Baptista:
3360 1532 3686 1590 adulterum
3705 1535 3775 1591 vi-

374 1623 787 1682 schismaticos
819 1627 1199 1689 revertamur,
1217 1623 1319 1695 qui
1350 1640 1465 1678 non
1490 1622 1687 1680 minus
1716 1624 1773 1679 in
1795 1625 2030 1680 Germa—
2136 1628 2365 1679 ventem
2406 1624 2695 1696 arguisse,
2731 1622 2845 1678 nisi
2895 1638 3029 1677 eum
3079 1637 3311 1694 quoque
3363 1626 3498 1693 post
3544 1627 3774 1680 mortem

375 1712 476 1768 nia
504 1728 683 1784 quam
715 1710 776 1766 in
806 1710 971 1767 Italia
1002 1711 1335 1766 saeviebant.
1354 1710 1438 1766 Ibi
1465 1711 1620 1767 enim
1647 1713 1811 1783 Hugo
1834 1729 2027 1769 comes
2139 1708 2335 1784 quam
2366 1712 2742 1784 impmnitens
2788 1710 3128 1784 pertulerat,
3178 1710 3603 1783 insequeretur.
3643 1713 3775 1769 Cum

377 1802 450 1857 de
468 1799 819 1874 Egensheim
841 1805 1117 1856 strenuus
1137 1798 1567 1856 Catholicorum
1591 1801 1878 1869 defensor,
1894 1819 2028 1857 cum
2138 1802 2294 1857 enim
2327 1801 2522 1857 Ottoni
2548 1801 2817 1858 Ludovici
2867 1799 3105 1866 milites,
3141 1800 3241 1871 qui
3290 1803 3525 1855 tantum
3567 1801 3777 1857 domini

373 1887 744 1963 Argentorati
773 1887 1486 1989 apud-episcopum‘hihil
1525 1888 1800 1945 difﬁdens
1832 1906 2023 1945 mora-
2055 1923 2105 1989 B
2140 1890 2232 1946 sui
2264 1889 2518 1947 dedecus
2539 1889 2689 1945 ferre
2710 1906 2825 1945 non
2849 1891 3138 1961 poterant,
3162 1892 3346 1987 caput
3361 1892 3774 1960 amputassent,

374 1982 559 2048 retur,
584 1978 657 2034 ab
686 1977 816 2050 ejus
864 1975 1153 2032 ministris
1184 1975 1370 2048 pridie
1400 1976 1595 2034 Nonas
1644 1978 2026 2049 Septembris,
2056 1975 2104 1989 ⁴’
2141 1995 2209 2035 ac
2237 1979 2367 2051 ejus
2398 1995 2611 2051 corpus
2644 1978 2703 2033 in
2747 1978 3004 2057 quodam
3033 1975 3386 2032 monasterio
3419 1978 3492 2033 ab
3539 1994 3605 2035 eo
3652 1995 3777 2034 con-

374 2070 443 2123 ut
482 2069 683 2123 narrat
725 2065 1051 2134 Bertoldus,
1094 2064 1293 2121 dolose
1340 2064 1726 2137 interemptus
1774 2070 1882 2121 est.
1915 2066 2033 2123 Hoc
2141 2071 2364 2124 structo
2414 2069 2619 2125 fuisset
2669 2066 2996 2139 sepultum;
3033 2064 3177 2121 illud
3210 2064 3591 2124 Gebehardus
3634 2067 3776 2124 foras

373 2155 503 2229 ipso
538 2155 716 2212 etiam
741 2171 914 2224 anno,
949 2157 1014 2209 ut
1043 2154 1198 2210 idem
1244 2157 1447 2210 auctor
1477 2154 1667 2223 refert,
1701 2154 1905 2211 Petrus
1935 2155 2031 2211 Al-
2141 2157 2344 2229 projici
2380 2158 2585 2229 jussit,
2625 2160 2800 2229 atque
2849 2155 3018 2225 asini,
3043 2159 3107 2210 ut
3136 2172 3203 2211 ex
3248 2155 3563 2228 Scriptura:
3600 2157 3778 2213 verbis

372 2244 653 2302 hanensis
682 2244 1012 2317 episcopus,
1044 2247 1428 2315 cognomento
1471 2243 1713 2315 lgnitus,
1743 2243 1803 2300 in
1836 2260 2029 2317 perse-
2141 2248 2270 2317 (Jer.
2296 2264 2434 2314 χχιι,
2470 2248 2581 2317 19),
2605 2246 2779 2301 refert
2808 2243 3138 2311 Bertoldus,
3162 2242 3470 2317 sepultura
3499 2244 3697 2301 donari
3726 2245 3777 2301 id

377 2333 629 2407 quendis
686 2332 1032 2390 Simoniacis
1088 2330 1602 2387 nominatissimus
1654 2332 1816 2402 obiit,
1860 2334 2030 2405 cujus
2141 2339 2231 2390 est
2258 2336 2481 2407 absque
2512 2333 2814 2407 sepultura
2843 2332 3100 2388 dimitti:
3143 2333 3300 2406 quod
3345 2349 3548 2389 revera
3576 2334 3778 2409 factum

378 2421 725 2479 memoriam
754 2438 810 2478 v1
842 2422 982 2477 Idus
1027 2419 1293 2477 Januarii
1340 2420 1576 2493 vulgata
1623 2422 2032 2495 Martyrologia
2141 2427 2248 2491 est,
2281 2428 2336 2478 et
2366 2424 2518 2480 bona
2546 2424 2674 2495 eius
2696 2440 2729 2478 a
2751 2421 3039 2478 militibus
3072 2420 3300 2494 direpta
3320 2420 3508 2489 fuere,
3532 2421 3672 2478 utin
3700 2440 3777 2491 eo,

379 2510 695 2568 celebrant.
731 2511 944 2567 Eodem
976 2526 1129 2565 anno
1160 2510 1253 2565 die
1282 2526 1339 2565 IV
1366 2510 1559 2565 Nonas
1581 2510 1739 2579 Maii,
1764 2515 1830 2565 ut
1856 2509 2034 2569 habet
2140 2510 2221 2566 ait
2250 2511 2405 2567 idem
2435 2516 2659 2580 auctor,
2689 2510 3127 2567 maledictiones
3157 2508 3457 2581 Propheta:
3488 2509 3550 2566 in
3576 2511 3778 2568 Judam

378 2600 546 2675 Hugo
574 2599 1027 2657 Flaviniacensis
1053 2599 1234 2655 abbas
1263 2597 1323 2653 in
1345 2599 1627 2655 Chronico
1651 2599 2031 2674 Virdunensi,
2139 2600 2501 2656 traditorem.
2534 2602 2598 2656 Et
2635 2600 2908 2672 diripiant
2955 2600 3130 2655 alieni
3186 2598 3397 2655 labores
3453 2602 3571 2672 ejus
3619 2601 3777 2674 (Psal.

383 2691 544 2745 tomo
574 2688 626 2745 II
656 2687 1024 2744 Bibliotheca:
1063 2703 1221 2743 novat
1260 2688 1604 2757 Labbeanae,
1633 2687 2030 2745 Theudoricus
2139 2702 2295 2754 cvm,
2329 2688 2416 2760 11)
2452 2688 2931 2761 adimplerentur.

382 2776 771 2833 Virdunensis
813 2776 1058 2832 antistes
1088 2791 1430 2848 supremum
1462 2776 1606 2832 obiit
1633 2775 1809 2847 diem,
1841 2776 2031 2835 Eccle-
2411 2777 2599 2834 XLVI.
2630 2779 2907 2834 Fiscahini
2932 2778 3205 2849 exemptio
3232 2777 3513 2848 ﬁrmatur.

382 2865 485 2923 sia
516 2865 792 2922 Romanas
838 2864 1245 2921 reconciliatus
1276 2881 1310 2920 a
1338 2864 1593 2921 Gerardo
1639 2870 1809 2922 antea
1837 2866 2027 2923 archi-
2207 2864 2373 2921 Haud
2406 2866 2615 2921 minori
2646 2868 2841 2923 animo
2870 2865 3027 2923 sedis
3057 2865 3386 2938 apostolica:
3418 2868 3775 2940 majestatem

381 2952 650 3026 diacono,
680 2957 823 3010 tunc
853 2952 1140 3009 monacho
1172 2953 1369 3010 Sancti
1397 2953 1614 3022 Vitoni,
1647 2955 1739 3009 cui
1772 2956 2028 3027 pontifex
2132 2950 2445 3009 vindicavit
2492 2955 2549 3009 in
2598 2953 3025 3010 Northmannia
3070 2954 3195 3027 ipse
3242 2954 3540 3012 Urbanus.
3569 2954 3778 3028 Quippe

376 3042 913 3100 excommunicatos
943 3040 1278 3098 absolvendi
1308 3044 1653 3115 potestatem
1676 3043 2021 3113 contulerat,
2131 3056 2266 3096 cum
2298 3042 2626 3100 Willelmus
2670 3044 3142 3117 archiepiscopus
3185 3043 3678 3118 Rothomagensis
3705 3044 3772 3100 ob

370 3136 439 3205 ut
479 3131 653 3206 paulo
699 3131 891 3189 fusius
940 3134 1139 3187 narrat
1184 3131 1531 3187 Laurentius
1579 3132 1650 3188 de
1701 3133 1913 3188 Leodio
1962 3134 2019 3189 in
2131 3129 2451 3198 sublatum.
2481 3131 2744 3189 Ecclesia;
2790 3150 2907 3188 suae
2940 3150 2974 3187 a
3003 3132 3214 3189 comite
3245 3132 3502 3191 Roberto
3547 3132 3772 3190 Gisortii

366 3220 623 3279 Historia
652 3220 1062 3294 episcoporum
1092 3219 1574 3287 Virdunensium,
1594 3225 1753 3277 torno
1772 3222 1870 3278 XII
1891 3222 2017 3295 Spi-
2056 3288 2087 3295 _
2128 3219 2431 3293 oppidum,
2463 3225 2645 3278 totam
2697 3221 3183 3278 Northmanniam
3223 3221 3409 3278 sacris
3442 3222 3771 3279 interdixis—

359 3309 553 3384 cilegii
580 3309 916 3367 Acheriani.
2044 3288 2089 3356 Ο
2126 3313 2233 3378 set,
2258 3326 2324 3369 ac
2355 3310 2626 3367 monachi
2671 3310 3135 3377 Fiscamnenses,
3168 3310 3324 3381 quod
3355 3308 3469 3366 soli
3522 3310 3772 3366 Romano

662 3399 858 3455 XLIV.
889 3398 1168 3455 Mathildis
1202 3399 1497 3472 Welphoni
1537 3400 1715 3456 nubit.
2126 3399 2385 3470 pontiﬁci
2413 3399 2663 3472 subjecti
2687 3402 2902 3464 essent,
2926 3397 3183 3454 ofﬁcium
3206 3397 3476 3454 divinum
3499 3398 3774 3455 intermit-

428 3487 700 3546 Urbanus
746 3487 987 3555 interea,
1018 3491 1084 3544 ut
1130 3505 1278 3544 novo
1327 3489 1534 3544 robore
1581 3488 2013 3546 Catholicorum
2122 3491 2244 3544 tere
2299 3487 2646 3558 noluissent,
2677 3488 2750 3544 ab
2806 3487 3241 3560 archiepiscOpo
3288 3486 3772 3544 excommunicati

357 3580 553 3650 partes
578 3577 860 3649 ﬁrmaret,
892 3575 1076 3632 voluit
1105 3575 1449 3631 Mathildem
1481 3576 1868 3645 comitissam,
1902 3578 2012 3634 Go-
2124 3580 2281 3631 sunt.
2310 3578 2417 3633 Sed
2450 3594 2510 3633 re
2538 3578 2610 3633 ad
2660 3577 2960 3633 Urbanum
2992 3574 3205 3641 delata,
3239 3574 3337 3631 ille
3387 3574 3769 3649 archiepiscoo

358 3665 568 3723 defridi
599 3665 767 3721 ducis
798 3664 1082 3729 relictam,
1110 3663 1424 3735 Welphoni
1468 3663 1708 3720 alterius
1736 3666 2013 3739 Welpho-
2121 3681 2262 3736 pum
2295 3665 2487 3738 ipsum
2531 3664 2693 3738 pallii
2739 3682 2851 3721 usu
2894 3663 3191 3720 interdixit
3224 3680 3237 3719 :
3272 3680 3451 3736 quem
3499 3682 3617 3722 non
3666 3664 3770 3721 nisi

358 3753 453 3810 nis
492 3753 661 3809 ducis
698 3752 950 3809 Bavariaa
995 3752 1114 3807 ﬁlio
1160 3752 1371 3824 nuptui
1417 3754 1664 3823 tradere,
1709 3758 1863 3827 quod
1914 3775 2010 3813 re-
2120 3758 2251 3825 post
2280 3754 2498 3810 multas
2529 3770 2748 3826 preces,
2781 3759 2839 3809 et
2869 3753 3188 3826 legationes
3220 3757 3340 3809 tam
3394 3753 3471 3809 ab
3524 3753 3653 3828 ipso
3684 3770 3769 3809 ar-

357 3841 490 3915 ipsa
515 3840 626 3898 hoc
656 3857 810 3897 anno
838 3840 1055 3896 factum
1087 3840 1270 3898 fuisse
1317 3841 1498 3897 tradit
1536 3843 1865 3914 Bertoldus,
1897 3863 2005 3902 non
2117 3840 2505 3915 chiepiscopo,
2530 3860 2708 3915 quam
2731 3861 2766 3898 a
2784 3843 2995 3899 comite
3020 3841 3265 3898 Romam
3288 3841 3509 3899 missas
3531 3841 3584 3899 ei
3616 3841 3769 3898 resti-

353 3933 472 3987 tam
496 3946 597 4003 pro
635 3931 1057 3994 incontinentia,
1091 3945 1392 4001 nunquam
1433 3929 1587 3986 enim
1633 3932 2005 3991 matrimonio
2115 3931 2256 3998 tuit;
2280 3936 2337 3987 et
2367 3948 2439 3987 ne
2468 3933 2609 4004 quid
2651 3932 2711 3987 in
2753 3936 3051 4005 posterum
3081 3930 3275 3987 simile
3305 3931 3476 3987 fieret
3506 3932 3766 3987 Ecclesiae

354 4019 448 4077 usi
480 4019 737 4087 fuerunt,
761 4021 828 4074 ut
856 4017 1011 4074 idem
1048 4022 1251 4074 auctor
1277 4019 1489 4075 asserit
1530 4020 1703 4092 paulo
1735 4011 2001 4093 inferius,
2115 4020 2545 4077 Fiscamnensis
2570 4021 2870 4094 privilegia
2886 4018 3359 4091 novodiplomate
3375 4018 3763 4075 confirmavit.

354 4123 520 4180 quam
544 4122 644 4179 pro
672 4107 906 4163 Romani
927 4108 1202 4178 pontiﬁcis
1230 4106 1558 4175 obedientia,
1584 4118 1645 4164 ut
1672 4126 1861 4183 nempe
1885 4114 1998 4169 Μα-
2111 4107 2235 4163 Non
2269 4110 2505 4181 quidem
2536 4110 2703 4165 licuit
2724 4109 2940 4166 Urbani
2972 4108 3192 4165 litteras
3224 4106 3511 4177 invenire,
3536 4109 3639 4165 sed
3672 4125 3764 4164 su-

349 4196 551 4253 thildis
577 4196 798 4252 uirilius
821 4198 1026 4253 sanctae
1064 4197 1320 4253 Romanae
1352 4198 1603 4253 Ecclesiae
1637 4207 1825 4255 contra
1854 4202 1996 4257 schi-
2109 4202 2303 4269 perest
2331 4199 2458 4269 ejus
2513 4199 2594 4254 rei
2635 4197 2839 4254 notitia
2868 4198 2924 4253 in
2955 4198 3129 4254 veteri
3180 4197 3583 4254 instrumento
3632 4202 3763 4261 tunc

343 4287 599 4342 smaticos
628 4287 803 4357 posset
822 4284 1127 4340 subvenire.
1149 4283 1369 4340 Volunt
1397 4285 1663 4341 nonnulli
1696 4286 1993 4347 Urbanum
2105 4287 2406 4359 temporis,
2440 4288 2657 4360 scripta
2704 4304 2831 4360 qua:
2864 4288 2921 4342 in
2955 4286 3292 4343 collectione
3342 4286 3521 4358 epist.
3559 4284 3761 4360 pontii.

342 4373 555 4430 harum
585 4374 928 4446 nuptiarum
960 4372 1262 4429 occasione
1313 4374 1495 4429 Senas
1527 4391 1715 4446 usque
1762 4377 1820 4431 in
1872 4380 1993 4435 Tu-
2103 4374 2329 4448 integra
2370 4376 2754 4431 exhibebitur.
2785 4378 2872 4431 An
2915 4392 3047 4431 vero
3079 4375 3148 4430 de
3197 4374 3306 4430 hac
3351 4374 3762 4430 interdictione

342 4463 531 4541 sciam,
570 4478 934 4536 properasse,
970 4461 1069 4518 ubi
1100 4461 1440 4519 Mathildem
1487 4464 1826 4523 convenisse
1854 4467 1992 4523 dici-
2102 4463 2517 4538 intelligendus
2547 4464 2624 4521 sit
2653 4465 2974 4521 Eadmerus
3006 4464 3107 4520 lib.
3142 4481 3199 4520 ιν
3228 4463 3442 4519 Novor.
3477 4481 3660 4537 quam
3691 4462 3764 4518 le-

338 4555 456 4621 tur,
488 4551 645 4625 quod
677 4550 916 4624 quidem
946 4550 1294 4607 Bertholdus
1319 4549 1576 4619 reticuit;
1610 4554 1711 4608 sed
1742 4554 1991 4613 testatur
2099 4558 2292 4609 vatam
2326 4554 2505 4611 fuisse
2535 4554 2864 4610 interventu
2896 4552 3083 4610 sancti
3112 4552 3373 4610 Anselmi
3406 4552 3643 4621 scribit,
3666 4552 3761 4609 alii

335 4639 771 4698 Catholicorum
819 4639 1019 4697 hostes
1068 4638 1215 4694 nihil
1268 4638 1559 4708 omisisse,
1607 4645 1672 4697 ut
1718 4642 1991 4719 Welpho-
2024 4655 2069 4720 ο
2098 4641 2369 4699 viderint.

333 4746 468 4787 ηοω
498 4729 872 4798 lacesserent:
900 4745 1077 4801 quem
1108 4732 1306 4821 ίθξῖξθη
1347 4727 1565 4786 frum“
1591 4732 1846 4803 ίνηΡθίθνε
1876 4743 1989 4791 ίεη-
2181 4749 2397 4804 XLVII.
2431 4749 2714 4806 Monachos
2745 4751 2898 4806 Becci
2926 4749 3073 4821 apud
3103 4749 3454 4806 Pontisaram
3483 4749 3682 4805 urbem

333 4828 583 4877 taverunt
610 4838 629 4876 :
661 4836 842 4893 quare
881 4834 1039 4887 cum,
1071 4821 1137 4873 ut
1174 4817 1330 4874 idem
1362 4822 1565 4875 auctor
1592 4824 1984 4898 prosequitur,
2820 4817 3023 4877 tuetur.
3418 4876 3421 4877 ν

333 4909 388 4964 ei
414 4910 667 4964 resistere
689 4924 801 4965 non
824 4915 1044 4979 possent
1071 4911 1287 4979 treugas
1306 4924 1473 4980 usque
1502 4911 1561 4965 in
1590 4911 1803 4967 Pascha
1830 4914 1898 4969 ab
1925 4932 1986 4972 eo
2167 4908 2367 4964 Eidem
2398 4907 2693 4965 Willelmo
2738 4908 3175 4982 archiepiscopo
3206 4906 3484 4965 Urbanus
3527 4907 3760 4981 scripsit

326 5011 429 5069 per
483 4998 851 5053 interventum
906 4998 1150 5069 conjugis
1206 4998 1322 5070 ejus
1377 4998 1829 5069 imploraverunt.
1872 5003 1985 5059 Nec
2094 4997 2247 5053 circa
2275 4997 2416 5052 illud
2441 5002 2675 5070 tempus
2702 4998 2762 5053 in
2787 4998 3037 5072 gratiam
3062 4996 3493 5053 monachorum
3519 4996 3761 5053 Beccen-

332 5082 503 5158 plura
532 5082 724 5155 potuit
753 5083 1056 5142 Henricus.
1080 5085 1160 5141 De
1176 5085 1435 5158 prmdicto
1457 5087 1709 5160 conjugio
1739 5091 1984 5148 tristatus
2094 5088 2273 5150 sium.
2299 5086 2398 5158 qui
2430 5087 2489 5142 in
2522 5086 2780 5143 Ecclesia
2804 5087 3001 5144 Sancti
3024 5084 3175 5142 Petri
3197 5084 3351 5157 apud
3381 5084 3756 5142 Pontisaram

329 5170 760 5245 expeditionem
800 5171 861 5229 in
910 5173 1220 5230 Saxoniam
1269 5174 1513 5246 paravit,
1546 5192 1613 5231 ex
1644 5194 1762 5249 qua
1808 5179 1983 5250 paulo
2093 5176 2399 5249 degebant.
2426 5175 2544 5230 Hoc
2574 5176 2999 5233 Pontisarensis
3028 5173 3225 5247 oppidi
3256 5172 3492 5246 accolae,
3528 5174 3757 5230 canoni-

325 5264 461 5334 post
486 5259 689 5318 fractis
726 5259 948 5318 viribus
994 5263 1114 5318 sine
1157 5262 1359 5320 honore
1411 5266 1622 5319 reverti
1673 5267 1983 5337 compulsus
2092 5265 2177 5322 cis
2208 5266 2403 5322 Sancti
2427 5264 2692 5322 Mellonis
2711 5265 2997 5338 adjuncti,
3020 5262 3331 5338 prohibere
3357 5263 3752 5333 conabantur,

324 5356 422 5407 est.
2091 5371 2163 5411 ne
2192 5354 2362 5427 signa
2390 5354 2463 5409 ad
2494 5353 2753 5410 officium
2773 5354 3039 5411 divinum
3066 5351 3388 5426 pulsarent.
3416 5350 3590 5418 Quod
3624 5353 3753 5407 irre-

670 5437 829 5494 XLV.
865 5438 1165 5496 Gebehardi
1193 5441 1438 5512 episcopi
1466 5441 1636 5496 zelus.
2090 5445 2345 5515 ligiosum
2364 5459 2475 5499 esse
2495 5460 2560 5498 ac
2574 5444 2940 5500 inhumanum
2964 5441 3307 5516 pronuntiat
3324 5439 3599 5512 pontifex
3613 5439 3753 5495 vult-

391 5525 634 5583 Interim
656 5526 1037 5584 Gebehardus
1060 5528 1405 5585 auctoritate
1425 5528 1733 5601 legationis
1752 5537 1980 5603 aposto-
2089 5549 2203 5605 que
2226 5535 2289 5587 ut
2310 5531 2586 5604 deinceps
2610 5533 2667 5587 id
2688 5533 2772 5589 eis
2794 5531 3045 5588 liberum
3067 5532 3143 5588 sit
3164 5547 3177 5587 :
3204 5529 3410 5586 litterae
3435 5528 3593 5585 datae
3616 5531 3752 5585 sunt

322 5614 468 5683 licaa,
502 5632 620 5687 qua
663 5614 829 5673 initio
879 5616 1059 5688 hujus
1107 5618 1265 5686 anni,
1301 5622 1365 5672 ut
1412 5618 1690 5686 diximus,
1725 5620 1978 5680 donatus
2083 5625 2241 5677 trans
2273 5621 2506 5676 Tiberim
2536 5638 2596 5676 ιιι
2627 5621 2896 5676 Kalendas
2933 5622 3183 5691 Augusti,
3216 5633 3362 5691 quas
3395 5617 3651 5690 proinde
3678 5616 3746 5674 ad

323 5704 532 5773 fuerat,
562 5704 827 5779 gnaviter
856 5706 1155 5773 utebatur;
1191 5721 1257 5762 eo
1286 5705 1462 5762 etiam
1510 5705 1975 5777 titulo,maxime
2084 5711 2244 5769 hunc
2275 5726 2501 5767 annum
2532 5710 2883 5767 revocandas
2915 5726 3043 5768 esse
3073 5707 3445 5781 conjicimus.
