3958 6224
158 339 216 411 53
1760 342 1808 414 ν

3490 338 3637 409 84³

267 481 520 543 XLVIII.
556 481 951 558 Privilegium
979 480 1035 542 S.
1062 478 1250 543 Ponti:
1280 480 1669 542 Tomeriarum.

216 574 375 634 Paulo
388 578 533 632 ante
552 573 710 632 illud
736 574 1064 649 tempus,id
1075 577 1166 631 est
1189 573 1336 648 ipsis
1352 572 1628 631 Kalendis
1645 567 1809 642 Julii,

167 666 359 741 insigne
373 664 779 741 privilegium
802 664 1095 721 concessit
1117 664 1388 720 Urbanus
1411 663 1687 719 Frotardo
1709 662 1809 717 ab-

170 756 266 813 bati
280 755 478 812 Sancti
497 753 707 810 Pontii
729 753 1140 810 Tomeriarum
1162 754 1220 808 in
1244 751 1435 808 Gallia
1463 752 1809 808 Narbonen-

170 846 332 919 si,quo
357 844 568 901 locum
590 842 770 899 illum
802 860 837 897 a
857 843 1263 915 cujuscunque
1292 840 1550 914 episc0pi
1562 838 1812 912 jurisdi-

166 936 327 993 ctione
366 932 601 1000 eximit,
656 930 915 1004 aliisque
968 929 1368 1002 compluribus
1414 928 1811 1003 praerogativis

166 1026 424 1082 exornat:
477 1021 635 1078 illud
680 1021 971 1077 debemus
1019 1017 1304 1075 beneficio
1357 1015 1672 1075 clarissimi
1702 1015 1811 1072 viri

162 1113 423 1187 Stephani
443 1110 887 1183 Baluzii,atque
916 1107 1126 1165 ultima
1145 1110 1253 1178 est,
1272 1106 1383 1162 nisi
1408 1106 1597 1178 fallor,
1628 1105 1809 1171 bulla,

156 1203 209 1260 in
254 1218 370 1275 qua
412 1200 688 1257 Joannes
735 1197 1152 1272 praesignatoris
1200 1195 1415 1252 domini
1449 1210 1613 1267 papae
1641 1193 1811 1249 titulo

156 1308 289 1348 usus
316 1293 431 1347 est.

152 1397 329 1454 XLIX.
367 1396 630 1455 Urbanus
652 1395 849 1452 scribit
904 1391 1373 1521 debrestauranda
1423 1390 1814 1446 Tarraconensi

912 1482 982 1521 ur
1014 1481 1062 1521 e.

912 1481 1062 1522 υνοε.

209 1556 468 1630 Scripsit
487 1572 728 1629 quoque
758 1554 963 1611 eadem
980 1553 1074 1609 die
1097 1551 1356 1625 pontifex
1387 1551 1458 1606 ad
1498 1549 1809 1606 Catalaniae

145 1664 414 1722 proceres
426 1662 580 1719 quos
593 1646 669 1701 ad
682 1643 1072 1717 reparandam
1089 1643 1585 1698 Tarraconensem
1603 1639 1810 1696 urbem

144 1737 516 1801 adhortatur,
548 1738 615 1789 ut
631 1732 971 1807 praesidium
993 1731 1071 1788 sit
1101 1731 1339 1786 ﬁrmum
1371 1730 1651 1785 adversus
1672 1729 1808 1785 Sar-

1841 479 1899 550 Α
1928 482 2020 553 lis,
2051 486 2160 543 etc.
2192 482 2356 545 Unde
2376 481 2578 545 mirari
2600 483 2761 544 subit
2789 483 3023 543 Petrum
3053 483 3375 543 Diaconum
3406 485 3467 542 in
3497 482 3570 541 li-

1920 575 2027 631 bro
2048 574 2129 633 De
2143 574 2287 633 viris
2308 575 2637 633 illustribus
2658 575 2994 634 Casinensis
3006 575 3342 632 monasterii
3366 575 3567 648 cap.31

1922 663 2196 723 laudasse
2216 667 2464 723 Leonem
2495 667 2810 740 quemdam
2844 665 3199 722 cardinalem
3233 664 3334 737 qui
3353 666 3573 737 scripsit

1921 769 1990 810 ea:
2012 757 2236 812 nomine
2277 756 2483 814 Urbani
2496 771 2660 828 papae
2680 756 3032 828 quamplures
3064 754 3335 826 epistolas,
3368 761 3418 809 et
3445 756 3571 824 fecit

1924 846 2221 913 registrum
2262 848 2396 918 ejus.
2432 847 2493 901 In
2536 862 2708 917 quem
2761 844 2955 900 locum
2981 845 3347 914 Marus,post
3376 859 3570 914 repre-

1922 933 2140 991 hensos
2172 934 2488 991 Baronium
2520 940 2576 991 et
2595 932 3265 1005 Possevinum,aliosque
3279 935 3566 998 auctores,

1922 1022 2023 1096 qui
2081 1023 2239 1080 hunc
2295 1024 2545 1080 Leonem
2598 1039 2728 1079 cum
2797 1024 2987 1079 Leone
3020 1021 3367 1089 Marsicano,
3392 1021 3567 1093 vulgo

1921 1112 2175 1169 Ostiensi
2199 1112 2378 1183 dicto,
2408 1112 2676 1170 Chronici
2702 1112 3038 1168 Casinensis
3072 1114 3327 1175 auctore,
3360 1111 3431 1167 de
3450 1126 3567 1182 quo

1917 1201 2125 1258 Petrus
2143 1202 2330 1276 capite
2352 1202 2697 1276 praecedenti
2729 1204 2946 1274 egerat,
2980 1201 3391 1267 confuderunt,
3426 1200 3565 1255 sub-

1913 1290 2115 1365 jungit
2134 1292 2383 1348 Leonem
2406 1292 2585 1348 istum
2618 1290 2950 1363 complures
2967 1289 3245 1362 epistolas
3275 1305 3567 1356 exarasse,

1920 1397 1989 1437 ex
2019 1380 2258 1454 quibus,
2292 1380 2504 1453 inquit,
2527 1379 2731 1454 viginti
2753 1380 2863 1436 sub
2894 1378 3111 1435 Urbani
3142 1378 3380 1435 nomine
3412 1378 3568 1450 apud

1921 1468 2155 1525 Binium
2187 1473 2346 1527 tomo
2375 1470 2477 1526 VII
2498 1468 2888 1526 Conciliorum
2930 1466 3097 1524 edita:
3129 1470 3286 1523 sunt.
3317 1468 3391 1522 At
3419 1484 3567 1522 nus-

1920 1574 2097 1631 quam
2123 1559 2376 1632 reperire
2396 1558 2563 1614 licuit
2583 1557 2767 1613 ullam
2798 1557 2917 1613 sive
2938 1555 3156 1611 bullam
3198 1555 3316 1611 sive
3350 1555 3567 1628 episto-
3643 1576 3649 1581 λ

1918 1647 2035 1703 lam
2084 1648 2321 1717 Urbani,
2370 1665 2498 1721 quae
2548 1666 2582 1704 a
2629 1649 2817 1703 Leone
2846 1646 3064 1719 scripta
3095 1644 3278 1701 fuisse
3317 1645 3567 1710 dicatur,

1919 1738 2045 1805 sed,
2063 1740 2129 1793 ut
2151 1737 2430 1805 diximus,
2460 1736 2770 1810 pleraeque,
2794 1736 2913 1791 imo
2938 1734 3055 1791 fere
3072 1750 3275 1790 omnes
3298 1733 3569 1791 aJoanne

144 1842 410 1918 {8081108.
442 1824 580 1918 etii}
602 1839 673 1879 θοι
690 1821 950 1918 οαιὴιξάζα
977 1819 1304 1918 ερίδσορειλιξδ
1329 1817 1560 1917 Γθεῐξῐυί
1597 1819 1805 1917 Ιξοδεὶῐ·
1841 1851 1890 1918 Β
1920 1825 2148 1897 scripta:
2170 1827 2436 1895 fuerunt;
2460 1827 2615 1899 quod
2635 1825 2851 1881 mirum
2868 1827 2957 1881 est
2976 1842 3010 1879 a
3039 1823 3225 1890 Petro,
3257 1822 3434 1879 etiam
3466 1822 3568 1878 ubi

143 1917 307 1973 Tunc
342 1911 679 1970 commissa
724 1914 851 1967 erat
873 1910 999 1981 jam
1029 1926 1064 1965 a
1093 1907 1297 1964 multis
1337 1907 1509 1963 annis
1537 1907 1811 1979 episcopo
1841 1907 1888 1918 "
1919 1914 1991 1970 de
2021 1914 2120 1971 illo
2143 1916 2369 1972 Joanne
2391 1915 2503 1972 sub
2525 1914 2738 1971 Gelasii
2762 1914 2811 1970 II
2843 1912 3079 1969 nomine
3108 1912 3246 1985 egit,
3278 1910 3565 1969 omissum

135 2003 476 2063 Ausonensi
509 2019 652 2058 cura
680 1996 1133 2057 Tarraconensis
1181 1994 1470 2063 Ecclesiae,
1519 1995 1805 2052 exstincta

136 2094 199 2151 in
242 2111 314 2151 ea
362 2090 673 2166 provincia
719 2086 1147 2160 metropolitica
1188 2086 1495 2159 dignitate,
1554 2102 1682 2157 quae
1734 2084 1806 2140 ad

138 2183 595 2241 Narbonensem
635 2176 1140 2250 archiepiscopum
1170 2175 1400 2231 decreto
1440 2172 1808 2245 comprovin-

138 2272 387 2329 cialium
417 2270 834 2344 episcoporum
867 2270 925 2323 et
954 2264 1305 2339 pOpulorum
1338 2279 1628 2319 consensu
1643 2263 1809 2319 devo-

135 2362 267 2419 luta
296 2362 517 2418 fuerat.
573 2358 735 2415 Hanc
782 2372 917 2413 vero
965 2354 1398 2412 restitutionem
1430 2352 1805 2426 potissimum

135 2452 394 2526 urgebat
412 2446 809 2521 Berangerius
839 2442 1806 2515 Ausonensisepiscopus,sperans

135 2558 198 2598 se
217 2558 289 2598 eo
311 2543 489 2613 pacto
511 2537 585 2596 ad
609 2533 1045 2608 metropolitani
1077 2530 1427 2605 dignitatem
1443 2531 1599 2587 haud
1630 2530 1806 2587 dubie

129 2631 654 2704 perventurum,et
683 2624 925 2699 quidem
956 2623 1160 2679 eadem
1183 2637 1363 2677 causa
1391 2619 1514 2688 diu,
1532 2623 1598 2677 ut
1626 2623 1806 2676 testa-

126 2724 229 2777 tur
256 2720 391 2793 ipse
421 2716 708 2790 pontifex,
745 2714 941 2770 Romae
975 2713 1239 2768 moratus
1272 2713 1382 2777 est,
1419 2725 1553 2765 cum
1585 2708 1699 2765 huc
1730 2708 1804 2765 ad

135 2808 451 2865 invisenda
469 2800 1307 2880 apostolormlimina,suaque
1338 2798 1624 2870 obsequia
1659 2815 1803 2854 novo

135 2895 401 2972 pontiﬁci
420 2892 745 2961 reddenda,
778 2891 961 2963 hujus
977 2887 1115 2944 anni
1136 2887 1330 2957 initio,
1361 2890 1463 2943 aut
1482 2887 1591 2942 sub
1625 2887 1802 2943 ﬁnem

135 2984 531 3060 praecedentis
542 2981 909 3040 accessisset.
935 2979 1091 3034 Datis
1106 2980 1245 3033 sunt
1259 2976 1343 3031 hae
1364 2975 1569 3032 litterae
1584 2976 1799 3044 Rome,

134 3074 422 3132 Kalendis
438 3071 583 3129 Julii
604 3072 718 3128 hoc
741 3063 1377 3125 anno.Tarraconensis
1396 3068 1591 3121 tamen
1614 3063 1803 3120 Eccle-

133 3164 221 3221 sia
254 3162 501 3221 nonnisi
523 3159 764 3218 biennio
796 3161 1016 3231 postea,
1053 3160 1117 3211 ut
1145 3154 1423 3224 ditemus,
1456 3153 1796 3227 dignitatem

133 3269 309 3310 suam
337 3247 728 3324 recuperavit.

430 3340 493 3396 L.
508 3341 748 3396 Joannes
758 3335 1021 3391 diaconus
1045 3335 1107 3404 ﬁt
1128 3333 1516 3389 cancellarius.

202 3429 617 3488 Porrolittere
636 3442 789 3499 quas
827 3422 1209 3480 eaoccasione
1244 3421 1515 3477 Urbanus
1547 3419 1800 3493 scripsit,

131 3520 287 3576 datas
320 3519 605 3575 dicuntur
636 3531 739 3589 per
784 3528 984 3568 manus
1023 3511 1251 3569 Joannis
1292 3516 1501 3566 sanctae
1542 3510 1803 3567 Romanae

126 3610 395 3667 Ecclest
413 3606 641 3663 diaconi
657 3602 965 3659 cardinalis
994 3608 1045 3656 et
1062 3599 1404 3663 cancellarii,
1441 3614 1576 3653 cum
1608 3602 1799 3665 antea,

124 3703 191 3754 ut
219 3698 511 3763 diximus,
558 3696 818 3751 Joannes
860 3689 1278 3762 praesignatoris
1326 3687 1545 3742 domini
1595 3688 1803 3744 Urbani

123 3787 376 3844 titulum
408 3800 650 3856 semper
678 3778 1051 3838 adhibuisset
1097 3795 1110 3834 :
1144 3776 1300 3833 unde
1346 3775 1556 3847 conjici
1584 3780 1798 3848 potest,

121 3893 267 3933 eum
299 3882 445 3932 tunc
477 3873 743 3947 primum
778 3869 1053 3925 Romanae
1083 3863 1697 3947 Ecclesiaacancellarii
1718 3864 1801 3921 di-

118 3965 419 4039 gnitatem
451 3940 806 4020 obtinuisse.
823 3957 986 4014 Certe
1014 3953 1340 4013 Pandult‘us
1372 3953 1432 4009 in
1465 3940 1598 4009 vita
1630 3953 1798 4010 Gela-

121 4055 196 4110 sii
218 4055 273 4111 ll
293 4054 424 4126 (qui
443 4056 536 4109 est
555 4051 682 4124 ipse
708 4044 1269 4118 Joannes)observat
1283 4060 1419 4099 eum
1442 4042 1515 4098 ab
1542 4042 1797 4111 Urbano,

122 4144 229 4216 qui
252 4147 403 4198 tunc
424 4140 622 4196 Roma:
664 4136 819 4192 inter
839 4135 989 4191 duos
1009 4136 1217 4206 pontes
1260 4131 1319 4187 in
1359 4131 1597 4205 magnis
1618 4148 1802 4204 angu-

121 4231 264 4289 stiis
303 4228 668 4287 constitutus
716 4224 1081 4290 morabatur,
1135 4218 1560 4278 cancellarium
1620 4220 1806 4278 fuisse

122 4320 507 4387 institutum,
538 4315 900 4390 proindeque
937 4328 1055 4368 non
1088 4311 1149 4366 in
1179 4308 1485 4366 Casincnsi
1510 4314 1803 4367 monaste-

126 4411 244 4478 rio,
258 4407 508 4482 quando
539 4405 800 4479 primum
822 4403 881 4459 in
902 4399 1196 4476 pontificis
1215 4399 1560 4455 comitatum
1582 4415 1807 4455 assum-

125 4504 275 4571 ptus
307 4497 443 4565 fuit,
462 4498 565 4552 aut
580 4493 807 4566 reliquo
826 4495 1114 4564 tempore,
1146 4488 1301 4561 quod
1334 4487 1394 4543 in
1426 4487 1604 4544 variis
1634 4487 1804 4544 itinc-

1918 2002 2120 2060 fuisse.

1991 2094 2079 2150 LI.
2104 2094 2366 2151 Rainaldi
2394 2094 2791 2166 archiepiscopi
2819 2094 3094 2150 Remensis
3114 2095 3219 2148 iter
3242 2093 3489 2147 Romam.

1988 2182 2150 2239 Circa
2180 2184 2438 2241 medium
2491 2184 2671 2255 hujus
2703 2183 2839 2239 anni
2881 2180 3217 2255 Raynaldus
3245 2181 3563 2237 Remorum

1916 2272 2162 2329 antistes
2196 2274 2443 2330 Romam
2466 2274 2697 2329 advenit
2718 2273 2789 2328 ab
2810 2271 3043 2328 Urbano
3066 2270 3370 2339 invitatus,
3404 2270 3561 2342 quod

1914 2360 2024 2417 iter
2071 2366 2204 2418 ante
2243 2362 2379 2419 Maii
2424 2364 2602 2419 finem
2650 2377 2785 2418 eum
2826 2360 3139 2432 inccnpisse
3170 2359 3466 2432 colligitur
3494 2376 3563 2415 ex

1914 2449 2074 2507 illius
2085 2451 2355 2507 chartain
2377 2451 2625 2525 gratiam
2651 2448 3070 2507 monachorum
3084 2448 3561 2521 Remigianorum

1914 2540 2051 2596 data
2091 2540 2202 2598 hoc
2240 2558 2393 2597 anno
2435 2541 2593 2607 1089,
2626 2538 2947 2596 indictione
2975 2555 3073 2604 xu,
3107 2536 3361 2609 Philippi
3382 2537 3562 2593 Fran-

1913 2644 2115 2685 corum
2148 2629 2300 2704 regis
2344 2631 2434 2699 30,
2470 2629 2826 2703 proindeque
2855 2630 2989 2684 ante
3021 2626 3175 2682 diem
3213 2625 3559 2683 vicesimum

1910 2719 2149 2775 tertium
2200 2719 2353 2776 Maii.
2386 2720 2534 2775 Nam
2566 2719 2674 2775 hoc
2705 2719 2831 2791 ipso
2877 2716 2971 2773 die
3004 2716 3311 2789 Philippus
3336 2714 3558 2772 tricesi-

1911 2824 2075 2863 mum
2108 2809 2270 2881 regni
2293 2808 2383 2865 sui
2406 2825 2626 2864 annum
2650 2806 2911 2880 incmpit,
2945 2808 3320 2862 consecratus
3360 2804 3559 2861 Remis

1909 2900 2044 2953 ante
2072 2897 2162 2953 sui
2214 2898 2398 2971 patris
2431 2897 2679 2964 obitum,
2712 2896 2806 2953 die
2836 2912 3002 2952 sacro
3033 2895 3420 2963 Pentecostes,
3452 2911 3556 2950 an-

1909 3002 1985 3041 no
2007 2986 2164 3042 1059.
2198 2988 2265 3043 In
2285 2986 2389 3042 illa
2420 2991 2616 3043 autem
2653 2986 2875 3053 charta,
2907 3000 3085 3057 quam
3123 2982 3405 3039 Marlotus
3433 2983 3555 3039 edi-

1908 3072 1993 3130 dit
2022 3078 2180 3131 tomo
2227 3075 2271 3131 Il
2320 3074 2655 3148 Metropolis
2699 3072 3031 3140 Remensis,
3060 3071 3211 3128 libro
3243 3088 3438 3145 11,cap.
3471 3073 3503 3127 4
3539 3090 3551 3128 :

1908 3161 2224 3220 Rainaldus
2239 3182 2364 3220 cum
2386 3181 2454 3220 ea:
2468 3166 2734 3237 petitione
2752 3163 2965 3219 domini
2969 3177 3129 3233 papa:
3157 3163 3364 3217 Urbani
3399 3177 3556 3232 apos-

1909 3253 2173 3309 stolorum
2220 3254 2418 3309 limina
2453 3255 2853 3323 Ecclesiamque
2872 3255 3176 3308 Romanam
3193 3251 3415 3307 visitare
3443 3252 3560 3320 agi-

1910 3341 2243 3414 grederetur,
2294 3347 2421 3398 ante
2470 3359 2664 3415 corpus
2724 3341 3027 3397 beatissimi
3072 3343 3125 3396 et
3177 3339 3565 3410 gloriosissimi

1905 3433 2131 3504 patroni
2161 3430 2253 3486 sui
2276 3432 2518 3501 Remegii
2536 3432 2783 3487 oratione
2812 3430 2978 3499 facta,
3011 3430 3075 3483 in
3104 3428 3403 3498 capitulum
3432 3443 3564 3499 per-

1912 3520 2060 3578 rexit
2102 3520 2167 3577 de
2215 3537 2321 3576 suo
2369 3522 2566 3575 itinere
2587 3520 2888 3583 locuturus,
2922 3516 3120 3588 ibique
3152 3515 3325 3570 altare
3353 3515 3419 3569 de
3448 3516 3563 3570 vico

1909 3611 2087 3665 sancti
2108 3610 2343 3679 Remigii
2363 3609 2558 3665 abbati
2589 3607 2836 3664 Henrico
2876 3605 3100 3678 totique
3146 3602 3561 3659 archicmnobii

1912 3696 2239 3771 Remigiani
2287 3695 2722 3770 congregationi
2774 3693 3084 3751 concessit.
3136 3697 3278 3748 Cum
3308 3708 3463 3760 vero,
3498 3696 3564 3748 ut

1912 3787 2220 3843 Bertoldus
2240 3787 2435 3855 refert,
2468 3786 2739 3842 Urbanus
2760 3785 2870 3841 hoc
2893 3800 3044 3839 anno
3066 3782 3292 3838 litteras
3310 3782 3563 3854 Philippi

1913 3877 2054 3948 regis
2083 3877 2418 3932 Francorum
2450 3875 2689 3931 debitam
2708 3874 3097 3945 subjectionem
3127 3872 3179 3927 ei
3194 3871 3560 3943 promittentis

1910 3966 2227 4036 susceperit,
2259 3962 2574 4020 verisimile
2596 3967 2685 4018 est
2697 3980 2796 4019 eas
2819 3979 2853 4018 a
2874 3960 3174 4034 Raynaldo
3197 3959 3379 4017 fuisse
3400 3959 3559 4015 dela-

1910 4058 2023 4109 tas.
2057 4053 2193 4109 Erat
2212 4052 2391 4123 enim,
2424 4057 2490 4108 ut
2533 4052 2656 4125 ipse
2678 4051 2937 4125 pontifex
2965 4049 3024 4105 in
3043 4049 3299 4122 quadam
3317 4048 3563 4121 epistola

1912 4146 2181 4211 testatur,
2215 4139 2483 4214 Philippo
2533 4139 3003 4213 acceptissimus.
3050 4139 3221 4195 Forte
3267 4137 3559 4211 reliquum

1913 4231 2095 4303 hujus
2111 4230 2247 4287 anni
2271 4230 2458 4303 exegit
2481 4231 2675 4286 Romae
2700 4246 2887 4296 :nam,
2914 4232 2979 4285 ut
3008 4225 3252 4283 inferius
3274 4226 3559 4295 dicemus,

1914 4319 2349 4393 amplissimum
2365 4318 2732 4393 privilegium
2754 4319 2827 4374 ab
2849 4317 3082 4374 Urbano
3104 4316 3215 4371 sub
3227 4314 3405 4387 hujus
3422 4314 3561 4370 anni

1914 4409 2092 4465 ﬁnem
2127 4407 2368 4479 accepit.

2309 4496 2424 4553 Lll.
2461 4498 2580 4553 Pax
2620 4513 2744 4552 cum
2776 4495 2979 4553 Graecis
3008 4496 3170 4551 inita.

125 4588 303 4645 ribus
323 4588 389 4644 in
406 4585 629 4658 quibus
650 4581 917 4656 pontiﬁci
951 4577 1220 4646 adhaesit,
1242 4580 1512 4633 exactum
1536 4582 1644 4633 est.
1676 4577 1806 4635 Haec
1837 4592 1884 4656 D
1985 4585 2253 4659 Aliquam
2275 4584 2449 4642 etiam
2468 4585 2860 4641 interGraecos
2876 4589 2931 4640 et
2944 4583 3181 4639 Latinos
3194 4581 3563 4638 concordiam

124 4683 278 4734 sunt
324 4672 603 4732 Pandulﬁ
648 4671 824 4728 verba
848 4673 1000 4741 -post
1050 4672 1350 4724 enarratas
1421 4665 1805 4735 calamitates,

126 4781 287 4839 quas
308 4764 510 4821 Roma
532 4760 797 4836 pontifex
814 4759 926 4816 sub
951 4758 1125 4813 linem
1158 4754 1296 4811 anni
1323 4754 1725 4827 praecedentis,
1749 4761 1807 4812 et

126 4855 322 4926 hujus
358 4853 528 4909 initio
570 4848 909 4925 pertulerat.
947 4849 1091 4903 Tunc
1112 4861 1265 4917 papa
1292 4845 1729 4901 litteratissimus
1757 4854 1809 4901 et

126 4944 410 5016 facundus
424 4944 670 5015 fratrem
685 4940 952 4996 Joannem
988 4936 1173 4992 virum
1202 4935 1390 5006 utique
1415 4934 1717 5005 sapientem
1745 4951 1809 4990 ac

125 5033 434 5106 providum
461 5032 730 5097 sentiens,
755 5026 1050 5091 ordinavit,
1083 5022 1348 5088 admovit,
1379 5038 1648 5095 suumque
1674 5040 1805 5079 can-

129 5124 439 5179 celtarium
483 5138 558 5178 ex
604 5120 810 5175 intima
850 5114 1240 5171 deliberatione
1266 5113 1599 5168 constituit:
1624 5120 1686 5168 ut
1707 5130 1810 5186 per

129 5212 513 5285 eloquentiam
552 5210 667 5267 sibi
715 5224 751 5261 a
787 5207 1012 5262 Domino
1044 5203 1325 5271 traditam,
1357 5202 1579 5273 antiqui
1609 5203 1808 5274 leporis

134 5302 501 5373 delegantiz
518 5298 756 5371 stylum,
791 5296 853 5350 in
894 5291 1015 5349 sede
1035 5289 1333 5363 apostolica
1371 5289 1495 5359 jam
1526 5305 1664 5360 pene
1694 5306 1808 5345 om-

135 5407 264 5447 nem
324 5389 710 5464 deperditum,
758 5385 941 5438 sancto
985 5380 1225 5437 dictante
1293 5377 1526 5448 Spiritu,
1577 5379 1810 5437 Joannes

134 5480 236 5538 Dei
276 5482 467 5554 gratia
513 5474 878 5547 reformaret,
930 5486 991 5526 ac
1036 5466 1349 5525 Leoninum
1374 5481 1598 5521 cursum
1627 5466 1812 5524 lucida

133 5553 412 5628 velocitate
425 5566 751 5625 reduceret.
785 5559 853 5615 Et
886 5559 1123 5632 quidem
1156 5571 1367 5613 omnes
1386 5553 1563 5612 ferme
1593 5556 1810 5615 Urbani

126 5657 299 5719 bulla
323 5660 480 5718 data
508 5654 667 5714 sunt
705 5664 805 5721 per
849 5664 1042 5704 manus
1062 5645 1290 5704 Joannis
1312 5642 1533 5702 diaconi
1551 5647 1810 5706 cardina-

1917 4677 2119 4733 eodem
2140 4679 2257 4731 tem
2266 4692 2401 4748 pore
2422 4675 2628 4731 initam
2644 4673 2825 4730 fuisse
2839 4671 3029 4745 colligi
3052 4674 3242 4743 potest
3265 4686 3333 4725 ex
3347 4668 3562 4724 Bertol-

1915 4765 2116 4837 do,qui
2148 4765 2325 4820 refert
2368 4764 2669 4820 Urbanum
2716 4780 2817 4834 per
2847 4760 3221 4832 suoslegatos
3244 4756 3564 4813 absolvisse

1915 4855 2328 4926 imperat-orem
2349 4849 3059 4923 Constantinopolitanum
3076 4848 3147 4903 ab
3163 4846 3561 4902 excommuni-

1915 4944 2161 5000 catione.
2188 4943 2241 4998 ls
2263 4946 2385 4999 erat
2405 4941 2644 4998 Alexius
2665 4944 3014 5006 Comnenus,
3052 4936 3152 5010 qui
3175 4952 3326 4993 anno
3350 4952 3563 5008 praeco-

1916 5032 2097 5099 denti,
2133 5035 2198 5088 ut
2217 5048 2286 5088 ex
2313 5031 2601 5087 Gaufredo
2647 5029 2956 5085 Malaterra
2984 5027 3261 5093 vidimus,
3286 5024 3422 5099 §29,
3455 5025 3560 5081 Ur-

1915 5122 2136 5177 banum
2196 5118 2759 5193 Constantinopolim
2804 5116 3167 5183 invitaverat,
3219 5119 3285 5170 ut
3332 5116 3561 5170 concilio

1914 5214 2259 5280 congregato,
2293 5209 2591 5282 disputatio
2640 5209 2784 5265 inter
2812 5207 3023 5264 Graecos
3052 5210 3104 5262 et
3138 5205 3357 5259 Latinos
3388 5203 3559 5272 ﬁeret,

1915 5298 2102 5354 dicens
2143 5315 2198 5354 se
2242 5300 2473 5355 libenter
2516 5298 2840 5355 discussioni
2867 5296 3151 5352 catholicae
3191 5307 3558 5347 assensurum.

1922 5387 2084 5443 Unde
2102 5405 2234 5444 vero
2257 5386 2449 5444 simile
2468 5393 2576 5457 est,
2611 5388 2765 5461 quod
2788 5385 2898 5442 etsi
2930 5385 2988 5439 id
3021 5385 3093 5439 ob
3116 5387 3446 5451 temporum
3461 5377 3566 5431 dif-

1918 5475 2212 5532 ficultates
2232 5494 2336 5549 per
2355 5476 2614 5549 seipsum
2643 5479 2917 5547 praestare
2944 5488 3059 5527 non
3101 5466 3357 5542 potuerit
3382 5464 3564 5519 Urba-

1922 5581 2055 5630 nus,
2106 5581 2245 5620 suos
2300 5569 2497 5621 tamen
2529 5565 2751 5637 legatos
2780 5563 2840 5617 in
2867 5560 3147 5617 Graiciam
3183 5552 3429 5618 miserit,
3466 5550 3567 5621 qui

1922 5652 2075 5708 hanc
2097 5652 2564 5725 qualemcunque
2584 5667 2787 5725 pacem
2804 5651 2955 5706 inter
2966 5647 3228 5703 Latinam
3242 5642 3565 5695 etGraecam
