3958 6224
351 364 438 456 li
1651 382 1722 448 B.
1767 359 2161 448 casam-'1‘!
2201 380 2457 448 PAPJE.
3669 364 3793 448 se;

343 520 672 608 Ecclesiam
697 503 1149 598 composuerint,
1181 502 1326 600 forte
1359 519 1592 593 utrique
1621 503 1782 592 genti.
1809 534 1985 608 suum
2019 515 2075 585 Α
2102 519 2447 577 translatam
2494 517 2690 576 fuisse.
2745 518 2848 576 Hic
2897 517 3114 606 quippe
3157 516 3449 591 auctorvin
3483 517 3728 579 Historia

349 607 527 674 ritum
545 614 966 689 permittendo:
989 629 1147 677 nam,
1165 612 1236 668 de
1270 609 1536 667 fermenti
1561 627 1671 665 usu
1697 610 1752 664 in
1776 607 1989 664 eucha-

348 704 518 780 ristia
533 703 906 780 potissimum
929 702 1228 774 agebatur,
1248 701 1430 756 donec
1444 699 1664 780 aliquid
1685 698 1912 754 firmius
1933 697 1993 753 in

353 778 599 852 concilio
641 778 893 866 generali
926 791 1352 846 decerneretur.

354 902 492 972 LIII.
543 901 616 962 De
657 915 800 972 pace,
837 897 1212 972 agiturinter
1253 895 1468 952 Roberti
1517 893 1808 972 _Guiscardi
1853 894 1995 963 ﬁlios

424 969 454 1002 —'
657 968 671 972 ⁷
746 971 812 1025 ab
847 969 1053 1027 Urbani
1089 969 1261 1039 legato
1289 968 1602 1038 composita.

428 1062 631 1118 Pacem
665 1076 841 1132 quam
873 1059 1142 1114 Urbanus
1161 1073 1262 1132 per
1280 1055 1538 1127 legatum
1557 1072 1731 1110 suum
1759 1071 1995 1127 compo-

355 1151 546 1224 suisse
567 1135 779 1204 dicitur
793 1147 900 1203 hoc
922 1163 1072 1202 anno
1090 1145 1240 1200 inter
1257 1143 1571 1217 Rogerium
1603 1148 1659 1199 et
1703 1145 1996 1199 Boamun-

354 1242 498 1298 du'm
529 1237 760 1296 Roberti
792 1235 1098 1293 Guiscardi
1131 1233 1302 1301 filios,
1335 1234 1436 1306 qui
1459 1234 1531 1290 ob
1555 1238 1854 1304 paternam
1887 1232 2000 1287 hae-

353 1329 660 1402 reditatem
690 1327 858 1402 inter
904 1342 965 1380 se
1013 1323 1396 1400 dissidebant,
1432 1326 1494 1378 ut
1542 1325 1739 1376 narrat
1773 1322 1997 1376 Roccus

354 1398 611 1490 Pyrrhus
629 1398 788 1492 torno
836 1413 1136 1470 lIlSicilize
1169 1398 1344 1468 sacrm
1377 1411 1435 1465 in
1456 1403 1661 1466 uetitia
1681 1427 1877 1481 vrqure
1910 1414 1999 1464 est

353 1505 695 1564 de'Ecclesia
710 1502 1050 1560 Mazarensi.
1086 1503 1140 1557 Is
1153 1506 1353 1556 auctor
1365 1500 1580 1572 profert
1605 1499 1931 1571 fragmento
1942 1516 1996 1554 m

351 1597 488 1654 libri
533 1594 814 1652 tricesimi
869 1590 1249 1647 historiarum
1297 1589 1502 1644 Leonis
1573 1586 1894 1668 Marsicani'
1927 1588 1997 1642 de

351 1683 630 1759 Grégorio
654 1682 755 1738 VII
784 1687 841 1738 et
859 1681 1091 1736 Urbano
1112 1679 1188 1756 ΙΙ,¹
1215 1679 1276 1733 in
1301 1695 1416 1751 quo
1446 1678 1625 1748 hujus
1648 1676 1874 1732 dissidii
1907 1676 1996 1730 hi-

355 1773 536 1849 storia
547 1775 923 1829 memoratur.
956 1771 1029 1824 At
1047 1768 1189 1824 illud
1208 1768 1413 1824 Leonis
1430 1784 1579 1840 opus
1600 1766 1868 1838 ignotum
1886 1769 1995 1830 est,

354 1863 490 1930 nisi,
524 1861 680 1935 quod
694 1861 930 1933 quidem
950 1875 1149 1914 verum
1171 1857 1555 1926 existimo,sit
1571 1857 1809 1912 Historia
1835 1871 1992 1926 pere—
2033 1886 2078 1952 Β

355 1955 647 2025 grinorum
693 1965 870 2024 quam
914 1949 1117 2004 Petrus
1158 1947 1448 2003 Diaconus
1479 1945 1632 2000 libro
1658 1963 1720 2000 ιιι
1753 1945 1833 2000 De
1865 1944 2002 1999 viris

357 2043 689 2100 illustribus
720 2037 1058 2095 monasterii
1091 2035 1444 2099 Casinensis,
1481 2033 1666 2106 capite
1695 2036 1785 2100 38,
1813 2033 2001 2088 eidem

359 2131 532 2189 Leoni
557 2116 764 2186 tribuit
798 2145 811 2184 :
845 2129 902 2204 in
923 2144 990 2182 ea
1013 2126 1228 2198 quippe
1260 2125 1454 2196 agitur
1476 2125 1545 2179 de
1569 2123 1669 2179 illa
1693 2139 1831 2195 pace
1852 2121 2006 2177 inter

362 2219 598 2292 Roberti
629 2215 784 2274 filios
824 2216 987 2292 inita.
1035 2217 1104 2271 Et
1150 2213 1386 2286 quidem
1438 2212 1533 2268 isti
1575 2213 1860 2284 peregrini
1889 2229 2003 2267 non

360 2287 638 2391 videntur.
669 2306 767 2364 alii
811 2290 940 2362 esse
969 2305 1041 2360 ab
1091 2303 1164 2360 iis
1195 2303 1294 2376 qui
1327 2307 1456 2374 post
1478 2301 1787 2358 concilium
1811 2300 2006 2356 Claro-

362 2394 707 2456 montanum
721 2396 779 2451 in
800 2395 1093 2452 Orientem
1113 2391 1353 2467 profecti
1375 2395 1511 2448 sunt
1532 2391 1604 2445 ad
1622 2407 1819 2446 sacras
1843 2405 2007 2460 expe-

360 2485 640 2563 ditiones,
670 2500 739 2541 ex
768 2484 983 2557 quibus
1005 2482 1114 2538 fuit
1131 2481 1412 2537 Henricus
1437 2479 1758 2536 monachus
1779 2477 2007 2534 ordinis

356 2559 714 2634 Benedictini
737 2573 808 2630 ad
824 2572 973 2628 hanc
994 2571 1146 2626 inter
1161 2571 1368 2626 fratres
1382 2568 1755 2625 concordiam
1778 2584 2011 2640 compo-

357 2646 612 2721 nendam
658 2662 730 2718 ab
777 2647 1010 2717 Urbano
1041 2658 1286 2731 legatus,
1321 2646 1421 2730 qui
1454 2658 1835 2729 postmodum
1874 2672 2008 2712 cum

359 2732 698 2826 Boamundo
728 2751 799 2806 ad
827 2749 1048 2805 bellum
1081 2765 1312 2804 sacrum
1347 2747 1663 2818 profectus,
1699 2746 1892 2802 factus
1923 2747 2012 2801 est

357 2833 596 2916 primus
619 2857 690 2896 ex
717 2837 941 2895 Latinis
990 2836 1389 2892 Antiochenus
1439 2835 1698 2908 patriarc
1731 2834 2010 2905 La;cujus

362 2932 424 2987 in
440 2931 560 2985 'hac
577 2927 938 3000 expeditione
961 2929 1089 2983 acta
1122 2927 1234 2981 Leo
1248 2925 1347 2997 qui
1363 2925 1552 2980 fuerat
1566 2925 1694 2995 ejus
1714 2924 2011 2991 educator,

365 3018 676 3075 inlaudato
691 3015 1015 3088 fragmento
1029 3013 1401 3086 potissimum
1419 3018 1634 3068 narrat.
1667 3012 1760 3068 Sic
1792 3015 2010 3077 autem,

370 3111 505 3181 post
521 3105 706 3185 multa
725 3103 969 3160 deillius
990 3103 1329 3182 parentibus
1352 3102 2012 3184 praemissa,sermonem

370 3194 750 3273 prosequitur
797 3211 810 3250 :

2102 610 2453 666 inventionis
2477 609 2659 666 sancti
2681 610 2879 666 Sabini
2903 611 2974 666 de
3003 604 3138 666 Elia
3160 608 3583 683 archiepiscopi
3606 628 3734 668 con-

2105 701 2425 756 secratione
2441 717 2620 772 agens
2633 700 2732 766 ait,
2758 699 2942 756 Etiam
2966 700 3024 755 in
3041 700 3352 757 Barensem
3371 699 3743 773 archiepisco-

2106 807 2244 863 pum
2267 791 2547 845 voluntate
2574 794 2624 846 et
2650 807 2912 846 consensu
2944 792 3165 859 Rogerii
3190 790 3344 845 ducis
3395 787 3741 862 proindeque

2104 880 2234 950 ejus
2253 879 2361 934 loci
2385 879 2630 946 domini,
2652 878 2832 946 fuisse
2849 879 3116 936 electum.
3153 881 3303 935 Tum
3319 879 3620 952 sub-iungit
3639 879 3740 936 Ur-

2106 970 2325 1024 banum
2351 968 2690 1041 papam,qui
2720 985 2786 1023 eo
2812 973 3072 1041 tempore
3101 969 3392 1041 synodum
3422 968 3574 1040 apud
3606 968 3738 1025 Mel-
3782 971 3784 973 ’

2106 1057 2304 1130 phiam
2328 1057 2721 1126 celebrabat,a
2754 1058 3113 1128 Boamundo,
3147 1059 3246 1130 qui
3271 1061 3482 1113 Barum
3497 1059 3627 1130 jam
3653 1074 3743 1114 suo

2104 1147 2318 1203 tenebat
2365 1147 2463 1202 sub
2511 1147 2772 1214 dominio,
2817 1145 3126 1202 invitatum
3158 1145 3216 1202 in
3247 1145 3734 1212 eamdemurbem

2103 1235 2353 1299 venisse,
2388 1235 2486 1289 ubi
2504 1235 2688 1290 Eliam
2712 1236 3092 1292 consecravit.
3120 1237 3200 1292 Ex
3219 1252 3333 1308 quo
3353 1234 3477 1292 loco
3507 1235 3743 1292 manife-

2107 1328 2265 1382 stum
2297 1328 2386 1380 est
2403 1324 2634 1380 Barium
2660 1325 2832 1397 paulo
2855 1330 2989 1381 ante
3013 1327 3304 1398 synodum
3328 1323 3735 1396 Melphitanam

2108 1414 2177 1468 ad
2201 1413 2510 1485 Rogerium
2541 1413 2915 1485 pertinuisse,
2948 1415 3182 1486 quando
3205 1413 3446 1486 quidem
3477 1406 3606 1469 Elia:
3636 1413 3746 1469 ele-

2107 1503 2220 1557 ctio
2233 1519 2365 1557 cum
2378 1502 2504 1571 ejus
2517 1519 2807 1558 consensu
2842 1503 2993 1558 facta
3007 1507 3122 1571 est;
3156 1508 3212 1558 et
3234 1503 3408 1574 paulo
3425 1505 3555 1574 post
3573 1507 3746 1557 trans;

2107 1590 2244 1646 iisse
2277 1592 2348 1646 ad
2379 1592 2808 1657 Boamuudum,
2842 1608 2978 1647 cum
3005 1593 3132 1662 jam
3174 1593 3283 1647 sub
3316 1592 3499 1648 finem
3526 1590 3745 1648 concilii

2105 1697 2234 1735 eam
2264 1681 2363 1735 sub
2410 1697 2506 1735 suo
2536 1680 2792 1737 habuisse
2839 1681 3083 1736 dominio
3123 1681 3391 1750 dicatur;
3435 1681 3590 1753 quod
3622 1697 3746 1736 cum

2106 1785 2174 1824 ex
2203 1770 2363 1842 pacis
2400 1768 2556 1825 initae
2591 1771 2927 1838 conditione
2972 1770 3193 1826 factum
3230 1770 3416 1826 fuisse
3445 1769 3747 1826 Gaufridus

2105 1857 2426 1930 scripserit,
2453 1859 2920 1915 concludendum
2940 1863 3030 1915 est
3053 1876 3180 1924 eam
3206 1875 3432 1931 pacem,
3466 1875 3640 1930 quam
3659 1857 3749 1914 ille

2063 1946 2077 1990 ἓ
2114 1951 2316 2002 auctor
2331 1951 2746 2013 memorat,aut
2768 1947 2941 2021 paulo
2966 1952 3098 2004 ante
3119 1947 3434 2004 concilium
3456 1946 3748 2020 Melphita-

2113 2054 2278 2106 num,
2313 2040 2413 2092 aut
2443 2041 2596 2092 certe
2626 2053 2692 2092 eo
2724 2037 2992 2104 durante,
3027 2037 3397 2110 proindeque
3416 2053 3568 2104 anno
3603 2036 3746 2103 1089,

2115 2141 2288 2197 quem
2321 2125 2497 2180 etiam
2531 2125 2644 2182 Leo
2676 2126 2733 2180 in
2783 2126 3111 2199 fragmento
3151 2125 3391 2182 laudato
3424 2125 3776 2198 assignavit,_

2114 2213 2297 2270 fuisse
2314 2231 2437 2269 com
2448 2214 2718 2286 positam.
2743 2215 3014 2271 Nostram
3047 2215 3401 2272 sententiam
3416 2215 3751 2284 conﬁrmant

2115 2303 2311 2375 Lupus
2324 2304 2666 2375 Protospata
2675 2308 2731 2359 et
2747 2304 3035 2360 Robertus
3050 2303 3475 2372 Salernitanus,
3499 2307 3752 2359 auctores

2117 2390 2442 2459 domestici,
2476 2393 2574 2464 qui
2609 2391 2876 2448 scribunt
2917 2392 3134 2448 bellum
3185 2393 3498 2466 Rogerium
3530 2392 3676 2448 inter
3702 2393 3754 2445 et

2118 2481 2523 2536 Boamundum
2547 2481 2778 2536 Roberti
2806 2481 2956 2538 filios
2977 2482 3263 2539 exarsisse
3287 2500 3444 2538 anno
3476 2482 3630 2550 1088,
3656 2495 3753 2536 nec

2116 2573 2313 2626 tamen
2353 2570 2624 2625 assentiri
2675 2586 2915 2642 possum
2962 2570 3290 2646 Peregrinio
3341 2567 3662 2643 suspicanti
3698 2569 3752 2623 in

2119 2658 2602 2730 castigationibus
2634 2659 2706 2715 ad
2739 2659 2968 2731 Lupum
2999 2657 3206 2716 initam
3237 2659 3403 2716 illam
3436 2659 3614 2716 fuisse
3634 2674 3754 2714 con-

2120 2747 2378 2804 cordiam
2409 2747 2610 2820 inipso
2633 2747 2876 2804 concilio
2910 2745 3375 2821 Melphitano.Ea
3397 2749 3575 2820 enim,
3607 2752 3668 2802 ut
3695 2762 3755 2801 ex

2122 2837 2328 2893 Leonis
2352 2837 2678 2909 fragmento
2701 2841 2949 2904 constat,
2983 2837 3403 2894 interveniente
3419 2836 3632 2894 Urbani
3663 2836 3755 2891 ab-

2122 2924 2304 2981 sentis
2333 2926 2523 2999 legato
2546 2927 2698 2982 facta
2727 2931 2834 2992 est,
2870 2943 2982 2981 non
3008 2926 3250 2999 proinde
3269 2927 3328 2982 in
3353 2925 3598 2998 concilio
3628 2922 3755 2981 Mel-

2123 3010 2385 3085 phitano.
2409 3013 2502 3070 cui
2525 3014 2794 3071 Urbanus
2816 3014 2940 3088 ipse
2963 3032 3218 3087 praesens
3247 3015 3452 3072 aderat
3487 3019 3545 3072 et
3572 3012 3755 3086 praesi-

2124 3103 2314 3158 debat.
2351 3103 2476 3159 Non
2509 3103 2723 3159 idcirco
2752 3109 2946 3159 tamen
2979 3103 3223 3159 dixerim
3257 3103 3639 3176 pacemillam
3665 3100 3754 3156 diu

863 3180 1128 3249 Henricus
1165 3180 1289 3264 jam
1332 3180 1638 3248 adolescens
1682 3207 1826 3246 anno
1876 3187 2016 3245 4089
2059 3259 2090 3265 _
2126 3195 2261 3246 ante
2279 3191 2816 3248 conciliuminitam
2835 3193 3196 3258 fuisse.Quin
3214 3193 3567 3265 potiusineo
3584 3189 3758 3261 ponti-

371 3259 772 3364 immiserint:
790 3301 825 3338 a
841 3300 988 3364 papa
1021 3259 1236 3360 Urbano
1255 3283 1324 3362 11,
1358 3270 1424 3336 ut
1443 3297 1634 3352 pacem
1678 3281 1826 3335 ineat
1876 3281 2019 3335 inter
2049 3259 2091 3326 (ἶ
2130 3280 2254 3335 ficis
2274 3283 2331 3335 et
2349 3280 2584 3336 Patrum
2603 3280 2945 3356 auctoritate
2965 3259 3366 3337 conﬁrmatam
3399 3259 3760 3354 fuisseliben-

374 3374 666 3445 Rogerium
684 3377 736 3452 et
767 3372 1148 3428 Boamundum
1190 3373 1413 3443 fratres,
1448 3369 1820 3426 contendentes
1838 3368 1902 3424 de
1923 3385 2016 3424 re-
2123 3371 2212 3422 ter
2234 3384 2647 3436 asseverarem,
2679 3368 2790 3424 nisi
2817 3369 2928 3425 Leo
2956 3385 3023 3424 ea
3071 3369 3142 3424 de
3165 3386 3226 3424 re
3258 3369 3317 3423 in
3347 3368 3587 3424 laudato
3616 3367 3757 3438 frag-

368 3475 492 3539 gno
522 3447 797 3542 Calabriae
835 3469 888 3518 et
928 3449 1145 3534 Apuliae
1193 3449 1318 3533 post
1353 3460 1561 3516 obitum
1582 3461 1762 3541 patris
1795 3458 2016 3514 Roberti

364 3551 649 3630 Guiscardi
688 3539 796 3630 _,-,'a
844 3553 1042 3624 quibus
1088 3552 1413 3607 constitutus
1469 3539 1678 3605 arbiter
1727 3555 1779 3603 et
1814 3548 2011 3619 judex,

355 3640 566 3715 aequali
579 3640 747 3697 lance
765 3656 997 3716 regnum
1015 3637 1222 3696 divisit.
1245 3638 1375 3694 Inde
1413 3638 1494 3693 ad
1526 3639 1803 3716 Urbanum
1825 3635 2008 3704 rediit,

355 3721 502 3806 atde
524 3728 680 3804 felici
701 3729 970 3798 legatione
999 3729 1270 3806 rationem
1299 3725 1561 3781 redderet.

427 3816 695 3875 Meminit
723 3815 900 3892 etiam
924 3814 1242 3870 Gaufridus
1274 3813 1584 3870 Malaterra
1609 3812 1758 3870 libro
1773 3830 1846 3878 IV,
1879 3829 2004 3884 cap.

360 3905 707 3977 10,alicujus
725 3903 1112 3980 dissensionis
1134 3903 1436 3975 quaeinter
1458 3901 1770 3974 Rogerium
1793 3905 1848 3957 et
1864 3901 2007 3957 Boa-

362 3994 676 4072 mundum,
706 3997 838 4066 post
868 3992 1099 4069 Roberti
1132 4008 1337 4047 eorum
1382 3991 1565 4064 patris
1595 3991 1843 4060 obitum,
1879 3995 2008 4046 orta

2122 3461 2318 3512 mento
2351 3455 2628 3513 siluisset.

2122 3562 2259 3618 LIV.
2315 3565 2625 3619 Concilium
2685 3564 3106 3636 Melphitanum.
3161 3567 3295 3635 Ejus
3341 3580 3596 3622 canones.
3644 3565 3788 3636 Alia,

2190 3637 2415 3709 statuta.
2450 3668 2536 3709 —_
2565 3638 2627 3691 In
2674 3637 2776 3692 hac
2794 3635 3006 3709 synodo
3033 3638 3292 3709 Rogerius
3320 3637 3384 3706 ﬁt
3403 3646 3610 3695 sanctae
3626 3635 3758 3693 sedis

2192 3707 2434 3784 ligius,et
2457 3707 2629 3763 mitra
2658 3707 2845 3764 Petro'
2866 3708 3056 3763 abbati
3084 3707 3266 3763 datur.
3364 3734 3366 3736 τ

2189 3811 2335 3867 Illud
2369 3812 2681 3868 concilium
2704 3813 2940 3869 ineunte
2968 3819 3249 3869 autumno
3307 3815 3610 3886 praesentis
3632 3811 3759 3870 anni

2118 3900 2388 3956 Urbanus
2420 3900 2732 3958 celebravit
2761 3902 2917 3974 apud
2945 3900 3263 3974 Melphiam
3286 3902 3517 3975 Apuliae
3538 3903 3753 3972 urbem,

2115 3990 2207 4044 cui
2239 3989 2495 4062 episcopi
2529 3991 2903 4062 septuaginta
2941 4007 3074 4045 cum
3115 3992 3423 4047 duodecim
3459 3991 3755 4048 abbatibus

357 4086 429 4142 ad
440 4081 748 4156 biennium
766 4098 952 4154 usque
970 4081 1324 4153 perduravit.
1357 4081 1467 4137 Sed
1485 4079 1790 4136 cumidem
1808 4082 2008 4135 auctor
2114 4078 2452 4135 interfuisse
2473 4078 2777 4148 dicuntur;
2804 4078 2919 4135 huc
2949 4080 3545 4148 convenientibus,uti
3562 4080 3754 4138 scribit

357 4171 545 4246 capite
576 4171 842 4246 sequenti
875 4169 1116 4226 innuere
1144 4169 1411 4226 videatur
1439 4169 1548 4225 hoc
1571 4167 1905 4237 dissidium,
1935 4169 2005 4223 de
2118 4168 2318 4238 Lupus
2352 4167 2696 4240 Protospata
2726 4168 2785 4223 in
2817 4168 3124 4235 Chronico,
3169 4169 3450 4226 omnibus
3483 4169 3760 4244 episcopis

358 4260 751 4339 quoloquitur
766 4258 1095 4336 ann04086,
1120 4258 1427 4339 utriusque
1456 4258 1737 4330 principis
1762 4257 2004 4314 fidelium
2109 4255 2540 4328 Apuliensium,
2573 4256 2956 4312 Calabrorum
2987 4261 3044 4312 et
3075 4257 3431 4330 Brutiorum,
3453 4276 3586 4315 cum
3618 4260 3755 4315 duce

357 4349 585 4410 consilio
615 4350 796 4406 fuisse
817 4348 1228 4420 compositum,
1264 4347 1508 4403 nonnuli
1541 4347 1786 4402 fortasse
1806 4345 2002 4401 existi-
2113 4345 2359 4417 Rogerio
2401 4350 2458 4401 et
2499 4345 2788 4401 universis
2819 4345 3134 4403 comitibus
3163 4346 3383 4418 Apuliae
3409 4352 3468 4403 et
3493 4347 3757 4404 Calabriae

358 4441 607 4498 mabunt
635 4437 981 4496 Gaufridum
1013 4437 1084 4515 de
1113 4436 1185 4493 iis
1211 4453 1337 4508 quae
1369 4440 1500 4492 ante
1524 4435 1739 4492 Urbani
1771 4434 2002 4507 pontifi-
2113 4451 2180 4490 ac
2210 4434 2460 4490 aliarum
2492 4435 2946 4507 provinciarum.
2981 4436 3098 4492 Hoc
3130 4441 3314 4507 est,ut
3344 4438 3490 4493 forte
3521 4435 3758 4493 nonnul-

357 4534 568 4604 catum
603 4526 986 4599 contigerant.
1022 4526 1289 4580 Leonem
1340 4541 1473 4580 vero
1521 4525 1594 4580 de
1642 4523 1823 4580 altera
1852 4523 2006 4578 inter
2113 4522 2186 4578 lis
2237 4524 2548 4593 videbitur,
2593 4523 2910 4580 concilium
2961 4525 3116 4597 quod
3167 4525 3474 4601 Bertoldus
3513 4527 3584 4584 ad
3614 4525 3759 4582 hunc

356 4619 566 4694 fratres
583 4614 955 4673 altercatione
973 4630 1147 4686 quam
1164 4613 1379 4669 Urbani
1400 4613 1630 4685 legatus
1653 4611 2001 4684 composuit,
2039 4631 2084 4694 ι)
2115 4607 2335 4668 annum
2357 4613 2672 4684 generalem
2699 4613 2970 4684 synodum
3013 4615 3115 4670 115
3143 4617 3521 4687 episcoporum
3568 4612 3753 4690 appel-

355 4706 685 4782 scripsisse.
706 4707 791 4782 'At
822 4709 1139 4776 utrumque
1184 4705 1478 4758 auctorem
1501 4703 1570 4756 de
1594 4719 1708 4757 uno
1731 4701 2002 4756 eteodem
2113 4701 2280 4770 lat,in
2312 4719 2427 4774 qua
2448 4702 2717 4758 Urbanus
2753 4718 2995 4758 suorum
3023 4703 3518 4776 praedecessorum
3550 4705 3757 4761 statuta

354 4795 528 4872 bello,
550 4795 706 4868 quod
726 4790 1387 4877 Urbanitemporeinter
1401 4807 1500 4846 eos
1525 4791 1816 4862 principes
1839 4807 2000 4845 exar-
2113 4791 2454 4847 auctoritate
2484 4791 2802 4863 apostolica
2834 4792 3222 4848 conﬁrmavit.
3265 4794 3621 4866 Quanquam
3641 4790 3752 4856 alii,

358 4887 459 4952 sit‘,
509 4885 691 4942 fuisse
738 4883 1020 4950 locutum,
1073 4880 1243 4938 facile
1283 4880 1741 4936 demonstratur.
1776 4878 2000 4935 Etenim
2117 4885 2173 4936 et
2193 4879 2538 4952 quidem,ut
2564 4880 2866 4935 fatendum
2889 4884 2998 4946 est,
3032 4897 3147 4936 non
3165 4881 3389 4954 absque
3407 4881 3603 4954 aliquo
3631 4896 3751 4954 pro-

359 4977 747 5047 praetorquam
765 4973 919 5044 quod
939 4987 1111 5027 nemo
1123 4969 1333 5025 dixerit
1348 4969 1499 5024 inter
1523 4967 1753 5024 Roberti
1777 4966 2002 5023 obitum

355 5060 469 5136 qui
491 5077 644 5117 anno
668 5057 1493 5138 4085,menseJulio,contigit,
1525 5061 1815 5113 etannum
1844 5058 2001 5122 1086,

355 5147 661 5224 biennium
693 5139 1112 5212 intercessisse,
1165 5146 1482 5203 Gaufridus
1513 5146 1635 5218 ipse
1656 5145 2002 5216 scrupulum

357 5229 595 5296 omnem
618 5227 998 5300 removet,ubi
1014 5224 1300 5306 ait,hujus
1318 5234 1477 5306 pacis
1494 5233 1742 5306 gratiam
1765 5233 2001 5288 Barium

359 5327 700 5400 Boamundo
727 5325 1006 5381 cessisse:
1056 5315 1279 5400 certum
1311 5322 1530 5395 quippe
1561 5327 1649 5378 est
1679 5339 1748 5378 ex
1777 5322 2002 5379 Joanne

359 5399 772 5489 archidiacono
795 5413 1057 5481 Barensi,
1081 5399 1179 5484 qui
1201 5416 1340 5467 tunc
1359 5411 1637 5484 temporis
1651 5411 1712 5466 in
1734 5410 1851 5467 illis
1870 5428 2002 5483 par-

355 5505 516 5561 tibus
531 5503 1099 5571 vivebat,Barensem
1124 5500 1326 5556 urbem
1351 5499 1524 5572 paulo
1553 5504 1688 5556 ante
1711 5500 1999 5572 synodum

357 5592 798 5665 Melphitanam,
833 5591 1092 5646 cuianno
1116 5588 1254 5643 1089
1279 5589 1508 5661 praefuit
1529 5587 1857 5654 Urbanns,c
1889 5589 1999 5645 Ro-

357 5681 498 5757 gerii
533 5677 817 5754 potestate
867 5677 924 5735 in
973 5676 1300 5734 Boamundi
1333 5679 1462 5748 ejus
1493 5678 1687 5734 fratris
1719 5669 1997 5735 ditionem

2116 4967 2294 5024 habili
2325 4969 2729 5036 fundamento,
2765 4969 3056 5042 synodum
3103 4986 3137 5026 a
3167 4969 3438 5026 Bertoldo
3468 4969 3755 5026 laudatam

2115 5058 2308 5112 Romae
2341 5056 2603 5113 habitam
2635 5057 2820 5115 fuisse
2866 5057 3090 5125 volunt,
3143 5062 3209 5114 ut
3239 5075 3441 5134 supra,
3473 5068 3634 5114 n'u‘m.
3672 5057 3752 5122 43,

2114 5145 2624 5201 diximus.Conditi
2656 5150 2795 5202 sunt
2816 5146 2875 5202 in
2899 5147 3008 5203 hac
3039 5147 3400 5220 Melphitana
3419 5147 3638 5220 synodo
3665 5161 3751 5202 ca-

2115 5251 2295 5290 nones
2319 5234 2609 5290 sexdecim
2627 5234 2686 5291 in
2713 5236 2928 5308 quibus
2955 5234 3632 5308 praclara,potissimum
3663 5231 3752 5288 ad-

2109 5338 2314 5378 versus
2331 5321 2653 5379 Simoniam
2674 5327 2732 5380 et
2750 5322 3233 5380 incontinentiam
3249 5312 3627 5398 clericbrum,
3645 5325 3754 5378 sta-

2110 5411 2240 5467 tuta
2255 5410 2646 5468 continentur.
2679 5412 3020 5469 Decernitur
3041 5412 3219 5469 etiam
3237 5413 3406 5486 cujus
3420 5413 3608 5469 aetatis
3631 5425 3749 5467 esse
3795 5477 3797 5480 q

2109 5500 2359 5555 debeant
2379 5501 2755 5572 promovendi
2792 5502 2864 5556 ad
2906 5501 3142 5558 ordines
3181 5518 3397 5569 sacros,
3435 5500 3606 5574 quive
3641 5498 3750 5553 sint

2109 5587 2268 5644 abiis
2286 5587 2603 5660 repellendi
2628 5607 2640 5658 ;
2662 5594 2784 5645 tum
2814 5588 3200 5661 prohibentur
3216 5588 3444 5646 clericis
3474 5586 3749 5645 vestesin-

2117 5678 2336 5735 decorae
2351 5681 2406 5732 et
2423 5677 2749 5748 saeculares,
2784 5677 3184 5752 nonnullaque
3199 5677 3312 5736 alia
3324 5681 3662 5735 statuunt-ur
3686 5675 3768 5730 de-
