3958 6224
145 328 235 395 ιτς.
1760 335 1983 403 νιυ.

3487 328 3615 431 δατ

148 469 632 531 monasterion
662 469 1163 547 bonis:denique
1183 475 1500 532 monentur
1527 469 1806 548 episcopi,
1836 471 2044 551 Anii;
2084 472 2137 531 et
2189 474 2377 531 tamen
2429 468 2546 545 ejus
2591 466 2945 530 sacerdotalis
2970 470 3157 534 mitra
3182 489 3365 546 usum,
3396 477 3577 536 etiam
3612 474 3618 479 ’

158 567 263 621 uta
278 562 435 620 falsis
464 563 792 636 pmnitenti
801 564 855 621 is
876 569 1170 622 caveatur.

218 656 492 709 Preterea
504 652 789 710 Joannes
806 653 1099 710 diaconus
1112 652 1430 711 cardinalis
1447 658 1502 710 et
1534 652 1815 709 cancella-

162 743 270 799 rias
288 743 570 803 Romanis
584 741 898 813 Ecclesiae,
930 740 991 799 in
1026 741 1274 816 epistola
1289 743 1362 799 ad
1392 742 1667 799 abbatem
1690 742 1812 798 Mo-

161 833 507 899 lismensem,
530 849 670 906 qua
693 832 755 888 in
780 834 1096 890 Labbeana
1112 833 1366 889 editione
1386 833 1567 905 hujus
1582 832 1813 888 concilii

161 921 465 979 canonibus
475 920 1191 997 subjungitur,nonnulla
1200 923 1273 979 de
1283 939 1349 979 eo
1362 922 1604 979 concilio
1618 922 1813 988 habet,

160 1029 270 1087 qua
286 1012 485 1085 prima
504 1012 709 1068 fronte
729 1008 795 1067 in
824 1011 1076 1085 vulgatis
1096 1013 1225 1083 ejus
1257 1011 1583 1072 canonibus
1613 1011 1816 1069 viden-

159 1106 243 1157 tur
254 1100 594 1158 desiderari
629 1105 734 1157 :ut
762 1100 1011 1166 scilicet,
1038 1115 1165 1173 qua?
1206 1117 1375 1172 usque
1402 1100 1477 1156 ad
1515 1100 1660 1156 istud
1688 1116 1815 1155 con-

155 1193 335 1249 cilium
359 1207 467 1264 per
490 1193 785 1264 principes
830 1192 966 1247 data
999 1194 1343 1248 monasteriis
1378 1194 1623 1264 fuerant,
1656 1191 1818 1261 ﬁrma

151 1286 197 1337 et
225 1284 440 1353 uitegra
470 1282 596 1337 illis
619 1290 1027 1352 permanerent,
1056 1289 1108 1336 et
1134 1281 1198 1338 de
1235 1286 1428 1338 cetera
1465 1282 1689 1337 abbates
1748 1282 1817 1335 ab

154 1369 467 1443 hujusmodi
485 1371 958 1441 acquisitionibus
989 1370 1320 1426 abstinerent
1353 1389 1371 1426 :
1399 1386 1535 1442 quo,
1570 1369 1653 1425 uti
1685 1385 1816 1441 pro-

154 1459 442 1533 sequitur,
465 1464 964 1532 temperamento,
995 1467 1046 1515 et
1101 1460 1321 1517 abbate:
1350 1460 1418 1515 ab
1464 1460 1819 1516 ecclesiarum

152 1550 542 1606 imsionibus
596 1551 1003 1615 abstinuerunt,
1034 1553 1085 1604 et
1140 1550 1378 1621 episcopi
1426 1564 1541 1605 non
1594 1550 1818 1604 omnino

152 1640 388 1712 spoliare
412 1640 762 1695 monasteria
793 1639 1098 1693 voluerunt.
1126 1638 1238 1693 Sed
1271 1637 1365 1693 his
1415 1636 1609 1693 verbis
1667 1636 1816 1693 nihil

154 1722 305 1785 aliud
323 1728 602 1784 indicare
616 1725 1098 1795 voluitJoanncs,
1118 1743 1296 1800 quam
1317 1743 1385 1783 ea
1413 1743 1543 1799 quae
1568 1727 1622 1781 in
1645 1744 1817 1782 cano-

1921 571 2149 634 rogante
2174 579 2340 635 papa,
2365 562 2702 635 contempsit.
2720 562 2925 621 Eidem
2938 568 3141 621 sancto
3152 565 3276 623 viro
3296 565 3569 626 Urbanus

1920 651 2230 726 imperavit
2245 656 2312 707 ut
2326 652 2555 709 modico
2574 651 2707 709 vino
2734 656 3014 722 uteretur,
3035 655 3191 727 quod
3209 656 3284 711 ob
3305 655 3570 715 debilita-

1921 747 2048 799 tum
2080 742 2320 799 omnino
2344 742 2713 800 stomachum
2733 760 2935 801 vocem
2961 761 3109 817 pene
3152 745 3469 816 amisisset,
3503 752 3571 804 ut

1924 836 2124 888 narrat
2169 831 2324 888 idem
2354 836 2577 900 auctor,
2611 836 2671 889 et
2701 836 2834 905 post
2862 850 2995 890 eum
3026 838 3193 891 vetus
3223 839 3394 908 poeta
3425 853 3569 892 ano-

1923 938 2139 995 nymus
2179 921 2335 993 apud
2357 921 2664 994 Ugbellum
2686 927 2845 979 tomo
2874 923 2975 979 VII»
3000 923 3177 980 Italia
3206 940 3385 982 sacris
3423 925 3570 983 rela-

1923 1015 2021 1068 tus
2051 1030 2064 1069 :
2095 1011 2219 1067 haec
2244 1015 2371 1067 erat
2413 1012 2597 1067 nostri
2651 1012 2945 1084 pontificis
2997 1014 3279 1071 adversus
3336 1018 3573 1072 sanctos

1926 1101 2079 1157 viros
2098 1101 2356 1157 charitas
2380 1106 2437 1157 et
2453 1100 2808 1158 sollicitudo.
2824 1103 3059 1159 Petrum
3072 1120 3203 1160 vero
3216 1104 3572 1178 Melpbitano

1926 1190 2171 1247 concilio
2198 1190 2533 1247 interfuisse
2566 1191 2852 1248 discimus
2880 1209 2949 1248 ex
3003 1192 3132 1264 ipso
3183 1194 3437 1266 Urbano,
3467 1194 3597 1269 quia

1924 1279 1986 1336 in
2008 1281 2237 1337 decreto
2258 1280 2316 1335 in
2338 1298 2517 1336 causa
2536 1280 2803 1337 Curensis
2843 1282 3181 1339 monasterii
3213 1300 3281 1341 eo
3309 1287 3571 1360 tempore

1925 1368 2043 1426 lato
2063 1369 2594 1426 testaturAlfanum
2617 1370 3052 1428 Salernitonum
3066 1372 3569 1451 archiepiscopum

1928 1463 1985 1515 et
2016 1459 2325 1515 Pertanum
2356 1458 2692 1532 episcopum
2728 1461 3007 1517 adversus
3047 1462 3281 1519 Petrum
3314 1480 3570 1538 conque-

1928 1552 2049 1605 stos
2080 1548 2261 1605 fuisse
2300 1548 2455 1621 quod
2479 1549 2704 1622 aliquot
2737 1551 3114 1619 monasteria,
3149 1569 3276 1624 quis
3306 1552 3379 1609 ad
3411 1554 3575 1627 ipsos

1928 1637 2318 1711 pertinebant,
2343 1638 2684 1695 invasisset:
2705 1656 2879 1712 quam
2899 1656 3136 1696 causam
3160 1640 3387 1698 concilii
3418 1646 3571 1699 teme

1928 1742 2067 1799 pore
2088 1742 2221 1782 cum
2259 1727 2317 1781 in
2360 1743 2468 1782 sua
2492 1742 2744 1796 camera,
2769 1727 3183 1784 assistentibus
3208 1728 3319 1785 sibi
3350 1730 3573 1805 aliquot

154 1819 325 1875 nibus
336 1816 568 1890 quinto
586 1819 651 1873 et
670 1820 835 1916 sexto
853 1814 1084 1916 concilii
1106 1816 1429 1915 constituta
1458 1816 1685 1916 uerant
1712 1816 1816 1873 ad-
1852 1850 1900 1916 Β
1922 1813 2238 1914 episcopis,
2257 1815 2626 1915 suspendisset
2647 1816 2926 1888 pontifex,
2949 1819 3276 1875 secundum
3292 1817 3574 1877 Carenses

153 1924 355 1965 versus
374 1906 663 1972 abbates,
680 1904 784 1978 qui
801 1903 1178 1961 ecclesiarum
1201 1906 1354 1960 bona
1378 1904 1524 1977 ipsis
1545 1905 1681 1960 data
1695 1905 1822 1961 abs-

156 2014 265 2070 que
283 1995 716 2070 episcoperum
728 2009 1023 2050 consensu
1045 1992 1301 2066 recipere
1314 2011 1432 2049 non
1444 1994 1761 2050 verebantu
1772 2012 1816 2051 r.

157 2076 323 2144 Aliud
380 2076 539 2141 item
581 2083 766 2156 hujus
823 2080 1063 2139 concilii
1093 2085 1381 2139 statutum
1414 2083 1591 2139 refert
1620 2084 1822 2157 Lupus

157 2176 528 2247 Protospata,
551 2172 715 2246 quod
749 2171 810 2227 in
840 2172 1162 2227 canonibus
1181 2170 1435 2245 vulgatis
1458 2188 1574 2228 non
1605 2172 1821 2228 inveni-

158 2270 273 2333 tur,
302 2270 369 2320 ut
396 2256 630 2320 scilicet
674 2266 870 2318 sancta
899 2262 1075 2317 lrevia
1101 2262 1431 2317 retineretur
1470 2261 1538 2316 ab
1567 2263 1822 2317 omnibus

157 2354 412 2426 subjectis
444 2371 465 2408 :
494 2351 718 2426 quibus
744 2349 941 2409 verbis
971 2350 1289 2424 significari
1318 2350 1625 2407 contendit
1654 2351 1820 2408 Pere-

160 2444 391 2516 grinius
420 2441 804 2498 concordiam
823 2439 975 2495 inter
994 2439 1307 2514 Rogerium
1329 2442 1389 2496 et
1407 2440 1820 2497 Boamundum

161 2531 624 2599 fratresinitam,
646 2530 722 2586 de
735 2529 1138 2603 quasuperius
1158 2528 1449 2597 diximus;
1475 2529 1821 2603 cuiquidem

164 2621 471 2679 sententia:
489 2619 652 2677 haud
672 2618 1028 2691 refragabor,
1046 2617 1096 2673 si
1116 2617 1238 2673 haec
1268 2617 1405 2690 Lupi
1428 2618 1602 2675 verba
1627 2619 1697 2675 de
1719 2619 1824 2675 fce-

164 2711 315 2768 deris
324 2697 494 2766 illius
508 2712 683 2765 antea
694 2706 849 2781 pacti
859 2706 1301 2764 conﬁrmatione
1312 2711 1369 2762 et
1382 2709 1823 2766 manutentione

164 2786 595 2872 intelligantur.

234 2889 300 2944 In
327 2888 545 2944 eadem
574 2886 803 2960 synodo
821 2885 937 2941 dum
966 2886 1246 2957 Rogerius,
1300 2889 1449 2942 teste
1497 2885 1823 2943 Romualdo

164 2976 608 3051 archiepiscopo
636 2974 1028 3041 Salernitano,
1053 2975 1220 3045 ligius
1256 2974 1472 3030 Urbani
1497 2978 1674 3047 factus
1692 2992 1822 3046 pro-

164 3068 318 3122 misit
355 3068 494 3138 jure
529 3064 797 3138 jurando,
841 3079 896 3119 se
941 3066 1290 3119 servaturum
1345 3063 1523 3134 ﬁdem
1564 3063 1823 3120 Romanis

164 3156 431 3213 Ecclesiae
448 3158 502 3210 et
529 3144 710 3210 eidem
723 3168 887 3226 papae
906 3154 1128 3226 ejusque
1146 3152 1543 3209 successoribus
1566 3156 1825 3209 canonice

1929 1904 2349 1977 pronuntiavit,
2383 1909 2450 1960 ut
2475 1905 2601 1976 ipse
2630 1908 2882 1962 testatur
2912 1905 2971 1962 in
3026 1905 3264 1964 laudato
3319 1909 3572 1976 decreto,

1929 1993 2084 2066 quod
2116 2009 2184 2050 ex
2212 1992 2445 2050 archivo
2485 1994 2725 2051 Carensi
2765 1994 3126 2068 descriptum
3183 1997 3573 2058 exhibebitur.

1999 2082 2298 2155 Synodum
2331 2081 2750 2155 Melpbitanam
2780 2101 2937 2141 anno
2969 2086 3126 2153 1089,
3155 2086 3579 2160 consignarunt

1926 2170 2312 2228 vetustissimi
2327 2171 2544 2244 quique
2557 2173 3067 2247 auctores,quibus
3078 2164 3578 2234 oonseneitbnevis

1928 2260 2190 2332 praefatio
2212 2261 2341 2329 eius
2363 2262 2691 2318 canonibus
2711 2262 2885 2319 etiam
2925 2263 2984 2318 in
3024 2265 3152 2320 cod.
3182 2281 3295 2321 me.
3316 2266 3574 2337 prallxa,

1931 2366 2035 2405 nec
2052 2348 2175 2405 ulla
2199 2354 2359 2429 esset
2381 2367 2451 2406 ea
2475 2351 2547 2406 de
2573 2368 2634 2407 re
2663 2351 3007 2422 difficultas,
3040 2353 3156 2409 nisi
3188 2354 3477 2411 Baronius
3522 2345 3580 2412 et

1932 2438 2196 2511 plerique
2226 2438 2576 2496 recentiores
2606 2456 2735 2495 eam
2762 2441 2834 2495 ad
2865 2457 3087 2496 annum
3119 2447 3460 2514 sequentem
3494 2460 3580 2500 rs-

1930 2544 2137 2583 vocare
2167 2528 2361 2584 conati
2398 2528 2687 2596 fuissent;
2722 2516 2949 2601 decepti
2981 2529 3182 2602 procul
3235 2518 3416 2587 dubio
3471 2549 3577 2587 au-

1932 2616 2198 2673 ctoritate
2228 2616 2539 2673 Romualdi
2569 2616 2944 2686 Salernitani,
2977 2620 3100 2691 qui,
3134 2623 3200 2676 ut
3240 2606 3388 2694 ipsis
3414 2620 3579 2678 vide-

1930 2709 2048 2771 tur,
2085 2705 2237 2761 hanc
2267 2706 2554 2780 synodum
2587 2707 2659 2763 ad
2710 2723 2931 2763 annum
2963 2708 3104 2763 1090
3132 2707 3352 2765 retulit.
3383 2710 3456 2765 At
3482 2726 3581 2767 ve-

1934 2811 2080 2862 reor,
2097 2794 2209 2852 nisi
2232 2794 2305 2851 sit
2321 2794 2543 2853 librarii
2566 2799 2846 2861 erratum,
2871 2801 2937 2853 ut
2966 2797 3300 2869 suspicatur
3319 2797 3579 2874 Peregri-

1933 2883 2088 2948 nius,
2113 2900 2186 2940 ne
2221 2888 2488 2940 auctores
2512 2883 2596 2940 illi
2618 2884 2750 2940 falsi
2780 2884 2992 2941 fuerint
3023 2902 3093 2942 ex
3125 2886 3298 2941 modo
3329 2903 3576 2960 compu-

1932 2972 2094 3028 tandi
2127 2990 2300 3046 quem
2326 2972 2588 3047 plerique
2607 2974 2736 3045 ejus
2766 2974 3053 3049 temporis
3081 2978 3349 3031 auctores
3381 2974 3577 3033 inillis

1933 3060 2227 3118 ulterioris
2258 3061 2435 3118 Italiae
2464 3061 2802 3136 regionibus
2830 3063 3107 3119 adbibere
3156 3062 3424 3121 solebant
3450 3081 3465 3121 ε
3495 3055 3606 3121 ἰΙΙί¹

1935 3150 2092 3207 enim
2126 3168 2347 3207 annum
2378 3151 2659 3207 inchoent
2687 3168 2823 3207 cum
2879 3151 3197 3208 indictione
3253 3153 3519 3209 Romana
3546 3170 3581 3209 a

168 3243 514 3300 intrantibus
536 3263 556 3311 ,-
577 3245 631 3298 et
656 3221 979 3315 accepit
1005 3221 1274 3298 vexillum
1299 3241 1368 3297 ab
1388 3256 1448 3297 eo
1477 3248 1682 3299 terram
1700 3221 1898 3297 cum-Cn
1932 3254 2138 3297 mense
2174 3240 2499 3313 Septembri
2524 3258 2538 3308 ;
2570 3240 2673 3297 ita
2701 3244 2765 3296 ut
2818 3240 3121 3314 vulgarem
3172 3230 3465 3298 calculum
3515 3241 3578 3298 in

168 3333 393 3389 ducam
413 3320 1292 3389 honore.ConsentitPtolomeus
1308 3329 1584 3386 Lucensis
1601 3330 1660 3386 in
1677 3330 1826 3387 libro

171 3422 255 3478 De
268 3418 633 3495 genealogiis
652 3404 815 3476 edito
837 3435 872 3473 a
891 3417 1107 3487 Surita‘,
1131 3417 1231 3473 ubi
1254 3417 1460 3475 scribit
1480 3417 1590 3474 hoc
1634 3435 1828 3475 sacra-

172 3513 445 3567 mentum
460 3525 495 3587 a
515 3507 843 3583 Regerioin
863 3508 1085 3581 synodo
1122 3505 1482 3579 Melpbitana
1501 3507 1826 3580 praestitum

169 3600 376 3667 fuisse,
399 3599 499 3672 qui
520 3614 579 3654 se
607 3598 813 3667 ligium
838 3598 1114 3653 hominem
1141 3597 1395 3653 Ecclesiae
1440 3599 1714 3668 confessus
1751 3604 1831 3654 est

158 3705 261 3763 pro
282 3688 455 3745 terris
472 3686 710 3763 Apulia.
736 3685 897 3742 Idem
909 3689 1113 3742 auctor
1129 3683 1544 3741 multaibidem
1567 3686 1828 3757 congerit

162 3780 233 3836 de
254 3775 992 3852 RogeriLsucoessoribus,
1033 3771 1433 3847 quiprtestito
1481 3773 1605 3846 pari
1638 3790 1829 3829 sacra-

170 3871 369 3942 mento
400 3883 467 3923 se
509 3881 641 3922 esse
696 3862 969 3921 Ecclesiae
1019 3861 1379 3919 feudatarios
1441 3866 1823 3935 agnoverunt,

158 3972 435 4035 quosque
449 3972 525 4032 po
534 3954 759 4031 ntilices
775 3951 973 4008 vexilli
994 3951 1358 4024 porreetione
1378 3949 1585 4007 investi
1594 3966 1656 4007 re
1683 3967 1821 4007 con-

158 4049 493 4119 sueverant.
520 4043 829 4100 Urbanum
861 4044 920 4096 et
944 4039 1259 4115 Rogerium
1299 4038 1822 4113 conjunctissimos

156 4136 342 4211 fuisse
360 4132 723 4208 patet,un
747 4130 1060 4202 utriusque
1072 4129 1247 4200 jussu
1286 4127 1635 4184 Guillelmus
1669 4129 1821 4200 Apu-

157 4223 364 4281 liensis
378 4238 477 4279 res
495 4217 1039 4296 Northmannorum
1059 4217 1331 4292 praeclare
1355 4217 1417 4273 in
1438 4216 1605 4273 Italia
1624 4222 1821 4291 gestas

154 4296 427 4372 versibus
456 4307 858 4382 descripserit,
893 4306 989 4364 uti-
1026 4306 1348 4380 ipseinitio
1391 4307 1484 4363 sui
1515 4306 1707 4380 operis
1739 4311 1820 4365 te-

102 4440 117 4449 ο
157 4406 373 4459 statur.

225 4488 691 4563 Pleriqueetiam
706 4484 1074 4544 contendunt
1098 4484 1153 4541 in
1173 4484 1284 4541 hac
1304 4484 1525 4555 synodo
1540 4484 1817 4560 contigis-
1856 4520 1865 4528 -

1940 3345 2227 3385 annorum
2258 3328 2660 3401 designatione
2689 3333 2942 3401 quatuor
2966 3329 3271 3385 mensibus
3314 3321 3578 3387 antever-

1934 3419 2082 3473 tant.
2106 3417 2202 3474 Sic
2228 3434 2556 3490 anonymus
2604 3417 2874 3473 Barensis
2905 3435 2939 3473 a
2971 3408 3303 3490 Peregrinio
3359 3419 3578 3488 editus,

1937 3505 2154 3578 aliique
2176 3506 2396 3579 passim
2432 3505 2667 3561 illarum
2698 3505 2955 3577 partium
2986 3506 3303 3578 scriptores
3356 3504 3578 3580 vulgati

1937 3611 2121 3650 annos
2142 3594 2458 3667 incipiunt;
2479 3611 2628 3668 quos
2640 3594 2689 3650 si
2704 3593 2807 3650 hic
2827 3594 3097 3651 imitatus
3122 3594 3580 3652 fueritRomual-

1935 3683 2071 3752 dus,
2092 3688 2159 3739 ut
2175 3684 2413 3756 quidem
2431 3699 2567 3739 vero
2594 3682 2787 3740 simile
2805 3687 2914 3754 est,
2936 3672 3166 3740 diﬂ'erre
3186 3672 3472 3741 dicendus
3490 3687 3583 3742 est

1935 3790 1970 3828 a
1990 3772 2215 3829 ceteris
2235 3772 2573 3829 auctoribus
2593 3772 2654 3828 in
2670 3773 3023 3847 assignanda
3040 3772 3219 3845 hujus
3230 3771 3584 3847 synodiepo-

1935 3861 2064 3932 cba,
2092 3865 2313 3936 utpote
2338 3879 2464 3935 quae
2512 3866 2758 3919 exeunte
2789 3877 2990 3919 mense
3030 3854 3387 3935 Septembri,
3419 3860 3581 3919 indi-

1934 3950 2122 4007 ctione
2142 3950 2569 4018 imi,celebrata
2598 3952 2727 4007 fuit.
2745 3950 2961 4007 Verum
2993 3955 3059 4007 ut
3073 3939 3346 4008 utfuerit
3364 3952 3436 4008 de
3467 3951 3577 4009 Ro-

1933 4039 2153 4096 mualdi
2184 4040 2476 4114 Opinione,
2496 4044 2723 4097 certum
2755 4044 2846 4096 est
2901 4040 3053 4096 hanc
3104 4041 3393 4113 synodum
3423 4056 3578 4097 anno

1930 4128 2071 4184 1089
2122 4120 2384 4186 habitem
2445 4129 2647 4186 fuisse.
2679 4129 2840 4194 Quod
2899 4128 3119 4185 diserte
3172 4129 3391 4185 habent
3441 4145 3577 4185 cum

1930 4219 2091 4291 Lupo
2115 4219 2457 4291 Protospata
2473 4218 2571 4274 alii
2593 4218 2771 4275 etiam
2804 4222 3071 4274 auctores
3114 4208 3387 4290 aequales.
3420 4217 3577 4274 Nihil

1930 4308 2191 4381 apertius
2211 4306 2411 4363 haberi
2440 4324 2509 4363 ea
2537 4308 2609 4363 de
2640 4324 2700 4363 re
2731 4310 2941 4380 potest,
2975 4323 3153 4378 quam
3184 4305 3429 4363 Joannis
3459 4306 3579 4362 dia-

1930 4396 2057 4452 coni
2079 4400 2139 4451 et
2158 4394 2491 4452 cancellarii
2513 4394 2613 4467 qui
2649 4395 2787 4451 huic
2817 4394 3064 4451 concilio
3093 4395 3379 4461 interfuit,
3409 4395 3579 4451 testi-

1929 4485 2194 4542 monium
2225 4484 2284 4541 in
2315 4483 2561 4557 epistola
2589 4501 2765 4558 supra
2797 4484 3036 4542 laudata
3066 4485 3137 4540 ad
3174 4484 3445 4541 abbatem
3462 4483 3580 4540 Mo-

156 4598 239 4649 se,
257 4581 415 4655 quod
435 4578 512 4635 de
533 4577 705 4635 Petro
721 4575 933 4632 abbate
951 4573 1188 4630 Carensi
1238 4570 1460 4646 passim
1505 4574 1660 4647 apud
1689 4573 1818 4630 vul-
1851 4589 1898 4655 Ι)
1926 4573 2368 4641 lismensem,in
2414 4590 2533 4646 qua
2568 4573 2653 4629 sic
2692 4573 2902 4630 habet:
2937 4573 3181 4630 Secundo
3222 4574 3575 4645 pontiﬁcatus

156 4674 323 4745 gates
373 4658 652 4725 auctores
674 4664 920 4739 legitur,
964 4663 1269 4720 Urbanum
1329 4661 1553 4719 scilicet
1576 4664 1650 4730 ei,
1684 4680 1817 4720 cum

154 4759 306 4816 inter
319 4757 475 4816 alios
489 4754 726 4814 concilii
739 4754 940 4811 Patres
956 4753 1116 4809 nudo
1126 4753 1316 4825 capite
1328 4752 1425 4809 sed
1433 4753 1818 4819 eret,mitram

150 4849 411 4925 misisse,
428 4862 553 4920 qua
573 4830 856 4921 deinceps
872 4845 1153 4898 uteretur.
1171 4842 1243 4897 Et
1262 4841 1503 4915 quidem
1538 4840 1676 4897 licet
1697 4857 1813 4897 non

153 4918 297 5011 adeo
324 4918 583 5001 constet,
595 4918 719 5011 qua
747 4932 807 4988 id
830 4931 1133 4989 occasione
1160 4935 1267 4987 aut
1294 4929 1421 4987 loco
1450 4931 1671 4987 factum
1690 4930 1816 4986 fue-

150 5028 367 5099 riu-res
389 5028 603 5082 tamen
621 5022 759 5096 ipsa
775 5019 1006 5077 videtur
1047 5036 1178 5077 esse
1199 5022 1382 5090 certa,
1404 5023 1605 5092 utpote
1636 5018 1818 5076 relata

153 5116 549 5188 abtanonymo
577 5111 796 5168 abbate
823 5108 1144 5179 Venusiae,
1174 5108 1230 5164 in
1255 5108 1518 5180 ejusdem
1540 5108 1814 5165 beativiri

150 5202 299 5273 Vita,
333 5197 739 5277 quampanlo
761 5201 894 5270 post
937 5196 1125 5269 ipsius
1178 5198 1403 5253 obitum
1443 5197 1812 5270 conscripsit.

149 5291 601 5369 Noningratum
618 5288 754 5366 ‘erit
771 5287 901 5358 ejus
932 5288 1107 5343 verba
1140 5285 1255 5341 huc
1274 5287 1531 5359 proferre
1555 5304 1567 5343 :
1591 5289 1656 5343 In
1683 5304 1815 5361 syn-

147 5382 263 5450 odo,
295 5380 521 5457 inquit,
548 5379 603 5435 ei
619 5391 780 5434 more
797 5390 896 5432 suo
913 5375 1058 5432 nudo
1074 5408 1079 5411 -
1096 5375 1280 5448 capite
1298 5375 1584 5442 residenti,
1611 5382 1816 5432 sancta

146 5473 423 5530 memoriae
446 5485 605 5544 papa
642 5463 896 5523 Urbanus
932 5465 1305 5538 pontiﬁcalem
1347 5465 1590 5537 inlatam
1635 5465 1813 5532 misit,

146 5578 308 5633 quam
336 5563 532 5635 utique
562 5556 659 5614 uir
687 5555 1001 5622 Domini,“
1026 5571 1127 5627 pro
1155 5556 1362 5611 summi
1370 5555 1648 5628 pontiﬁcis
1664 5570 1809 5610 reve-

148 5652 331 5708 rentia
377 5644 796 5707 venerabiliter
848 5645 1068 5716 recepit,
1109 5648 1163 5700 et
1218 5643 1564 5714 ofﬁciossime
1609 5643 1813 5699 saluta-

1927 4665 2021 4720 sui
2045 4679 2191 4720 anno
2238 4663 2493 4719 dominus
2551 4670 2735 4718 noster
2783 4663 3033 4719 Urbanus
3083 4678 3231 4734 papa
3277 4662 3587 4717 concilium.

1928 4754 2075 4827 apud
2125 4753 2416 4824 Melphiam
2462 4752 2677 4823 Apuliae
2734 4752 2926 4806 urbem
2979 4751 3290 4806 celebravit.
3326 4752 3394 4805 Et
3442 4753 3578 4822 post

1928 4859 2113 4917 pauca
2145 4858 2158 4896 :
2194 4843 2309 4896 Hoc
2326 4856 2458 4896 sane
2483 4840 2779 4895 concilium
2821 4838 3213 4910 Melpbitanam
3245 4838 3579 4896 celebratum

1924 4941 2002 4990 est
2039 4946 2186 4987 anno
2222 4930 2525 4987 Dominij
2568 4928 2973 4984 Incarnationis
3017 4928 3159 4983 1089
3179 4944 3200 4991 ,ο
3222 4943 3367 5001 ᾳτιεει
3391 4932 3599 4985 ακιθνηι

1923 5022 2235 5085 scribimus,
2256 5022 2555 5092 praesentes
2575 5034 2673 5074 nos
2692 5024 2745 5074 et
2771 5016 2991 5074 audisse
3017 5020 3072 5074 et
3085 5018 3285 5075 vidisse
3311 5019 3567 5075 noseatis.

1925 5111 2083 5167 Idem
2117 5108 2326 5182 probat
2344 5107 2603 5163 Joannes
2635 5104 3084 5164 archidiaconus
3116 5106 3413 5174 Barensis,
3446 5104 3570 5180 qui,

1924 5199 2007 5255 uti
2031 5197 2217 5253 caeteri
2241 5199 2526 5261 auctores,
2554 5194 2790 5251 disertis
2808 5196 3004 5252 verbis
3040 5195 3192 5253 locat
3213 5195 3346 5251 Elia:
3373 5194 3572 5252 archi-

1923 5287 2177 5361 episcopi
2197 5284 2714 5353 consecrationem,
2730 5301 2857 5359 quaa
2874 5284 3003 5358 ipso
3015 5284 3247 5341 Urbano
3257 5288 3404 5341 teste
3420 5297 3575 5339 anno

1925 5378 2306 5444 I889,mense
2353 5372 2608 5440 Octobri,
2641 5371 2934 5429 celebrata
2980 5376 3088 5440 est,
3123 5372 3383 5444 proxime
3439 5373 3574 5442 post

1924 5463 2234 5521 concilium
2256 5461 2703 5535 Melpbitanum.
2732 5462 2825 5517 Sic
2849 5459 3283 5538 enimloquitur
3302 5458 3359 5512 in
3379 5457 3575 5513 Histo-

1923 5552 2011 5609 ria
2059 5550 2411 5608 inventionis
2442 5549 2628 5607 sancti
2663 5548 2864 5605 Sabini
2914 5549 3069 5620 apud
3129 5545 3445 5602 Baronium
3499 5543 3571 5600 ad

1932 5656 2154 5698 annum
2175 5640 2419 5706 {091,-et
2448 5635 2758 5709 Ughellum
2782 5642 2945 5692 tomo
2973 5636 3076 5692 Vll
3132 5632 3309 5691 Italia
3342 5646 3572 5686 sacras:
