3958 6224
330 347 414 424 89
1627 348 1702 416 Β.
1744 349 1954 418 URBA

2105 351 2144 426 II
2178 350 2435 418 PAPAL'.
3653 347 3738 412 60

329 494 456 554 Post
504 490 713 554 obitum
771 485 1025 552 Ursionis
1073 486 1328 548 successit
1356 486 1507 546 Elius
1531 485 1968 562 archiepiscopus
1997 486 2055 558 Α
2083 485 2391 547 ιωοιιίωιθε
2404 481 2692 546 translata
2709 487 2818 561 est,
2837 489 3112 546 utnarrat
3130 483 3412 564 Ughellus
3425 488 3587 546 tome
3607 484 3736 546 VIII

330 584 622 651 Barensis,
709 583 806 655 qui
881 581 1094 653 primus
1178 579 1351 636 abbas
1423 581 1628 650 fuerat,
1680 593 1981 652 corpusque
2087 581 2146 634 et
2164 583 2300 652 post
2317 595 2452 636 eum
2473 577 2738 636 Lubinus
2757 581 2818 636 et
2835 577 3286 636 alii.Eustacbio
3309 577 3515 635 abbati
3544 577 3736 636 sancti

328 676 505 733 sancti
517 673 730 732 Nicotai
747 688 848 728 sua
877 673 939 726 in
966 671 1352 742 procuratione
1379 669 1580 741 absque
1631 667 1980 724 ordinatione
2085 667 2305 724 Nicolai
2355 667 2582 742 insigne
2627 667 2997 741 privilegium
3029 667 3320 725 concessit
3351 666 3650 724 Paschalis
3686 668 3736 724 II

327 761 561 821 tenebat.
585 761 694 818 Hoc
713 765 898 815 autem
917 758 1079 814 electo
1103 759 1164 813 in
1197 756 1666 829 archiepiscopum
1703 757 1980 812 voluntate
2085 774 2238 814 anno
2271 757 2429 825 1106,
2481 759 2540 813 in
2572 775 2688 831 quo
2719 757 2977 832 pontifex
3005 759 3258 814 testatur
3303 773 3516 831 corpus
3545 757 3734 814 sancti

329 857 492 924 atque
511 865 777 906 consensu
797 847 950 903 ducis
969 847 1191 916 Rogerii
1218 847 1328 916 ﬁlii
1368 845 1521 900 duris
1568 845 1700 901 dicti
1739 845 1973 912 Roberti,
2085 846 2303 904 Nicolai
2345 851 2610 920 tempore
2654 847 2880 904 Victoris
2926 849 3016 914 ΙΙΙ,
3052 863 3123 904 ea:
3161 848 3554 903 transmarinis
3596 863 3733 920 par-

327 940 562 1011 Metﬁam
600 955 805 1011 papam
837 937 1116 994 Urbanum
1153 934 1447 1000 adivimus,
1479 935 1577 1005 qui
1622 933 1825 990 ibidem
1851 949 1978 1006 syn-
2082 937 2228 991 tibus
2274 938 2334 991 in
2386 936 2579 992 urbem
2632 937 2952 992 Barisinam
2979 936 3282 1004 advectum,
3314 935 3388 992 ab
3419 935 3652 992 Urbano
3685 934 3735 991 II

328 1029 494 1086 odum
520 1027 827 1085 celebrabat
870 1041 1052 1080 mense
1078 1024 1400 1096 Septembri,
1433 1039 1594 1096 quem
1640 1023 1972 1094 rogavimus,
2083 1026 2196 1081 loco
2226 1041 2329 1098 quo
2359 1043 2527 1092 nunc,
2557 1024 2774 1098 inquit,
2808 1026 3114 1082 reverentia
3153 1025 3325 1096 digna
3369 1032 3636 1095 servatur,
3671 1027 3736 1080 in

329 1123 392 1176 ut
435 1133 606 1190 usque
660 1119 866 1172 Barum
915 1113 1272 1180 descenderat,
1319 1112 1747 1184 praedictuqu
1791 1126 1972 1167 conse-
2080 1121 2272 1187 crypta
2326 1116 2584 1186 inferiori
2637 1131 2851 1170 summa
2910 1131 3034 1170 cum
3081 1115 3452 1180 veneratione,
3498 1113 3736 1187 desuper

327 1216 510 1265 craret
557 1206 737 1262 Etiam
773 1206 835 1260 in
883 1203 1372 1274 archiepiscopatus
1435 1200 1710 1266 honorem,
1754 1199 1974 1256 domino
2080 1203 2258 1260 altare
2288 1206 2349 1260 in
2378 1205 2638 1260 honorem
2691 1203 2916 1261 Domini
2967 1206 3324 1272 consecrato,
3356 1201 3730 1260 reconditum

326 1295 641 1356 Boamundo
681 1294 924 1351 eumdem
954 1308 1160 1366 papam
1193 1291 1474 1347 nobiscum
1509 1289 1844 1362 deprecante,
1875 1291 1975 1361 qui
2079 1291 2284 1349 fuisse.

324 1404 384 1445 eo
415 1393 650 1458 tempore
679 1387 884 1440 Barum
903 1384 1024 1455 jam
1054 1397 1152 1437 suo
1185 1380 1400 1436 tenebat
1443 1377 1542 1434 sub
1571 1378 1834 1434 dominio.
1868 1377 1970 1433 His
2222 1381 2362 1439 LVI.
2395 1383 2473 1438 An
2503 1389 2632 1439 tunc
2658 1383 2955 1439 concilium
2986 1382 3152 1454 Trojae
3182 1381 3431 1438 habitum
3459 1383 3550 1438 sit.

323 1474 613 1534 consentit
631 1471 794 1530 bulla
815 1470 1006 1544 Ipsius
1039 1468 1249 1528 Urbani
1281 1469 1354 1524 ad
1387 1468 1621 1524 Petrum
1655 1466 1816 1522 Cava:
1867 1467 1968 1523 ab-
2147 1471 2407 1528 Alterum
2427 1470 2488 1546 in
2509 1471 2724 1545 Apulia
2744 1471 3058 1528 concilium
3078 1471 3188 1528 sub
3201 1469 3380 1542 hujus
3397 1471 3734 1528 anniﬁnem

319 1565 516 1622 batem
563 1565 702 1620 data
729 1561 839 1618 hoc
868 1576 1022 1616 anno
1051 1559 1146 1614 die
1173 1575 1229 1612 xx
1267 1555 1552 1613 Kalendas
1585 1555 1878 1623 Octobris,
1909 1556 1966 1612 in
2076 1561 2625 1634 Trojaecelebratum
2642 1558 3739 1630 fuissevoluntBaronius,Binius,Che-

321 1671 441 1728 qua.
469 1657 678 1727 prater
693 1650 811 1708 alia
831 1648 1016 1704 multa
1034 1645 1295 1722 pontifex
1318 1645 1588 1701 Cavensis
1615 1643 1968 1702 monasterio
2077 1649 2317 1706 sniusin
2329 1649 2478 1707 Vitis
2491 1649 2833 1723 pontificum
2846 1649 3156 1723 ceterique
3169 1648 3404 1706 illorum
3417 1652 3734 1706 auctorum

320 1743 630 1800 conﬁrmat
657 1756 725 1796 ea
747 1738 895 1806 loca,
923 1737 994 1792 de
1017 1735 1236 1809 quibus
1254 1751 1430 1807 nuper
1459 1734 1672 1806 inquit,
1697 1733 1754 1788 id
1788 1737 1876 1788 est
1906 1733 1966 1788 in
2075 1739 2493 1812 sequaces,qui
2513 1739 2656 1796 illud
2679 1739 2992 1796 concilium
3010 1739 3268 1812 primum
3281 1738 3601 1810 Trojanum
3615 1738 3732 1795 sub

319 1829 565 1888 concilio
599 1826 916 1894 Meliltano,
941 1829 1006 1881 ut
1034 1827 1193 1898 patet
1219 1840 1288 1880 ex
1317 1823 1545 1880 decreto
1585 1823 1740 1894 quod
1771 1821 1954 1879 lauda-

2105 1829 2327 1928 lrbanq
2343 1829 2392 1885 Il
2422 1827 2744 1902 appellant,
2762 1829 2982 1886 aPetro
3004 1827 3272 1897 diacono,
3304 1827 3478 1885 Ivone
3505 1828 3734 1884 Carno-

319 1925 449 1978 tum
479 1922 570 1976 est
587 1933 752 1974 num.
775 1914 1143 1988 prazcedenti,
1174 1913 1368 1968 habita
1395 1914 1620 1984 qua’stio
1651 1911 1858 1966 fuerat.

2105 1919 2250 1986 ensi,
2285 1917 2581 1985 Gratiano,
2627 1917 2905 1992 Magistro
2963 1915 3411 1985 sententiarum,
3473 1914 3733 1989 aliisque

319 2027 434 2086 LV.
475 2026 724 2086 Urbanus
763 2023 896 2079 Bari
943 2023 1204 2092 transfert
1234 2037 1353 2076 ossa
1381 2019 1436 2074 S.
1467 2019 1682 2076 Nicotai
1707 2026 1759 2074 et
1787 2019 1969 2075 Etiam
2075 2005 2295 2081 Ραεείῐϊι
2328 2005 2654 2064 celebribus
2683 2005 3045 2075 auctoribIIS,
3067 2004 3154 2062 uti
3213 2004 3400 2074 aiunt,
3432 2020 3730 2062 memora-

831 2095 1142 2167 episcopum
1175 2100 1468 2148 consecrat.

2105 2114 2224 2153 um.
2257 2097 2328 2152 At
2375 2096 2583 2152 merito
2635 2096 3008 2169 refragantur
3035 2094 3135 2150 alii
3183 2093 3292 2150 viri
3337 2092 3576 2162 eruditi,
3620 2093 3729 2166 qui

390 2186 674 2245 Invitatus
746 2183 942 2256 itaque
1001 2181 1270 2238 Urbanus
1318 2197 1353 2236 a
1409 2179 1774 2244 Boamundo,
1835 2184 1954 2250 posi

2105 2185 2312 2242 inicum
2336 2184 2446 2241 sub
2471 2185 2701 2241 Urbano
2722 2184 2772 2241 II
2801 2185 3120 2255 Trojanum
3159 2181 3475 2240 concilium
3506 2181 3728 2240 admit-

317 2277 546 2334 finitam
589 2273 878 2348 synodum
929 2269 1346 2344 Melphitanam
1394 2267 1653 2325 Venusia
1705 2267 1961 2338 transiit,
2072 2278 2225 2338 tum,
2257 2291 2410 2329 anno
2443 2273 2602 2341 1093,
2627 2272 2710 2328 uti
2758 2290 2828 2330 ex
2870 2271 3138 2330 Bertoldo
3179 2274 3431 2343 constat,
3459 2269 3726 2328 celebra-

316 2366 418 2422 ubi
476 2363 701 2421 bullam
778 2377 958 2434 quam
1038 2359 1211 2416 modo
1269 2359 1682 2426 laudabamus,
1727 2374 1954 2414 conces-

2105 2381 2219 2420 um.
2253 2363 2417 2420 Unde
2474 2362 2732 2436 primum
2791 2361 2961 2430 illud,
2993 2361 3150 2436 quod
3201 2359 3486 2418 Baronius
3533 2363 3592 2416 et
3619 2359 3728 2417 alii

316 2455 395 2512 sit
447 2454 506 2510 in
553 2451 808 2527 gratiam
855 2447 1248 2517 Cavensium;
1308 2452 1437 2504 tum
1493 2445 1693 2503 invisit
1747 2447 1961 2503 Baren-
2071 2456 2337 2510 auctores
2378 2451 2601 2510 laudati
2666 2469 2820 2508 anno
2888 2451 3029 2507 1089
3074 2449 3444 2524 consignant,
3492 2464 3728 2522 expun-

315 2561 437 2602 sem
459 2540 766 2600 ecclesiam
789 2543 930 2596 tunc
947 2537 1232 2612 temporis
1255 2535 1716 2602 celeberrimam,
1742 2536 1815 2592 ob
1849 2537 1960 2592 fre-
2069 2543 2328 2616 gendum
2344 2557 2474 2598 esse
2489 2540 2852 2597 contendunt
2873 2556 2886 2596 :
2906 2546 2964 2596 et
2983 2539 3244 2612 quidem,
3259 2554 3431 2596 nemo
3453 2555 3726 2611 unquam

314 2632 557 2708 quentia
576 2629 879 2698 miracula,
902 2645 1030 2700 quze
1054 2628 1127 2684 ad
1149 2643 1362 2699 corpus
1379 2625 1564 2684 sancti
1585 2624 1830 2692 Nicolai,
1851 2625 1954 2683 hoc

2107 2634 2204 2687 nte
2263 2629 2397 2686 illos
2451 2632 2685 2696 nostris,
2718 2632 2821 2686 aut
2875 2633 3211 2686 nostrorum
3261 2629 3502 2684 Patrum
3530 2625 3726 2684 atatis

314 2738 468 2778 anno
495 2721 626 2775 1087
649 2717 914 2785 allatum,
941 2716 1066 2772 ﬁeri
1112 2715 1474 2772 dicebantur.
1509 2714 1593 2770 Ibi
1635 2713 1961 2770 beatissimi
2069 2723 2358 2788 auctores,
2390 2719 2506 2776 duo
2557 2717 2807 2774 concilia
2854 2718 3041 2790 Trojm
3090 2717 3204 2774 sub
3254 2716 3488 2774 Urbano
3517 2715 3725 2774 habita

313 2808 598 2868 antistitis
629 2823 766 2863 ossa
795 2805 1050 2878 pontifex
1077 2803 1330 2877 propriis
1359 2802 1636 2859 manibus
1667 2804 1728 2858 in
1783 2803 1964 2859 locum
2067 2807 2354 2875 laudavit;
2381 2824 2509 2880 qua:
2530 2823 2664 2863 vero
2687 2824 2720 2863 a
2739 2807 2988 2879 Trojano
3035 2805 3300 2875 concilio,
3331 2805 3418 2861 uti
3447 2804 3724 2862 Labbeus

308 2897 500 2970 parati
549 2895 692 2951 aditi
747 2893 1067 2960 collocavit,
1098 2897 1157 2949 et
1214 2891 1351 2948 licet
1394 2891 1504 2947 hoc
1552 2891 1729 2949 fuerit
1773 2899 1960 2948 contra
2066 2896 2418 2963 observavit,
2443 2897 2562 2965 Ivo,
2590 2895 2907 2952 Gratianus
2955 2899 3060 2952 aut
3107 2894 3206 2952 alii
3251 2897 3520 2952 auctores
3557 2894 3717 2952 anti-

311 3001 544 3054 morem,
563 2985 636 3038 ut
669 2982 794 3056 ipse
837 2981 1121 3053 loquitur,
1155 2982 1406 3037 Romane
1433 2985 1488 3036 et
1525 2981 1836 3052 apostolica:
1863 2982 1954 3036 Ec-

2111 2987 2302 3044 uiores
2331 2983 2646 3058 protulere,
2675 2983 2901 3041 nullam
2931 2983 3153 3042 habent
3181 2982 3462 3057 temporis
3491 2986 3718 3053 notam,

310 3075 517 3141 etesiae,
541 3075 600 3130 in
620 3071 849 3146 propria
895 3070 1017 3128 sede
1055 3069 1242 3127 Eliam
1274 3069 1546 3126 Barensis
1575 3073 1633 3126 et
1655 3069 1954 3126 Canusinae

2110 3077 2222 3132 nde
2251 3074 2443 3148 colligi
2475 3074 2663 3147 possit
2691 3090 2760 3131 ea
2791 3089 2909 3130 uno
2933 3073 3132 3147 potius
3154 3089 3332 3146 quam
3354 3071 3536 3128 altero
3559 3088 3719 3128 anno

312 3181 440 3238 quas
454 3163 582 3236 jam
597 3165 739 3219 tunc
756 3161 934 3218 unita;
955 3163 1144 3226 orant,
1167 3157 1546 3216 ecclesiarum
1577 3159 1960 3232 archiepisco-
1995 3229 2028 3238 _
2063 3165 2291 3222 sancita
2310 3164 2513 3220 fuisse.
2535 3163 2798 3236 Denique
2819 3179 2926 3219 nec
2949 3162 3150 3218 Petrus
3178 3161 3305 3235 ipse
3335 3160 3506 3232 cujus
3545 3158 3712 3216 testi-

311 3229 738 3327 pum'electum
771 3251 832 3309 ob
861 3249 1198 3307 devotionem
1237 3251 1418 3306 sancti
1437 3249 1672 3318 Nicolai,
1689 3255 1741 3305 et
1764 3229 1958 3322 populi
1986 3229 2029 3298 (ἶ
2067 3253 2263 3310 monio
2320 3229 2720 3326 potissimum-
2756 3251 2863 3308 niti
2919 3249 3148 3308 videtur
3200 3229 3514 3315 baronius,
3561 3247 3717 3304 duas

310 3343 369 3400 id
417 3341 787 3416 efﬂagitantis
815 3340 1160 3396 dilectionem
1183 3337 1563 3395 consecravit.
1599 3337 1726 3393 Haec
1756 3337 1955 3394 omnia
2061 3358 2315 3415 usquam
2364 3341 2549 3412 Trojze
2579 3339 2833 3414 synodos
2865 3338 3142 3414 agnovit;
3170 3339 3289 3395 imo
3345 3353 3453 3396 nec
3481 3340 3713 3394 certum

309 3430 752 3504 fusiusexponit
773 3429 898 3503 ipse
932 3428 1202 3485 Urbanus
1230 3427 1290 3482 in
1325 3425 1646 3500 privilegio,
1665 3443 1829 3482 num.
1859 3429 1950 3494 26,
2059 3435 2296 3502 tempus
2325 3429 2591 3501 Trojano:
2619 3428 2842 3502 synodo
2863 3427 3182 3502 assignavit
3202 3425 3350 3482 libro
3382 3442 3458 3494 1v,
3492 3441 3620 3498 cap.
3651 3427 3710 3493 7,

310 3521 467 3594 quod
517 3536 586 3577 ea
635 3517 940 3576 occasione
996 3517 1133 3574 Elias
1164 3520 1222 3574 et
1249 3517 1378 3588 ejus
1408 3515 1647 3572 Barensi
1685 3515 1953 3572 Ecclesiae

311 3607 600 3666 concessit
641 3608 734 3664 die
765 3609 800 3664 9
828 3606 1095 3664 Octobris
1124 3607 1350 3680 datum.
1383 3604 1558 3662 Porro
1588 3604 1784 3678 ipsum
1822 3621 1956 3661 con-

312 3697 656 3756 secrationis
678 3697 816 3753 Elia;
844 3696 1002 3752 diem
1033 3693 1320 3750 discimus
1349 3709 1420 3749 ex
1474 3693 1758 3750 Chronico
1814 3711 1954 3750 ano-

313 3785 474 3860 nymi
497 3783 770 3840 Barensis
790 3784 864 3840 ad
885 3798 1108 3839 annum
1129 3782 1271 3838 1095
1316 3797 1492 3853 quem
1522 3798 1627 3855 pro
1659 3797 1820 3838 more
1849 3798 1956 3838 suo

313 3892 349 3930 a
369 3871 694 3946 Septembri
718 3869 1098 3944 pracedentis
1121 3868 1260 3926 anni
1287 3869 1465 3926 simul
1483 3885 1620 3925 cum
1641 3869 1957 3926 indictione

313 3961 569 4032 inchoat,
609 3958 710 4016 ubi
765 3959 850 4014 sic
901 3959 1124 4015 habet:
1183 3957 1336 4026 1089,
1396 3958 1589 4014 indict.
1624 3975 1746 4026 xm,
1778 3975 1960 4016 mense

313 4049 631 4124 Septembri,
652 4047 710 4104 id
739 4051 830 4104 est
859 4063 1013 4104 anno
1045 4048 1204 4116 1089,
1229 4047 1400 4118 juxta
1447 4045 1750 4120 vulgarem
1798 4063 1956 4104 com-

313 4137 561 4214 putandi
607 4137 1117 4207 modum,intravit
1163 4136 1412 4194 Urbanus
1454 4151 1599 4208 papa
1643 4139 1702 4193 in
1745 4139 1960 4194 civitate

311 4229 452 4285 Bari
475 4226 656 4299 pridie
687 4226 809 4282 Kal.
863 4225 1104 4282 Octobris
1133 4242 1153 4282 :
1182 4229 1235 4280 et
1266 4225 1327 4280 in
1361 4225 1483 4280 Kal.
1539 4225 1782 4282 Octobris
1819 4227 1957 4284 aedi-

311 4317 495 4390 ﬁcavit
539 4316 932 4388 confessionem
985 4315 1162 4370 sancti
1212 4313 1446 4370 Nicolai.
1479 4314 1718 4372 .Eadem
1779 4315 1959 4372 ferme

311 4407 493 4464 habet
522 4405 722 4479 Lupus
754 4403 1096 4475 Protospata
1122 4402 1195 4458 ad
1230 4417 1451 4458 annum
1488 4403 1628 4459 1089
1661 4421 1674 4459 :
1711 4403 1960 4461 Urbanus

312 4495 461 4551 venit
487 4495 551 4550 in
577 4494 855 4550 civitatem
891 4493 1100 4547 Barum
1123 4493 1176 4547 et
1203 4493 1538 4548 consecravit
1588 4493 1705 4549 illic
1743 4495 1959 4566 confes-

311 4585 522 4641 sionem
543 4583 724 4639 sancti
753 4581 963 4638 Nicolai
1069 4579 1261 4668 Etiam
1289 4579 1768 4668 archiepiscopum.
1801 4581 1958 4640 Elius
1988 4601 2037 4668 D

313 4689 384 4728 ex
429 4669 717 4728 monacho
775 4667 1016 4726 Carcnsi
1063 4667 1253 4723 factus
1299 4667 1480 4724 abbas
1543 4668 1735 4726 Sancti
1777 4669 1957 4728 Bene-

311 4761 450 4819 dicti
471 4777 681 4836 propre
713 4763 946 4834 portum
977 4757 1314 4826 Barensem,
1348 4755 1575 4836 primus
1601 4756 1868 4814 omnium
1898 4757 1958 4814 in

312 4833 491 4909 suam
501 4833 808 4908 ecclesiam
829 4849 1170 4921 susceperat
1191 4833 1404 4918 corpus
1424 4845 1613 4902 sancti
1642 4845 1861 4902 Nicolai
1890 4862 1959 4903 ex

311 4938 471 4995 Licia
489 4955 641 4994 anno
664 4939 804 4994 1087
835 4937 1164 5004 advectum,
1189 4933 1400 4990 deinde
1429 4934 1740 5006 praefectus
1770 4935 1961 4992 fuerat

313 5024 569 5084 ecclesiae
586 5042 786 5083 recens
807 5024 994 5082 eidem
1021 5027 1224 5080 sancto
1255 5025 1560 5080 exstructa
1583 5023 1643 5080 in
1666 5023 1794 5096 ipsa
1815 5024 1960 5082 urbe

312 5113 658 5182 Barensi,ut
695 5131 764 5170 ex
795 5114 1021 5170 Joanne
1054 5111 1464 5168 archidiacono
1495 5112 1736 5169 Barensi
1761 5117 1960 5170 narrat

313 5203 623 5262 Ordericus
664 5201 872 5258 Vitalis
921 5201 1072 5258 libro
1101 5217 1203 5267 vn,
1234 5200 1328 5256 cui
1387 5201 1624 5256 tandem
1681 5201 1740 5256 in
1767 5201 1956 5257 archi-

311 5292 650 5367 episcopum
673 5293 996 5362 assumpto,
1031 5288 1314 5346 suﬁ‘ectus
1333 5292 1422 5344 est
1440 5288 1501 5344 in
1533 5289 1779 5346 abbatis:
1809 5290 1958 5364 regi-

311 5381 472 5438 mine
500 5378 852 5438 Eustachius
883 5376 1226 5434 monasterii
1269 5375 1551 5434 Omnium
1607 5378 1958 5436 Sanctorum

311 5486 492 5544 prope
510 5469 779 5526 eamdem
802 5467 1004 5522 urbem
1022 5465 1308 5536 conditor,
1327 5467 1624 5523 secundus
1635 5471 1694 5524 et
1713 5466 1959 5526 ultimus

309 5558 506 5615 Sancti
530 5556 748 5616 Nicolai
771 5555 986 5612 abbas:
1010 5569 1147 5610 nam
1170 5569 1236 5610 eo
1259 5553 1477 5628 pariter
1494 5553 1556 5611 in
1579 5555 1960 5630 archiepisco-

311 5664 454 5722 pum
512 5646 713 5714 electo,
745 5643 990 5704 ecclesia
1043 5641 1240 5700 Sancti
1269 5641 1491 5700 Nicolai
1543 5645 1616 5702 ad
1647 5647 1960 5708 canonicos

2061 3519 2330 3576 Chronici
2349 3516 2704 3586 Caeinensis,
2723 3517 2879 3574 unde
2887 3519 3091 3590 tamen
3105 3515 3518 3590 argumentum
3532 3531 3712 3572 suum

2063 3611 2334 3681 repetunt
2371 3604 2728 3674 adversarii;
2755 3604 2838 3662 sic
2876 3605 3033 3662 enim
3064 3608 3240 3678 caput
3269 3601 3412 3660 illud
3445 3601 3718 3660 absolute

2063 3695 2300 3753 inchoat
2323 3713 2336 3750 :
2359 3695 2614 3767 Sequenti
2641 3702 2880 3766 tempore
2921 3711 3070 3768 papa
3109 3691 3356 3752 Urbanus
3401 3690 3608 3748 iterum
3645 3691 3721 3748 ad

2063 3787 2160 3842 has
2207 3792 2408 3856 partes,
2433 3782 2891 3852 Montis-Casini,
2924 3783 3240 3850 adveniens,
3273 3784 3384 3838 etc.
3417 3781 3530 3851 Quo
3578 3785 3722 3838 tem-

2059 3890 2192 3948 pore
2217 3874 2351 3930 dum
2377 3873 2527 3946 apud
2557 3872 2769 3945 Trojam
2796 3871 3070 3945 synodum
3097 3871 3412 3928 celebraret.

2135 3964 2230 4032 At,
2248 3961 2500 4036 inquies,
2524 3961 2728 4018 Petrus
2749 3959 2876 4018 loco
2896 3960 3132 4018 laudato
3161 3957 3408 4016 Joannis
3454 3957 3725 4030 Cajetani

2066 4050 2497 4108 ordinationem
2519 4049 2580 4104 in
2606 4047 2922 4105 diaconum
2953 4064 3019 4105 eo
3047 4051 3313 4120 tempore
3363 4045 3437 4104 ab
3481 4045 3720 4103 Urbano

2065 4139 2280 4194 factam
2331 4137 2514 4194 fuisse
2545 4136 2757 4206 refert,
2805 4153 2924 4210 quo
2977 4136 3126 4210 apud
3185 4136 3402 4208 Trojam
3449 4134 3722 4209 synodum

2065 4227 2223 4284 idem
2249 4225 2510 4300 pontifex
2529 4223 2860 4282 celebravit.
2882 4225 3047 4282 Unde
3075 4240 3211 4281 cum
3251 4227 3477 4281 certum
3501 4222 3599 4292 sit,
3633 4223 3720 4280 uti

2067 4315 2342 4389 superius
2399 4314 2714 4388 probatum
2771 4317 2884 4384 est,
2915 4329 2985 4372 ex
3015 4313 3220 4371 multis
3266 4310 3716 4386 diplomatibus,

2065 4405 2354 4463 Joannem
2374 4403 2564 4477 primo
2581 4402 2800 4460 Urbani
2821 4421 2974 4460 anno
2995 4402 3312 4460 diaconum
3349 4401 3534 4458 fuisse
3563 4401 3718 4458 ordi-

2067 4497 2294 4563 natum,
2319 4491 2533 4549 inferre
2553 4491 2687 4548 licet
2715 4492 3006 4565 synodum
3045 4493 3360 4566 Trojanam
3391 4507 3570 4564 quam
3622 4489 3718 4547 hic

2067 4586 2276 4639 Petrus
2297 4584 2608 4648 memorat,
2630 4581 2704 4637 ad
2725 4581 2944 4638 Urbani
2983 4581 3367 4656 pontificatus
3393 4577 3721 4653 primordia

2067 4687 2198 4730 esse
2217 4670 2603 4727 revocandam
2625 4687 2638 4740 ;
2663 4669 3026 4744 proindeque
3041 4687 3176 4726 cum
3197 4685 3362 4743 inque
3391 4671 3616 4725 certum
3641 4667 3720 4726 sit

2068 4760 2341 4819 eumdem
2360 4759 2696 4834 pontiﬁcem
2735 4775 2888 4817 anno
2915 4759 3054 4816 1093
3098 4759 3390 4834 synodum
3422 4757 3628 4816 eadem
3659 4758 3720 4814 in

2066 4849 2211 4907 urbe
2240 4848 2584 4916 celebrasse,
2619 4848 2735 4905 duo
2795 4849 3050 4922 Trojana
3111 4847 3360 4906 concilia
3387 4846 3718 4904 necessario

2068 4938 2432 4996 admittenda
2485 4941 2680 4995 erunt.
2721 4937 2942 4995 Verum
2973 4937 3120 4996 nihil
3152 4935 3294 4994 certi
3325 4953 3397 4994 ex
3419 4934 3532 4993 hoc
3561 4933 3717 4992 Petri

2065 5026 2402 5084 testimonio
2421 5025 2622 5082 inferri
2644 5030 2855 5099 potest,
2878 5044 3090 5102 nempe
3128 5026 3252 5100 qui,
3274 5025 3358 5082 uti
3387 5022 3718 5082 observavit

2066 5115 2324 5190 Angelus
2362 5115 2433 5170 de
2467 5115 2624 5172 Nuce
2662 5115 2723 5170 in
2759 5117 2914 5174 notis
2937 5117 3010 5174 ad
3044 5117 3200 5172 hunc
3228 5114 3446 5182 locum,
3479 5129 3546 5171 eo
3577 5111 3711 5180 loci,

2068 5205 2223 5278 quod
2274 5208 2332 5260 et
2361 5203 2506 5260 alias
2555 5220 2706 5276 saepe
2749 5205 2802 5262 ei
2833 5205 3098 5280 contigit,
3129 5212 3379 5262 exactam
3411 5205 3715 5275 temporum

2067 5295 2338 5350 rationem
2365 5308 2476 5348 non
2494 5295 2752 5349 servavit.
2791 5293 3012 5351 Deinde
3041 5294 3301 5352 Joannes
3347 5291 3420 5348 ab
3454 5289 3710 5358 Urbano,

2068 5382 2304 5457 quando
2321 5380 2581 5456 primum
2603 5382 2676 5438 ad
2696 5381 3011 5442 Casinense
3023 5379 3447 5440 monasterium
3459 5377 3711 5446 advenit,

2076 5472 2359 5529 diaconus
2403 5471 2708 5528 ordinatus
2739 5475 2867 5542 est;
2901 5477 2962 5530 at
2983 5473 3186 5529 Petrus
3215 5469 3312 5526 hic
3362 5483 3479 5525 non
3509 5468 3584 5523 de
3613 5465 3713 5522 illo

2069 5561 2172 5618 sed
2203 5560 2273 5616 de
2305 5559 2560 5617 secundo
2590 5560 2886 5632 pontiﬁcis
2938 5561 3010 5618 ad
3043 5577 3278 5618 sacrum
3325 5559 3590 5615 montem
3619 5570 3714 5613 ac-

2068 5667 2238 5709 cessu
2271 5648 2490 5706 diserte
2545 5647 2826 5723 loquitur,
2851 5650 3214 5724 proindeque
3269 5663 3388 5706 non
3422 5645 3494 5703 de
3523 5644 3713 5719 prima
