3958 6224
168 382 230 451 Si
1785 379 1848 453 Vl

3516 330 3617 451 es

170 520 393 582 Joannis
425 518 961 590 ordinatione,sed
992 473 1063 579 de
1090 516 1291 589 altera,
1322 534 1531 595 nempe
1574 516 1645 578 de
1674 517 1835 577 illius
1864 518 1920 588 Α
1950 513 2482 591 Sicelghaita,anno
2508 515 2775 590 sequenti
2800 515 3075 575 defuncta
3104 522 3213 587 est,
3245 518 3338 577 die
3368 536 3459 579 xv:
3489 524 3600 578 Ka-

172 616 221 670 ia
266 613 572 669 diaconum
629 611 986 684 patriarchii
1026 612 1409 668 Lateranensis
1472 611 1838 683 promotione

173 702 582 776 intelligendus
634 706 750 768 est,
791 718 927 773 quae
977 717 1118 757 sane
1164 699 1450 773 promotio
1495 701 1566 755 ad
1616 716 1836 755 annum

176 793 314 859 1093,
346 807 468 864 quo
488 791 689 863 Troja:
707 790 1030 846 concilium
1051 787 1403 846 celebratum
1424 789 1552 855 fuit,
1585 787 1840 845 revocari

177 885 367 955 potest,
400 880 619 952 sicque
646 878 819 935 nulla
848 883 1115 935 remanet
1151 879 1300 934 duas
1350 878 1535 950 Troja:
1584 878 1838 951 synodos

179 969 538 1037 admittendi,
573 968 762 1025 etiam
794 985 865 1024 ex
893 968 1047 1023 Petri
1080 967 1435 1033 testimonio,
1471 966 1789 1023 necessitas
1824 984 1836 1022 :

180 1060 267 1117 sed
298 1060 367 1115 ad
398 1075 613 1115 rerum
637 1058 856 1114 seriem
888 1057 1293 1113 revertendum
1326 1062 1434 1113 est.

275 1147 446 1204 LVII.
488 1147 751 1206 Urbanus
778 1147 1064 1202 ecclesiam
1102 1146 1410 1202 Brundusii
1437 1150 1730 1201 consecrat.

242 1239 607 1295 Consecrato
627 1236 833 1307 itaque
850 1234 1004 1307 apud
1020 1234 1254 1290 Barium
1275 1233 1396 1290 Elia
1417 1233 1843 1306 archiepiSOpo,

180 1327 448 1385 Urbanus
484 1323 903 1381 Brundusium
935 1322 994 1378 in
1034 1322 1395 1395 provinciam
1431 1322 1844 1378 Hidruntinam

178 1414 562 1491 perrexit,ubi
584 1430 723 1470 eum
757 1428 910 1469 anno
934 1412 1203 1484 praesenti
1234 1411 1532 1468 ecclesiam
1546 1411 1847 1467 dedicasse

177 1507 465 1561 memorat
488 1503 695 1575 Lupus
712 1501 1055 1572 Protospata
1083 1504 1286 1556 auctor
1314 1498 1683 1572 mqualis,qui
1716 1503 1848 1571 post

176 1611 238 1651 ea
267 1610 400 1667 qua:
418 1591 705 1665 superius
722 1590 793 1646 de
814 1589 1087 1646 Barensis
1105 1588 1530 1662 archiepiscopi
1553 1605 1849 1644 consecra-

175 1683 328 1740 tione
390 1678 737 1748 retulimus,
799 1677 922 1735 hzec
973 1678 1283 1752 subjungit
1343 1695 1356 1734 :
1403 1681 1479 1733 Et
1520 1679 1851 1733 consecravit

176 1771 606 1828 Brundusinam
634 1769 920 1825 ecclesiam
944 1767 1241 1839 prxdictus
1268 1784 1411 1839 papa
1456 1767 1723 1823 Urbanus.
1770 1767 1849 1820 Ex

175 1862 283 1919 hoc
308 1857 463 1932 Lupi
493 1855 843 1914 testimonio
864 1856 1367 1911 emendandusest
1389 1854 1669 1927 Ughellus
1692 1859 1849 1909 tomo

178 1950 248 2007 IX
277 1947 463 2005 Italia
501 1962 708 2013 sacras,
740 1944 841 2000 ubi
875 1943 1021 1999 hanc
1061 1943 1484 2000 dedicationem
1516 1959 1668 1998 anno
1701 1959 1845 2015 thB-

181 2039 428 2097 cedente
500 2032 892 2107 consignavit.
949 2032 1150 2089 Eidem
1224 2031 1479 2088 ecclesiis
1543 2032 1849 2104 episcopa-

180 2128 298 2184 lem
338 2124 859 2199 dignitatem,quae
890 2122 962 2177 ob
984 2121 1208 2178 cladem
1230 2120 1562 2176 Brundusio
1585 2138 1619 2176 a
1648 2121 1847 2176 Sarra-

183 2215 345 2271 ccnis
376 2212 612 2268 illatam
672 2209 881 2266 Urium
912 2207 1194 2265 translata
1223 2209 1432 2275 fuerat,
1477 2207 1705 2263 restitui
1740 2207 1848 2262 im-

182 2303 411 2378 peravit
438 2298 987 2371 Urbanus,scriptis
1015 2315 1083 2353 ea
1106 2298 1177 2352 de
1208 2314 1270 2353 re
1312 2296 1522 2353 litteris
1570 2298 1642 2352 ad
1676 2296 1849 2353 Godi-

183 2410 328 2449 num
360 2391 737 2464 episcopum,
758 2382 871 2458 qui
901 2386 1054 2458 quod
1098 2386 1149 2442 ei
1182 2385 1421 2442 Uritana
1469 2386 1851 2442 commoratio

185 2480 377 2554 magis
410 2478 725 2542 arrideret,
770 2475 989 2531 omisso
1033 2474 1350 2530 Brundusii
1382 2474 1572 2543 titulo,
1625 2474 1851 2529 Uritani

186 2568 450 2643 episcopi
483 2565 726 2623 nomine
742 2567 1048 2621 contentus
1079 2568 1223 2629 erat,
1238 2567 1295 2619 et
1316 2564 1552 2635 quidem
1584 2564 1851 2618 Brundu-

190 2660 413 2717 simum
439 2674 561 2712 non
613 2652 727 2710 nisi
777 2657 908 2726 post
948 2652 1166 2709 Urbani
1216 2658 1464 2708 mortem
1505 2652 1853 2725 dignitatem

192 2764 363 2805 suam
392 2743 716 2817 recepit,ut
744 2759 815 2799 ex
841 2739 1139 2797 Paschalis
1169 2742 1297 2812 ejus
1330 2740 1685 2797 successoris
1702 2739 1854 2812 epis-

194 2836 314 2894 tola
338 2837 506 2909 patet
536 2832 695 2904 apud
726 2828 1037 2903 Ughellum
1068 2833 1222 2885 tome
1256 2828 1575 2885 IX.Urbani
1599 2846 1668 2884 ea
1700 2829 1769 2884 de
1794 2845 1855 2884 re

194 2922 536 2998 epistolam,
570 2922 742 2991 cujus
766 2918 1159 2991 fragmentum
1192 2917 1439 2984 exhibet,
1477 2917 1762 2990 integram
1794 2917 1855 2972 in

194 3013 460 3071 Historia
489 3007 873 3067 Brundusina
916 3006 1117 3062 haberi
1148 3005 1378 3063 monuit
1420 3006 1701 3079 Ughellus
1731 3005 1856 3062 loco

193 3102 457 3159 laudato.
490 3102 566 3155 At
595 3098 752 3154 hanc
791 3094 1121 3163 historiam,
1174 3100 1275 3152 aut
1305 3094 1512 3151 saltem
1544 3095 1854 3169 epistolam

191 3191 489 3265 integram
519 3186 786 3244 invenire
816 3202 932 3241 non
962 3182 1146 3240 licuit.

662 3274 858 3332 LVIII.
891 3274 1155 3346 Rhegium
1186 3275 1395 3329 invisit.

259 3369 556 3427 Ceterum
602 3366 665 3421 in
716 3370 1036 3420 extremam
1068 3380 1255 3436 usque
1301 3361 1627 3418 Calabriam
1678 3379 1853 3435 pene-

190 3463 379 3516 trasse
408 3458 690 3514 Urbanus
720 3452 1005 3510 dicendus
1029 3457 1135 3519 est,
1165 3451 1213 3508 si
1243 3468 1377 3507 eum
1402 3451 1510 3507 hoc
1531 3468 1682 3507 anno
1707 3452 1854 3507 Rhe-

188 3549 351 3622 gium
373 3544 663 3603 Calabriae
689 3540 984 3599 ulterioris
995 3539 1363 3613 metropolim
1378 3539 1852 3613 invisisse,atque

187 3638 258 3693 ab
287 3634 536 3693 Amulio
568 3631 1010 3704 archiepiscopo
1039 3633 1379 3702 susceptum
1400 3629 1653 3702 hospitio
1671 3630 1852 3685 fuisse

183 3742 386 3783 verum
420 3723 617 3791 sit,uti
649 3719 867 3777 dicitur
916 3719 1070 3791 apud
1125 3717 1451 3791 Ughellum.
1492 3722 1708 3774 Verum
1741 3719 1850 3775 etsi

184 3814 439 3872 inﬁciari
474 3810 663 3869 nolim
694 3809 999 3866 Urbanum
1030 3806 1090 3862 in
1120 3806 1446 3863 Calabriam
1479 3808 1716 3874 adiisse,
1743 3808 1849 3864 hoc

183 3908 381 3961 tamen
417 3903 533 3958 iter
561 3901 640 3957 ab
665 3915 733 3955 eo
764 3901 899 3971 post
930 3896 1245 3967 Trojanam
1295 3897 1585 3968 synodum
1617 3914 1851 3970 suscep-

182 3998 310 4050 tum
332 3992 524 4050 fuisse
544 3987 829 4046 sustineri
854 3985 1075 4058 nequit.
1109 3984 1336 4041 Etenim
1365 4002 1518 4041 anno
1542 3985 1562 4040 -Ι
1574 3985 1701 4052 093,
1733 4003 1849 4059 quo

180 4081 547 4139 celebratum
572 4076 1019 4146 fuitTrojanum
1033 4071 1432 4141 concilium,et
1455 4074 1693 4146 quidem
1718 4076 1847 4131 uni-

180 4188 318 4228 cum
351 4170 468 4227 sub
500 4166 758 4232 Urbano,
776 4164 863 4221 uti
894 4163 1268 4236 probavimus
1302 4164 1430 4235 jam
1479 4164 1702 4220 dudum
1741 4165 1846 4221 Ar-

180 4260 386 4316 nulfus
416 4276 450 4316 e
480 4256 629 4314 vivis
658 4253 1113 4321 excesserat,sed
1147 4251 1425 4326 Ughellus
1458 4253 1847 4311 recentiorum

181 4350 333 4406 duas
354 4345 913 4421 synodosTrojanas
934 4337 1368 4397 admittentium
1391 4341 1663 4414 opinione
1688 4342 1843 4400 haud

182 4438 364 4509 dubie
394 4437 843 4508 praeoccupatus
873 4428 933 4486 in
962 4429 1118 4485 hunc
1149 4447 1403 4487 errorem
1433 4430 1696 4503 impegit,
1730 4431 1846 4489 sic-

183 4543 298 4599 que
326 4525 489 4599 quod
540 4524 651 4580 hoc
704 4537 861 4577 anno
892 4520 1033 4577 4089
1062 4519 1279 4575 factum
1311 4519 1520 4586 fuerat,
1555 4520 1626 4575 ad
1664 4519 1841 4577 alium

184 4613 514 4672 transtulit.

373 4702 515 4759 LIX.
548 4702 879 4773 Episc0pum
906 4698 1104 4755 Melitae
1132 4696 1351 4753 ordinat
1384 4697 1653 4753 Urbanus.

231 4793 337 4849 λά
360 4790 511 4848 illud
541 4790 698 4848 idem
723 4789 855 4854 iter,
890 4786 936 4842 si
970 4785 1321 4858 conjecturis
1349 4786 1433 4840 uti
1466 4784 1656 4856 liceat,
1689 4804 1848 4844 revo-

185 4879 304 4937 cari
360 4879 537 4937 debet
586 4876 894 4943 Gualterii,
950 4875 1125 4949 primi
1179 4879 1313 4947 post
1360 4880 1761 4947 recuperatam
1812 4894 1847 4932 a

186 4968 429 5044 Rogerio
478 4968 694 5026 comite
751 4969 811 5021 et
866 4963 1170 5021 Saracenis
1219 4961 1477 5019 insulam
1525 4962 1846 5022 Melitensis

185 5059 465 5133 episcopi,
517 5055 836 5123 ordinatio,
879 5070 1054 5127 quam
1116 5053 1225 5108 hoc
1284 5068 1439 5107 anno
1491 5052 1564 5108 ab
1612 5052 1843 5111 Urbano

185 5150 438 5206 secundo
464 5146 826 5205 celebratam
859 5142 1038 5199 fuisse
1066 5145 1319 5197 testatur
1338 5139 1571 5197 Rochus
1589 5141 1844 5214 Pyrrhus

182 5240 335 5295 tome
364 5238 440 5296 III
466 5234 681 5294 Sicilia
714 5248 912 5289 sacrm.
938 5235 1099 5287 Certe
1130 5229 1484 5295 Gualterius,
1523 5230 1632 5285 sub
1665 5230 1841 5288 finem

181 5326 352 5402 huius
376 5326 541 5395 anni,
592 5339 740 5380 nam
789 5320 1026 5377 indictio
1073 5335 1169 5375 xm
1214 5318 1342 5389 jam
1374 5321 1513 5373 tunc
1549 5320 1839 5387 currebat,

177 5416 525 5491 subscripsit
554 5411 802 5470 cuidam
836 5409 1226 5467 instrumento
1246 5404 1611 5479 Sicelghaitaa
1641 5410 1841 5465 uxoris

175 5506 401 5565 Roberti
433 5504 634 5571 ducis,
666 5498 829 5573 quod
870 5499 942 5555 ab
981 5498 1186 5554 eodem
1236 5497 1470 5551 auctore
1514 5498 1671 5552 tomo
1702 5496 1751 5554 ΙΙ
1782 5499 1839 5552 in

171 5595 366 5655 notitia
398 5589 686 5651 Ecclesia:
724 5585 1147 5642 Panormitanae
1194 5583 1443 5638 refertur
1475 5584 1677 5657 :quod'
1710 5586 1838 5657 qui-

168 5672 290 5745 dem
308 5681 801 5745 instrumentum
813 5675 1028 5733 diti‘erri
1050 5671 1303 5731 ulterius
1320 5688 1433 5727 non
1456 5673 1665 5743 potest,
1700 5690 1837 5731 nam

1946 606 2150 664 lendas
2182 606 2337 676 Maii,
2370 610 2435 662 ut
2454 624 2520 663 ex
2549 606 2892 681 Necrologio
2935 608 3273 666 Casinensis
3313 615 3601 669 monaste-

1947 696 2017 752 rii
2048 696 2354 753 discimus.

2234 786 2344 841 LX.
2378 786 2432 841 S.
2476 788 2659 841 Bruno
2691 788 2971 844 Urbanum
3007 790 3313 845 comitatur.

2019 874 2233 930 Eadem
2266 874 2441 931 etiam
2491 875 2791 931 occasione
2823 877 3150 932 Brunonem
3186 878 3603 936 Carthusiano-

1949 979 2080 1018 rum
2114 967 2408 1035 parentem
2446 980 2577 1020 cum
2603 964 2836 1021 Urbano
2866 965 3191 1022 Calabriam
3215 966 3606 1038 perlustrasse

1950 1051 2264 1125 plusquam
2307 1052 2605 1125 probabile
2635 1058 2742 1110 est.
2780 1055 2834 1111 Is
2866 1071 3075 1126 nempe
3106 1072 3140 1110 a
3170 1055 3463 1127 pontifice,
3498 1074 3605 1113 suo

1951 1140 2112 1205 olim,
2150 1146 2213 1194 ut
2241 1141 2518 1209 diximus,
2552 1159 2686 1197 cum
2717 1141 2946 1200 litteras
2976 1145 3065 1199 vir
3096 1150 3336 1200 sanctus
3376 1145 3435 1201 in
3459 1146 3609 1203 Rhe-

1953 1230 2174 1285 mensis
2205 1230 2472 1286 Ecclesiae
2496 1232 2798 1288 academia
2814 1233 3064 1301 doceret,
3088 1233 3381 1307 discipulo
3403 1251 3606 1291 evoca-

1954 1323 2075 1390 tus,
2108 1318 2217 1374 hoc
2247 1336 2399 1375 anno
2432 1320 2503 1375 ad
2534 1319 2700 1376 illum
2736 1322 3001 1389 accessit,
3048 1340 3153 1378 nec
3184 1324 3433 1380 dubium
3463 1324 3607 1397 quin

1954 1408 2129 1463 etiam
2158 1424 2294 1464 eum
2328 1413 2568 1465 secutus
2592 1410 2769 1466 fuerit
2797 1411 2854 1465 in
2880 1411 3153 1483 Apuliam
3179 1416 3235 1467 et
3256 1412 3605 1482 Calabriam,

1955 1512 2090 1552 cum
2122 1513 2188 1553 eo
2214 1497 2411 1553 animo
2446 1499 2776 1555 Brunonem
2812 1501 3218 1557 accersivisset
3250 1502 3610 1569 Urbanus,ut

1956 1586 2084 1657 ejus
2134 1585 2395 1642 consiliis
2425 1586 2484 1643 in
2533 1588 2707 1644 rebus
2739 1588 3125 1655 difficillimis,
3156 1606 3283 1661 quas
3329 1593 3470 1646 tunc
3503 1591 3611 1648 fre-

1956 1678 2203 1746 quenter
2233 1677 2631 1748 emergebant,
2664 1666 2944 1734 uteretur.
2970 1677 3146 1734 Aliud
3171 1678 3421 1735 habetur
3450 1681 3610 1749 ejus-

1959 1764 2091 1819 dem
2117 1763 2196 1819 rei
2225 1767 2826 1839 argumentum,quod
2851 1784 3059 1839 nempe
3080 1768 3369 1825 Brunonis
3400 1770 3613 1826 sancti-

1957 1856 2051 1908 tas
2080 1869 2148 1908 ex
2172 1869 2238 1908 eo
2270 1859 2530 1927 tempore
2559 1855 2703 1911 adeo
2735 1860 2874 1911 nota
2904 1857 3080 1912 fuerit
3109 1858 3264 1930 apud
3308 1858 3608 1928 Calabros,

1957 1945 2022 1996 ut
2052 1941 2224 2013 paulo
2256 1948 2386 2014 post
2412 1944 2585 1999 datus
2630 1944 2679 1999 ei
2729 1944 2905 2001 fuerit
2948 1944 3113 2002 locus
3160 1946 3220 2002 in
3272 1963 3340 2003 ea
3376 1947 3611 2021 regione

1957 2030 2029 2086 ad
2063 2029 2535 2097 inhabitandum,
2573 2049 2752 2105 quem
2780 2034 2972 2106 reipsa
2995 2052 3148 2091 anno
3177 2037 3445 2109 sequenti
3476 2054 3610 2093 cum

1958 2119 2257 2175 nonnullis
2288 2137 2318 2176 e
2362 2122 2488 2177 suis
2518 2121 2829 2178 incolebat.
2880 2124 2943 2180 Id
2991 2128 3221 2181 constat
3267 2143 3337 2182 ex
3381 2127 3611 2201 Rogerii

1959 2209 2190 2265 comitis
2220 2210 2541 2282 diplomate
2580 2214 2736 2284 quod
2786 2214 2849 2269 G.
2898 2214 3187 2272 Surianus
3236 2215 3295 2271 in
3342 2217 3496 2274 notis
3538 2218 3610 2275 ad

1958 2297 2149 2353 Vitam
2182 2299 2241 2354 S.
2271 2300 2582 2368 Brunonis,
2616 2307 2671 2356 et
2696 2301 2975 2374 Ughellus
2996 2308 3153 2359 tomo
3181 2304 3251 2360 IX
3276 2305 3455 2362 simul
3476 2324 3611 2363 cum

1952 2386 2243 2447 Theodori
2278 2387 2696 2460 Squillacensis
2724 2389 2981 2465 episcopi
3014 2393 3455 2451 confirmatione
3497 2396 3612 2452 edi-

1960 2476 2192 2532 derunt.
2369 2469 2375 2475 ’

2141 2565 2275 2620 IA'I.
2309 2567 2537 2623 Donatio
2573 2569 2729 2639 facta
2760 2569 3048 2625 Casinensi
3083 2573 3432 2629 monasterio.

2034 2654 2112 2708 Ex
2141 2670 2228 2724 eo,
2270 2654 2352 2709 uti
2386 2655 2633 2722 videtur,
2668 2657 2871 2713 itinere
2894 2658 3192 2715 Urbanum
3215 2677 3319 2733 per
3340 2662 3613 2736 Hirpinos

1964 2743 2210 2798 Romam
2232 2744 2572 2801 redeuntem
2588 2745 2784 2802 invisit
2805 2748 3613 2810 BalduinusdominusCastri

1958 2832 2166 2888 Pontis
2196 2833 2255 2889 S.
2290 2834 2582 2891 Anastasii
2614 2835 2670 2891 in
2704 2837 2983 2893 comitatu
3011 2838 3297 2908 Telesino,
3324 2842 3423 2913 qui
3455 2844 3611 2915 ejus-

1964 2921 2096 2977 dem
2118 2922 2409 2994 pontificis
2434 2940 2680 2981 assensu
2694 2929 2751 2981 et
2765 2927 3415 2994 monitu,consentiente
3434 2932 3611 2989 etiam

1967 3009 2223 3066 Roffrido
2245 3011 2678 3085 archiepiscopo
2703 3014 3290 3083 Beneventano,dedit
3309 3018 3612 3078 Casinensi

1966 3100 2323 3157 monasterio
2395 3101 2700 3159 ecclesiam
2764 3104 2823 3160 S.
2892 3104 3152 3178 Dionysii
3218 3124 3397 3181 prope
3466 3109 3613 3168 illud

1966 3192 2225 3244 castrum
2250 3189 2444 3258 sitam,
2470 3208 2583 3247 non
2617 3197 2810 3248 tamen
2829 3197 2963 3249 ante
2984 3212 3161 3266 quam
3182 3212 3311 3253 eam
3339 3215 3373 3251 a
3403 3198 3610 3255 funda-

1882 3263 1925 3331 C
1965 3278 2179 3333 mentis
2209 3283 2535 3351 reparatam
2568 3279 2770 3336 multis
2816 3263 3091 3338 donis—et
3140 3286 3611 3356 possessionibus

1963 3364 2396 3438 locupletasset.
2446 3356 2605 3423 Ilanc
2663 3369 3037 3425 donationem
3110 3373 3329 3429 Marius
3401 3375 3612 3447 Vipera

1959 3452 2021 3509 in
2053 3453 2427 3527 chronologia
2455 3455 3024 3528 archiepiscoporum
3069 3459 3608 3519 Beneventanorum

1962 3542 2137 3599 refert
2165 3543 2235 3598 ad
2271 3548 2614 3615 praesentem
2668 3561 2890 3601 annum
2938 3563 3007 3602 ex
3052 3546 3205 3603 Petri
3252 3549 3481 3607 diaconi
3514 3570 3609 3609 re-

1960 3631 2142 3703 gistro
2173 3636 2228 3688 et
2258 3632 2358 3687 lib.
2392 3650 2447 3687 ιν
2477 3633 2735 3689 chronici
2784 3635 3065 3692 Casin.At
3103 3639 3258 3709 quod
3305 3638 3612 3715 subjungit

1961 3738 2031 3777 ex
2061 3720 2325 3777 Falconis
2358 3721 2631 3779 chronico
2663 3723 2734 3779 de
2766 3722 3053 3796 legatione
3084 3725 3187 3782 110
3229 3728 3411 3791 ferme
3442 3731 3609 3788 nobi-

1959 3808 2105 3865 lium
2137 3814 2675 3867 Beneventanorum
2723 3812 2793 3866 ad
2845 3812 3143 3870 Urbanum
3189 3834 3402 3889 papam
3436 3819 3605 3887 facta,

1958 3903 2216 3954 erratum
2243 3902 2349 3955 est.
2379 3901 2504 3955 Haec
2526 3918 2736 3974 nempe
2757 3902 2827 3957 ad
2854 3902 3191 3960 Paschalcm
3222 3905 3266 3961 II
3289 3910 3610 3966 revocanda

1959 3991 2080 4055 est;
2115 3988 2270 4060 quod
2326 3988 2531 4060 Vipera
2560 3989 2727 4045 facile
2776 3991 3072 4048 advertere
3119 3995 3427 4065 potuisset,
3472 4015 3606 4055 cum

1956 4075 2082 4148 ipse
2111 4093 2238 4132 eam
2270 4094 2423 4133 anno
2456 4078 2615 4145 1102,
2649 4078 2871 4135 scilicet
2918 4081 3167 4138 triennio
3211 4088 3343 4155 post
3388 4085 3607 4145 Urbani

1956 4164 2202 4232 obitum,
2239 4166 2683 4239 consignaverit.

2028 4273 2200 4329 LXII.
2235 4276 2317 4328 An
2363 4275 2610 4331 Urbanus
2652 4278 2855 4405 F’ar/zct
2878 4279 3093 4335 abbatis
3136 4279 3391 4336 electioni
3436 4283 3608 4339 inter-

2716 4364 2831 4404 uerz
2863 4390 2875 4403 .

2784 4366 2875 4403 νη.

2716 4364 2831 4404 ueri
2863 4390 2875 4403 .

2025 4431 2326 4491 Celebrate
2368 4434 2541 4491 etiam
2576 4355 2708 4493 hoc,
2724 4355 2876 4494 annto
2924 4438 3035 4494 fuit
3064 4436 3341 4512 Raynaldi
3376 4440 3437 4497 in
3468 4444 3608 4499 Far-

1952 4522 2175 4579 fensem
2199 4524 2353 4595 apud
2382 4524 2632 4582 Sabinos
2660 4526 2928 4583 abbatem
2948 4527 3271 4595 electio,cui
3304 4529 3604 4588 Urbanum

1875 4630 1922 4695 D
1954 4610 2293 4667 interfuisse
2322 4618 2615 4670 asseverat
2627 4621 2830 4670 auctor
2847 4615 3107 4672 chronici
3131 4616 3321 4671 brevis
3338 4619 3604 4688 ejusdem

1953 4700 2313 4767 monasterii,
2348 4702 2502 4773 quod
2537 4703 2851 4759 chronicon
2885 4722 3063 4760 manu
3095 4709 3395 4759 exaratum
3428 4722 3607 4779 penes

1954 4804 2062 4847 nos
2092 4792 2219 4855 est;
2252 4796 2613 4862 quamquam
2645 4791 2931 4863 susPicari
2975 4792 3109 4847 licet
3140 4791 3356 4847 Urbani
3391 4810 3606 4851 nomen

1953 4892 2057 4948 pro
2082 4877 2343 4946 Wiberto
2374 4878 2432 4932 in
2466 4879 2781 4934 chronicon
2812 4879 2958 4935 illud
3004 4896 3198 4936 errore
3226 4885 3606 4941 amanuensis

1951 4963 2278 5038 irrepsisse.
2340 4966 2533 5022 Refert
2582 4968 2740 5024 enim
2800 4967 3113 5042 Gregorius
3170 4969 3436 5041 ejusdem
3493 4971 3605 5031 loci

1953 5054 2277 5111 monachus
2302 5059 2361 5111 et
2389 5055 2657 5113 oculatus
2688 5056 2854 5113 testis
2879 5058 3227 5125 Wibertum,
3257 5074 3433 5130 quem
3480 5061 3606 5120 Cle-

1952 5147 2209 5199 mentem
2241 5144 2514 5217 appellat,
2548 5147 2874 5216 omnem,in
2906 5147 3016 5203 hoc
3042 5148 3414 5216 monasterio,
3447 5152 3603 5222 quod

1950 5237 2073 5288 erat
2095 5233 2331 5305 speciali
2351 5234 2487 5306 jure
2517 5236 2854 5309 imperatori
2885 5238 3235 5310 subjectum,
3255 5241 3600 5309 potestatem

1950 5320 2377 5379 habuisse.lmo
2410 5324 2563 5379 idem
2595 5329 2798 5381 auctor
2836 5342 3083 5381 narrans
3114 5324 3395 5397 Raynaldi
3429 5327 3602 5398 paulo

1949 5414 2084 5482 post
2112 5410 2362 5466 Berardo
2402 5411 2596 5469 locum
2630 5414 2815 5469 facere
2846 5414 3028 5469 coacti
3062 5412 3425 5482 electionem,
3455 5414 3601 5470 nihil

1949 5498 2020 5554 de
2051 5498 2282 5556 Urbano
2312 5504 2413 5555 aut
2433 5501 2710 5557 Guiberto
2728 5501 2999 5557 habet.Et
3030 5500 3268 5573 quidem
3286 5501 3602 5557 Diaconius

1948 5591 2005 5643 et
2033 5586 2131 5642 alii
2160 5588 2310 5643 inter
2339 5588 2598 5645 Guibcrti
2631 5588 2959 5645 cardinales
2993 5594 3296 5645 recensent
3343 5588 3600 5644 Theodo-

1949 5674 2137 5731 ricum
2152 5672 2419 5733 abbatem
2434 5680 2491 5733 et
2504 5675 2890 5748 Maginulfum
2906 5675 3259 5732 monachum
3273 5675 3594 5739 Farfenses,
