3958 6224
354 280 433 344 67
1649 274 1723 336 Β.
1767 272 1964 342 UBBJI

2210 272 2461 336 PARE.
3686 276 3767 357 6.8

446 410 628 469 LXIX.
664 409 872 467 Urbani
901 407 1173 465 decretum
1192 408 1256 465 de
1284 407 1537 464 libertate
1564 410 1905 480 nuptiarum.

425 501 581 557 Idem
630 517 748 567 rex,
801 498 911 553 hac
961 501 1063 554 aut
1110 496 1292 554 altera
1336 498 1660 563 occasione,
1705 496 2001 553 Urbanum

353 588 610 647 consulit
636 588 708 644 de
733 603 841 642 sua
871 586 1059 659 ipsius
1091 591 1282 659 nepte,
1318 602 1392 643 an
1426 586 1606 643 invita
1651 587 1772 643 viro
1824 603 2003 658 copu-

2029 408 2081 475 Α
2114 407 2210 463 nia
2240 408 2298 462 in
2331 406 2427 463 his
2466 407 2617 463 notis
2664 407 2881 481 optime
2931 407 3041 465 sibi
3092 407 3407 479 cohaerent,
3443 426 3549 467 nec
3595 411 3766 466 locus

2118 496 2274 553 ullus
2323 514 2450 553 esse
2499 496 2729 552 videtur
2758 497 2830 553 de
2876 498 3006 569 ejus
3050 497 3383 555 sinceritate
3431 498 3766 556 dubitandi.

2114 586 2281 642 Forte
2311 585 2413 643 illa
2441 591 2632 642 errata
2662 604 2730 642 ex
2761 587 3217 644 amanuensium
3258 587 3486 646 incuria
3514 581 3767 661 irrepse-

348 679 526 736 Ianda
555 681 728 744 esset,
758 676 850 731 cui
882 692 1010 732 eam
1042 681 1287 748 cogente
1326 676 1674 732 necessitate
1724 692 2000 747 sponsam
2111 679 2269 733 runt.

348 766 717 841 promiserat.
744 764 1068 837 Respondit
1099 764 1356 837 pontifex
1387 766 1445 820 id
1477 781 1848 837 nequaquam
1878 764 1999 820 ﬁeri

2182 763 2722 820 Notandumtamen
2750 764 2994 821 Romam
3021 782 3287 823 reversus
3318 766 3501 824 fuisse
3530 766 3770 823 videtur

345 857 579 923 debere,
622 855 793 927 cujus
841 870 909 909 ea
968 854 1038 910 de
1084 870 1144 909 re
1193 854 1540 926 rescriptum
1603 854 1676 909 ab
1730 852 1900 909 Ivone
1941 857 2000 909 et
2108 852 2296 909 di625
2325 852 2518 909 Martii
2550 853 2729 926 hujus
2759 854 3061 921 anni,cum
3094 854 3201 911 hac
3230 856 3360 928 ipsa
3399 855 3493 929 pie
3524 856 3769 929 episcopi

346 945 620 1027 Gratiano
651 945 710 999 in
743 942 867 1000 suis
894 943 1143 999 decretis
1172 943 1536 1015 adoptatum,
1570 945 1627 997 et
1675 942 1748 997 ab
1801 940 1995 998 Hilde-

343 1034 509 1090 berto
556 1032 658 1089 lib.
692 1050 754 1099 ιι,
787 1030 955 1105 epist.
996 1033 1089 1098 26,
1121 1031 1266 1087 alias
1316 1032 1405 1099 42,
1439 1030 1707 1086 relatum.
1742 1030 1863 1085 Huc
1913 1048 1997 1086 re-

2106 942 2279 1007 urbis,
2308 942 2367 997 id
2397 946 2485 997 est
2514 942 2842 999 cardinales
2871 942 3132 1001 Ubaldus
3163 942 3480 1001 Savincnsis
3509 949 3560 1001 et
3589 947 3762 1002 Joan-

2104 1046 2201 1085 nes
2233 1032 2675 1099 Tusculanensis,
2706 1031 3011 1087 ecclesiam
3042 1034 3266 1089 Sancta:
3316 1033 3510 1090 Marias
3550 1034 3623 1089 ad
3667 1036 3766 1091 Pi-

344 1140 552 1179 vocare
581 1122 772 1180 visum
805 1125 913 1189 est,
946 1121 1101 1193 quod
1151 1119 1377 1176 nullam
1429 1136 1680 1192 usquam
1731 1120 1996 1193 praeferat
2102 1134 2263 1174 ncam
2297 1118 2598 1175 dedicasse
2647 1123 2883 1191 tempore
2927 1120 3139 1177 domini
3171 1121 3377 1179 Urbani
3401 1124 3456 1179 II
3474 1139 3635 1195 papae
3666 1121 3761 1178 di-

342 1212 623 1285 temporis
655 1215 875 1267 notam.
902 1208 1169 1275 Saucius,
1194 1209 1293 1281 qui
1325 1209 1398 1264 ab
1429 1225 1582 1265 anno
1616 1210 1754 1265 1067
1775 1210 1989 1281 Arago-

344 1301 521 1357 nibus
553 1300 899 1372 imperabat,
924 1302 1134 1370 quarta
1163 1298 1257 1354 die
1283 1297 1442 1354 Junii
1477 1314 1629 1353 anno
1662 1297 1799 1352 1094
1826 1314 1993 1353 occu-

338 1390 487 1456 buit,
521 1404 655 1446 cum
687 1388 894 1444 Oscam
927 1388 1133 1443 urbem
1162 1386 1557 1456 obsideret;ad
1591 1403 1726 1443 eum
1757 1403 1992 1459 respon-

2102 1211 2311 1263 cantur
2342 1208 2400 1263 in
2432 1208 2608 1264 veteri
2642 1208 3017 1282 inscriptione
3064 1227 3243 1281 quam
3291 1210 3661 1268 Martinellus
3691 1211 3759 1267 in

2102 1295 2288 1352 Roma
2316 1313 2502 1364 sacra,
2526 1301 2581 1353 et
2611 1297 2987 1355 Mabillonius
3017 1300 3290 1356 referunt.
3324 1301 3397 1357 At
3413 1299 3590 1372 paulo
3622 1304 3764 1374 post

2097 1385 2269 1441 varia:
2310 1386 2504 1441 Romae
2553 1386 2884 1444 consistens
2935 1387 3257 1460 diplomata
3304 1388 3553 1447 diversis
3607 1388 3761 1447 locis

338 1478 563 1534 sionem
595 1477 769 1533 habet
800 1477 955 1549 apud
988 1476 1221 1532 Ivonem
1252 1476 1383 1531 Dec.
1419 1491 1549 1548 pag.
1583 1477 1637 1537 8,
1667 1492 1793 1547 cap.
1818 1477 1907 1541 24,
1933 1478 1989 1531 et
2098 1476 2406 1543 concessit.

337 1567 491 1640 apud
524 1566 870 1623 Gratianum
920 1566 1008 1633 31,
1042 1582 1098 1636 q.
1134 1567 1185 1630 2,
1222 1581 1269 1619 c.
1304 1565 1360 1631 3,
1410 1563 1468 1619 in
1523 1563 1777 1620 Bullario
1828 1563 1985 1620 Casi-

336 1655 503 1713 nensi
537 1656 596 1712 F.
628 1658 682 1723 2,
708 1671 765 1727 p.
794 1656 915 1709 118.

470 1762 625 1818 LXX.
658 1761 902 1833 Epistula
927 1776 1025 1832 pro
1056 1762 1382 1816 monasterio
1413 1760 1845 1816 Padolironensi.

2170 1562 2246 1617 Ex
2277 1562 2369 1618 his
2399 1567 2487 1619 est
2517 1563 2887 1637 privilegium
2920 1581 3025 1637 pro
3059 1566 3414 1622 monasterio
3440 1558 3760 1622 canonico-

2097 1668 2227 1706 rum
2263 1652 2620 1724 regularium
2653 1653 2852 1708 Sancti
2896 1654 3171 1709 Antonini
3219 1655 3376 1727 apud
3428 1654 3759 1723 Ruthenos,

2025 1778 2073 1844 Β
2096 1740 2250 1844 quod
2280 1740 2484 1840 datum
2517 1747 2605 1796 est
2636 1742 2832 1844 Itoma:
2850 1740 2942 1796 die
2972 1749 3161 1844 vante
3188 1742 3477 1844 Kalendas

407 1851 666 1907 Habetur
698 1828 818 1905 alia
867 1828 1131 1920 ejusdem
1184 1848 1477 1921 pontificis
1507 1847 1774 1921 epistola,
1807 1864 1985 1920 quam
2025 1828 2267 1921 "Aliud
2296 1829 2513 1921 ibidem
2539 1830 2683 1901 iPSiS
2715 1829 3491 1921 ΚξιῙβηάίεΑΡΓίῙίείηάυιείι
3513 1831 3758 1889 ῧυίῙῙθῙ·

336 1939 448 1996 sub
478 1939 658 2009 hujus
689 1938 825 1993 anni
848 1938 1047 2003 ﬁnem,
1075 1942 1176 1994 aut
1206 1936 1411 1994 saltem
1445 1941 1579 1993 ante
1604 1938 1982 1993 Mantuanam

335 2028 724 2095 obsidionem,
760 2026 926 2082 initio
956 2027 1257 2099 sequentis
1301 2026 1442 2082 anni
1494 2026 1827 2099 inccnptam,
1862 2026 1983 2081 Ma-

2095 1934 2190 1973 mo
2219 1918 2414 1973 abbati
2442 1918 2778 1975 monasterii
2813 1920 3010 1976 Sancti
3040 1921 3348 1977 Theofredi
3379 1922 3534 1994 apud
3555 1920 3756 1979 Vella-

2092 2024 2215 2074 vos,
2239 2007 2504 2064 dimcesis
2524 2008 2871 2077 Aniciensis,
2898 2009 2955 2064 in
2982 2027 3099 2082 quo
3118 2014 3498 2067 recensentur
3515 2014 3572 2067 et
3600 2027 3753 2067 con-

332 2116 506 2172 thildi
533 2116 844 2173 comitissaa
877 2096 1113 2188 scripsit
1141 2114 1200 2170 in
1230 2115 1482 2187 gratiam
1514 2096 1984 2171 Padolironensis
2094 2096 2695 2188 fifjmsntyrﬁejljsdem
2737 2098 3095 2188 mpnasterii,
3122 2098 3749 2188 P03§633i9093-Q“9d

335 2205 672 2261 monasterii
717 2183 1013 2260 adversus
1050 2183 1432 2259 Mantdanum
1485 2203 1846 2275 episcopum.
1882 2203 1984 2258 Ilic
2093 2183 2250 2275 aliud
2282 2184 2463 2275 edifm
2492 2184 2764 2275 Βαινυῖίυε
2795 2186 2855 2242 in
2888 2186 3013 2243 θυῖε
3045 2186 3288 2243 ΜίδοθῙῙ·
3318 2191 3359 2243 δ·
3394 2187 3652 2273 11,9117
3684 2186 3748 2243 in

332 2293 639 2350 ecclesiam
690 2294 886 2349 Sancti
940 2292 1191 2349 Floriani
1244 2294 1315 2347 ad
1365 2273 1981 2347 illud—monasterium
2092 2274 2344 2346 εταιίαω
2377 2273 2637 2346 Ηυεοηίε
2667 2275 3751 2348 episcopiGratianoponmniihacipsa

332 2382 720 2456 pertinentem
773 2382 989 2453 injuste
1022 2381 1329 2449 retinebat,
1365 2381 1624 2453 adeoque
1653 2380 1778 2436 vult
1808 2380 1984 2436 Urba-

333 2487 467 2540 nus,
501 2475 566 2526 ut
595 2469 891 2527 Mathildis
922 2471 1262 2543 episcopum
1308 2469 1379 2526 ad
1421 2469 1849 2526 restitutionem
1880 2469 1982 2525 ad-

332 2564 656 2707 mat.LXXI.
696 2650 908 2704 Thiemo
944 2648 1376 2773 Salislauzgensis
1406 2648 1841 2720 ανεὴὶθρίδεθραδ
1884 2610 1899 2621 ‘

1001 2735 1065 2773 or
1103 2736 1159 2773 in
1223 2735 1311 2773 ur.

1001 2735 1311 2774 oramamr.

401 2809 550 2866 Anni
585 2810 725 2864 1090
754 2807 918 2880 initio
950 2824 1083 2863 cum
1114 2804 1511 2873 Catholici,uti
1544 2810 1742 2861 narrat
1770 2806 1984 2862 Bertol-

2092 2362 2294 2418 eadem
2324 2362 2415 2418 die
2444 2362 2624 2434 hujus
2654 2364 2817 2432 anni,
2840 2368 2903 2419 ut
2932 2364 3169 2437 quidem
3201 2364 3373 2422 nobis
3400 2364 3750 2436 videtur,in-

2093 2449 2482 2519 dultum,licet
2495 2451 2649 2523 apud
2672 2451 2976 2508 Baluzium
3000 2457 3064 2509 ut
3084 2452 3142 2509 in
3165 2452 3500 2527 apographo
3518 2458 3747 2525 nostro,

2092 2537 2248 2608 quod
2280 2553 2349 2592 ex
2374 2536 2927 2611 Gratianopolitanze
2960 2538 3224 2596 Ecclesia:
3254 2539 3549 2597 chartario
3569 2540 3751 2597 habe-

2092 2642 2247 2692 mus,
2281 2641 2503 2681 annum
2535 2630 2876 2698 sequentem
2909 2628 3199 2700 praeferat,
3230 2628 3332 2685 sed
3363 2629 3751 2687 amanuensis

2090 2729 2346 2769 errorem
2395 2730 2525 2770 esse
2571 2715 2888 2771 verisimile
2936 2722 3049 2784 est,
3082 2734 3197 2773 non
3231 2716 3424 2774 solum
3452 2719 3607 2790 quod
3640 2717 3747 2775 alii

2090 2801 2485 2875 chronologici
2499 2803 2861 2861 characteres
2886 2804 2964 2860 ibi
2990 2806 3238 2879 appositi
3263 2822 3483 2863 annum
3496 2823 3750 2880 prasen-

330 2901 465 2966 dus,
524 2899 583 2953 in
637 2895 917 2967 'Bajoaria
973 2894 1411 2961 invalesCerent,
1471 2894 1754 2951 Thiemon
1812 2900 1983 2951 antea
2090 2896 2207 2947 tem
2240 2890 2775 2965 designent,verum
2806 2895 2983 2950 etiam
3016 2896 3170 2967 quod
3202 2897 3469 2967 scriptum
3493 2911 3746 2967 perma-

329 2987 527 3045 Sancti
577 2986 728 3042 Petri
779 2986 1072 3054 abbatem,
1118 2984 1175 3038 in
1235 2982 1743 3056 Salisburgensem
1790 2984 1979 3040 archi-

2086 2996 2223 3036 num
2248 2982 2498 3050 Gregorii
2526 2984 2791 3038 scrinarii
2827 2990 2993 3054 atque
3024 2985 3235 3039 notarii
3255 2986 3402 3040 sacri
3422 2985 3644 3056 palatii,
3679 2989 3748 3041 ut

328 3076 669 3150 episcopum
722 3074 1045 3147 elegerunt,
1091 3089 1266 3145 quem
1316 3072 1514 3128 statim
1565 3071 1812 3129 solemni
1864 3072 1978 3128 ritu
2019 3146 2047 3150 ᾗ
2089 3069 2424 3141 praecedens
2455 3068 2565 3125 hac
2597 3069 2726 3142 ipsa
2755 3070 2960 3127 eadem
2990 3072 3084 3128 die
3115 3072 3512 3141 datum,sicut
3539 3078 3597 3129 et
3625 3072 3747 3131 alia

326 3146 681 3221 Altmannus
712 3146 1023 3236 episcopus
1056 3161 1414 3219 Pataviensis
1456 3162 1613 3217 sedis
1644 3161 1974 3234 apostolicae
2007 3146 2049 3213 C
2089 3156 2373 3213 nonnulla
2402 3158 2669 3229 ejusdem
2700 3159 3002 3231 temporis,
3037 3160 3284 3229 dicatur,
3314 3162 3471 3234 quod
3500 3179 3615 3218 non
3635 3160 3741 3217 ha-

326 3250 995 3326 legatus,assistentibus
1009 3249 1119 3306 sibi
1136 3249 1495 3305 Adalberone
1508 3250 1974 3322 Wirtzburgensi

326 3347 385 3400 et
440 3335 841 3416 Megiriwardo
911 3339 1270 3413 Frisingensi
1328 3339 1628 3395 catholicis
1686 3340 1973 3412 episcopis

327 3434 705 3488 consecrant.
739 3429 839 3486 Ille
869 3446 1002 3485 vero
1034 3428 1359 3485 Gcbehardi
1392 3428 1748 3484 sanctissimi
1776 3430 1971 3484 deces-

326 3522 477 3579 soris
505 3521 597 3579 sui
624 3521 867 3593 vestigiis
886 3519 1249 3587 insistens,uti
1282 3518 1342 3574 in
1365 3517 1629 3591 ejusdem
1646 3518 1974 3573 Gebehardi

323 3610 457 3667 Vita
486 3610 720 3684 legitur,
746 3612 807 3666 in
835 3610 1153 3681 defensione
1191 3609 1438 3663 veritatis
1464 3606 1747 3663 catholica:
1767 3614 1818 3661 et
1841 3620 1971 3677 pro-

320 3702 616 3772 pagatione
645 3700 927 3769 religionis
958 3696 1166 3753 divinae
1196 3693 1448 3750 multum
1479 3692 1794 3750 insudavit.
1816 3693 1973 3749 Hanc

325 3787 755 3844 ordinationem
782 3803 859 3843 vn
894 3786 1028 3841 ldus
1050 3781 1265 3855 Aprilis
1298 3781 1650 3837 celebratam
1673 3781 1855 3837 fuisse
1876 3782 1973 3837 ob-

325 3880 517 3934 servat
546 3879 751 3931 auctor
781 3872 1047 3928 Chronici
1080 3870 1549 3943 Salisburgensis
1596 3871 1750 3942 apud
1802 3870 1970 3926 Cani-

325 3966 483 4020 sium
513 3968 672 4020 torno
702 3962 797 4030 V'I,
833 3961 933 4033 qui
965 3960 1132 4017 addit
1152 3958 1534 4015 Thiemonem
1567 3960 1639 4014 ab
1672 3958 1902 4014 Urbano
1924 3959 1970 4015 ΙΙ

323 4052 500 4126 pallio
530 4052 813 4108 donatum
846 4050 1047 4106 fuisse.

774 4139 981 4195 LXXII.
1014 4137 1320 4209 Privilcgia
1349 4137 1527 4192 varia.

396 4229 611 4286 Eodem
660 4232 942 4300 tempore,
974 4227 1022 4283 si
1072 4225 1275 4282 nullus
1304 4242 1458 4281 anno
1505 4230 1563 4281 et
1592 4241 1792 4281 mense
1822 4223 1973 4281 desi-

323 4318 578 4392 gnandis
620 4333 784 4374 error
825 4314 1145 4388 irrepserit,
1197 4313 1468 4370 Urbanus
1524 4313 1968 4387 praeposituram

323 4402 943 4480 Reitempurchensem
991 4403 1051 4460 in
1104 4400 1495 4476 Frisingensis
1526 4403 1774 4459 Bavarizs
1807 4403 1969 4459 urbis

321 4496 555 4553 dimcesi
574 4492 1107 4567 sitam,apostolica3
1126 4492 1247 4547 sedi
1265 4508 1300 4549 a
1326 4491 1647 4564 Welphone
1680 4492 1968 4563 Bojoario-
2000 4514 2049 4579 D

322 4603 452 4643 rum
502 4586 649 4641 duce
691 4585 935 4657 ejusque
983 4582 1231 4654 conjuge
1282 4580 1523 4637 Juditha
1562 4580 1839 4649 ablatam,
1870 4581 1970 4637 sub

319 4674 549 4749 speciali
578 4674 850 4730 Romanae
882 4670 1151 4727 Ecclesia:
1181 4660 1417 4726 iuitione
1446 4668 1721 4742 suscepit.
1739 4668 1968 4724 Bullam

319 4780 387 4821 ea
415 4765 486 4820 de
518 4780 581 4820 re
618 4763 792 4819 refert
832 4760 1100 4816 Hundius
1127 4763 1286 4815 tomo
1315 4756 1390 4815 ΙΙΙ
1421 4756 1757 4829 metropoiis
1788 4756 1966 4814 Salis-

320 4852 655 4925 burgensis.
687 4854 760 4906 At
788 4867 904 4906 non
953 4849 1097 4905 satis
1129 4847 1237 4903 sibi
1273 4850 1546 4902 constant
1574 4845 1968 4917 chronologici

320 4940 684 4996 characteres
742 4940 802 4994 in
855 4955 922 4994 ea
970 4936 1258 5010 appositi;
1309 4935 1445 4991 data
1494 4935 1709 5007 quippe
1754 4934 1971 4989 dicitur

319 5027 595 5099 Anagniaa
619 5043 817 5082 mense
838 5025 1152 5081 Februario
1182 5024 1362 5095 hujus
1393 5023 1875 5091 anni,indictione
1898 5039 1969 5078 xv

321 5134 450 5189 qua}
481 5132 547 5172 eo
578 5131 731 5171 anno
754 5116 880 5170 erat
908 5131 1042 5181 xm;
1078 5113 1288 5169 deinde
1320 5112 1609 5168 sententia
1655 5112 1967 5183 Scripturze

321 5221 501 5261 sacrae
528 5220 654 5276 quas
684 5203 744 5258 in
778 5200 971 5273 sigillo
1004 5200 1268 5257 adhiberi
1300 5200 1715 5267 solet,Urbano
1746 5198 1822 5255 Ill
1854 5215 1968 5255 non

321 5293 371 5351 Il
398 5292 685 5350 convenit.
710 5290 944 5347 Urbano
975 5294 1174 5345 tamen
1205 5289 1277 5345 III
1308 5289 1428 5345 haec
1452 5287 1615 5344 bulla
1643 5287 1822 5343 tribui
1852 5304 1967 5343 non

323 5385 531 5456 potest.
592 5384 679 5437 An
739 5378 1121 5447 Lanfrancus,
1171 5377 1270 5450 qui
1315 5377 1499 5446 illam,
1555 5377 1816 5443 absente,
1869 5382 1971 5433 aut

322 5470 470 5529 alias
501 5469 781 5541 impedito
802 5467 1026 5524 Joanne
1042 5463 1969 5536 cancellario,conscripsit,aliam

322 5558 673 5623 sententiam
704 5555 1058 5626 adhibuerit,
1090 5552 1400 5617 incertum.
1428 5554 1647 5616 Cretera
1682 5569 1817 5613 vera
1845 5570 1970 5615 om-

2084 3246 2225 3301 bent
2255 3245 2578 3318 diplomata
2607 3246 2744 3301 anni
2772 3248 3095 3319 sequentis,
3130 3249 3248 3305 imo
3298 3266 3403 3307 nec
3442 3248 3563 3306 ulla
3594 3249 3742 3308 alio-

2084 3352 2215 3390 rum
2249 3352 2564 3401 annorum,
2598 3336 2646 3392 si
2688 3336 2834 3392 bene
2866 3338 3127 3395 memini.
3163 3338 3331 3395 Vetat
3373 3340 3635 3412 pontifex
3677 3340 3740 3396 in

2082 3424 2190 3479 hac
2221 3423 2382 3479 bulla
2409 3423 2791 3481 alienationes
2840 3426 3374 3484 ecclesiasticorum
3420 3429 3735 3497 honorum,

2081 3517 2138 3569 et
2169 3531 2239 3569 ne
2271 3530 2362 3569 res
2392 3513 2650 3569 defuncti
2682 3514 2963 3588 episcopi,
2995 3515 3081 3571 vel
3112 3515 3367 3573 ecclesias
3398 3533 3433 3573 a
3456 3518 3735 3590 quopiam

2082 3602 2406 3674 rapiantur,
2436 3618 2585 3674 quas
2615 3602 2738 3658 vult
2767 3621 2801 3659 a
2829 3605 3128 3661 canonicis
3161 3604 3418 3678 integras
3449 3607 3735 3663 reservari

2081 3692 2353 3764 episcopo
2386 3692 2710 3748 successori
2742 3693 2958 3748 futuro.

2150 3779 2321 3835 Aliud
2346 3780 2572 3853 insigne
2603 3780 2990 3854 privilegium,
3017 3783 3170 3854 apud
3203 3782 3572 3840 Tambur.De
3594 3784 3731 3855 jure

2081 3870 2238 3938 abb.,
2268 3874 2310 3924 t.
2347 3870 2415 3938 II,
2448 3887 2504 3943 p.
2556 3871 2681 3937 468,
2723 3869 2897 3943 paulo
2950 3877 3082 3944 post
3130 3872 3481 3945 praecedens,
3532 3872 3592 3929 id
3642 3877 3732 3930 est

2081 3962 2242 4014 sexta
2270 3959 2362 4014 die
2393 3959 2658 4030 ejusdem
2690 3960 2911 4016 mensis
2938 3960 3427 4034 Aprilis,indulsit
3457 3960 3730 4019 Urbanus

2078 4046 2586 4103 Vallumbrosanis
2626 4047 2951 4117 monachis,
2983 4065 3096 4121 quo
3127 4066 3240 4105 non
3292 4050 3465 4105 modo
3518 4048 3731 4106 Vallis-

2080 4134 2380 4191 Umbrosze
2402 4136 2739 4193 monasterii
2769 4136 3054 4210 principis
3077 4138 3217 4208 jura
3232 4138 3731 4210 etpossessiones,

2079 4224 2182 4281 sed
2214 4224 2391 4280 etiam
2422 4229 2607 4280 totam
2632 4225 2953 4282 multorum
2978 4228 3627 4301 monasteriorum,quaa
3650 4226 3732 4283 ibi

2080 4318 2361 4382 recenset,
2413 4315 2947 4388 congregationem,
2993 4320 3127 4372 ante
3186 4315 3413 4389 aliquot
3463 4333 3653 4373 annos
3700 4333 3736 4373 a

2076 4402 2302 4459 Joanne
2353 4403 2668 4460 Gualberto
2726 4404 3081 4473 institutam,
3133 4405 3522 4462 confirmavit.
3568 4404 3735 4462 Tum

2079 4491 2342 4547 decernit
2370 4491 2630 4564 pontifex
2662 4497 2727 4548 ut
2756 4492 2873 4549 alia
2904 4494 3427 4567 monasteria,quaa
3457 4494 3734 4568 deinceps

2081 4579 2316 4635 novellae
2349 4579 2485 4636 huic
2517 4580 2953 4655 congregationi
2985 4584 3487 4656 aggregabuntur,
3520 4583 3732 4640 iisdem

2079 4668 2398 4742 privilegiis
2427 4670 2745 4742 gaudeant,
2776 4687 3099 4744 eorumque
3148 4672 3415 4729 omnium
3447 4676 3627 4745 caput
3656 4672 3735 4729 sit

2075 4757 2207 4831 ipsa
2234 4757 2748 4815 Vallis-Umbrosa:
2781 4760 3035 4828 abbatia;
3054 4761 3315 4833 adeoque
3344 4762 3654 4818 constituit
3671 4765 3733 4816 ut

2077 4847 2148 4903 ad
2180 4847 2309 4918 ejus
2341 4846 2571 4903 abbatis
2601 4846 2965 4917 electionem,
2996 4854 3206 4922 praeter
3235 4850 3348 4905 loci
3380 4850 3729 4919 monachos,

2078 4937 2407 5009 superiores
2438 4953 2672 5009 quoque
2700 4941 3042 4994 caeterorum
3059 4938 3326 4995 omnium
3349 4940 3732 4996 monasterio-

2077 5040 2211 5080 rum
2258 5025 2728 5097 congregationis
2777 5026 3039 5099 suffragii
3081 5027 3183 5099 jus
3228 5027 3521 5098 habeant;
3573 5034 3633 5085 et
3681 5027 3731 5083 si

2079 5112 2376 5185 quispiam
2424 5129 2493 5168 ex
2537 5113 2653 5169 illis
2695 5114 3029 5184 abbatibus,
3063 5116 3134 5172 ad
3180 5118 3436 5188 generale
3480 5119 3731 5186 regimen

2080 5203 2279 5258 electus
2309 5201 2755 5271 fuerit,dimissa
2783 5205 3018 5277 propria
3048 5204 3392 5274 abbatia,ad
3415 5206 3732 5281 principale

2077 5291 2382 5347 caenobium
2411 5295 2671 5361 transeat,
2689 5293 2860 5364 cujus
2891 5298 3037 5350 nutu
3068 5296 3253 5351 omnia
3272 5296 3433 5351 unita
3457 5304 3731 5352 monaste-

2077 5382 2167 5436 ria
2197 5380 2712 5453 regantur.Datum
2742 5385 2832 5437 est
2863 5382 3055 5438 Romae
3087 5382 3198 5439 hoc
3229 5400 3381 5440 anno
3409 5382 3733 5454 1090,indi-

2084 5470 2275 5525 ctione
2302 5469 2527 5537 xm,die
2554 5487 2654 5526 vm
2687 5469 2824 5526 Idus
2854 5470 3317 5543 Aprilis,Urbani
3351 5472 3732 5546 pontiﬁcatus

2080 5574 2235 5620 anno
2263 5558 2319 5632 3,
2352 5574 2480 5635 qua
2509 5563 2656 5620 notas
2689 5574 2893 5621 omnes
2939 5560 3206 5639 apprime
3254 5561 3369 5623 sibi
3414 5561 3750 5671 conterent“
