3958 6224
195 267 258 336 69
1765 265 1841 332 ν]

3538 278 3619 339 ’70

203 411 250 463 at
275 405 485 462 mirum
506 404 605 461 est
635 403 705 461 in
760 402 867 460 illo
897 398 1201 490 privilegio
1231 416 1527 474 nusquam
1558 403 1852 473 abbatem,
1882 411 1937 478 Α
1968 409 2032 460 ut
2051 376 2269 461 electus
2287 404 2468 462 abbas
2491 405 2865 464 aTuronensi
2890 406 3327 481 archiepiscopo
3346 423 3620 464 consecra-

207 496 290 571 qui
307 500 446 551 tunc
457 487 960 552 Veni-Umbrosis
973 486 1235 567 prmerat,
1260 489 1631 550 nominatum
1651 494 1857 560 fuisse;

206 586 334 643 forte
362 585 544 660 quod,
577 600 721 642 cum
772 583 837 640 in
870 576 1065 640 omnis
1094 582 1561 656 congregationis
1591 582 1858 656 ‘gratiam

209 691 541 733 concessum
563 674 784 730 fuisset
794 673 870 729 ad
892 674 1021 745 ejus
1033 671 1304 746 generale
1321 672 1580 745 regimen
1599 678 1859 729 statuen-

210 764 360 833 dum,
409 763 602 820 satius
652 759 1015 835 judicaverit
1065 761 1325 834 pontifex
1379 758 1527 816 illud
1584 759 1859 817 omnibus

209 854 536 910 universum
579 850 872 908 membris
902 867 1081 923 quam
1114 849 1390 923 cuiquam
1421 850 1701 906 abbatum
1731 866 1860 923 spe-

209 941 422 999 cialiter
449 941 799 998 inscribere.
831 941 999 996 Tunc
1027 956 1163 995 vero
1190 937 1343 994 Valli
1374 937 1675 994 Umbrosaa
1716 956 1860 1012 prte-

208 1036 323 1088 erat
350 1031 637 1087 Rusticus
681 1029 837 1086 beati
868 1029 1113 1085 Joannis
1144 1027 1443 1084 Gualberti
1477 1032 1611 1102 post
1642 1028 1865 1085 Rodul-

209 1122 324 1177 fum
355 1136 692 1176 successor.
1162 1166 1165 1169 .

208 1227 447 1284 LXXIII.
527 1227 818 1283 Decretum
892 1225 1105 1280 Rustico
1182 1224 1368 1280 abbati
1449 1225 1863 1291 Vallumbrosae,

273 1304 397 1425 ge?
426 1299 782 1371 inscriptum.
844 1298 924 1353 An
957 1296 1111 1351 aliud
1152 1312 1256 1368 pro
1297 1297 1569 1353 limitibus
1624 1297 1867 1352 diwcesis

318 1384 531 1425 monac.
965 1402 972 1408 ~

318 1384 531 1427 αιοηέε.
965 1402 972 1408 ·

276 1460 332 1516 Is
358 1459 492 1532 ipse
512 1457 916 1525 estRusticus,
940 1456 1037 1530 qui
1057 1456 1235 1513 simul
1260 1473 1394 1512 cum
1409 1456 1575 1512 Petro
1596 1455 1867 1527 episcopo

212 1547 556 1605 Pistoriensi
602 1547 905 1603 Urbanum
958 1545 1352 1611 consuluerat,
1386 1546 1457 1600 de
1503 1544 1869 1601 ordinatione

215 1636 531 1695 Daimberti
564 1652 744 1709 quem
773 1652 808 1691 a
834 1633 1128 1692 Wecilone
1162 1634 1597 1707 archiepiscopo
1626 1634 1871 1706 Mogun-

211 1726 352 1794 tino,
404 1724 795 1783 schismatico
840 1722 1017 1780 simul
1066 1727 1123 1780 et
1170 1723 1523 1790 Simoniaco,
1558 1722 1870 1778 diaconum

213 1814 579 1883 ordinatum,
628 1814 756 1887 ipse
810 1812 1070 1886 pontifex
1098 1812 1156 1867 in
1205 1812 1545 1884 episcopum
1593 1810 1872 1866 Pisanum

214 1906 683 1961 consecraverat.
709 1901 925 1959 Urbani
961 1917 1310 1974 responsum
1344 1917 1379 1955 a
1408 1898 1634 1955 Labbeo
1654 1902 1812 1955 tomo
1832 1898 1875 1954 X

216 1992 614 2049 Conciliorum
646 2008 716 2048 ex
745 2007 859 2047 ms.
903 1991 1095 2046 codice
1125 1990 1183 2046 S.
1229 1988 1485 2044 Victoris
1526 1986 1876 2044 Parisiensis

219 2082 436 2137 editum
450 2084 567 2137 est.
583 2079 720 2151 Cuij
732 2078 1004 2152 ungenda
1021 2077 1203 2134 altera
1213 2078 1285 2134 ad
1299 2078 1532 2134 eosdem
1551 2075 1874 2150 responsio,

220 2187 317 2227 seu
345 2168 575 2243 potius,
611 2172 677 2225 ut
705 2167 943 2239 quidem
993 2165 1309 2223 verisimile
1350 2169 1458 2234 est,
1489 2167 1753 2238 ejusdem
1788 2182 1878 2220 re—

220 2257 559 2331 sponsionis
574 2255 761 2313 altera
780 2273 917 2330 pars
935 2272 1061 2328 qum
1083 2255 1237 2327 apud
1260 2254 1604 2311 Gratianum
1627 2254 1879 2309 habetur

220 2365 279 2417 ιι,
312 2365 371 2420 q.
405 2349 464 2416 7,
499 2364 548 2402 c.
579 2348 672 2411 24,
705 2347 1044 2401 Daibertum.
1065 2344 1128 2401 In
1147 2348 1395 2417 utraque
1416 2344 1687 2399 Urbanus
1705 2360 1881 2416 agno-

223 2437 328 2493 scit
356 2436 476 2491 sibi
531 2451 651 2491 non
704 2434 1133 2507 incompertum
1183 2433 1368 2489 fuisse
1416 2432 1815 2489 Daimbertum
1847 2449 1882 2487 a

224 2523 528 2582 Wecilone
558 2522 939 2579 schismatico
968 2522 1343 2591 diaconatum
1385 2521 1738 2593 suscepisse.
1771 2520 1881 2576 Sed

223 2620 420 2671 tamen
454 2612 581 2685 'qui
628 2611 727 2667 ille
757 2627 866 2668 non
898 2612 1211 2668 Simom’ace
1248 2612 1436 2666 fuerat
1464 2610 1790 2675 ordinatus,
1822 2625 1885 2664 ac

223 2719 448 2777 corpore
477 2706 531 2759 et
560 2703 764 2775 spiritu
792 2701 1171 2759 abhavretieis
1199 2716 1447 2771 egressus
1480 2699 1687 2766 fuerat,
1718 2715 1882 2754 eum-

225 2794 355 2850 dem
385 2791 731 2849 utilitatibus
756 2790 1008 2845 Ecclesiae
1047 2806 1150 2861 pro
1176 2790 1387 2844 viribus
1415 2787 1784 2855 insudantem,
1818 2804 1888 2843 ex

226 2885 460 2954 integra,
496 2879 764 2936 Ecclesiae
806 2880 1124 2935 necessitate
1169 2880 1480 2947 ingruente,
1510 2877 1802 2932 diaconum
1831 2893 1888 2934 se

225 2972 579 3029 constituisse
606 2967 926 3042 respondet
945 2966 1222 3039 pontifex.
1247 2966 1418 3021 Nulla
1441 2970 1531 3021 est
1556 2966 1613 3020 in
1639 2969 1887 3038 utroque

1968 497 2172 549 tionem
2229 495 2484 567 accipiat,
2543 496 2643 551 sed
2706 497 2825 551 sine
2878 498 3056 552 omnis
3117 496 3468 568 professionis
3522 512 3617 551 cs:-

1966 584 2196 640 actione.
2220 583 2377 640 Hanc
2394 582 2719 641 clausulam
2733 583 2909 641 inseri
2934 601 3001 641 cu
3013 584 3156 641 ravit
3176 584 3435 657 pontifex
3456 600 3620 640 occa-

1970 671 2133 728 sione
2191 673 2596 745 professionis,
2648 690 2825 745 quam
2867 674 3124 747 episcopi
3156 674 3228 729 ab
3278 671 3621 729 ordinandis

1970 761 2284 817 abbatibus
2332 762 2558 835 exigere
2606 768 2747 818 tunc
2794 762 3077 834 temporis
3124 762 3434 830 volebant;
3486 777 3622 817 cum

1970 850 2296 905 econtrario
2326 849 2476 906 hanc
2507 855 2783 923 prmstare
2804 855 3128 907 renuerunt
3160 852 3418 918 abbales,
3444 848 3623 905 etiam

1972 956 2087 995 non
2118 938 2392 1013 exempti,
2417 940 2571 1012 quod
2605 940 2663 995 in
2695 957 2763 996 ea
2792 940 2985 996 nescio
3018 939 3157 1013 quid
3182 937 3499 996 Simoniaci
3534 937 3625 994 in-

1971 1028 2263 1083 venirent:
2313 1033 2589 1101 praeterea
2634 1028 2887 1100 exempti
2917 1029 3226 1095 timebant,
3258 1043 3331 1084 ne
3360 1044 3425 1084 eo
3457 1030 3625 1100 pacto

1974 1117 2379 1190 episcoporum
2391 1118 2791 1189 jurisdictioni
2815 1117 3027 1189 subjici
3047 1118 3489 1174 viderentur.De
3509 1134 3628 1189 qua

1974 1206 2370 1262 controversia
2422 1211 2619 1263 actum
2676 1212 2766 1263 est
2821 1206 3012 1262 fusius
3075 1207 3130 1261 in
3188 1206 3521 1279 praefatione
3553 1206 3626 1262 ad

1976 1295 2229 1368 primam
2256 1299 2478 1368 partem
2501 1298 2776 1351 Actorum
2802 1301 3139 1351 sanctorum
3175 1295 3398 1352 ordinis
3429 1296 3486 1352 S.
3522 1296 3627 1350 Be-

1977 1385 2189 1440 nedicti
2210 1384 2415 1441 Saeculi
2445 1384 2533 1452 XI,
2556 1388 2582 1453 §
2602 1385 2654 1440 3.
2689 1385 2900 1440 Datum
2922 1390 3011 1440 est
3028 1381 3628 1455 Majoris-Monaste'rii

1977 1473 2346 1546 privilegium
2369 1473 2462 1529 die
2481 1491 2572 1529 xv:
2598 1474 2891 1530 Kalendas
2915 1474 3069 1528 Maii.
3093 1476 3165 1527 At
3183 1471 3412 1546 magnis
3429 1476 3630 1544 postea

1979 1563 2389 1619 controversiis
2437 1564 2801 1619 occasionem
2849 1562 3114 1634 prmbuit.
3146 1562 3369 1634 Quippe
3397 1578 3532 1617 cum
3563 1578 3632 1617 ex

1979 1651 2224 1724 antiqua
2248 1651 2668 1707 consuetudine
2688 1650 3160 1723 archiepiscopus
3183 1653 3239 1705 et
3258 1650 3449 1706 clerus
3469 1649 3633 1707 urbis

1981 1741 2235 1796 solerent
2274 1740 2550 1811 paschale
2582 1740 2794 1795 festum
2828 1741 2886 1795 in
2920 1738 3509 1811 Majori-Monesterio
3539 1755 3633 1795 ce-

1981 1829 2224 1896 lebrare,
2248 1835 2306 1884 et
2336 1846 2403 1885 ea
2433 1830 2736 1885 occasione
2768 1828 2956 1884 multa
2985 1829 3190 1885 ﬁerent
3214 1827 3416 1885 illicita
3442 1834 3637 1885 tantae-

1985 1935 2098 1991 que
2128 1918 2486 1974 solemnitati
2519 1918 2675 1973 haud
2709 1918 3108 1990 congruentia,
3147 1935 3273 1990 quae
3304 1918 3414 1974 hoc
3457 1919 3636 1992 privi-

1982 2007 2132 2080 legio
2160 2006 2564 2073 abolebantur,
2589 2008 2645 2062 id
2679 2024 2827 2078 aegre
2858 2006 3125 2063 tulerunt
3147 2006 3362 2075 clerici,
3395 2025 3462 2064 ac
3488 2008 3636 2064 nihil

1986 2114 2099 2151 non
2128 2098 2408 2152 adversus
2442 2096 2759 2151 monachos
2784 2096 3168 2161 intentarunt,
3193 2096 3432 2153 obtenta
3459 2098 3635 2153 etiam

1986 2186 2268 2241 adversus
2286 2202 2385 2240 eos
2403 2202 2435 2239 a
2457 2183 2765 2257 Rodulpho
2786 2183 3221 2257 archiepiscopo
3243 2199 3639 2241 excommuni-

1988 2272 2232 2330 cationis
2288 2274 2599 2340 sententia,
2652 2276 2717 2327 ut
2773 2272 2915 2327 illud
2971 2272 3341 2344 privilegium
3402 2273 3637 2329 irritum

1988 2364 2283 2429 facerent;
2334 2360 2539 2416 exinde
2584 2360 2761 2416 veluti
2801 2366 2999 2433 aperto
3031 2359 3182 2416 bello
3226 2361 3286 2416 in
3320 2361 3639 2419 monachos

1990 2452 2071 2507 ita
2092 2449 2479 2507 desaevierunt
2508 2453 2574 2504 ut
2602 2449 2777 2505 etiam
2800 2466 3085 2515 annonas,
3112 2466 3239 2520 quae
3262 2448 3323 2504 in
3349 2454 3642 2507 monaste-

1992 2541 2144 2595 rium
2158 2537 3191 2611 deferebantur,diriperent.Rodulfo
3205 2538 3641 2613 archiepiscopo

1993 2633 2243 2697 morluo,
2277 2627 2328 2684 ei
2358 2625 2505 2684 alter
2549 2626 2913 2700 cognominis
2942 2627 3001 2682 in
3034 2627 3170 2683 sede
3199 2632 3257 2683 et
3286 2628 3346 2682 in
3376 2627 3509 2685 odio
3539 2629 3640 2685 ad-

1991 2734 2196 2773 versus
2247 2716 2565 2773 monachos
2623 2716 2927 2784 successit,
2985 2720 3042 2771 et
3072 2715 3209 2772 licet
3265 2714 3510 2788 pallium
3569 2718 3642 2773 ab

1994 2806 2226 2862 Urbano
2257 2805 2569 2878 impetrare
2593 2822 2709 2862 non
2742 2804 3049 2878 potuisset,
3073 2805 3216 2877 quin
3247 2804 3411 2879 prius
3434 2805 3646 2863 fuisset

1995 2894 2290 2968 pollicitus
2319 2911 2380 2950 se
2413 2894 3013 2967 Maioris-Monasterii
3060 2893 3359 2967 privilegio
3380 2894 3643 2951 obeditu-

1995 2984 2490 3057 rum,sponsionis
2504 2988 2700 3039 tamen
2714 3001 2832 3039 sua:
2847 2988 2977 3056 post
2991 2982 3299 3055 paululum
3312 2984 3644 3056 immemor,

227 3061 324 3117 “10
374 3075 662 3132 ι’θεροηεο
721 3056 1006 3129 temporis
1057 3060 1214 3123 Ποία»
1266 3072 1330 3111 ³ο
1361 3071 1506 3145 cum,
1555 3058 1780 3145 certum
1812 3054 1890 3110 Sit
1998 3054 2317 3129 monachos
2348 3089 2553 3129 vexare
2582 3054 2907 3128 decessoris
2926 3054 3018 3127 sui
3049 3072 3312 3145 exemplo
3342 3089 3458 3129 non
3476 3054 3649 3128 desti-

229 3148 553 3207 Daimberti
602 3146 1057 3212 ordinationem,
1110 3145 1281 3216 cujus
1322 3144 1625 3200 occasione
1658 3142 1841 3215 script

2066 3204 2086 3230 π,
2136 3163 2321 3218 donec
2370 3178 2430 3217 re
2475 3160 2652 3217 variis
2683 3161 2741 3216 in
2799 3160 3209 3233 episcoporum
3263 3161 3645 3217 conventibus

233 3242 370 3295 sunt
418 3236 537 3292 illae
593 3234 824 3302 litteras,
858 3234 931 3289 ad
977 3232 1197 3306 primos
1248 3232 1622 3305 pontificatus
1670 3229 1885 3287 Urbani

233 3344 418 3384 annos
466 3324 863 3382 revocandam
913 3339 1061 3391 esse,
1094 3321 1189 3377 vix
1244 3321 1400 3377 ultra
1449 3321 1608 3377 hunc
1665 3338 1887 3376 annum

234 3416 453 3473 differri
527 3418 801 3487 possunt.
860 3413 1047 3477 Quare
1102 3428 1202 3467 eas
1255 3410 1370 3466 huc
1427 3411 1640 3467 referre
1695 3411 1887 3467 visum

232 3508 339 3561 est.

296 3594 425 3650 Huc
453 3592 633 3650 etiam
683 3588 887 3646 referri
938 3605 1109 3662 posse
1160 3588 1303 3644 mihi
1346 3588 1665 3660 aliquando
1694 3587 1886 3644 visum

227 3688 313 3740 est
363 3682 587 3739 Urbani
647 3678 897 3746 bullam,
950 3696 1067 3751 qua
1123 3678 1382 3749 pontifex
1430 3677 1772 3733 Baionensis
1828 3677 1886 3731 in

224 3769 773 3844 Novempopulania
820 3766 1018 3823 Galliae
1050 3765 1347 3838 provincia
1375 3765 1638 3822 dimcesis
1667 3765 1888 3821 limites

222 3858 661 3934 praescripsisse
688 3856 906 3912 dicitur
934 3856 1088 3927 apud
1119 3854 1624 3924 Sammarthanos,
1657 3858 1817 3910 tomo
1839 3854 1887 3910 II

220 3949 422 4006 Gallia:
477 3946 852 4013 Christianae,
888 3943 1127 4001 laudato
1174 3961 1241 4000 ea
1269 3944 1341 3999 de
1370 3961 1431 4000 re
1461 3943 1700 4017 scripto,
1733 3944 1887 4016 quod

222 4039 430 4096 datum
453 4039 625 4094 aiunt
643 4053 684 4092 v
706 4036 835 4092 Idus
853 4035 1080 4107 Aprilis,
1102 4034 1399 4091 indictione
1413 4051 1536 4100 xm,
1558 4050 1704 4089 anno
1729 4034 1885 4089 1106.

220 4129 289 4185 Et
328 4128 581 4202 quidem
623 4124 738 4182 hoc
768 4140 923 4180 anno
953 4123 1265 4180 defunctus
1295 4127 1417 4179 erat
1445 4122 1752 4189 Urbanus;
1785 4122 1888 4178 sed

218 4234 288 4274 ex
317 4216 673 4282 indictione,
707 4230 838 4287 quae
870 4229 1022 4269 anno
1053 4213 1192 4268 1090
1230 4211 1516 4280 convenit,
1568 4212 1888 4268 emendan-

216 4307 363 4363 dum
381 4321 519 4362 esse
533 4302 924 4375 conjiciebam
948 4300 1324 4373 exscriptoris
1343 4305 1623 4356 erratum.
1645 4300 1887 4370 Verum,

212 4395 361 4452 visis
390 4396 528 4467 ejus
558 4391 833 4449 Ecclesia
873 4390 1291 4455 monumentis,
1325 4405 1451 4461 qua:
1485 4406 1717 4445 mecum
1750 4388 1888 4446 illu-

1997 3251 2233 3324 agitata,
2250 3251 2484 3306 tandem
2518 3250 2575 3305 in
2601 3250 2843 3306 concilio
2865 3248 3316 3306 Claromontano
3337 3250 3646 3307 concordia

1997 3340 2144 3394 inita
2174 3338 2305 3407 fuit,
2338 3342 2403 3393 ut
2432 3338 2697 3393 dicemus
2728 3339 2799 3392 ad
2832 3354 3054 3393 annum
3093 3338 3251 3392 1095.
3284 3339 3504 3394 Tamen
3537 3338 3645 3395 has

1997 3428 2152 3483 rixas
2195 3430 2326 3499 post
2371 3426 2589 3482 Urbani
2637 3425 2861 3481 obitum
2912 3426 3283 3482 recruduisse
3332 3442 3402 3481 ex
3453 3426 3645 3483 Ivonis

1996 3516 2243 3590 epistola
2273 3516 2376 3571 108
2404 3514 2574 3571 facile
2602 3512 2797 3587 colligi
2828 3518 3035 3587 potest.

2069 3608 2145 3662 Eo
2176 3610 2456 3678 tempore,
2508 3607 2609 3659 aut
2651 3608 2825 3671 certe,
2859 3607 2924 3658 ut
2971 3602 3216 3671 videtur,
3268 3604 3393 3675 jam
3451 3608 3642 3672 antea,

1998 3695 2288 3753 Bernardo
2310 3694 2574 3766 ejusdem
2592 3692 2701 3748 loci
2724 3693 2920 3749 abbati
2938 3693 3254 3765 scripserat
3276 3693 3544 3750 Urbanus
3574 3694 3644 3750 de

1998 3784 2343 3841 dimittendo
2393 3782 2737 3838 monasterii
2795 3780 3079 3854 regimine
3129 3782 3429 3854 cogitanti,
3490 3782 3643 3856 quod

1998 3875 2194 3929 nescio
2242 3872 2388 3945 quid
2448 3871 2639 3928 vitiosi
2670 3871 2729 3925 in
2784 3888 2953 3927 suam
2986 3870 3174 3943 ipsius
3221 3870 3653 3928 ordinationem

1997 3961 2303 4034 irrepsisse
2353 3964 2668 4016 vereretur.
2730 3959 2843 4015 Sed
2900 3974 3027 4014 eam
3084 3957 3318 4030 culpam
3365 3959 3415 4014 si
3448 3957 3647 4032 aliqua

1999 4052 2225 4118 fuisset,
2247 4067 2313 4106 ac
2336 4049 2865 4122 quomodocunque
2895 4047 3256 4119 contigisset,
3280 4047 3331 4104 ei
3353 4048 3645 4105 condona-

1994 4141 2077 4197 vit
2123 4139 2400 4213 pontifex,
2431 4155 2500 4195 ea
2538 4137 2888 4204 conditione,
2921 4141 2987 4193 ut
3016 4137 3087 4193 de
3141 4141 3346 4194 caetero
3397 4138 3643 4194 fratrum

1995 4244 2238 4288 suorum
2267 4230 2436 4284 saluti
2480 4228 2804 4298 vigilantius
2842 4244 2907 4283 ac
2945 4228 3244 4299 ferventius
3284 4229 3494 4283 instare
3532 4241 3646 4282 non

1996 4319 2284 4375 desineret.
2335 4319 2510 4374 Porro
2555 4333 2624 4373 ex
2673 4316 2867 4373 Ivonis
2915 4315 3224 4371 Carnoteni
3273 4313 3524 4387 epistola
3571 4315 3644 4370 73

1996 4407 2402 4481 intelligimus,
2435 4407 2494 4462 ni
2544 4405 2733 4473 fallor,
2767 4405 2876 4461 hoc
2904 4405 3100 4478 ipsum
3133 4405 3288 4478 quod
3320 4404 3379 4459 in
3410 4403 3643 4461 ordina-

215 4485 563 4578 strissimus
579 4480 1114 4578 antistes-Benatus
1128 4479 1472 4578 Franciscus
1489 4479 1561 4534 de
1582 4479 1884 4578 Beau'veau
1918 4512 1965 4578 D
1996 4497 2152 4554 tione
2180 4479 2459 4553 Bernardi
2490 4494 3044 4569 reprehendebatur,
3069 4492 3213 4549 nihil
3246 4492 3406 4549 aliud
3439 4492 3643 4561 fuisse,

216 4570 655 4630 communicari
678 4568 886 4641 jussit,
914 4566 1266 4640 deprehendi
1290 4583 1545 4623 errorem
1579 4583 1708 4623 esse
1725 4567 1887 4623 Sam-

216 4663 707 4726 marthanorum,
740 4656 842 4729 qui
878 4655 1170 4714 Paschalis
1203 4656 1253 4713 II
1292 4655 1518 4712 bullam
1550 4656 1783 4712 incaute
1814 4656 1884 4712 ad

213 4751 529 4808 Urbanum
584 4745 1040 4804 transtulerunt.
1085 4747 1149 4801 In
1204 4762 1273 4802 ea
1314 4748 1514 4801 tamen
1573 4742 1885 4816 legendum

211 4841 534 4897 indictione
580 4854 699 4905 xw,
752 4839 856 4892 aut
885 4839 1040 4891 certe
1099 4835 1385 4891 dicendus
1415 4837 1505 4890 est
1536 4833 1793 4906 pontifex
1824 4838 1888 4889 ut

211 4945 375 5002 saepe
402 4928 580 4994 alias,
626 4929 869 4982 secutus
898 4923 1080 4980 fuisse
1111 4922 1402 4980 calculum
1433 4922 1736 4990 Pisanum,
1769 4939 1885 4995 quo

216 5035 416 5075 annus
447 5034 484 5074 a
512 5018 635 5073 fine
664 5012 1050 5089 praecedentis
1080 5012 1272 5069 Martii
1302 5011 1703 5068 inchoabatur.

418 5122 665 5181 LXXIV.
697 5122 1068 5192 Privilegium
1094 5119 1686 5192 Majoris-Monasterii.

288 5214 410 5271 Hoc
443 5215 588 5271 item
638 5227 849 5268 mense
878 5210 1083 5267 datum
1135 5214 1225 5267 est
1272 5209 1468 5266 Romae
1517 5207 1884 5283 privilegium

214 5298 839 5376 Majoris-Monasterii
852 5315 1032 5372 prope
1042 5299 1344 5356 Turonum
1357 5297 1885 5366 urbem,Bernardo

214 5392 413 5449 abbati
428 5389 612 5449 inseri
621 5388 1215 5463 ptum;quoUrbanus
1226 5387 1424 5460 ipsum
1438 5387 1882 5456 monasterium,

212 5480 299 5537 uti
322 5481 454 5554 jam
484 5497 522 5538 a
549 5479 795 5536 Victore
834 5476 907 5533 III
935 5476 1231 5534 indultum
1264 5476 1472 5543 fuerat,
1505 5475 1616 5531 sub
1647 5475 1888 5548 speciali

206 5569 375 5636 sedis
393 5566 743 5653 apostolica
768 5564 956 5627 tutela
974 5565 1251 5645 suscipit;
1272 5581 1339 5627 eo
1360 5567 1553 5643 pacto,
1574 5563 1727 5628 inter
1746 5564 1882 5644 alia,

1996 4602 2174 4658 quam
2196 4584 2618 4658 professionem
2649 4584 3084 4657 archiepiscopo
3116 4583 3187 4639 ab
3212 4599 3279 4638 eo
3309 4597 3445 4637 cum
3474 4582 3645 4638 bene-

1996 4674 2285 4730 diceretur
2331 4674 2675 4746 praestitam.
2710 4672 2795 4727 Ibi
2852 4672 3008 4728 enim
3066 4672 3148 4727 ait
3204 4671 3298 4726 Ivo
3348 4668 3548 4724 mirari
3580 4685 3644 4726 se

1997 4763 2154 4836 quod
2207 4760 2801 4835 Majoris-Monasterii
2860 4760 3067 4816 fratres
3124 4774 3273 4832 aegre
3306 4773 3413 4814 suo
3443 4757 3642 4814 abbati

1994 4852 2318 4919 obedirent,
2368 4868 2496 4907 eam
2543 4850 2615 4906 ob
2664 4866 2902 4905 causam
2948 4850 3103 4921 quod
3136 4847 3209 4903 ab
3238 4845 3642 4920 achiepiscopo

1993 4940 2495 4998 excommunicato
2514 4938 2875 5005 benedictus,
2892 4937 3014 4993 sedi
3031 4937 3159 5008 ejus
3182 4934 3641 5008 metropolitanaa

1993 5029 2416 5102 subjectionem
2449 5027 2836 5101 promisisset.
2876 5027 3040 5092 Quod
3073 5025 3344 5082 frivolum
3368 5024 3527 5080 Ivoni
3557 5024 3643 5079 vi-

1994 5119 2263 5187 debatur,
2298 5117 2617 5174 abbatibus
2645 5116 2755 5171 hac
2782 5116 2841 5171 in
2874 5131 2933 5171 re
2963 5118 3020 5171 et
3056 5113 3359 5170 monachis
3398 5111 3642 5167 minime

1992 5206 2230 5264 faventi.

2420 5292 2629 5349 LXXV.
2660 5292 2969 5348 Concilium
2993 5290 3210 5347 Tolosa}.

2064 5385 2187 5449 Quo
2218 5386 2479 5456 tempore
2511 5380 2635 5436 haec
2660 5379 2931 5436 Urbanus
2959 5375 3019 5434 in
3050 5376 3216 5433 Italia
3245 5372 3480 5447 gerebat
3510 5372 3640 5442 ejus

1992 5472 2167 5546 legati
2180 5471 2334 5544 apud
2345 5469 2616 5527 Tolosam
2639 5465 2952 5523 concilium
2970 5467 3029 5522 in
3050 5463 3253 5522 Galliis
3273 5458 3643 5546 celebrarunt

1993 5544 2150 5626 circa
2165 5559 2383 5620 festum
2406 5558 2798 5631 Pentecostes,
2821 5555 2977 5636 quod
3005 5549 3311 5615 Bertoldus
3327 5544 3644 5623 generalem
