3958 6224
383 348 458 415 71
1685 346 1759 412 Β.
1804 342 2101 411 URBANI
2126 345 2199 407 ⁴ΙΙ
2244 342 2495 408 PAPJE.
3712 338 3801 403 =72

372 456 655 556 synodum
680 480 969 555 appellat,
987 484 1047 539 et
1083 480 1156 538 ad
1177 484 1666 555 quamepiscopos
1694 482 2037 538 diuersarum
2067 479 2123 548 Α
2153 477 2289 534 tulit
2316 477 2594 549 pontifex,
2626 487 2878 550 moxque
2910 468 3358 549 Conscriptis-ad
3390 474 3719 549 Rogerium'
3745 478 3805 533 et

354 574 797 646 provinciarum
826 572 1187 639 convenisse,
1222 571 1422 645 ibique
1443 572 1740 629 Urbanum
1767 588 1868 644 per
1898 587 2038 627 suos

380 660 619 735 legatos
633 661 811 717 multa
840 661 902 716 in
932 661 1310 717 ecclesiasticis
1352 663 1538 718 causis
1568 659 2042 733 guecorrig’cnda

381 755 564 819 erant,
590 751 912 807 terrea-isse
944 749 1178 806 scribit.
1226 750 1286 806 In
1318 766 1384 806 eo
1413 750 1683 817 concilio,
1715 750 1800 805 uti
1836 765 2039 821 prose-

383 838 785 913 quiturvidem
834 840 1058 905 auctor,
1107 839 1394 895 Tolosanus
1447 843 1725 911 epi5copus
1769 838 1833 893 de
1863 838 2039 893 illatis

381 928 490 984 sibi
516 927 857 984 criminibus
874 936 1210 1000 expurgatus
1251 935 1345 995 est,
1392 937 1444 985 et
1474 929 1677 997 legatio
1697 940 1800 1000 pro
1825 935 2036 983 restau-

381 1016 1004 1074 randaieltristianitate
1029 1017 1091 1072 in
1124 1017 1376 1073 Toletana
1402 1018 1640 1087 civitate,
1688 1032 1812 1088 rege
1840 1017 2034 1088 Hispa-

379 1120 601 1163 norum-
634 1107 997 1179 supplicante,
1028 1104 1303 1161 destinata
1331 1104 1463 1160 fuit.
1497 1105 1657 1161 Hanc
1686 1120 1859 1177 porro
1889 1121 2034 1160 non-

360 1194 713 1252 nulli-anno
746 1193 905 1261 1089,
942 1193 1062 1249 imo
1111 1197 1168 1249 et
1199 1193 1295 1249 alii
1337 1194 1697 1267 praecedente
1726 1193 2035 1267 consigna-

346 1296 353 1301 '
380 1287 536 1352 rant,
560 1291 567 1319 τ
587 1283 681 1343 cui
729 1282 1091 1339 Bernardum
1123 1282 1483 1339 Toletanum
1504 1282 2032 1355 archiepiscopum,

372 1386 449 1429 rex
474 1372 678 1428 itinere
728 1371 1014 1439 Romano,
1045 1375 1113 1426 ut
1157 1371 1282 1427 vult
1308 1372 1648 1428 Rodericns
1695 1371 2033 1443 Toletunus,

379 1459 719 1516 redeuntem
754 1459 1092 1516 interfuisse
1112 1458 1336 1515 dicunt.
1360 1462 1433 1515 At
1456 1458 1550 1516 his
1573 1460 1929 1533 praeferenda
1946 1464 2035 1516 est

376 1547 784 1615 Bertoldi,tum
809 1548 1079 1618 viventis,
1100 1549 1436 1616 auctoritas,
1461 1549 1561 1621 qui
1587 1549 1822 1605 disertis
1843 1549 2033 1605 verbis

375 1653 505 1693 eam
522 1653 699 1694 anno
716 1637 854 1692 1090
875 1636 1030 1692 circa
1052 1637 1264 1693 festum
1290 1636 1657 1693 Pentecostes
1683 1636 2030 1693 celebratam

377 1725 561 1782 fuisse
592 1725 823 1783 asserit.
877 1724 1044 1781 Haud
1091 1730 1287 1782 tamen
1320 1726 1644 1781 difﬁtemur
1672 1725 2032 1782 Bernardum

2148 566 2578 635 Boamundum,
2602 565 2822 639 Apulia;
2835 564 3149 639 principes,
3164 564 3396 631 litteris,
3418 578 3520 621 eos
3538 578 3802 620 commo-

2148 655 2276 711 nuit
2304 659 2369 711 ut
2415 659 2537 712 tam
2586 655 2745 728 gravi
2787 653 3062 712 seandalo
3093 653 3443 711 conveniens
3472 652 3803 711 remedium

2147 745 2442 801 afferrent.
2492 744 2656 812 Quod
2690 758 2888 800 revera
2938 744 3010 800 ab
3041 743 3189 816 ipsis
3236 742 3566 816 praestitum
3595 746 3705 810 est,
3739 745 3807 798 ut

2146 833 2338 891 fusius
2360 833 2743 907 exposuimus
2768 832 2841 888 ad
2868 844 3090 888 annum
3122 832 3287 889 4088.
3307 831 3526 889 Urbani
3555 829 3806 907 epistola

2145 939 2214 979 ea
2243 923 2315 979 de
2337 939 2397 979 re
2423 922 2663 979 nullam»
2677 922 2852 977 habet
2880 920 3267 994 chronOIOgise
3298 924 3499 978 notam
3523 937 3539 989 ;
3578 924 3641 977 at
3659 936 3803 977 eam

2145 1011 2255 1067 hoc
2277 1016 2531 1079 anno,'et
2550 1010 2800 1084 quidem
2822 1013 2955 1066 ante
2977 1025 3239 1067 mensem
3266 1008 3500 1067 Julium
3516 1008 3802 1083 scriptam

2140 1099 2329 1157 fuisse
2358 1099 2527 1157 facile
2550 1099 2853 1173 colligitur
2881 1112 2951 1155 ex
2997 1098 3226 1173 Rogerii
3259 1102 3318 1156 et
3346 1098 3674 1155 Boamundi
3707 1097 3799 1154 in-

2145 1194 2498 1261 strumento,
2516 1189 2671 1262 quod
2704 1188 2989 1244 Baronius
3021 1188 3312 1261 integrum
3339 1183 3565 1247 retulit:
3597 1187 3801 1243 Datum

2146 1278 2382 1335 Canusio
2400 1294 2552 1335 anno
2572 1279 2868 1334 Dominicz
2887 1278 3292 1335 Incamationis
3313 1275 3474 1346 1090,
3491 1275 3725 1333 ducatus
3739 1292 3798 1344 v,

2141 1385 2326 1425 mense
2352 1369 2529 1437 Julia,
2544 1368 2843 1424 indictione
2861 1385 2984 1435 XIII,
3009 1382 3124 1440 quo
3146 1366 3384 1439 quidem
3402 1354 3800 1423 instrumento

2143 1456 2227 1512 illi
2255 1458 2568 1531 principes,
2605 1455 2821 1513 Urbani
2873 1456 3115 1512 monitis
3161 1455 3416 1524 excitati,
3446 1454 3801 1511 convasatis

2143 1546 2297 1620 apud
2321 1546 2639 1603 Canusium
2656 1544 2971 1619 provincia:
3004 1545 3389 1617 optimatibus
3411 1541 3800 1601 Βαιιὶῄίὼο-

2144 1636 2381 1693 nasterii
2414 1634 2717 1709 privilegia
2738 1640 2795 1691 et
2826 1635 3229 1708 possessiones
3258 1630 3803 1703 conﬁrmarunt,‘ut

2141 1740 2207 1781 eo
2239 1729 2408 1799 pacto
2449 1725 2669 1780 damna
2711 1728 2830 1779 tam
2883 1728 3083 1781 sancto
3110 1722 3258 1780 'loco
3301 1723 3466 1781 iilata
3487 1720 3800 1796 utcunque

366 1812 725 1870 [Toletanum
757 1814 809 1870 ei
848 1814 1224 1882 ’interfuiese,
1257 1815 1413 1887 quod
1469 1813 1741 1887 colligere
1799 1814 1933 1870 licet
1960 1830 2031 1872 ex
2044 1848 2107 1915 ,Β
2141 1815 2423 1871 resarcire
2445 1818 2831 1870 conarenturr

379 1902 812 1975 Urbani'eplst.
850 1902 935 1958 ad
966 1902 1211 1959 Gottbiie
1243 1902 1467 1972 ﬁdeles,
1522 1919 1626 1975 pro
1672 1903 2028 1960 monasterio

368 1991 573 2048 Sancti
604 1990 836 2064 Atgidii.
862 1992 1141 2056 Quanam
1166 2008 1300 2048 vero
1322 1992 1519 2064 legatio
1550 1991 1651 2047 illa
1679 1992 1778 2062 sit,
1810 2009 1938 2065 qua:
1969 1992 2029 2047 in

357 2079 743 2153 'Hispaniam,
772 2080 1135 2154 efﬂagitante
1155 2079 1393 2137 Alfonso
1421 2096 1574 2155 rege,
1597 2081 1669 2137 ad
1702 2084 2032 2139 restauran-

375 2170 514 2225 dam
547 2170 1213 2227 Toleti'Ghrt'stianitatem
1242 2169 1510 2227 destinata
1538 2178 1634 2237 est,
1656 2170 1747 2225 vix
1781 2168 2029 2243 intelligi

360 2258 735 2331 .potest,-~nisi
769 2258 862 2315 bis
901 2258 1093 2315 Verbis
1123 2258 1370 2315 indicari
1392 2258 1689 2326 'dicamus,
1741 2258 2027 2315 librorum

373 2346 552 2403 ofﬁcii
575 2347 753 2403 divini
766 2348 937 2419 juxta
954 2347 1133 2403 ritum
1159 2348 1433 2418 Romanas
1453 2348 1721 2406 Ecclesiae
1736 2348 2023 2405 editOrum

374 2435 789 2509 receptionem,
825 2440 891 2492 ut
914 2435 1135 2493 scilicet
1161 2437 1459 2510 deinceps,
1485 2437 1779 2511 abrogatis
1806 2437 2029 2494 Gottbi-

352 2523 478 2592 rcis,
515 2524 840 2598 Hispanicae
871 2525 1139 2583 Ecclesia:
1184 2526 1462 2583 Romanis
1502 2525 1668 2582 libris
1700 2530 2020 2583 uterentur.

371 2613 536 2669 Certe
568 2628 735 2670 tanno
784 2613 1077 2686 sequenti,
1124 2618 1328 2687 agente
1361 2613 1633 2670 Rainerio
1662 2613 1853 2686 legato
1884 2629 2021 2686 apo-

372 2700 600 2767 stolico,
624 2734 631 2745 ι
656 2702 757 2774 qui
803 2700 940 2757 huic
990 2716 1229 2774 quoque
1285 2702 1507 2775 synodo
1564 2701 1930 2779 interfuerat,
1963 2702 2020 2757 id

372 2788 433 2844 in
461 2789 706 2847 concilio
766 2790 1133 2863 Legionensi,
1190 2796 1256 2846 ut
1297 2791 1377 2846 ibi
1435 2790 1720 2861 dicemus,
1780 2796 2020 2847 cautum

368 2876 504 2934 fuit.

405 2956 638 3022 LXXVI.
672 2968 1088 3024 Tarraconensis
1107 2967 1248 3023 urbs
1280 2969 1520 3025 Romano
1558 2970 1806 3041 pontiﬁci
1831 2967 1977 3023 data.

2140 1918 2421 1977 LXXVIII.
2458 1925 2536 1977 De
2573 1921 2690 1991 ﬁlio
2740 1919 2972 1976 Jordani
3016 1921 3289 1992 principis
3322 1918 3615 1992 τεαρτιαηε.
3681 1917 3797 1976 Ex-

2385 1994 2822 2048 communicatur
2867 1993 3303 2049 Cenomanorum
3343 2004 3539 2047 comes.

2208 2098 2331 2154 Huc
2362 2097 2534 2155 etiam
2568 2114 2833 2155 revocare
2879 2096 3021 2153 libet
3064 2096 3221 2153 aliud
3254 2092 3624 2168 2exetm'ilum,
3648 2090 3796 2169 {'an

2139 2186 2502 2260 comprobari
2523 2191 2717 2260 potest
2737 2184 2955 2243 Urbani
2978 2186 3240 2242 studium
3259 2180 3539 2242 adversus
3566 2185 3796 2258 ‘eos'q’ui

2129 2276 2372 2348 justitim
2412 2275 2552 2348 jura
2596 2274 2914 2332 violabant.
2962 2273 3114 2330 Illud
3164 2276 3253 2330 est
3281 2270 3598 2347 judicium,
3633 2272 3794 2346 quod

2135 2362 2393 2437 pontifex
2423 2362 2480 2419 in
2512 2362 2885 2435 Baynaldum
2906 2359 3209 2419 'Rinellum
3260 2358 3582 2439 provisorie
3618 2359 3792 2432 itullt,

2134 2457 2497 2511 accusatum.
2530 2453 2688 2525 quod
2717 2450 2959 2508 Jordani
2993 2449 3276 2524 principis
3304 2449 3562 2523 Capuam
3584 2447 3793 2506 suam

2133 2540 2630 2598 adolescentulam
2663 2544 2834 2613 raptu
2865 2538 3082 2613 potius,
3133 2536 3493 2613 quam‘justi
3531 2532 3798 2614 cenjugii

2132 2642 2259 2702 spe,
2280 2629 2479 2686 invitis
2500 2626 2845 2702 parentibus
2867 2628 2976 2685 sibi
2992 2624 3621 2701 d‘espunsassetﬂerté
3633 2626 3797 2684 hunc

2130 2716 2496 2790 Raynaldum
2543 2717 2844 2774 hominem
2897 2715 3225 2773 violentum
3282 2715 3465 2773 fuis'Se
3512 2716 3798 2789 patetiex

2127 2806 2413 2863 Chronico
2463 2806 2766 2863 Casinensi
2818 2806 2966 2862 libro
3018 2823 3092 2873 IV,
3143 2818 3274 2877 cap.
3318 2803 3521 2873 9,'ubi
3556 2803 3796 2861 "dieitur

2126 2901 2383 2952 castrum
2413 2895 2750 2952 Fractarum
2781 2893 2914 2951 dolo
2959 2912 2994 2951 a
3029 2892 3404 2951 Casinatibns
3432 2892 3789 2973 abstulisse,

2124 2986 2277 3058 quod
2310 2987 2514 3058 postea
2543 2983 2600 3039 vi
2635 2988 2692 3039 et
2722 2983 2902 3039 armis
2934 2982 3183 3040 retinere
3216 2986 3474 3058 conatus
3502 2970 3808 3058 -est."-Hoc

442 3053 646 3145 Soluta
673 3060 871 3145 autem
891 3056 1182 3145 Tolosana
1196 3058 1435 3130 synodo,
1456 3057 1778 3130 Reynerius
1800 3056 1971 3113 Urbai

2200 3053 2329 3130 tem—
2336 3072 2630 3145 judicium
2676 3072 2831 3144 quod
2863 3073 2957 3129 Ivo
2988 3077 3046 3129 et
3083 3071 3398 3129 Gratianus
3424 3056 3805 3144 retulerant,

350 3158 353 3161 '
370 3140 673 3215 legatusin
690 3143 1027 3216 Hispaniam
1048 3158 1293 3217 pergens
1306 3145 1813 3218 perCatalauniam
1829 3151 2016 3200 trans-

2123 3162 2253 3219 ideo
2272 3177 2614 3218 revocamus
2643 3162 2713 3217 ad
2743 3166 3092 3234 praesentem
3126 3178 3371 3231 annum,
3393 3161 3806 3237 quod'ip‘sum

366 3214 490 3297 ivit.
514 3232 622 3323 pubi
657 3214 1637 3323 Baythundgushar'cinohiscomes.
1683 3234 2013 3323 segregati:
2042 3214 2086 3282 ο
2124 3214 2622 3306 migrassem;
2644 3214 3807 3323 animusanguiangi,ista:

346 3320 674 3393 provincias
702 3320 1110 3394 optimatibus,
1143 3323 1349 3379 urbem
1373 3324 1868 3379 Tarraconensem
1892 3338 1971 3378 set

2197 3339 2302 3411 [jus
2332 3338 2470 3394 anni
2496 3320 2675 3394 ﬁnem
2697 3338 3019 3412 contigisse
3056 3355 3127 3394 ex
3156 3328 3423 3411 antiquis
3452 3320 3806 3397 auctoribus

369 3408 698 3501 apostolica
717 3410 1317 3501 solemniteridonavit
1336 3429 1405 3467 ea
1420 3413 1775 3501 conditione,
1800 3416 1867 3467 ut
1886 3424 2014 3467 eam
2119 3408 2401 3483 εαξηίιιυε
2429 3425 2802 3501 peregrini“;
2848 3408 3077 3500 βτοδηι,

358 3501 423 3553 et
448 3497 722 3556 universa
752 3514 880 3573 qua:
912 3501 983 3556 ad
1020 3500 1181 3557 illam
1215 3501 1580 3569 attinebant,
1612 3499 1738 3573 ipse
1758 3516 1842 3555 'ac
1887 3500 2017 3571 ejus

362 3587 582 3658 posteri
630 3596 876 3646 tenerent
911 3606 1014 3662 per
1052 3607 1285 3646 manum
1330 3594 1381 3646 et
1426 3604 1608 3647 vocem
1633 3590 1811 3645 sancti
1839 3590 2014 3656 Petri,

363 3676 591 3747 ejusque
619 3678 822 3734 vicarii
850 3680 1113 3735 Romanae
1157 3677 1300 3734 sedis
1342 3678 1647 3750 apostolici,
1702 3692 1803 3749 per
1854 3678 2016 3749 quin-

361 3765 672 3834 quennium
743 3766 1108 3837 persolventes
1159 3768 1214 3822 ei
1260 3782 1483 3823 censum
1529 3766 1731 3838 viginti
1781 3767 2020 3838 quinque

364 3851 637 3908 librarum
668 3855 978 3925 parissimi
1007 3857 1248 3926 argenti,
1297 3871 1425 3927 qua:
1456 3855 1695 3911 donatio
1746 3855 1898 3912 facta
1930 3859 2020 3910 est

356 3955 464 4012 per
488 3942 940 3999 manumdomni
968 3944 1235 4015 Raynerii
1263 3944 1516 4000 Romanae
1547 3944 1813 4002 Ecclesiae
1835 3944 2016 4000 cardi-

363 4028 534 4096 nalis,
553 4031 652 4101 qui
662 4046 831 4101 nunc,
846 4031 1041 4103 inquit
1056 4031 1456 4105 Raymundus,
1478 4032 1746 4102 legatione
1762 4035 2021 4105 fungitur

367 4118 437 4173 in
451 4118 709 4189 partibus
735 4121 958 4176 nostris.
992 4122 1127 4177 ,Ἐν-α
1172 4121 1467 4177 millesima
1511 4122 1841 4194 [centesima]
1871 4124 2016 4193 vige-

363 4207 508 4262 sima
541 4215 762 4277 Ὄθωνα,
813 4220 962 4265 anno
992 4211 1086 4266 ab
1138 4211 1523 4267 Incarnatione
1577 4211 1802 4267 Domini
1856 4211 2014 4266 1090.

346 4294 918 4368 Hujus'donationis
942 4297 1401 4356 instrumentum
1428 4312 1470 4355 ‘a
1499 4299 1749 4369 Labbeo,
1787 4299 2018 4373 Aguirio

360 4382 614 4457 aliisque
641 4383 1029 4443 conciliorum
1073 4387 1482 4445 collectoribus
1519 4388 1745 4445 editum
1792 4392 1882 4445 est
1925 4386 2017 4443 cui

366 4472 518 4529 inter
544 4472 692 4530 alios
720 4475 1055 4549 complures
1085 4477 1490 4550 Berengarius,
1518 4477 1678 4551 quod
1724 4492 1867 4533 sane
1892 4475 2018 4531 'mi-

349 4576 498 4617 rum
528 4566 638 4629 est,
668 4563 785 4620 nisi
816 4564 872 4620 id
907 4565 1284 4622 amanuensis
1330 4565 1665 4622 liberalitati
1714 4566 2096 4650 debeatur,;D

361 4651 481 4707 sub
527 4652 944 4711 Tarraconensis
989 4655 1386 4728 archiepiscopi
1429 4654 1598 4710 titulo
1636 4654 2016 4727 subscripsit,

358 4741 629 4813 quamvis
652 4741 758 4798 hac
779 4743 1065 4817 dignitate
1083 4748 1219 4801 ante
1249 4760 1469 4799 annum
1501 4746 1843 4816 sequentem
1866 4742 2014 4815 poti-

359 4832 605 4886 tus'non
628 4832 822 4887 fuerit.
843 4832 1011 4889 Forte
1036 4833 1424 4906 Berengarius
1446 4831 2016 4889 Ausonensis'Eccle-

362 4917 584 4985 simcui
595 4919 865 4977 dimcesis
877 4921 1331 4978 Tarraconensis
1350 4922 1518 4976 unita
1529 4921 2013 4993 erat,episcopus,

342 5004 483 5076 .jam
504 5009 656 5062 tunc
686 5008 1120 5081 metropolitani
1152 5026 1364 5066 nomen
1396 5013 1822 5081 assumpserat,
1841 5009 2013 5080 cujus

360 5094 769 5149 auctoritatem
800 5097 1032 5152 nonnisi
1067 5115 1221 5155 anno
1251 5098 1517 5170 sequenti
1544 5097 1790 5170 adeptus
1815 5103 1924 5153 est.

363 5179 624 5237 LXXVII.
665 5183 910 5239 Urbanus
961 5186 1267 5242 Bantinum
1308 5186 1720 5243 monasterium
1759 5185 2009 5257 protegit.

433 5268 711 5333 Querelas
731 5270 955 5327 interea
973 5274 1043 5329 ad
1064 5274 1362 5330 Urbanum
1385 5272 1594 5329 detulit
1615 5272 2012 5329 UrsoBantini

363 5357 705 5415 monasterii
748 5357 808 5413 in
850 5359 1061 5432 Apulia
1106 5362 1310 5432 abbas,
1356 5362 1640 5417 adversus
1697 5359 2011 5416 nonnullos

362 5446 539 5503 istius
567 5445 879 5519 provincias
903 5450 1237 5522 Optimates,
1258 5451 1358 5524 qui
1388 5451 1519 5522 ejus
1549 5448 1888 5505 monasterii
1921 5465 2012 5504 res

335 5539 420 5592 ‘et
450 5533 686 5591 chartas
717 5533 1099 5611 diripuerant,
1134 5540 1451 5613 ipsumque
1474 5533 1845 5594 contumeliis
1873 5536 2011 5594 atl‘e-

360 5627 525 5690 otium
565 5622 860 5687 latronum
909 5639 1073 5691 more
1126 5626 1543 5710 spoliaverunt.
1596 5624 1742 5688 Rem
1771 5623 2010 5706 indigne

2192 3514 2367 3573 Aliud
2395 3515 2534 3572 item
2567 3514 2784 3573 Urbani
2827 3514 2887 3571 in
2919 3514 3310 3572 emendandis
3328 3513 3485 3571 vitiis
3508 3504 3806 3574 isollicitu-

2125 3605 2279 3661 dinis
2307 3604 2636 3678 exemplum
2688 3604 2971 3678 suggerit
3019 3604 3190 3661 nobis
3237 3604 3552 3682 Ordericus
3581 3604 3801 3664 Vitatis

2123 3693 2272 3751 libro
2294 3710 2415 3764 νιιι,
2443 3692 2542 3749 ubi
2565 3693 2790 3749 scribit.
2817 3693 3120 3766 Hugonem
3145 3692 3419 3749 comitem
3432 3691 3800 3751 Cenomano-

2123 3800 2255 3839 rum
2289 3783 2362 3838 ab
2393 3782 2604 3840 eodem
2634 3781 2908 3855 pontiﬁce
2938 3781 3048 3838 hoc
3070 3799 3231 3838 anno
3262 3780 3447 3839 sacris
3474 3780 3667 3840 ﬁnisse
3696 3784 3796 3840 ih-

2128 3871 2468 3938 terdictum,
2523 3870 2679 3943 quod
2720 3869 3043 3943 legitimam
3077 3885 3245 3927 suam
3278 3870 3800 3929 uxorem’Roberti

2127 3959 2419 4017 Wiscardi
2452 3958 2633 4015 ﬁliam
2665 3959 3051 4032 repudiasset.

2127 4065 2360 4123 LXXIX.
2390 4065 2742 4122 Schismatict'
2787 4065 2850 4121 ob
2902 4064 3301 4121 Calholicorum
3353 4066 3796 4124 moftem'inSO-

2197 4138 2430 4264 ἒῖδιὶὲἒιι
2459 4137 2535 4193 Iis
2580 4137 2864 4209 respondet
2903 4136 3207 4210 Stephanus
3235 4138 3516 4210 episcopus
3546 4130 3797 4195 ‘Halber-

2250 4224 2283 4264 a
2378 4224 2474 4264 sis.

2250 4224 2404 4265 utens
2408 4224 2455 4264 ιδ
2460 4251 2474 4265 .

2191 4296 2406 4353 Finitis
2426 4294 2702 4366 induciis,
2728 4310 2859 4368 quas
2890 4311 3080 4368 usque
3109 4296 3181 4352 ad
3215 4295 3584 4365 Pascha,‘uti
3620 4300 3791 4356 ‘anno

2127 4384 2427 4460 superiore
2458 4384 2739 4453 diximus,
2766 4384 3081 4457 perdurare
3111 4384 3422 4455 debebant,
3446 4387 3791 4445 'eum'ilbr-

2128 4490 2383 4531 manuus
2406 4473 2685 4530 Metensis
2711 4472 2956 4530 antistes
2976 4478 3035 4529 et
3052 4474 3360 4531 Bertoldus
3379 4475 3793 4535 daxitlem'au-

2128 4563 2258 4635 nite,
2285 4562 2552 4618 acerrimi
2572 4562 2730 4618 sedis
2747 4560 3079 4635 apostolicae
3105 4563 3462 4633 defensores,
3478 4566 3791 4639 "scrorque

2127 4651 2397 4718 Bertoldi,
2422 4650 2833 4723 Hungarorum
2853 4650 3077 4724 regina,
3109 4652 3315 4707 menSe
3340 4651 3517 4721 Maio,
3543 4658 3621 4709 ut
3650 4654 3789 4711 Ber-

2122 4741 2319 4798 toldus
2350 4740 2572 4810 scribit,
2597 4738 2913 4813 obiissent;
2948 4756 3014 4795 ac
3049 4739 3224 4813 paulo
3254 4741 3790 4815 post’Egge’bcrtus

2123 4829 2386 4887 Saxonis:
2441 4827 2706 4884 marchio
2754 4826 3149 4898 occubuisset,
3181 4826 3786 4899 insidiis,-utiaiurit,

2123 4916 2680 4990 Quintiliburgensis
2722 4916 3055 4984 abbatissae,
3088 4933 3215 4990 quae
3262 4917 3787 4993 Henrioiﬂuguﬁi

2123 5024 2287 5064 soror
2314 5011 2460 5073 erat,
2492 5006 2745 5074 occisus,
2780 5004 3248 5063 schismatici'ad
3274 5010 3785 5066 armar'ecurrero

2122 5096 2576 5163 constituerunt,
2610 5097 2785 5150 tanta
2821 5109 2958 5149 cum
3008 5093 3194 5150 animi
3240 5093 3517 5162 elatione,
3542 5096 3782 5153 obeas.

2121 5184 2207 5240 uti
2232 5182 2318 5239 eis
2341 5182 2670 5248 videbatur,
2696 5181 2893 5239 felices
2914 5198 3250 5253 successus,
3275 5183 3785 5257 utrd'e'pontiﬁciis

2121 5277 2314 5329 actum
2346 5286 2475 5328 esse
2507 5270 2702 5344 palam
2735 5269 3123 5344 divulgarent.
3155 5272 3322 5329 Certe
3351 5289 3420 5329 ea
3447 5275 3579 5329 erat
3608 5273 3783 5330 Wal-

2120 5360 2308 5417 brami
2323 5359 2608 5434 Magdebu
2616 5359 2844 5433 rgensis
2854 5358 3138 5420 antistitis
3151 5360 3477 5431 (Cicensem
3497 5377 3608 5418 seu
3617 5361 3788 5419 Novi-
3821 5355 3836 5367 ’

2120 5450 2471 5522 burgensem
2502 5449 2840 5522 episcopum
2867 5447 3115 5520 appellat
3140 5448 3589 5508 Trithemius'in
3607 5448 3787 5509 Chro-

2119 5536 2971 5611 nicoHirsaugiensiﬁententia
2978 5537 3081 5609 qui
3095 5536 3320 5597 litteras
3333 5538 3782 5609 adLudovicum

2118 5626 2447 5706 principem
2476 5642 2544 5689 eo
2572 5628 2843 5705 tempore
2866 5624 3129 5705 scripsit,
3160 5630 3229 5688 ut
3274 5643 3416 5690 eum
3445 5628 3785 5710 desperatis
