3958 6224
428 358 502 418 ’ϊδ
1226 341 1232 347 ’
1725 353 1792 418 13.
1844 355 2133 420 UHBANI
2179 357 2233 419 Il
2277 352 2534 420 mea.
3751 343 3824 416 to

423 499 474 545 et
503 491 821 546 Lanuinum
843 507 968 548 cum
997 507 1185 547 eorum
1211 492 1394 556 sociis,
1425 492 1764 562 pervenisse;
1810 493 1925 560 qui,
1959 507 2078 546 con-
2107 496 2161 559 Α
2193 491 2389 546 moria;
2421 489 2686 562 magistri
2719 487 3010 546 Brunonis
3041 481 3397 545 successisse
3435 487 3827 560 cognovimus.

423 583 625 650 tempta
669 580 972 635 mundialis
1015 581 1204 649 gloria:
1251 581 1512 645 vanitate,
1535 580 1641 635 soli
1667 582 1768 636 Deo
1803 577 2103 650 elegerant

423 669 686 722 militare.
723 669 928 722 Horum
953 670 1153 740 itaque,
1187 667 1268 740 pii
1317 667 1598 741 principis
1647 669 1821 724 verba
1870 669 2074 736 refero,

427 757 758 812 desiderium
791 774 883 828 ego
907 774 1247 828 cognoscens,
1279 767 1330 814 et
1365 759 1606 829 ipsorum
1634 756 1845 812 meritis
1883 767 1935 813 et
1960 774 2079 829 pre-

425 847 578 900 cibus
634 847 780 918 apud
834 848 1004 901 Deum
1061 846 1316 917 adjuvari
1383 847 1716 914 desiderans,
1773 846 1840 901 ab
1889 863 2079 902 eorum
2126 862 2140 871 '

427 935 694 990 etiaritale
741 937 930 990 multis
974 937 1226 1007 precibus
1275 936 1506 1001 obtinui,
1556 943 1614 990 ut
1662 938 1718 990 in
1769 943 1917 991 terra
1956 953 2079 991 mea

429 1025 609 1079 locum
656 1025 764 1080 sibi
810 1025 1165 1080 habitabilem
1191 1025 1478 1092 eligerent,
1510 1027 1568 1079 in
1599 1042 1702 1096 quo
1741 1025 1810 1079 ad
1838 1027 2077 1080 servien-

427 1113 558 1168 dum
587 1115 691 1169 Deo
721 1115 909 1185 qualia
941 1114 1138 1169 vellent
1166 1113 1480 1168 habitacula
1504 1118 1906 1185 praepararent.
1927 1115 2078 1169 Tum

431 1201 516 1256 eis
547 1201 739 1257 locum
773 1202 1098 1258 solitarium
1131 1204 1394 1274 assignat
1435 1202 1588 1258 inter
1636 1204 1810 1258 Arena
1841 1206 1891 1258 et
1919 1205 2079 1274 oppi-

427 1291 558 1345 dum
586 1292 808 1358 Stilum,
839 1309 973 1346 cum
1006 1295 1118 1346 tota
1144 1293 1312 1360 silva,
1340 1296 1474 1360 etc.,
1500 1309 1600 1364 per
1630 1292 1796 1348 leuca:
1840 1295 2080 1364 spatium

425 1378 484 1433 in
517 1379 782 1434 circuitu.
813 1381 998 1450 Hujus
1032 1381 1210 1436 eremi
1241 1379 1545 1436 ecclesiam
1578 1379 1831 1436 dedicari
1857 1379 2082 1436 curavit

429 1467 576 1522 idem
615 1469 897 1540 ltogerius
930 1486 1082 1524 anno
1143 1471 1293 1536 109-1,
1327 1470 1481 1540 quod
1527 1469 1598 1524 ab
1645 1469 2080 1542 archiepiscopo

427 1556 1285 1626 Panormitnno,assistentibus
1317 1559 1446 1614 aliis
1479 1558 1736 1630 quinque
1767 1558 2078 1630 episcopis,

427 1644 646 1700 factum
680 1647 882 1708 fuisse,
916 1645 1174 1702 declarat
1203 1646 1262 1701 in
1293 1647 1479 1702 altera
1505 1647 1725 1716 charta,
1759 1665 1887 1719 quae
1925 1649 2083 1703 edita

431 1739 519 1786 est
549 1751 583 1786 a
611 1733 839 1788 Itoceho
870 1733 1086 1804 Pyrrho
1109 1739 1264 1788 tomo
1287 1734 1358 1789 III
1382 1733 1592 1790 Siciliae
1620 1734 2081 1790 sacraePrimam

433 1836 568 1876 vero
598 1821 726 1891 ejus
760 1821 1042 1892 principis
1072 1819 1445 1877 donationem
1478 1822 1732 1877 firmavit
1760 1826 1816 1878 et
1845 1822 2084 1894 amplia-

435 1909 518 1964 vit
547 1909 888 1965 Theodorus
920 1910 1340 1982 Squillacensis
1371 1911 1635 1979 antistes,
1669 1910 1729 1966 in
1757 1913 1924 1980 cujus
1955 1910 2089 1965 dioe-

439 1998 555 2054 cesi
586 1997 701 2053 sita
729 2003 852 2054 erat
882 2015 1029 2054 nova
1058 1997 1160 2054 illa
1187 1997 1608 2064 Carthasia,uti
1639 2016 1708 2055 ex
1737 2000 1866 2070 ejus
1886 1999 2091 2055 charta

439 2091 599 2158 patet
646 2086 803 2154 data,
835 2087 928 2142 die
977 2087 1045 2142 16
1095 2088 1426 2143 Decembris
1477 2087 1658 2159 hujus
1706 2088 1864 2156 anni,
1911 2105 2089 2160 quam

436 2172 616 2228 simul
647 2191 781 2229 cum
815 2174 1042 2246 Rogerii
1074 2176 1384 2232 donatione
1435 2176 1700 2232 Urbanus
1747 2182 1878 2249 post
1923 2177 2092 2232 bien-

441 2263 694 2330 nium,et
723 2265 957 2319 tandem
991 2263 1286 2320 Paschalis
1308 2266 1438 2336 ejus
1460 2281 1764 2321 successor
1783 2265 2089 2321 confirma-

440 2356 671 2418 verunt,
709 2356 770 2408 ut
800 2353 992 2408 videre
1022 2357 1113 2408 est
1142 2353 1294 2425 apud
1328 2352 1636 2425 Ughcllum
1687 2359 1845 2410 tomo
1879 2354 1946 2410 IX
1980 2354 2091 2410 Ita-

444 2438 536 2494 lia:
567 2457 763 2496 sacrae.
1853 2455 1861 2461 '

472 2535 484 2547 ‘
514 2530 724 2594 Quanti
757 2536 954 2586 autem
987 2531 1320 2586 Brunonem
1354 2531 1551 2587 fecerit
1581 2530 1869 2599 Urbanus,
1917 2549 1986 2588 ex
2025 2549 2094 2589 eo

444 2622 604 2690 patet
629 2619 1052 2690 quod,vacante
1083 2625 1222 2674 tunc
1257 2619 1536 2691 temporis
1570 2621 1879 2693 Rhegiensi
1901 2620 2095 2678 Eccle-

445 2707 552 2774 sia,
586 2724 714 2778 quaz
755 2707 1048 2780 praecipua
1077 2713 1167 2763 est
1196 2707 1472 2763 Calabriae
1506 2709 1942 2782 metropolis,ad
1965 2726 2094 2766 eam

449 2795 645 2866 ipsum
677 2795 916 2851 evehere
941 2797 1440 2864 modis_omnibus
1477 2803 1724 2854 conatus
1769 2799 1961 2866 fuerit,
1994 2799 2096 2855 sed

450 2884 686 2938 frustra.
719 2883 818 2938 Vir
847 2883 1063 2956 quippe
1092 2891 1332 2941 sanctus
1362 2886 1728 2943 Cartliusiam
1751 2904 1921 2943 suam
1972 2905 2096 2943 om-

451 2971 626 3026 nibus
658 2972 850 3028 szeculi
876 2973 1262 3045 dignitatibus
1283 2977 1705 3046 anteponebat;
1739 2977 1854 3032 imo
1881 2983 1938 3033 et
1967 2993 2098 3033 eam

451 3059 804 3132 praztulisset
850 3061 964 3133 ipsi
1011 3061 1187 3118 etiam
1243 3063 1534 3136 pontificis
1566 3065 1890 3133 comitatui,
1926 3066 1976 3122 si
2014 3065 2098 3121 illi

450 3149 659 3205 fuisset
684 3151 1223 3222 permissum,quod
1249 3152 1371 3223 ipse
1393 3159 1754 3210 contestatur
1772 3153 1832 3209 in
1854 3154 2102 3227 epistola

2188 579 2277 634 Sit
2306 595 2442 650 ergo
2476 578 2534 633 in
2567 585 2621 634 te
2649 579 2916 650 ejusdem
2937 578 3044 633 viri
3067 577 3495 652 spiritus,idem
3526 575 3604 633 sit
3633 576 3826 632 eremi-

2189 668 2312 722 ticaa
2347 667 2471 722 vita:
2507 668 2692 738 vigor,
2725 684 2928 722 eorum
2976 683 3208 722 morum
3255 670 3312 722 et
3359 663 3659 737 gravitatis
3706 682 3832 720 eon-

2190 757 2440 823 stantia;
2485 757 2621 828 quia
2671 773 2798 824 nos,
2858 754 3184 828 opitulante
3252 753 3516 820 Domino,
3564 753 3831 826 quidquid

2191 845 2553 901 auctoritatis
2583 851 2640 900 et
2665 844 2968 918 potestatis
3000 845 3188 917 ipsius
3222 842 3484 917 Magistri
3530 841 3834 914 probabilis

2191 934 2479 1006 sapientia
2509 940 2566 990 et
2603 933 2807 1006 religio
2852 933 2924 989 ab
2971 931 3291 1004 apostolica
3340 931 3476 987 sede
3528 930 3834 1002 promeruit

2192 1022 2596 1094 personaliter,
2629 1023 2736 1078 hoc
2780 1023 2884 1078 tibi
2937 1023 3139 1076 eodem
3187 1025 3240 1076 te
3285 1020 3495 1093 spiritu
3529 1019 3832 1074 comitante

2189 1112 2584 1168 concedimus.
2626 1134 2651 1159 υ
2684 1115 2844 1166 Certe
2877 1127 2990 1164 non
3025 1110 3357 1164 Brunonem
3409 1108 3603 1178 modo,
3637 1107 3733 1166 sed
3782 1111 3832 1163 et

2192 1200 2384 1271 ipsum
2423 1200 2747 1256 Lanuinum
2779 1199 3132 1272 quandoque
3163 1197 3434 1254 Urbanus
3467 1196 3538 1252 ad
3572 1212 3633 1252 se
3655 1211 3828 1251 accer-

2191 1289 2376 1360 sebat,
2411 1297 2472 1344 ut
2492 1306 2559 1344 ex
2591 1288 2746 1344 brevi
2779 1290 2910 1359 ejus
2940 1287 3191 1360 epistola
3219 1287 3599 1342 manifestum
3630 1290 3734 1340 est.

2193 1395 2448 1450 LXXXII.
2485 1395 2732 1451 Urbanus
2765 1394 3371 1518 Cumgaiéil‘agmiinvisit.
3398 1423 3464 1433 —
3489 1391 3832 1460 Privilegium

2905 1467 2934 1521 ἰ.
2973 1465 3170 1520 Βαδοῑὶ.

2261 1555 2465 1610 Visum
2492 1559 2579 1609 est
2601 1553 2832 1610 Urbano
2853 1554 3008 1612 circa
3038 1552 3216 1624 hujus
3247 1551 3386 1607 anni
3419 1551 3826 1615 medium,cum

2195 1645 2242 1699 ei
2281 1645 2476 1699 Itonia:
2508 1644 2598 1698 vix
2637 1643 2924 1716 respirare
2975 1642 3194 1708 liceret,
3230 1640 3562 1714 provincias
3605 1639 3832 1712 Rogerio

2193 1737 2248 1788 et
2279 1733 2614 1787 Boamumlo
2646 1733 2942 1802 subjectae
2973 1730 3154 1797 adire,
3190 1735 3254 1784 ut
3283 1729 3362 1784 ibi
3397 1727 3573 1801 paulo
3607 1727 3834 1783 liberius

2194 1838 2388 1876 rerum
2439 1819 2970 1876 ecclesiasticarum
3021 1835 3223 1874 curam
3273 1822 3490 1890 ageret.
3526 1819 3686 1873 Certe
3714 1833 3834 1872 cum

2199 1911 2310 1964 sub
2343 1910 2600 1964 medium
2626 1909 2845 1964 mensis
2865 1908 3114 1980 Augusti
3143 1908 3252 1963 hoc
3275 1924 3430 1962 anno
3448 1905 3510 1961 in
3541 1905 3838 1978 Campania

2199 1998 2488 2053 exstitisse
2518 2001 2745 2053 constat
2773 2013 2839 2052 ex
2871 1995 3174 2069 privilegio
3215 1993 3400 2050 sancti
3449 1993 3666 2060 Basoli,
3698 1993 3837 2066 quod

2199 2086 2488 2142 Sinuessa:
2517 2087 2719 2141 datum
2770 2091 2859 2142 est
2908 2086 3016 2141 hoc
3063 2101 3216 2140 anno
3257 2083 3350 2139 die
3397 2100 3536 2139 xvm
3570 2081 3839 2138 Kalendas

2199 2176 2580 2248 Septembris,
2616 2174 2950 2230 Burchardu
2982 2175 3247 2245 ejusdem
3280 2172 3385 2228 loci
3421 2171 3618 2228 abbati
3653 2170 3836 2228 inscri-

2203 2271 2392 2337 ptum.

2206 2373 2496 2428 LXXXIII.
2544 2372 2604 2428 S.
2658 2371 2906 2426 Anselmo
2948 2371 3138 2426 scribit
3181 2386 3282 2442 pro
3339 2368 3578 2442 Fulcone
3618 2368 3840 2438 episcopo

2488 2443 2875 2498 Bellovacensi.
2900 2474 2965 2482 ——
2997 2441 3242 2497 Anselmi
3271 2441 3573 2512 responsio.

2276 2531 2450 2588 Paulo
2481 2537 2635 2599 ante,
2668 2549 2877 2603 nempe
2905 2531 3054 2604 ipsis
3105 2529 3378 2586 Kalendis
3422 2528 3696 2602 Augusti,
3723 2542 3841 2582 nam

2204 2639 2272 2678 ex
2304 2638 2497 2676 rerum
2537 2621 2684 2676 serie
2713 2621 2768 2676 id
2801 2621 2910 2676 hoc
2941 2636 3094 2676 anno
3127 2619 3344 2676 factum
3379 2617 3564 2674 fuisse
3613 2619 3836 2678 constat,

2205 2710 2461 2782 pontifex
2495 2725 2565 2764 ex
2597 2711 2736 2764 urbe
2757 2709 2956 2782 Capua
2981 2709 3054 2764 ad
3087 2707 3323 2763 beatum
3351 2705 3699 2762 Anselmum
3719 2709 3839 2758 tunc

2205 2799 2486 2870 temporis
2523 2799 2860 2854 Beccensem
2879 2798 2937 2852 in
2960 2795 3390 2853 Northmannia
3419 2795 3692 2851 abbatem
3717 2790 3840 2848 scri-

2207 2892 2422 2959 pserat,
2457 2891 2520 2942 ut
2547 2887 2596 2942 ei
2631 2885 2944 2942 Fulconem
2985 2883 3449 2942 Bellovacensem
3498 2883 3838 2956 episcopum,

2207 2981 2378 3032 antea
2409 2975 2762 3032 monachum
2797 2979 3137 3030 Beccensem
3169 2979 3228 3030 et
3260 2973 3449 3046 ipsius
3479 2970 3737 3028 Anselmi
3764 2967 3834 3024 di-

2206 3065 2519 3137 scipulum,
2553 3064 3018 3131 commendaret;
3053 3063 3192 3135 quia
3223 3079 3354 3118 vero
3384 3060 3484 3118 ille
3524 3062 3594 3118 ad
3628 3064 3835 3116 tantum

2207 3171 2360 3209 onus
2389 3153 2802 3209 sustinendum
2835 3151 3101 3224 impar,si
3133 3151 3295 3206 solus
3323 3155 3502 3218 esset,
3536 3149 3838 3210 videbatur,

453 3238 524 3292 ad
557 3255 694 3293 suos
726 3239 1167 3296 Carthusienses
1198 3242 1550 3314 conscripta,
1571 3243 1629 3297 in
1655 3259 1772 3315 qua
1803 3226 2101 3316 sicﬂloqui-
2131 3226 2175 3293 (ἶ
2215 3244 2380 3298 beato
2411 3242 2605 3298 abbati
2641 3241 2880 3296 mandat
2910 3241 3190 3312 pontifex,
3216 3243 3282 3294 ut
3309 3239 3359 3295 ei
3391 3239 3541 3311 ipse,
3569 3243 3668 3294 aut
3688 3241 3840 3300 certe,

451 3331 550 3381 tur
581 3343 595 3383 :
625 3328 700 3382 De
729 3343 832 3394 me,
872 3331 1092 3398 fratres,
1141 3331 1349 3398 scitote,
1385 3333 1644 3403 quoniam
1690 3332 1834 3386 mihi
1880 3334 2106 3387 unicum

448 3419 568 3487 post
598 3417 770 3472 Deum
799 3421 878 3471 est
902 3417 1234 3473 desiderium
1262 3420 1520 3474 veniendi
1556 3419 1626 3474 ad
1668 3437 1778 3488 vos,
1812 3429 1863 3476 et
1890 3420 2105 3491 quando

447 3508 654 3576 potero,
683 3521 842 3576 opere
869 3506 1194 3578 adimplebo.
1229 3507 1404 3563 Plura
1450 3509 1530 3564 ibi
1574 3508 1752 3564 habet
1790 3509 1860 3564 de
1899 3508 2104 3566 mundi

453 3599 790 3666 contemptu
817 3601 1102 3651 eteorum
1154 3595 1429 3651 felicitate
1477 3597 1576 3667 qui
1623 3598 1898 3652 omnibus
1947 3599 2104 3653 curis

453 3681 704 3753 exempti
735 3683 834 3738 uni
864 3683 978 3737 Deo
1009 3683 1070 3737 in
1104 3683 1419 3739 solitudine
1441 3700 1642 3740 vacare
1663 3685 2106 3756 possunt.Simi-

451 3769 552 3828 lia.
585 3770 703 3824 imo
733 3776 789 3825 et
819 3769 992 3842 plura
1023 3770 1334 3836 habentur,
1367 3771 1424 3825 in
1457 3770 1640 3828 altera
1686 3775 1814 3842 ejus
1860 3774 2107 3846 epistola

453 3857 526 3912 ad
561 3857 936 3928 Hadulphum
980 3858 1239 3914 Viridem
1290 3865 1430 3915 tunc
1479 3861 1871 3934 praepositum,
1907 3869 2106 3936 postea

453 3945 958 4016 archiepiscopum
993 3947 1364 4014 Remensem,
1397 3966 1572 4004 suum
1603 3950 1766 4020 olim,
1800 3968 1932 4007 cum
1955 3952 2014 4008 in
2037 3969 2106 4010 ea

453 4035 598 4089 urbe
627 4034 1530 4102 moraretur,familiarem.Porro
1560 4039 1631 4094 ad
1678 4039 1835 4096 hunc
1881 4058 2102 4098 annum

455 4123 748 4178 Brunonis
769 4123 840 4178 ad
871 4123 1259 4196 Rhegiensem
1289 4125 1853 4200 archiepiscopatum
1879 4129 2106 4186 electio-

455 4227 796 4282 nem,quam
827 4211 1046 4284 vulgati
1078 4218 1346 4270 auctores
1392 4231 1544 4271 anno
1594 4217 1730 4273 1095
1761 4219 2104 4291 consignare

454 4299 662 4366 solent,
697 4300 824 4356 ideo
857 4318 1212 4370 revocamus,
1233 4305 1386 4374 quod
1420 4305 1526 4360 hoc
1559 4305 1928 4364 solummodo
1949 4325 2102 4364 anno

411 4413 418 4420 -
454 4390 563 4444 sub
598 4389 813 4444 Urbani
839 4391 1176 4462 pontificatu
1201 4393 1367 4448 sedes
1391 4393 1490 4450 illa
1511 4411 1692 4450 vacua
1717 4397 2102 4464 t'uerit,morte

453 4477 678 4533 scilicet
705 4479 993 4550 Arnulphi
1032 4479 1478 4554 archiepiscopi,
1511 4482 1626 4550 cui,
1661 4491 1963 4541 recusante
2015 4486 2100 4541 di-

453 4566 734 4660 gnitatem
768 4567 926 4660 illam
959 4569 1248 4638 Brunone,
1275 4571 1630 4660 substitutus
1662 4575 1750 4627 est
1779 4573 1890 4628 sub
1921 4573 2102 4646 hujus
2132 4595 2178 4660 ο

452 4656 590 4712 anni
643 4658 816 4713 linem
873 4659 1216 4731 Rangerius.
1284 4659 1386 4714 Hic
1453 4660 1671 4732 quippe
1730 4661 2101 4735 privilegium

449 4744 734 4803 Theodori
751 4746 1172 4819 Squillacensis
1187 4747 1442 4820 episcopi
1459 4766 1638 4821 supra
1655 4748 1958 4807 laudatum
1971 4768 2102 4808 con-

448 4835 700 4891 firmavit
729 4837 822 4892 die
865 4839 931 4892 17
959 4837 1293 4892 Decembris
1341 4854 1494 4892 anno
1543 4839 1700 4905 1090,
1733 4839 2100 4912 archiepisco-

444 4940 546 4994 pus
577 4926 887 4996 Rhegiensis
915 4927 1133 4992 electus,
1175 4942 1241 4980 ac
1287 4924 1562 4998 deinceps
1606 4927 1677 4982 ad
1711 4945 1930 4984 annum
1968 4931 2103 4986 1106

449 5011 624 5065 variis
649 5013 910 5068 conciliis
925 5019 981 5069 et
996 5013 1245 5086 publicis
1261 5013 1668 5070 instrumentis
1683 5033 1748 5070 su
1760 5017 2102 5089 bscripsissc

452 5103 814 5153 memoratur
841 5101 951 5154 sub
984 5101 1400 5173 archiepiscopi
1445 5102 1631 5169 titulo,
1667 5109 1730 5158 ut
1779 5105 1968 5162 videre
2015 5111 2104 5161 est

453 5189 608 5258 apud
645 5187 951 5260 Ughcllum
981 5193 1138 5244 tomo
1171 5190 1240 5245 IX
1275 5189 1448 5245 Italiae
1500 5207 1697 5246 sacrae.
1742 5191 1955 5248 Verum
1994 5194 2102 5249 etsi

454 5275 650 5330 Bruno
685 5275 845 5330 nulla
875 5277 1121 5349 fulgeret
1150 5278 1450 5350 dignitate,
1485 5278 1666 5334 nihilo
1696 5283 1893 5335 tamen
1916 5281 2107 5336 minor

457 5365 566 5419 fuit
595 5365 749 5436 apud
782 5365 1110 5435 pontiﬁcem
1143 5366 1270 5436 ejus
1303 5367 1640 5434 auctoritas,
1675 5374 1741 5422 ut
1770 5373 1977 5438 praeter
2005 5386 2106 5424 caa-

459 5456 586 5508 tera
607 5453 814 5524 probat
833 5453 1190 5510 Paschalisll
1207 5454 1455 5527 epistola
1467 5455 1539 5510 ad
1566 5454 1897 5510 Lanuinum
1919 5455 2106 5529 ipsius

462 5540 521 5596 in
545 5540 824 5596 Calabrici
851 5543 1188 5598 monasterii
1209 5543 1492 5616 regimine
1505 5559 2106 5618 succcssorcm,quem

463 5630 548 5691 sic
565 5632 824 5708 pontifex
851 5629 1170 5710 alloquitur
1199 5648 1213 5692 :
1249 5654 1278 5688 ι(
1307 5631 1388 5692 Te
1419 5630 1479 5688 in
1505 5628 1701 5690 locum
1731 5634 1942 5693 sanctas
1987 5651 2106 5700 me.

2213 3348 2280 3388 eo
2315 3329 2836 3403 impedito,aliquis
2865 3347 2933 3386 ex
2963 3330 3091 3400 ejus
3122 3327 3422 3393 fratribus,
3457 3343 3692 3399 semper
3719 3321 3841 3381 assi-

2214 3423 2330 3476 stat
2357 3419 2518 3476 illius
2546 3419 2802 3492 episcopi
2825 3420 3360 3484 monitor,corrector
3375 3419 3550 3489 atque
3577 3415 3843 3471 consultor.

2215 3509 2363 3564 Tum
2397 3508 2704 3564 certiorem
2737 3524 2872 3563 cum
2903 3506 3150 3576 facit,se,
3184 3505 3472 3578 quidquid
3517 3505 3576 3560 in
3607 3501 3844 3574 ejusdem

2213 3597 2470 3668 episcopi
2519 3596 2885 3652 ordinatione
2935 3595 3212 3652 vitiosum
3265 3593 3519 3666 irrepere
3577 3591 3843 3666 potuerat,

2214 3683 2794 3757 indulsisse.Denique
2821 3684 2980 3739 varia
3007 3682 3283 3739 Anselmo
3315 3682 3551 3754 negotia
3581 3695 3844 3738 commen-

2213 3773 2333 3838 dat,
2368 3791 2493 3846 quzs
2525 3775 2584 3829 in
2611 3774 2740 3844 ejus
2769 3772 3014 3846 epistola
3042 3771 3428 3844 explicantur.
3460 3773 3536 3827 At
3581 3770 3682 3836 ibi,
3715 3768 3846 3825 sicut

2213 3863 2354 3918 etin
2387 3861 2516 3918 aliis
2547 3863 2769 3935 passim
2803 3861 3018 3918 Urbani
3061 3860 3347 3934 epistolis,
3381 3861 3689 3917 observare
3731 3855 3848 3911 licet

2213 3950 2372 4006 illius
2404 3949 2860 4006 sollicitudinem
2891 3955 2946 4006 et
2977 3965 3180 4006 curam
3219 3949 3276 4005 in
3309 3948 3673 4005 accersendis
3703 3945 3769 4002 ad
3798 3958 3848 3998 se

2211 4038 2351 4094 viris
2382 4039 2571 4094 doctis
2600 4043 2657 4095 et
2691 4039 2825 4111 piis,
2855 4039 2954 4110 qui
2989 4055 3124 4094 eum
3172 4038 3244 4094 ad
3291 4037 3668 4111 pontiﬁcatus
3695 4047 3849 4090 onera

2212 4127 2560 4184 sustinenda
2583 4128 2652 4183 ad
2651 4127 2675 4198 j
2688 4127 3278 4200 uvarent.Respondit
3307 4131 3440 4200 post
3459 4125 3696 4198 aliquod
3718 4127 3848 4180 tem-

2211 4233 2323 4288 pus
2353 4215 2568 4272 Urbani
2597 4214 2807 4272 litteris
2840 4215 3247 4284 Anselmus,ut
3273 4215 3323 4272 ei
3355 4215 3426 4271 de
3457 4213 3850 4283 Fulconis,per

2214 4320 2389 4376 quem
2421 4303 2552 4358 illas
2597 4307 2918 4376 acceperat,
2949 4304 3228 4362 electione
3260 4304 3548 4360 rationem
3583 4300 3846 4359 redderet.

2212 4393 2276 4449 Ei
2326 4393 2447 4448 viro
2497 4409 2806 4449 assensum
2851 4411 3027 4450 suum
3079 4393 3399 4466 praebuisse
3451 4394 3743 4450 asseverat
3779 4403 3849 4443 co-

2211 4487 2392 4538 actum
2422 4483 2754 4537 Francorum
2783 4486 2928 4552 regis
2958 4491 3009 4538 et
3039 4485 3174 4539 cleri
3203 4483 3624 4548 Bellovaeensis,
3659 4482 3846 4536 instan-

2211 4572 2310 4638 tia,
2342 4587 2467 4626 cum
2497 4586 2721 4626 assensu
2769 4571 3038 4627 Bernensis
3089 4571 3503 4643 arciiiepiscOpi,
3534 4569 3686 4626 nullo
3727 4565 3845 4622 mi-

2209 4663 2419 4726 stente;
2454 4659 2536 4714 ita
2566 4663 2652 4726 ut,
2687 4659 2820 4726 nisi,
2856 4658 3048 4731 inquit
3069 4659 3158 4715 vir
3187 4663 3448 4731 sanctus,
3482 4661 3582 4714 hoc
3607 4661 3844 4731 facerem.

2215 4753 2383 4804 Deum
2413 4749 2662 4803 timerem
2692 4748 3184 4818 offendereouare
3219 4747 3552 4822 pontificem
3583 4748 3762 4818 rogat,
3793 4743 3847 4796 ut

2211 4835 2366 4894 datis
2418 4837 2489 4891 ad
2540 4835 3068 4908 archiepiscopum,
3101 4837 3366 4910 aliosque
3411 4835 3718 4910 provinciae
3756 4831 3847 4886 Re-

2213 4925 2434 4981 mensis
2465 4923 2902 4992 antistites,imo
2933 4929 2988 4980 et
3027 4927 3099 4982 ad
3131 4925 3567 4983 Bellovacenses
3599 4932 3842 4998 proceres

2213 5014 2343 5071 aliis
2373 5013 2608 5082 litteris,
2636 5013 2946 5069 Fulconcm
2987 5015 3113 5086 jam
3164 5016 3422 5070 secundo
3455 5015 3699 5070 Romam
3729 5023 3844 5082 pro-

2213 5105 2432 5159 fectum
2463 5103 2738 5156 adversus
2772 5101 3085 5158 malevolos
3107 5101 3374 5159 homines
3397 5120 3433 5158 a
3449 5103 3664 5175 quibus
3686 5099 3843 5155 ferme

2213 5190 2672 5264 opprimebatur,
2731 5207 2839 5245 sua
2889 5191 3233 5247 auctoritate
3283 5191 3666 5248 communiat.
3713 5186 3844 5241 Tum

2213 5277 2566 5352 compatitur
2592 5279 2680 5333 vir
2705 5283 2945 5336 sanctus
2977 5277 3036 5334 in
3065 5279 3174 5336 hac
3203 5279 3471 5352 epistola,
3521 5295 3649 5351 quis
3677 5278 3762 5344 est
3783 5269 3843 5327 33

2213 5367 2346 5424 libri
2399 5383 2460 5435 ιι,
2513 5366 2772 5438 pontiﬁci
2823 5367 2882 5422 in
2933 5367 3127 5424 medio
3169 5366 3616 5424 tribulationum
3655 5361 3842 5438 posito,

2213 5456 2459 5527 ideoque
2484 5453 2596 5526 ipsi
2628 5471 2766 5511 suas
2797 5471 3158 5528 suorumque
3187 5455 3436 5512 fratrum
3466 5470 3666 5530 preces
3696 5445 3844 5524 polli-

2213 5539 2482 5620 (δέδαε-,μί
2511 5544 2564 5600 ei
2591 5547 2746 5599 Deus
2775 5545 2984 5616 mitiget
3015 5561 3049 5600 α
3076 5544 3266 5601 diebus
3295 5545 3460 5601 malis
3487 5543 3655 5602 donec
3686 5537 3842 5614 fodia-

2211 5637 2306 5702 tur
2328 5632 2606 5710 peccatori
2631 5633 2808 5713 fovea.
2842 5631 3104 5712 Denique
3133 5632 3568 5715 praecidit,un
3592 5633 3730 5696 Deus
3753 5637 3846 5690 non
