3958 6224
137 309 194 378 αττ
1730 319 1775 382 v

3459 328 3539 393 78

144 453 370 522 relinquet
400 448 625 522 virgam
644 454 1005 525 peccatorum
1033 468 1195 525 super
1220 458 1423 509 sortem
1462 455 1737 525 justorum
1756 473 1777 517 ,-
1807 463 1862 529 Α
1892 460 2195 512 auctorum
2228 456 2403 513 etiam
2434 457 2745 530 aequalium
2779 457 3131 514 testimoniis
3160 457 3253 515 vix
3287 458 3538 533 intelligi

142 544 246 613 quia
292 540 675 598 haereditatem
731 559 898 598 suam
948 559 1059 599 non
1114 542 1470 614 derelinquet,
1519 552 1570 599 et
1605 548 1783 615 portae

139 634 283 702 inferi
332 648 444 687 non
517 632 907 703 prmualebunt
978 633 1233 688 adversus
1308 649 1448 687 eam.
1520 633 1780 705 Denique

134 720 485 794 privilegium
518 738 624 793 pro
659 738 772 777 suo
806 721 1080 777 Beccensi
1114 722 1471 776 monasterio
1502 720 1777 794 postulat,

132 810 267 883 quod
291 826 364 866 an
398 827 667 882 unquam
699 809 1104 883 impetraverit
1150 812 1439 866 incertum
1471 815 1578 867 est.
1630 811 1779 874 Quid

125 917 245 955 vero
285 902 492 971 postea
534 899 783 956 Fulconi
836 900 1144 973 contigerit
1173 900 1231 955 in
1283 900 1777 973 consequentibus

123 989 396 1044 dicemus.

120 1095 395 1151 LXXXIV.
447 1094 752 1165 Conﬁrmat
788 1097 1083 1166 pririlegia
1116 1097 1371 1153 Ecclesiae
1423 1096 1772 1150 Rarellensis.

179 1170 571 1238 Episcoporum
603 1167 994 1223 ordinationes.
1024 1169 1107 1222 Ex
1134 1169 1219 1222 his
1247 1170 1388 1239 forte
1416 1168 1777 1238 Berengarius

182 1240 424 1294 l’enusii.
460 1245 547 1294 An
577 1238 951 1294 Guitmundus
980 1240 1204 1294 Aversze.

176 1345 403 1402 Interea
435 1345 733 1413 Urbanus,
769 1361 904 1401 cum
937 1347 1091 1417 apud
1114 1344 1420 1401 Salernum
1454 1350 1627 1409 esset,
1662 1346 1774 1401 Ra-

104 1434 381 1490 vellensis
406 1450 515 1490 seu
549 1433 919 1490 Rebellensis
947 1434 1233 1501 Ecclesiae,
1270 1451 1448 1506 quam
1470 1435 1669 1490 Victor
1698 1434 1774 1489 III

103 1527 226 1595 ejus
256 1522 618 1579 decessorin
651 1522 1043 1594 episcopalem
1077 1523 1274 1578 sedem
1293 1528 1571 1587 erexerat,
1604 1522 1775 1594 privi-

101 1612 249 1684 legia
281 1611 684 1677 confirmavit,
712 1610 1282 1682 datodiplomatedie
1312 1611 1441 1683 ipso
1475 1612 1769 1666 Nonarum

102 1701 469 1756 Octobrium.

166 1788 403 1845 Greavit
433 1787 615 1844 etiam
669 1787 940 1844 Urbanus
994 1789 1254 1845 diversos
1307 1789 1610 1862 episcopos
1670 1806 1772 1862 per

101 1879 241 1934 illud
277 1883 548 1949 tempus,
583 1894 649 1933 ex
682 1877 900 1949 quibus
934 1883 1137 1934 Petrus
1179 1878 1239 1933 in
1270 1879 1557 1935 Chronico
1603 1878 1769 1934 Casi-

102 1968 266 2024 nensi
316 1967 474 2022 libro
507 1984 584 2033 iv,
645 1983 774 2038 cap.
806 1969 861 2033 7,
924 1968 1069 2023 duos
1112 1967 1313 2023 laudat
1368 1984 1435 2022 ex
1466 1967 1768 2023 Casinensi

104 2055 462 2113 monasterio
492 2060 858 2128 assumptos,
890 2055 1265 2111 Benedictum
1300 2056 1522 2112 scilicet
1550 2056 1609 2111 in
1634 2056 1767 2112 Sar-

101 2146 260 2202 dinia
287 2144 511 2209 insula,
544 2149 603 2200 et
632 2144 1000 2217 Raynaldum
1035 2144 1261 2209 Caietae,
1295 2146 1395 2217 qui
1444 2145 1552 2201 hoc
1591 2162 1764 2214 anno,

103 2240 165 2289 ut
190 2234 352 2290 idem
382 2236 596 2291 auctor
624 2232 803 2287 habet
834 2233 1019 2305 capite
1037 2232 1325 2306 sequenti,
1360 2234 1541 2289 altare
1566 2234 1765 2288 Sancti

104 2324 350 2391 Erasmi,
384 2328 445 2378 et
498 2340 653 2378 anno
703 2322 973 2394 sequenti
1020 2340 1089 2378 ex
1137 2323 1409 2395 anonymi
1460 2323 1762 2390 Chronico,

104 2412 407 2469 ecclesiam
440 2411 642 2467 Sancti
674 2411 920 2467 Andreae
943 2412 1003 2466 in
1036 2429 1201 2467 sacro
1232 2415 1429 2467 monte
1459 2427 1762 2468 consecra-

104 2503 201 2556 vit.
230 2502 350 2557 Hoc
381 2501 593 2557 eodem
626 2517 804 2568 anno,
838 2504 903 2554 ut
923 2501 1048 2571 jam
1102 2501 1378 2568 diximus,
1441 2501 1764 2573 Rangerius

108 2590 451 2663 Rhegiensis
482 2588 752 2645 Ecclesia:
768 2589 1022 2660 regimen
1042 2589 1321 2662 suscepit.
1354 2595 1409 2645 Is
1430 2591 1686 2661 primum
1705 2590 1762 2643 in

105 2680 301 2747 Maiori
334 2678 694 2735 Monasterio
722 2695 903 2750 prope
923 2679 1188 2734 Turonos
1206 2679 1531 2734 monachus
1554 2678 1761 2745 fuerat,

104 2770 253 2825 unde
282 2773 499 2844 Cavam
533 2767 882 2834 translatus,
914 2766 1147 2822 Urbano
1179 2773 1350 2823 notus
1397 2768 1525 2834 fuit,
1559 2785 1593 2823 a
1624 2784 1760 2840 quo,

106 2863 166 2913 ut
194 2859 371 2914 habet
401 2854 689 2931 Ughellus
723 2861 881 2912 tomo
914 2856 988 2910 IX
1022 2856 1196 2911 Italiae
1220 2874 1418 2925 sacrm,
1452 2855 1763 2911 cardinalis

103 2954 224 3002 tum
280 2945 635 3019 Rbegiensis
687 2944 1167 3017 archiepiscopus
1218 2946 1404 3001 factus
1452 2949 1559 3002 est.
1605 2945 1763 3000 Idem

103 3042 302 3092 auctor
333 3042 495 3090 tomo
524 3033 601 3088 VI
633 3033 843 3089 scribit
872 3034 1125 3089 amicum
1161 3034 1345 3089 sancti
1377 3033 1671 3089 Vincentii
1692 3033 1764 3088 de

105 3125 385 3180 Volturno
446 3123 557 3178 hoc
615 3139 855 3195 quoque
894 3139 1047 3177 anno
1106 3127 1366 3179 creatum
1401 3124 1471 3178 ab
1529 3122 1761 3178 Urbano

1890 550 2099 618 potest.
2133 546 2313 602 Nemo
2344 546 2583 618 quidem
2603 546 3227 604 ncscitGuitmundum
3258 564 3361 605 seu
3388 548 3538 605 Wit-

1889 635 2178 691 mundum
2209 652 2239 691 e
2271 636 2553 693 monacho
2586 637 2783 693 Sancti
2814 637 3102 703 Leufredi,
3134 637 3207 693 ob
3237 637 3458 711 scripta
3476 638 3537 695 in

1890 724 2223 797 Berengarii
2256 742 2480 781 errores
2512 724 2795 781 celebrem
2826 725 2887 781 in
2920 727 3282 783 Aversanum
3314 727 3538 799 episco-

1890 829 2028 885 pum
2062 819 2435 886 assumptum
2452 815 2654 871 fuisse.
2688 815 2746 871 Id
2763 815 3145 889 enimprtnter
3172 815 3535 886 Ordericum,

1890 902 1981 956 Ivo
2012 903 2384 959 Carnotensis
2414 905 2681 971 antistes,
2716 905 2885 977 epist.
2903 907 2995 973 78;
3029 903 3359 962 Willelmus
3389 903 3537 962 Mal-

1887 991 2310 1048 mesburiensis
2340 996 2395 1048 et
2414 991 2510 1047 alii
2541 1009 2745 1066 graves
2763 997 3030 1050 auctores
3042 993 3263 1066 passim
3287 994 3542 1052 afﬁrma-

1887 1083 2045 1134 runt.
2078 1084 2152 1134 At
2185 1080 2340 1135 Idem
2368 1080 2461 1136 Ivo
2479 1080 2693 1137 decreti
2724 1086 2887 1153 parte
2902 1098 2976 1150 ιν,
3003 1099 3129 1155 cap.
3155 1082 3281 1152 213;
3306 1082 3540 1141 Gratia—

1885 1186 2018 1227 nus.
2076 1169 2212 1224 dist.
2245 1171 2299 1235 8,
2332 1186 2457 1242 cap.
2490 1171 2543 1225 5:
2566 1169 2628 1225 Si
2640 1170 3104 1236 consuetudinem,
3137 1174 3195 1226 et
3218 1170 3316 1226 alii
3347 1172 3541 1228 decre-

1882 1262 2007 1312 tum
2042 1257 2343 1329 proferunt
2365 1274 2433 1313 ex
2461 1259 2720 1331 Gregorii
2748 1260 2849 1314 VII
2866 1260 3113 1333 epistola
3144 1260 3215 1316 ad
3235 1260 3539 1319 Witmun-

1886 1347 2022 1401 dum
2059 1348 2416 1403 Aversanum
2450 1348 2687 1421 scripta,
2722 1348 2779 1403 in
2800 1365 2974 1421 quem
3007 1348 3249 1405 titulum
3279 1365 3537 1408 errorem

1884 1435 2193 1507 irrepsisse
2216 1452 2389 1491 nemo
2414 1436 2641 1505 dixerit,
2666 1437 2712 1492 si
2747 1436 3016 1493 consulat
3042 1438 3269 1494 codices
3300 1455 3445 1495 mss.
3476 1441 3536 1495 et

1883 1525 2089 1592 editos,
2125 1525 2183 1580 in
2208 1525 2423 1579 Baluzii
2452 1525 2604 1581 notis
2637 1526 2708 1581 ad
2727 1524 3535 1593 Gratianumlaudatosouid

1883 1612 2091 1683 igitur?
2121 1612 2167 1667 si
2201 1613 2460 1667 divinare
2493 1611 2646 1679 licet,
2680 1617 2782 1667 aut
2832 1614 2947 1668 duo
2979 1613 3138 1668 fuere
3184 1613 3533 1669 Guitmundi

1880 1701 2158 1757 Avcrsani
2189 1702 2465 1774 episcopi,
2500 1706 2564 1756 ut
2595 1702 2929 1774 suspicatus
2958 1705 3048 1757 est
3086 1699 3387 1774 Ughellus,
3431 1702 3534 1757 aut

1882 1795 2033 1846 certe
2055 1791 2367 1863 Gregorius
2383 1795 2649 1846 nostrum
2663 1791 2856 1846 Guitm
2866 1791 3088 1846 undum
3104 1790 3291 1863 primo
3303 1792 3531 1847 Aversa

1881 1880 2043 1935 urbis
2071 1880 2408 1952 episcopum
2443 1880 2675 1945 creavit,
2710 1884 2767 1935 et
2787 1880 3052 1937 Urbanus
3072 1880 3343 1936 eumdem
3367 1878 3533 1953 pallii

1879 1968 2252 2025 concessione
2283 1968 2703 2041 archiepiscopi
2723 1967 2894 2024 titulo
2924 1973 2981 2024 et
3006 1968 3226 2025 honore
3242 1969 3531 2026 condeco-

1880 2058 2047 2125 ravit;
2080 2064 2204 2114 tum
2239 2062 2303 2113 ut
2332 2064 2565 2113 tantum
2596 2057 2895 2115 hominem
2927 2057 3124 2131 aliqua
3153 2057 3533 2131 prasrogativa

1879 2146 2158 2220 singulari
2195 2146 2534 2213 illustraret;
2550 2163 2706 2215 cum,
2725 2152 2791 2201 ut
2806 2145 3227 2203 Northmannis
3252 2144 3533 2220 principi-

1878 2236 2008 2302 bus,
2042 2234 2143 2307 qui
2171 2235 2322 2291 hanc
2353 2234 2557 2291 urbem
2596 2238 3004 2291 exstruxerant
3050 2238 3109 2291 et
3150 2234 3531 2308 potissimum

1876 2323 2166 2393 colebant,
2198 2327 2429 2395 gratum
2488 2323 2721 2379 faceret.
2756 2322 2920 2379 Certe
2968 2322 3280 2379 Ordericus
3334 2323 3533 2379 innuit

1876 2413 2174 2469 Urbanum
2207 2410 2402 2466 nescio
2435 2410 2577 2483 quid
2610 2410 2927 2483 singularis
2949 2408 3239 2483 privilegii
3268 2426 3335 2467 ea
3363 2426 3529 2468 occa-

1874 2500 2476 2557 sioneGuitmundum
2491 2499 2547 2554 in
2566 2499 3105 2555 Northmannorum
3125 2499 3375 2572 gratiam
3399 2515 3531 2561 con.

1873 2591 2141 2647 cessisse.
2203 2592 2330 2646 litvo
2385 2592 2533 2654 urbs,
2594 2589 2808 2667 inquit,
2870 2596 3107 2660 tempore
3154 2589 3344 2645 Leonis
3400 2589 3468 2644 IX
3494 2605 3531 2645 a

1872 2679 2285 2748 Northmannis,
2320 2681 2415 2751 qui
2426 2679 2606 2750 primo
2635 2678 2893 2750 Apuliam
2908 2678 3253 2734 incoluerant
3279 2681 3528 2734 constru-

1872 2777 1955 2824 cta
1986 2777 2081 2838 est,
2114 2772 2166 2823 et
2195 2785 2229 2823 a
2278 2768 2557 2833 Romanis,
2589 2769 2722 2840 quia
2766 2767 2835 2822 ab
2863 2767 3101 2823 adversis
3147 2768 3261 2823 sibi
3304 2768 3530 2823 cantibus

1875 2857 2271 2927 mdiﬁcabatur,
2311 2856 2559 2912 Adversis
2587 2856 2800 2913 dicta...
2827 2856 3043 2913 divitiis
3071 2856 3329 2928 opulenta
3354 2856 3528 2913 Cisal-

1872 2950 2195 3019 pinorum...
2224 2946 2724 3001 Northmannorum
2750 2947 2964 3017 optione
2990 2946 3095 3000 soli
3118 2959 3282 3017 papa?
3298 2933 3534 3015 'grattm-

1874 3039 1957 3091 ter
2012 3035 2208 3100 obedit,
2266 3052 2299 3089 a
2345 3051 2447 3105 quo
2504 3034 2899 3090 Guitmundum
2961 3034 3259 3106 sOphistam
3309 3035 3531 3106 mystici

1874 3124 2081 3180 decoris
2107 3124 2280 3196 pallio
2312 3126 2605 3194 insigniter
2624 3123 2943 3178 redimitum
2967 3122 3279 3194 pontiﬁcem
3299 3124 3531 3193 accepit.

106 3215 282 3268 fuisse
312 3212 660 3268 canlinalem
685 3211 1067 3283 presbyterum
1115 3211 1332 3268 Sanctae
1373 3211 1559 3266 Crucis
1592 3213 1651 3266 in
1674 3213 1764 3266 Je-
1798 3197 1840 3263 C
1878 3212 1982 3276 Qui
2015 3212 2382 3284 archiprwsut
2411 3229 2533 3267 eam
2562 3211 2659 3266 diu
2684 3214 2847 3280 rexit,
2872 3215 2923 3267 et
2953 3212 3261 3282 apostolicis
3300 3211 3531 3282 privile-

105 3304 368 3369 rusalem,
428 3302 533 3373 qui
585 3304 793 3373 postea
824 3300 882 3354 in
939 3300 1368 3356 ZEserniensem
1428 3300 1766 3372 episcopum

106 3397 474 3464 assumptus,
522 3391 767 3446 demum
824 3390 1021 3445 Casini
1071 3389 1436 3461 temporibus
1482 3388 1686 3443 Calixti
1718 3388 1767 3443 II

103 3481 268 3536 obiit.

172 3571 255 3625 Ad
286 3570 444 3626 hunc
458 3569 640 3626 etiam
659 3584 908 3634 annum,
931 3568 1017 3623 uti
1033 3567 1279 3635 videtur,
1303 3567 1553 3623 revocari
1578 3570 1769 3639 potest

99 3657 435 3731 Berengarii
466 3657 763 3730 promotio
804 3657 875 3711 ad
934 3655 1296 3712 Venusinam
1344 3655 1765 3728 episcopatum.

101 3746 195 3803 Hic
220 3748 284 3804 in
304 3748 565 3804 Uticensi
593 3746 797 3803 Sancti
812 3744 1029 3800 Ebrulli
1047 3745 1400 3800 monasterio
1424 3744 1771 3800 Northman-

104 3836 198 3891 nias
233 3837 349 3893 sub
381 3838 554 3893 beato
585 3834 951 3891 Theoderico
982 3833 1189 3889 abbate
1218 3832 1519 3899 educatus,
1550 3833 1768 3889 Rober-

99 3928 210 3981 tum
246 3925 602 3982 Theoderici
631 3939 1058 3989 successorem,
1096 3939 1271 3994 quem
1305 3922 1602 3978 Osbernus
1636 3921 1771 3978 inva

95 4014 647 4071 soremonasterio
710 4012 988 4069 excedere
1038 4015 1328 4083 coegerat,
1378 4010 1437 4065 in
1495 4009 1768 4082 Apuliam

96 4103 290 4159 fuerat
302 4102 681 4171 secutus,ubi
699 4118 836 4157 cum
854 4117 955 4173 per
969 4099 1185 4155 multos
1208 4117 1392 4155 annos
1415 4100 1770 4156 monasterio

91 4198 321 4248 Sancta:
357 4191 671 4248 Trinitatis
703 4190 861 4261 apud
894 4187 1216 4243 Venusium
1247 4188 1595 4260 praefuisset,
1641 4192 1770 4243 tan-

1875 3304 1985 3372 giis
2015 3302 2081 3357 ab
2111 3303 2264 3357 omni
2291 3302 2612 3356 mortalium
2639 3302 2921 3356 exactione
2952 3301 3094 3355 liber
3115 3300 3346 3371 plausit.
3396 3303 3531 3355 Ηωο

1877 3390 2238 3462 conjiciendo
2265 3390 2421 3444 dicta
2441 3388 2578 3455 sint,
2610 3389 2795 3444 donec
2821 3387 3037 3460 aliquis
3079 3387 3328 3444 certiora
3372 3388 3531 3443 inve-

1877 3480 2018 3535 niat.
2055 3477 2200 3533 Huic
2231 3478 2592 3533 Guitmundo
2623 3476 2928 3548 rescripsit
2956 3476 3249 3546 Urbanus,
3281 3475 3353 3530 de
3383 3474 3530 3532 reci-

1877 3567 2106 3641 piendis
2131 3566 2970 3635 cxcommunicatorum,modo
2986 3563 3359 3638 resipuerint,
3381 3563 3531 3621 elec-

1877 3658 2159 3730 mosynis.
2189 3658 2372 3722 Quam
2406 3654 2738 3728 epistolam,
2772 3659 2875 3711 aut
2894 3658 3048 3711 certe
3077 3654 3373 3727 insignem
3401 3654 3530 3725 ejus

1878 3751 2123 3820 partem,
2156 3745 2309 3800 circa
2336 3744 2562 3800 Julium
2597 3760 2884 3814 mensem,
2936 3744 3035 3799 sed
3084 3760 3238 3800 anno
3286 3742 3528 3811 incerto,

1878 3837 2176 3907 scriptam,
2207 3835 2324 3903 lvo,
2339 3839 2396 3890 et
2407 3839 2541 3906 post
2555 3850 2688 3889 eum
2703 3834 3016 3891 Gratianus
3029 3832 3090 3888 in
3122 3831 3370 3889 decretis
3384 3831 3532 3902 suis,

1878 3924 2147 3980 retulere.

1998 4029 2258 4087 LXXXV.
2290 4029 2428 4087 Mors
2453 4029 2807 4113 Adalberonis
2835 4030 3071 4102 episcopi
3104 4029 3406 4085 Wirzbur-

2599 4117 2802 4172 gencis.

1950 4191 2165 4248 Verum
2195 4208 2261 4247 eo
2293 4195 2554 4263 tempore
2585 4207 2700 4262 quo
2743 4190 2923 4246 variis
2956 4190 3232 4246 Ecclesiis
3273 4190 3332 4247 in
3364 4186 3535 4245 Italia

90 4280 254 4349 dem,
292 4281 385 4336 uti
417 4280 737 4336 0rdericus
769 4276 978 4332 Vitalis
1003 4278 1175 4332 refert
1202 4276 1350 4333 libro
1368 4295 1488 4345 VIII,
1521 4294 1619 4351 pro
1647 4279 1773 4332 vitae
1881 4284 2145 4353 pastores
2173 4280 2509 4351 providebat
2540 4279 2829 4347 Urbanus,
2864 4279 3163 4352 egregium
3186 4294 3254 4334 ac
3282 4276 3537 4334 invictis-

86 4373 297 4426 merito
327 4374 382 4425 et
411 4370 701 4440 sapientia:
730 4368 979 4422 doctrina
1009 4366 1079 4421 ad
1114 4368 1492 4438 pontiﬁcatum
1516 4369 1775 4439 prwfatae
1883 4370 2099 4425 simum
2133 4367 2629 4440 sedisapostolicie
2644 4366 3210 4440 propugnatoremin
3223 4366 3538 4425 Germania

84 4459 321 4513 urbisa
350 4474 500 4530 papa
558 4457 778 4514 Urbano
831 4463 1109 4527 promotus
1154 4459 1250 4510 est.
1304 4460 1465 4510 Tunc
1516 4461 1712 4511 tamen
1741 4473 1775 4511 a
1883 4456 3295 4529 amisit,AdalberonemscilicetWirzburgensem
3316 4454 3538 4530 episco-

77 4548 254 4616 plebe
308 4548 549 4602 electum
601 4543 914 4601 Venusinae
962 4544 1114 4599 urbis
1169 4548 1536 4617 episcopatum
1576 4560 1772 4600 susce-
1806 4567 1851 4631 D
1884 4564 2047 4620 pum,
2082 4545 2183 4618 qui
2214 4545 2346 4601 licet
2374 4563 2403 4601 e
2426 4546 2615 4618 patria
2643 4545 3103 4613 extorristuerit,
3125 4549 3183 4601 et
3203 4545 3540 4617 frequenter

75 4634 668 4707 pisseasseritidem
701 4632 1158 4690 auctorlibrom.
1192 4634 1262 4688 Et
1293 4634 1528 4705 quidem
1555 4637 1775 4688 utrum-
1885 4654 1916 4691 e
1946 4654 2053 4691 sua
2083 4636 2219 4691 sede
2250 4635 2477 4707 pulsus,
2503 4633 2782 4691 ecclesias
2799 4639 2995 4690 tamen
3010 4634 3299 4700 dedicare,
3334 4648 3539 4687 mona-

75 4742 207 4797 que
245 4728 447 4796 potest
477 4739 849 4780 esseverum.
879 4724 950 4776 At
965 4722 1180 4777 mirum
1212 4722 1469 4778 esthunc
1492 4727 1779 4793 Berenga-
1888 4725 2066 4780 stcria
2097 4727 2446 4792 restaurare,
2482 4728 2585 4779 aut
2614 4723 2684 4779 de
2716 4740 2863 4779 novo
2894 4722 3161 4788 condere,
3194 4720 3426 4793 aliaque
3444 4719 3539 4775 sui

78 4815 253 4868 rium
270 4814 351 4869 ab
365 4812 613 4887 Ughello
644 4813 705 4867 in
722 4809 1429 4883 catalogoVenusinorum
1445 4809 1777 4866 antistitum
1888 4812 2110 4868 ordinis
2145 4812 2346 4867 munia
2376 4828 2637 4867 exercere
2669 4828 2783 4868 non
2801 4810 3044 4867 destitit.
3074 4809 3194 4866 Etsi
3219 4812 3342 4881 post
3370 4811 3539 4865 innu-

78 4908 262 4958 tomo
292 4902 401 4958 VII
442 4902 621 4959 Italiae
654 4917 837 4957 sacra:
868 4900 1218 4956 recensitum
1252 4917 1367 4956 non
1398 4902 1596 4957 fuisse.
1887 4919 2060 4969 mera,
2103 4905 2168 4956 ut
2225 4901 2307 4956 ait
2360 4900 2690 4968 Bertoldus,
2739 4904 2796 4957 et
2823 4898 3115 4955 consentit
3158 4898 3303 4956 Vita:
3360 4898 3541 4971 hujus

165 4992 419 5047 Laudat
442 4992 600 5047 idem
625 4989 943 5045 Ordericus
973 4988 1176 5044 Vitalis
1207 4988 1357 5044 libro
1388 5007 1443 5044 1v
1465 4990 1779 5046 Guitmun-
1889 4995 2110 5060 auctor,
2165 4990 2437 5061 pericula,
2482 4998 2535 5045 et
2588 4991 2772 5044 varias
2819 4990 3237 5061 persecutiones,
3297 4990 3359 5042 in
3401 4989 3544 5043 bona

86 5082 245 5136 dum
279 5081 651 5137 monachum
686 5077 890 5133 Crucis
923 5077 1116 5133 Sancti
1135 5079 1410 5144 Buderni,
1444 5095 1546 5134 seu
1580 5079 1778 5134 Sancti
1887 5081 2218 5150 confessione
2245 5079 2390 5133 diem
2419 5080 2617 5134 clausit
2636 5086 2941 5134 extremum
2962 5077 3056 5133 die
3074 5082 3237 5133 sexta
3257 5076 3542 5147 Octobris,

92 5170 383 5225 Leufredi
417 5171 477 5225 in
498 5166 1146 5239 Northmannia,quem
1167 5167 1494 5239 postvarias
1517 5168 1782 5223 fortunas
1892 5167 2156 5240 sepultus
2203 5166 2263 5221 in
2313 5166 2669 5223 monasterio
2730 5165 3130 5234 Lambacensi,
3165 5166 3319 5238 quod
3352 5182 3387 5221 a
3417 5165 3542 5221 suis

92 5260 425 5332 Gregorius
456 5259 559 5314 VII
609 5254 961 5312 cardinalem
1009 5261 1207 5311 sanctae
1248 5258 1506 5314 Romanae
1533 5259 1781 5313 Ecclesiae
1889 5257 2233 5327 parentibus
2255 5256 2557 5311 conditum
2584 5261 2642 5310 et
2666 5254 2871 5311 multis
2892 5272 2927 5310 a
2956 5254 3203 5310 sebonis
3233 5252 3548 5325 locupleta-

92 5351 374 5421 prmfecit,
404 5353 461 5405 et
513 5347 783 5404 Urbanus
823 5360 969 5414 papa
1004 5346 1127 5416 jam
1171 5346 1459 5416 probatum
1506 5348 1564 5401 in
1591 5346 1781 5401 multis
1887 5350 2036 5413 tum,
2069 5344 2258 5401 ordini
2290 5344 2663 5400 Benedictino
2703 5344 3024 5399 addixerat.
3059 5342 3199 5412 Ejus
3246 5340 3442 5395 Vitam
3473 5339 3545 5395 ab

98 5438 595 5511 metropolitanum
648 5433 872 5489 Aversis
916 5435 1069 5489 urbis
1112 5435 1429 5491 solemniter
1479 5436 1776 5492 ordinavit.
1889 5439 2126 5490 auctore
2158 5433 2398 5504 suppari
2430 5432 2715 5488 monacho
2741 5428 3121 5486 Lambacensi
3140 5429 3419 5499 scriptam
3446 5427 3546 5482 de-

101 5525 402 5585 Consentit
431 5523 655 5584 Calixti
688 5519 859 5577 bulla
873 5523 1025 5593 apud
1043 5520 1352 5596 Ughellum
1384 5530 1540 5581 tomo
1564 5524 1585 5581 Ι
1605 5522 1780 5579 Italiae
1888 5523 2087 5578 dimus
2120 5522 2269 5577 inter
2299 5526 2443 5577 Acta
2472 5525 2809 5577 sanctorum
2854 5515 3079 5575 ordinis
3137 5517 3194 5574 S.
3228 5512 3547 5594 Benedicti,

104 5633 300 5697 sacris,-
329 5618 436 5680 sed
471 5625 603 5696 qua
636 5608 872 5687 ratione
900 5608 958 5669 id
989 5611 1255 5690 componi
1285 5612 1471 5699 possit
1490 5629 1626 5674 cuin
1649 5610 1779 5675 aliis
1889 5614 2053 5691 parte
2083 5609 2155 5685 II,
2188 5609 2386 5670 saeculi
2416 5609 2513 5671 VI.
