  <div class='ocr_page' id='page_1' title='image "/cluster/home/n/w/nwhite01/storage/ocr_20150623/151/uva.x000829795/057.png"; bbox 0 0 3958 6224; ppageno 0'>
   <div class='ocr_carea' id='block_1_1' title="bbox 449 324 2107 414">
    <p class='ocr_par' dir='ltr' id='par_1_1' title="bbox 449 330 2104 408">
     <span class='ocr_line' id='line_1_1' title="bbox 449 330 2104 408; baseline -0.01 0"><span class='ocrx_word' id='word_1_1' title='bbox 449 343 548 408; x_wconf 84' lang='lat'><em>.79</em></span> <span class='ocrx_word' id='word_1_2' title='bbox 1775 332 1847 396; x_wconf 91' lang='lat' dir='ltr'><em>B.</em></span> <span class='ocrx_word' id='word_1_3' title='bbox 1894 330 2104 396; x_wconf 73' lang='lat' dir='ltr'><em>URBA</em></span> 
     </span>
    </p>
   </div>
   <div class='ocr_carea' id='block_1_2' title="bbox 2237 324 3828 414">
    <p class='ocr_par' dir='ltr' id='par_1_2' title="bbox 2237 324 3828 414">
     <span class='ocr_line' id='line_1_2' title="bbox 2237 324 3828 414; baseline -0.003 -24"><span class='ocrx_word' id='word_1_4' title='bbox 2237 329 2282 391; x_wconf 88' lang='lat' dir='ltr'><em>II</em></span> <span class='ocrx_word' id='word_1_5' title='bbox 2326 324 2574 390; x_wconf 75' lang='grc' dir='ltr'><em>ΡΑΡΑΞ.</em></span> <span class='ocrx_word' id='word_1_6' title='bbox 3179 347 3190 362; x_wconf 70' lang='grc' dir='ltr'><em>ι</em></span> <span class='ocrx_word' id='word_1_7' title='bbox 3352 339 3367 345; x_wconf 93' lang='grc'><strong>·</strong></span> <span class='ocrx_word' id='word_1_8' title='bbox 3762 335 3828 414; x_wconf 60' lang='grc' dir='ltr'><em>ες)</em></span> 
     </span>
    </p>
   </div>
   <div class='ocr_carea' id='block_1_3' title="bbox 541 433 3830 543">
    <p class='ocr_par' dir='ltr' id='par_1_3' title="bbox 541 433 3830 543">
     <span class='ocr_line' id='line_1_3' title="bbox 541 433 3830 543; baseline -0.002 -15"><span class='ocrx_word' id='word_1_9' title='bbox 541 471 816 528; x_wconf 76' lang='lat' dir='ltr'><em>LXXXVI.</em></span> <span class='ocrx_word' id='word_1_10' title='bbox 851 471 1246 528; x_wconf 87' lang='lat' dir='ltr'><em>Canonicorum</em></span> <span class='ocrx_word' id='word_1_11' title='bbox 1270 471 1608 543; x_wconf 86' lang='lat' dir='ltr'><em>regularium</em></span> <span class='ocrx_word' id='word_1_12' title='bbox 1631 469 2039 525; x_wconf 83' lang='lat' dir='ltr'><em>Aroasiensium</em></span> <span class='ocrx_word' id='word_1_13' title='bbox 2137 470 2193 534; x_wconf 79' lang='grc' dir='ltr'><strong>Α</strong></span> <span class='ocrx_word' id='word_1_14' title='bbox 2223 463 2426 520; x_wconf 79' lang='lat' dir='ltr'><em>fraude</em></span> <span class='ocrx_word' id='word_1_15' title='bbox 2455 462 2525 517; x_wconf 88' lang='lat' dir='ltr'><em>ad</em></span> <span class='ocrx_word' id='word_1_16' title='bbox 2559 475 2700 516; x_wconf 84' lang='lat' dir='ltr'><em>suas</em></span> <span class='ocrx_word' id='word_1_17' title='bbox 2732 461 2930 531; x_wconf 86' lang='lat' dir='ltr'><em>partes</em></span> <span class='ocrx_word' id='word_1_18' title='bbox 2949 457 3288 527; x_wconf 89' lang='lat' dir='ltr'><em>attraheret,</em></span> <span class='ocrx_word' id='word_1_19' title='bbox 3309 455 3456 515; x_wconf 86' lang='lat' dir='ltr'><em>adeo</em></span> <span class='ocrx_word' id='word_1_20' title='bbox 3477 463 3542 516; x_wconf 89' lang='lat' dir='ltr'><em>ut</em></span> <span class='ocrx_word' id='word_1_21' title='bbox 3570 433 3830 522; x_wconf 73' lang='lat' dir='ltr'><em>Romanos</em></span> 
     </span>
    </p>
   </div>
   <div class='ocr_carea' id='block_1_4' title="bbox 1143 545 1435 600">
    <p class='ocr_par' dir='ltr' id='par_1_4' title="bbox 1143 545 1435 600">
     <span class='ocr_line' id='line_1_4' title="bbox 1143 545 1435 600; baseline -0.003 -1"><span class='ocrx_word' id='word_1_22' title='bbox 1143 545 1435 600; x_wconf 77' lang='lat' dir='ltr'><em>institutio.</em></span> 
     </span>
    </p>
   </div>
   <div class='ocr_carea' id='block_1_5' title="bbox 537 645 2109 720">
    <p class='ocr_par' dir='ltr' id='par_1_5' title="bbox 537 645 2109 720">
     <span class='ocr_line' id='line_1_5' title="bbox 537 645 2109 720; baseline -0.005 -12"><span class='ocrx_word' id='word_1_23' title='bbox 537 651 873 708; x_wconf 89' lang='lat' dir='ltr'><em>Illustratus</em></span> <span class='ocrx_word' id='word_1_24' title='bbox 901 651 1078 708; x_wconf 89' lang='lat' dir='ltr'><em>etiam</em></span> <span class='ocrx_word' id='word_1_25' title='bbox 1109 651 1220 706; x_wconf 90' lang='lat' dir='ltr'><em>fuit</em></span> <span class='ocrx_word' id='word_1_26' title='bbox 1242 649 1352 706; x_wconf 84' lang='lat' dir='ltr'><em>hoc</em></span> <span class='ocrx_word' id='word_1_27' title='bbox 1383 665 1535 706; x_wconf 89' lang='lat' dir='ltr'><em>anno</em></span> <span class='ocrx_word' id='word_1_28' title='bbox 1561 645 1778 704; x_wconf 83' lang='lat' dir='ltr'><em>Urbani</em></span> <span class='ocrx_word' id='word_1_29' title='bbox 1809 645 2109 720; x_wconf 82' lang='lat' dir='ltr'><em>pontiﬁca-</em></span> 
     </span>
    </p>
   </div>
   <div class='ocr_carea' id='block_1_6' title="bbox 463 735 2116 810">
    <p class='ocr_par' dir='ltr' id='par_1_6' title="bbox 463 735 2116 810">
     <span class='ocr_line' id='line_1_6' title="bbox 463 735 2116 810; baseline -0.007 -12"><span class='ocrx_word' id='word_1_30' title='bbox 463 745 562 798; x_wconf 85' lang='lat' dir='ltr'><em>tus</em></span> <span class='ocrx_word' id='word_1_31' title='bbox 591 739 961 796; x_wconf 73' lang='lat' dir='ltr'><em>institutione</em></span> <span class='ocrx_word' id='word_1_32' title='bbox 993 739 1406 796; x_wconf 90' lang='lat' dir='ltr'><em>canonicorum</em></span> <span class='ocrx_word' id='word_1_33' title='bbox 1423 735 1779 810; x_wconf 89' lang='lat' dir='ltr'><em>regularium</em></span> <span class='ocrx_word' id='word_1_34' title='bbox 1806 750 2116 808; x_wconf 81' lang='lat' dir='ltr'><em>congrega-</em></span> 
     </span>
    </p>
   </div>
   <div class='ocr_carea' id='block_1_7' title="bbox 467 821 2116 896">
    <p class='ocr_par' dir='ltr' id='par_1_7' title="bbox 467 821 2116 896">
     <span class='ocr_line' id='line_1_7' title="bbox 467 821 2116 896; baseline -0.005 -11"><span class='ocrx_word' id='word_1_35' title='bbox 467 829 645 885; x_wconf 82' lang='lat' dir='ltr'><em>tionis</em></span> <span class='ocrx_word' id='word_1_36' title='bbox 673 827 1060 895; x_wconf 82' lang='lat' dir='ltr'><em>Aroasiensis,</em></span> <span class='ocrx_word' id='word_1_37' title='bbox 1105 828 1190 884; x_wconf 90' lang='lat' dir='ltr'><em>sic</em></span> <span class='ocrx_word' id='word_1_38' title='bbox 1247 826 1415 882; x_wconf 62' lang='lat' dir='ltr'><em>dicte</em></span> <span class='ocrx_word' id='word_1_39' title='bbox 1447 826 1518 882; x_wconf 90' lang='lat' dir='ltr'><em>ab</em></span> <span class='ocrx_word' id='word_1_40' title='bbox 1569 823 1810 880; x_wconf 83' lang='lat' dir='ltr'><em>Aroasia</em></span> <span class='ocrx_word' id='word_1_41' title='bbox 1858 821 2116 896; x_wconf 82' lang='lat' dir='ltr'><em>principe</em></span> 
     </span>
    </p>
   </div>
   <div class='ocr_carea' id='block_1_8' title="bbox 469 910 2116 985">
    <p class='ocr_par' dir='ltr' id='par_1_8' title="bbox 469 910 2116 985">
     <span class='ocr_line' id='line_1_8' title="bbox 469 910 2116 985; baseline -0.006 -9"><span class='ocrx_word' id='word_1_42' title='bbox 469 918 826 976; x_wconf 89' lang='lat' dir='ltr'><em>monasterio</em></span> <span class='ocrx_word' id='word_1_43' title='bbox 858 917 918 972; x_wconf 90' lang='lat' dir='ltr'><em>in</em></span> <span class='ocrx_word' id='word_1_44' title='bbox 979 915 1213 973; x_wconf 86' lang='lat' dir='ltr'><em>dioecesi</em></span> <span class='ocrx_word' id='word_1_45' title='bbox 1263 912 1646 983; x_wconf 87' lang='lat' dir='ltr'><em>Atrebatensi,</em></span> <span class='ocrx_word' id='word_1_46' title='bbox 1704 911 1859 985; x_wconf 92' lang='lat' dir='ltr'><em>quod</em></span> <span class='ocrx_word' id='word_1_47' title='bbox 1907 910 2018 967; x_wconf 85' lang='lat' dir='ltr'><em>sub</em></span> <span class='ocrx_word' id='word_1_48' title='bbox 2055 926 2116 966; x_wconf 88' lang='lat' dir='ltr'><em>se</em></span> 
     </span>
    </p>
   </div>
   <div class='ocr_carea' id='block_1_9' title="bbox 462 999 2118 1080">
    <p class='ocr_par' dir='ltr' id='par_1_9' title="bbox 462 999 2118 1080">
     <span class='ocr_line' id='line_1_9' title="bbox 462 999 2118 1080; baseline -0.004 -18"><span class='ocrx_word' id='word_1_49' title='bbox 462 1000 675 1080; x_wconf 44' lang='lat' dir='ltr'><em>&#39;viginti</em></span> <span class='ocrx_word' id='word_1_50' title='bbox 705 1005 971 1062; x_wconf 89' lang='lat' dir='ltr'><em>abbatias</em></span> <span class='ocrx_word' id='word_1_51' title='bbox 1003 1003 1144 1060; x_wconf 90' lang='lat' dir='ltr'><em>olim</em></span> <span class='ocrx_word' id='word_1_52' title='bbox 1175 1003 1454 1060; x_wconf 86' lang='lat' dir='ltr'><em>habuisse</em></span> <span class='ocrx_word' id='word_1_53' title='bbox 1483 1002 1840 1076; x_wconf 82' lang='lat' dir='ltr'><em>perhibetur.</em></span> <span class='ocrx_word' id='word_1_54' title='bbox 1887 999 2118 1057; x_wconf 80' lang='lat' dir='ltr'><em>Primus</em></span> 
     </span>
    </p>
   </div>
   <div class='ocr_carea' id='block_1_10' title="bbox 473 1089 2122 1168">
    <p class='ocr_par' dir='ltr' id='par_1_10' title="bbox 473 1089 2122 1168">
     <span class='ocr_line' id='line_1_10' title="bbox 473 1089 2122 1168; baseline -0.005 -16"><span class='ocrx_word' id='word_1_55' title='bbox 473 1113 675 1152; x_wconf 89' lang='lat' dir='ltr'><em>eorum</em></span> <span class='ocrx_word' id='word_1_56' title='bbox 707 1095 1072 1168; x_wconf 67' lang='lat' dir='ltr'><em>praepositus,</em></span> <span class='ocrx_word' id='word_1_57' title='bbox 1119 1093 1380 1150; x_wconf 86' lang='lat' dir='ltr'><em>nondum</em></span> <span class='ocrx_word' id='word_1_58' title='bbox 1439 1091 1593 1149; x_wconf 90' lang='lat' dir='ltr'><em>enim</em></span> <span class='ocrx_word' id='word_1_59' title='bbox 1652 1097 1793 1148; x_wconf 87' lang='lat' dir='ltr'><em>tunc</em></span> <span class='ocrx_word' id='word_1_60' title='bbox 1841 1089 2122 1162; x_wconf 84' lang='lat' dir='ltr'><em>temporis</em></span> 
     </span>
    </p>
   </div>
   <div class='ocr_carea' id='block_1_11' title="bbox 476 1183 2119 1258">
    <p class='ocr_par' dir='ltr' id='par_1_11' title="bbox 476 1183 2119 1258">
     <span class='ocr_line' id='line_1_11' title="bbox 476 1183 2119 1258; baseline -0.005 -18"><span class='ocrx_word' id='word_1_61' title='bbox 476 1183 772 1240; x_wconf 89' lang='lat' dir='ltr'><em>canonicis</em></span> <span class='ocrx_word' id='word_1_62' title='bbox 785 1183 1153 1258; x_wconf 81' lang='lat' dir='ltr'><em>regularibus</em></span> <span class='ocrx_word' id='word_1_63' title='bbox 1166 1183 1406 1239; x_wconf 87' lang='lat' dir='ltr'><em>abbates</em></span> <span class='ocrx_word' id='word_1_64' title='bbox 1421 1197 1667 1254; x_wconf 72' lang='lat' dir='ltr'><em>prmesse</em></span> <span class='ocrx_word' id='word_1_65' title='bbox 1677 1183 2119 1246; x_wconf 89' lang='lat' dir='ltr'><em>consueverant,</em></span> 
     </span>
    </p>
   </div>
   <div class='ocr_carea' id='block_1_12' title="bbox 472 1266 2125 1345">
    <p class='ocr_par' dir='ltr' id='par_1_12' title="bbox 472 1266 2125 1345">
     <span class='ocr_line' id='line_1_12' title="bbox 472 1266 2125 1345; baseline -0.005 -15"><span class='ocrx_word' id='word_1_66' title='bbox 472 1274 584 1330; x_wconf 85' lang='lat' dir='ltr'><em>fuit</em></span> <span class='ocrx_word' id='word_1_67' title='bbox 614 1273 1003 1342; x_wconf 88' lang='lat' dir='ltr'><em>Hildemarus,</em></span> <span class='ocrx_word' id='word_1_68' title='bbox 1037 1273 1138 1345; x_wconf 88' lang='lat' dir='ltr'><em>qui</em></span> <span class='ocrx_word' id='word_1_69' title='bbox 1161 1289 1294 1328; x_wconf 91' lang='lat' dir='ltr'><em>cum</em></span> <span class='ocrx_word' id='word_1_70' title='bbox 1308 1271 1536 1328; x_wconf 90' lang='lat' dir='ltr'><em>duobus</em></span> <span class='ocrx_word' id='word_1_71' title='bbox 1563 1267 1694 1325; x_wconf 89' lang='lat' dir='ltr'><em>aliis</em></span> <span class='ocrx_word' id='word_1_72' title='bbox 1723 1267 1980 1326; x_wconf 90' lang='lat' dir='ltr'><em>eremitis</em></span> <span class='ocrx_word' id='word_1_73' title='bbox 1998 1266 2125 1322; x_wconf 87' lang='lat' dir='ltr'><em>fun-</em></span> 
     </span>
    </p>
   </div>
   <div class='ocr_carea' id='block_1_13' title="bbox 463 1354 2126 1434">
    <p class='ocr_par' dir='ltr' id='par_1_13' title="bbox 463 1354 2126 1434">
     <span class='ocr_line' id='line_1_13' title="bbox 463 1354 2126 1434; baseline -0.005 -16"><span class='ocrx_word' id='word_1_74' title='bbox 463 1355 748 1418; x_wconf 81' lang='lat' dir='ltr'><em>damenta</em></span> <span class='ocrx_word' id='word_1_75' title='bbox 777 1361 972 1434; x_wconf 85' lang='lat' dir='ltr'><em>posuit</em></span> <span class='ocrx_word' id='word_1_76' title='bbox 1000 1361 1180 1433; x_wconf 86' lang='lat' dir='ltr'>hujus</span> <span class='ocrx_word' id='word_1_77' title='bbox 1211 1359 1454 1428; x_wconf 86' lang='lat' dir='ltr'><em>ordinis,</em></span> <span class='ocrx_word' id='word_1_78' title='bbox 1475 1359 1644 1430; x_wconf 88' lang='lat' dir='ltr'>cujus</span> <span class='ocrx_word' id='word_1_79' title='bbox 1673 1358 1801 1412; x_wconf 72' lang='lat' dir='ltr'><em>vitm</em></span> <span class='ocrx_word' id='word_1_80' title='bbox 1823 1354 2126 1413; x_wconf 89' lang='lat' dir='ltr'><em>austerita-</em></span> 
     </span>
    </p>
   </div>
   <div class='ocr_carea' id='block_1_14' title="bbox 471 1443 2126 1524">
    <p class='ocr_par' dir='ltr' id='par_1_14' title="bbox 471 1443 2126 1524">
     <span class='ocr_line' id='line_1_14' title="bbox 471 1443 2126 1524; baseline -0.004 -18"><span class='ocrx_word' id='word_1_81' title='bbox 471 1455 588 1507; x_wconf 88' lang='lat' dir='ltr'><em>tem</em></span> <span class='ocrx_word' id='word_1_82' title='bbox 619 1451 848 1524; x_wconf 82' lang='lat' dir='ltr'><em>egregie</em></span> <span class='ocrx_word' id='word_1_83' title='bbox 866 1449 1146 1506; x_wconf 89' lang='lat' dir='ltr'><em>describit</em></span> <span class='ocrx_word' id='word_1_84' title='bbox 1175 1450 1435 1506; x_wconf 89' lang='lat' dir='ltr'><em>Jacobus</em></span> <span class='ocrx_word' id='word_1_85' title='bbox 1461 1465 1496 1502; x_wconf 92' lang='lat' dir='ltr'><em>a</em></span> <span class='ocrx_word' id='word_1_86' title='bbox 1517 1447 1772 1502; x_wconf 88' lang='lat' dir='ltr'><em>Vitriaco</em></span> <span class='ocrx_word' id='word_1_87' title='bbox 1796 1445 1852 1501; x_wconf 91' lang='lat' dir='ltr'><em>in</em></span> <span class='ocrx_word' id='word_1_88' title='bbox 1871 1443 2126 1500; x_wconf 83' lang='lat' dir='ltr'><em>Historia</em></span> 
     </span>
    </p>
   </div>
   <div class='ocr_carea' id='block_1_15' title="bbox 469 1525 2125 1612">
    <p class='ocr_par' dir='ltr' id='par_1_15' title="bbox 469 1525 2125 1612">
     <span class='ocr_line' id='line_1_15' title="bbox 469 1525 2125 1612; baseline -0.007 -15"><span class='ocrx_word' id='word_1_89' title='bbox 469 1525 840 1605; x_wconf 75' lang='lat' dir='ltr'><em>occidentali,</em></span> <span class='ocrx_word' id='word_1_90' title='bbox 873 1537 1062 1612; x_wconf 81' lang='lat' dir='ltr'><em>capite</em></span> <span class='ocrx_word' id='word_1_91' title='bbox 1097 1539 1185 1604; x_wconf 84' lang='lat'><em>23,</em></span> <span class='ocrx_word' id='word_1_92' title='bbox 1217 1541 1274 1592; x_wconf 88' lang='lat' dir='ltr'><em>et</em></span> <span class='ocrx_word' id='word_1_93' title='bbox 1304 1541 1436 1608; x_wconf 89' lang='lat' dir='ltr'><em>post</em></span> <span class='ocrx_word' id='word_1_94' title='bbox 1467 1552 1602 1590; x_wconf 88' lang='lat' dir='ltr'><em>eum</em></span> <span class='ocrx_word' id='word_1_95' title='bbox 1655 1533 1898 1590; x_wconf 90' lang='lat' dir='ltr'><em>Locrius</em></span> <span class='ocrx_word' id='word_1_96' title='bbox 1926 1537 1982 1588; x_wconf 89' lang='lat' dir='ltr'><em>et</em></span> <span class='ocrx_word' id='word_1_97' title='bbox 2027 1530 2125 1588; x_wconf 91' lang='lat' dir='ltr'><em>alii</em></span> 
     </span>
    </p>
   </div>
   <div class='ocr_carea' id='block_1_16' title="bbox 470 1619 2122 1703">
    <p class='ocr_par' dir='ltr' id='par_1_16' title="bbox 470 1619 2122 1703">
     <span class='ocr_line' id='line_1_16' title="bbox 470 1619 2122 1703; baseline -0.006 -19"><span class='ocrx_word' id='word_1_98' title='bbox 470 1629 692 1703; x_wconf 88' lang='lat' dir='ltr'><em>passim</em></span> <span class='ocrx_word' id='word_1_99' title='bbox 725 1627 1340 1693; x_wconf 79' lang='lat' dir='ltr'><em>auctoreslaudarunt;</em></span> <span class='ocrx_word' id='word_1_100' title='bbox 1360 1625 1460 1680; x_wconf 90' lang='lat' dir='ltr'><em>sed</em></span> <span class='ocrx_word' id='word_1_101' title='bbox 1483 1624 1604 1680; x_wconf 66' lang='lat' dir='ltr'><em>haec</em></span> <span class='ocrx_word' id='word_1_102' title='bbox 1639 1623 1828 1680; x_wconf 82' lang='lat' dir='ltr'><em>fusius</em></span> <span class='ocrx_word' id='word_1_103' title='bbox 1855 1619 2122 1696; x_wconf 89' lang='lat' dir='ltr'><em>persequi</em></span> 
     </span>
    </p>
   </div>
   <div class='ocr_carea' id='block_1_17' title="bbox 2221 546 3831 622">
    <p class='ocr_par' dir='ltr' id='par_1_17' title="bbox 2221 546 3831 622">
     <span class='ocr_line' id='line_1_17' title="bbox 2221 546 3831 622; baseline 0.002 -15"><span class='ocrx_word' id='word_1_104' title='bbox 2221 570 2340 608; x_wconf 81' lang='lat' dir='ltr'><em>suae</em></span> <span class='ocrx_word' id='word_1_105' title='bbox 2365 550 2550 622; x_wconf 87' lang='lat' dir='ltr'><em>ipsius</em></span> <span class='ocrx_word' id='word_1_106' title='bbox 2598 547 2866 604; x_wconf 78' lang='lat' dir='ltr'><em>factionis</em></span> <span class='ocrx_word' id='word_1_107' title='bbox 2915 547 2988 602; x_wconf 89' lang='lat' dir='ltr'><em>ad</em></span> <span class='ocrx_word' id='word_1_108' title='bbox 3047 547 3106 602; x_wconf 91' lang='lat' dir='ltr'><em>id</em></span> <span class='ocrx_word' id='word_1_109' title='bbox 3154 546 3381 604; x_wconf 84' lang='lat' dir='ltr'><em>facinus</em></span> <span class='ocrx_word' id='word_1_110' title='bbox 3429 549 3736 622; x_wconf 81' lang='lat' dir='ltr'><em>adduxerit,</em></span> <span class='ocrx_word' id='word_1_111' title='bbox 3777 561 3831 611; x_wconf 89' lang='lat' dir='ltr'><em>ut</em></span> 
     </span>
    </p>
   </div>
   <div class='ocr_carea' id='block_1_18' title="bbox 2225 636 3831 716">
    <p class='ocr_par' dir='ltr' id='par_1_18' title="bbox 2225 636 3831 716">
     <span class='ocr_line' id='line_1_18' title="bbox 2225 636 3831 716; baseline 0.001 -20"><span class='ocrx_word' id='word_1_112' title='bbox 2225 646 2431 696; x_wconf 85' lang='lat' dir='ltr'><em>turrem</em></span> <span class='ocrx_word' id='word_1_113' title='bbox 2461 639 2776 704; x_wconf 88' lang='lat' dir='ltr'><em>Crescentii,</em></span> <span class='ocrx_word' id='word_1_114' title='bbox 2805 637 2890 694; x_wconf 89' lang='lat' dir='ltr'><em>sic</em></span> <span class='ocrx_word' id='word_1_115' title='bbox 2919 641 3048 693; x_wconf 90' lang='lat' dir='ltr'><em>tum</em></span> <span class='ocrx_word' id='word_1_116' title='bbox 3073 640 3128 692; x_wconf 85' lang='lat'><em>8.</em></span> <span class='ocrx_word' id='word_1_117' title='bbox 3179 636 3383 711; x_wconf 85' lang='lat' dir='ltr'><em>Angeli</em></span> <span class='ocrx_word' id='word_1_118' title='bbox 3413 639 3701 697; x_wconf 84' lang='lat' dir='ltr'><em>castellum</em></span> <span class='ocrx_word' id='word_1_119' title='bbox 3746 640 3831 716; x_wconf 81' lang='lat' dir='ltr'><em>ap-</em></span> 
     </span>
    </p>
   </div>
   <div class='ocr_carea' id='block_1_19' title="bbox 2225 725 3833 802">
    <p class='ocr_par' dir='ltr' id='par_1_19' title="bbox 2225 725 3833 802">
     <span class='ocr_line' id='line_1_19' title="bbox 2225 725 3833 802; baseline 0.002 -17"><span class='ocrx_word' id='word_1_120' title='bbox 2225 728 2538 802; x_wconf 76' lang='lat' dir='ltr'><em>pellebant,</em></span> <span class='ocrx_word' id='word_1_121' title='bbox 2569 743 2694 800; x_wconf 71' lang='lat' dir='ltr'><em>quae</em></span> <span class='ocrx_word' id='word_1_122' title='bbox 2721 735 2940 783; x_wconf 87' lang='lat' dir='ltr'><em>eatenus</em></span> <span class='ocrx_word' id='word_1_123' title='bbox 2963 725 3182 782; x_wconf 85' lang='lat' dir='ltr'><em>domino</em></span> <span class='ocrx_word' id='word_1_124' title='bbox 3205 741 3370 799; x_wconf 68' lang='lat' dir='ltr'><em>papa?</em></span> <span class='ocrx_word' id='word_1_125' title='bbox 3412 727 3696 800; x_wconf 84' lang='lat' dir='ltr'><em>obcdiebat,</em></span> <span class='ocrx_word' id='word_1_126' title='bbox 3729 731 3833 790; x_wconf 83' lang='lat' dir='ltr'><em>dolo</em></span> 
     </span>
    </p>
   </div>
   <div class='ocr_carea' id='block_1_20' title="bbox 2223 815 3833 890">
    <p class='ocr_par' dir='ltr' id='par_1_20' title="bbox 2223 815 3833 890">
     <span class='ocr_line' id='line_1_20' title="bbox 2223 815 3833 890; baseline 0.003 -17"><span class='ocrx_word' id='word_1_127' title='bbox 2223 828 2434 890; x_wconf 82' lang='lat' dir='ltr'><em>captam</em></span> <span class='ocrx_word' id='word_1_128' title='bbox 2464 817 2684 874; x_wconf 79' lang='lat' dir='ltr'><em>diruere</em></span> <span class='ocrx_word' id='word_1_129' title='bbox 2715 817 3062 874; x_wconf 84' lang='lat' dir='ltr'><em>tcntaverint.</em></span> <span class='ocrx_word' id='word_1_130' title='bbox 3113 815 3458 889; x_wconf 87' lang='lat' dir='ltr'><em>Magnopere</em></span> <span class='ocrx_word' id='word_1_131' title='bbox 3503 819 3702 877; x_wconf 78' lang='lat' dir='ltr'><em>enituit</em></span> <span class='ocrx_word' id='word_1_132' title='bbox 3742 821 3833 878; x_wconf 88' lang='lat' dir='ltr'><em>hac</em></span> 
     </span>
    </p>
   </div>
   <div class='ocr_carea' id='block_1_21' title="bbox 2226 904 3835 978">
    <p class='ocr_par' dir='ltr' id='par_1_21' title="bbox 2226 904 3835 978">
     <span class='ocr_line' id='line_1_21' title="bbox 2226 904 3835 978; baseline 0.002 -15"><span class='ocrx_word' id='word_1_133' title='bbox 2226 906 2528 963; x_wconf 81' lang='lat' dir='ltr'><em>occasione</em></span> <span class='ocrx_word' id='word_1_134' title='bbox 2557 905 2761 978; x_wconf 85' lang='lat' dir='ltr'><em>optimi</em></span> <span class='ocrx_word' id='word_1_135' title='bbox 2787 904 3082 978; x_wconf 84' lang='lat' dir='ltr'><em>pontificis</em></span> <span class='ocrx_word' id='word_1_136' title='bbox 3123 904 3317 960; x_wconf 90' lang='lat' dir='ltr'><em>animo</em></span> <span class='ocrx_word' id='word_1_137' title='bbox 3366 907 3640 978; x_wconf 87' lang='lat' dir='ltr'><em>profunde</em></span> <span class='ocrx_word' id='word_1_138' title='bbox 3682 909 3835 967; x_wconf 87' lang='lat' dir='ltr'><em>insita</em></span> 
     </span>
    </p>
   </div>
   <div class='ocr_carea' id='block_1_22' title="bbox 2229 993 3832 1069">
    <p class='ocr_par' dir='ltr' id='par_1_22' title="bbox 2229 993 3832 1069">
     <span class='ocr_line' id='line_1_22' title="bbox 2229 993 3832 1069; baseline 0.002 -17"><span class='ocrx_word' id='word_1_139' title='bbox 2229 995 2641 1063; x_wconf 89' lang='lat' dir='ltr'><em>mansuetudo,</em></span> <span class='ocrx_word' id='word_1_140' title='bbox 2675 993 2776 1067; x_wconf 88' lang='lat' dir='ltr'><em>qui</em></span> <span class='ocrx_word' id='word_1_141' title='bbox 2808 1011 2964 1064; x_wconf 91' lang='lat' dir='ltr'><em>cum,</em></span> <span class='ocrx_word' id='word_1_142' title='bbox 3019 998 3084 1049; x_wconf 90' lang='lat' dir='ltr'><em>ut</em></span> <span class='ocrx_word' id='word_1_143' title='bbox 3129 993 3500 1067; x_wconf 90' lang='lat' dir='ltr'><em>prosequitur</em></span> <span class='ocrx_word' id='word_1_144' title='bbox 3540 997 3832 1069; x_wconf 86' lang='lat' dir='ltr'><em>Bertoldus,</em></span> 
     </span>
    </p>
   </div>
   <div class='ocr_carea' id='block_1_23' title="bbox 2227 1085 3835 1158">
    <p class='ocr_par' dir='ltr' id='par_1_23' title="bbox 2227 1085 3835 1158">
     <span class='ocr_line' id='line_1_23' title="bbox 2227 1085 3835 1158; baseline 0.002 -17"><span class='ocrx_word' id='word_1_145' title='bbox 2227 1086 2392 1158; x_wconf 78' lang='lat' dir='ltr'><em>facile</em></span> <span class='ocrx_word' id='word_1_146' title='bbox 2451 1087 2674 1140; x_wconf 83' lang='lat' dir='ltr'><em>Romam</em></span> <span class='ocrx_word' id='word_1_147' title='bbox 2730 1101 2852 1140; x_wconf 86' lang='lat' dir='ltr'><em>cum</em></span> <span class='ocrx_word' id='word_1_148' title='bbox 2894 1085 3138 1140; x_wconf 67' lang='lat' dir='ltr'><em>exercitu</em></span> <span class='ocrx_word' id='word_1_149' title='bbox 3200 1085 3429 1152; x_wconf 88' lang='lat' dir='ltr'><em>intrare,</em></span> <span class='ocrx_word' id='word_1_150' title='bbox 3480 1093 3530 1140; x_wconf 84' lang='lat' dir='ltr'><em>et</em></span> <span class='ocrx_word' id='word_1_151' title='bbox 3581 1085 3835 1144; x_wconf 75' lang='lat' dir='ltr'><em>rebellium</em></span> 
     </span>
    </p>
   </div>
   <div class='ocr_carea' id='block_1_24' title="bbox 2229 1173 3834 1244">
    <p class='ocr_par' dir='ltr' id='par_1_24' title="bbox 2229 1173 3834 1244">
     <span class='ocr_line' id='line_1_24' title="bbox 2229 1173 3834 1244; baseline 0.002 -14"><span class='ocrx_word' id='word_1_152' title='bbox 2229 1175 2628 1231; x_wconf 74' lang='lat' dir='ltr'><em>contumaciam</em></span> <span class='ocrx_word' id='word_1_153' title='bbox 2656 1173 2880 1229; x_wconf 86' lang='lat' dir='ltr'><em>domare</em></span> <span class='ocrx_word' id='word_1_154' title='bbox 2918 1173 3200 1244; x_wconf 87' lang='lat' dir='ltr'><em>potuisset,</em></span> <span class='ocrx_word' id='word_1_155' title='bbox 3244 1174 3420 1244; x_wconf 84' lang='lat' dir='ltr'><em>magis</em></span> <span class='ocrx_word' id='word_1_156' title='bbox 3448 1189 3570 1229; x_wconf 86' lang='lat' dir='ltr'><em>cum</em></span> <span class='ocrx_word' id='word_1_157' title='bbox 3615 1192 3834 1233; x_wconf 87' lang='lat' dir='ltr'><em>mansue-</em></span> 
     </span>
    </p>
   </div>
   <div class='ocr_carea' id='block_1_25' title="bbox 2233 1261 3836 1336">
    <p class='ocr_par' dir='ltr' id='par_1_25' title="bbox 2233 1261 3836 1336">
     <span class='ocr_line' id='line_1_25' title="bbox 2233 1261 3836 1336; baseline 0.002 -17"><span class='ocrx_word' id='word_1_158' title='bbox 2233 1265 2418 1320; x_wconf 80' lang='lat' dir='ltr'><em>tudine</em></span> <span class='ocrx_word' id='word_1_159' title='bbox 2446 1280 2668 1318; x_wconf 86' lang='lat' dir='ltr'><em>causam</em></span> <span class='ocrx_word' id='word_1_160' title='bbox 2695 1269 2857 1318; x_wconf 85' lang='lat' dir='ltr'><em>suam</em></span> <span class='ocrx_word' id='word_1_161' title='bbox 2885 1278 3044 1334; x_wconf 84' lang='lat' dir='ltr'><em>agere</em></span> <span class='ocrx_word' id='word_1_162' title='bbox 3091 1261 3322 1336; x_wconf 89' lang='lat' dir='ltr'><em>delegit,</em></span> <span class='ocrx_word' id='word_1_163' title='bbox 3357 1263 3604 1320; x_wconf 86' lang='lat' dir='ltr'><em>cedendo</em></span> <span class='ocrx_word' id='word_1_164' title='bbox 3647 1265 3836 1322; x_wconf 87' lang='lat' dir='ltr'><em>scilicet</em></span> 
     </span>
    </p>
   </div>
   <div class='ocr_carea' id='block_1_26' title="bbox 2233 1349 3837 1426">
    <p class='ocr_par' dir='ltr' id='par_1_26' title="bbox 2233 1349 3837 1426">
     <span class='ocr_line' id='line_1_26' title="bbox 2233 1349 3837 1426; baseline 0.001 -18"><span class='ocrx_word' id='word_1_165' title='bbox 2233 1353 2520 1426; x_wconf 84' lang='lat' dir='ltr'><em>patienter</em></span> <span class='ocrx_word' id='word_1_166' title='bbox 2549 1351 2830 1424; x_wconf 87' lang='lat' dir='ltr'><em>temporis</em></span> <span class='ocrx_word' id='word_1_167' title='bbox 2860 1349 3180 1423; x_wconf 83' lang='lat' dir='ltr'><em>iniquitati,</em></span> <span class='ocrx_word' id='word_1_168' title='bbox 3227 1351 3422 1423; x_wconf 89' lang='lat' dir='ltr'><em>potius</em></span> <span class='ocrx_word' id='word_1_169' title='bbox 3467 1367 3638 1424; x_wconf 89' lang='lat' dir='ltr'><em>quam</em></span> <span class='ocrx_word' id='word_1_170' title='bbox 3681 1355 3837 1410; x_wconf 85' lang='lat' dir='ltr'><em>armis</em></span> 
     </span>
    </p>
   </div>
   <div class='ocr_carea' id='block_1_27' title="bbox 2233 1438 3836 1514">
    <p class='ocr_par' dir='ltr' id='par_1_27' title="bbox 2233 1438 3836 1514">
     <span class='ocr_line' id='line_1_27' title="bbox 2233 1438 3836 1514; baseline 0.001 -18"><span class='ocrx_word' id='word_1_171' title='bbox 2233 1441 2585 1497; x_wconf 83' lang='lat' dir='ltr'><em>dimicando.</em></span> <span class='ocrx_word' id='word_1_172' title='bbox 2619 1439 2770 1496; x_wconf 90' lang='lat' dir='ltr'><em>Illud</em></span> <span class='ocrx_word' id='word_1_173' title='bbox 2802 1443 2998 1495; x_wconf 87' lang='lat' dir='ltr'><em>tamen</em></span> <span class='ocrx_word' id='word_1_174' title='bbox 3027 1438 3254 1494; x_wconf 87' lang='lat' dir='ltr'><em>facinus</em></span> <span class='ocrx_word' id='word_1_175' title='bbox 3301 1439 3563 1508; x_wconf 87' lang='lat' dir='ltr'><em>Henrico,</em></span> <span class='ocrx_word' id='word_1_176' title='bbox 3611 1442 3704 1514; x_wconf 90' lang='lat' dir='ltr'><em>qui</em></span> <span class='ocrx_word' id='word_1_177' title='bbox 3731 1446 3836 1498; x_wconf 87' lang='lat' dir='ltr'><em>tum</em></span> 
     </span>
    </p>
   </div>
   <div class='ocr_carea' id='block_1_28' title="bbox 2234 1528 3840 1600">
    <p class='ocr_par' dir='ltr' id='par_1_28' title="bbox 2234 1528 3840 1600">
     <span class='ocr_line' id='line_1_28' title="bbox 2234 1528 3840 1600; baseline 0.001 -15"><span class='ocrx_word' id='word_1_178' title='bbox 2234 1531 2482 1586; x_wconf 63' lang='lat' dir='ltr'><em>Mantua?</em></span> <span class='ocrx_word' id='word_1_179' title='bbox 2519 1529 2854 1598; x_wconf 89' lang='lat' dir='ltr'><em>incubabat,</em></span> <span class='ocrx_word' id='word_1_180' title='bbox 2887 1528 3149 1583; x_wconf 88' lang='lat' dir='ltr'><em>animum</em></span> <span class='ocrx_word' id='word_1_181' title='bbox 3194 1529 3426 1600; x_wconf 89' lang='lat' dir='ltr'><em>adjecit.</em></span> <span class='ocrx_word' id='word_1_182' title='bbox 3466 1533 3585 1586; x_wconf 85' lang='lat' dir='ltr'><em>lmo</em></span> <span class='ocrx_word' id='word_1_183' title='bbox 3633 1531 3840 1588; x_wconf 84' lang='lat' dir='ltr'><em>Mantua</em></span> 
     </span>
    </p>
   </div>
   <div class='ocr_carea' id='block_1_29' title="bbox 2235 1617 3838 1692">
    <p class='ocr_par' dir='ltr' id='par_1_29' title="bbox 2235 1617 3838 1692">
     <span class='ocr_line' id='line_1_29' title="bbox 2235 1617 3838 1692; baseline 0.001 -18"><span class='ocrx_word' id='word_1_184' title='bbox 2235 1620 2361 1692; x_wconf 81' lang='lat' dir='ltr'><em>ipsa</em></span> <span class='ocrx_word' id='word_1_185' title='bbox 2382 1625 2513 1691; x_wconf 87' lang='lat' dir='ltr'><em>post</em></span> <span class='ocrx_word' id='word_1_186' title='bbox 2528 1618 2868 1674; x_wconf 87' lang='lat' dir='ltr'><em>diuturnam</em></span> <span class='ocrx_word' id='word_1_187' title='bbox 2885 1617 3155 1674; x_wconf 88' lang='lat' dir='ltr'><em>undecim</em></span> <span class='ocrx_word' id='word_1_188' title='bbox 3176 1617 3468 1674; x_wconf 87' lang='lat' dir='ltr'><em>mensium</em></span> <span class='ocrx_word' id='word_1_189' title='bbox 3489 1619 3838 1688; x_wconf 86' lang='lat' dir='ltr'><em>obsidionem,</em></span> 
     </span>
    </p>
   </div>
   <div class='ocr_carea' id='block_1_30' title="bbox 2234 1705 3840 1780">
    <p class='ocr_par' dir='ltr' id='par_1_30' title="bbox 2234 1705 3840 1780">
     <span class='ocr_line' id='line_1_30' title="bbox 2234 1705 3840 1780; baseline 0.002 -18"><span class='ocrx_word' id='word_1_190' title='bbox 2234 1708 2378 1762; x_wconf 86' lang='lat' dir='ltr'><em>feria</em></span> <span class='ocrx_word' id='word_1_191' title='bbox 2406 1710 2568 1762; x_wconf 81' lang='lat' dir='ltr'><em>sexta</em></span> <span class='ocrx_word' id='word_1_192' title='bbox 2601 1707 2964 1771; x_wconf 88' lang='lat' dir='ltr'><em>Parasceves,</em></span> <span class='ocrx_word' id='word_1_193' title='bbox 2991 1705 3086 1760; x_wconf 90' lang='lat' dir='ltr'><em>die</em></span> <span class='ocrx_word' id='word_1_194' title='bbox 3119 1705 3178 1760; x_wconf 88' lang='grc'>11</span> <span class='ocrx_word' id='word_1_195' title='bbox 3211 1705 3427 1778; x_wconf 80' lang='lat' dir='ltr'><em>Aprilis</em></span> <span class='ocrx_word' id='word_1_196' title='bbox 3455 1711 3639 1780; x_wconf 85' lang='lat' dir='ltr'><em>capta,</em></span> <span class='ocrx_word' id='word_1_197' title='bbox 3659 1707 3840 1766; x_wconf 85' lang='lat' dir='ltr'><em>civium</em></span> 
     </span>
    </p>
   </div>
   <div class='ocr_carea' id='block_1_31' title="bbox 2160 1793 3841 1898">
    <p class='ocr_par' dir='ltr' id='par_1_31' title="bbox 2160 1793 3841 1898">
     <span class='ocr_line' id='line_1_31' title="bbox 2160 1793 3841 1898; baseline 0.001 -49"><span class='ocrx_word' id='word_1_198' title='bbox 2160 1833 2206 1898; x_wconf 75' lang='grc' dir='ltr'><strong>Β</strong></span> <span class='ocrx_word' id='word_1_199' title='bbox 2236 1793 2584 1869; x_wconf 80' lang='lat' dir='ltr'><em>proditione,</em></span> <span class='ocrx_word' id='word_1_200' title='bbox 2621 1799 2683 1849; x_wconf 92' lang='lat' dir='ltr'><em>ut</em></span> <span class='ocrx_word' id='word_1_201' title='bbox 2713 1793 3019 1898; x_wconf 43' lang='lat' dir='ltr'><em>Domnizo.</em></span> <span class='ocrx_word' id='word_1_202' title='bbox 3043 1793 3239 1862; x_wconf 90' lang='lat' dir='ltr'><em>habet,</em></span> <span class='ocrx_word' id='word_1_203' title='bbox 3273 1793 3497 1867; x_wconf 87' lang='lat' dir='ltr'><em>aliquot</em></span> <span class='ocrx_word' id='word_1_204' title='bbox 3533 1794 3775 1853; x_wconf 83' lang='lat' dir='ltr'><em>civitates</em></span> <span class='ocrx_word' id='word_1_205' title='bbox 3799 1797 3841 1852; x_wconf 88' lang='lat' dir='ltr'><em>ei</em></span> 
     </span>
    </p>
   </div>
   <div class='ocr_carea' id='block_1_32' title="bbox 2233 1881 3842 1958">
    <p class='ocr_par' dir='ltr' id='par_1_32' title="bbox 2233 1881 3842 1958">
     <span class='ocr_line' id='line_1_32' title="bbox 2233 1881 3842 1958; baseline 0.002 -20"><span class='ocrx_word' id='word_1_206' title='bbox 2233 1884 2434 1939; x_wconf 65' lang='lat' dir='ltr'><em>vicinae</em></span> <span class='ocrx_word' id='word_1_207' title='bbox 2467 1885 2678 1955; x_wconf 56' lang='lat' dir='ltr'><em>rejec‘to</em></span> <span class='ocrx_word' id='word_1_208' title='bbox 2708 1881 3055 1956; x_wconf 88' lang='lat' dir='ltr'><em>Welphonis</em></span> <span class='ocrx_word' id='word_1_209' title='bbox 3077 1882 3266 1947; x_wconf 91' lang='lat' dir='ltr'><em>ducis,</em></span> <span class='ocrx_word' id='word_1_210' title='bbox 3300 1899 3406 1939; x_wconf 89' lang='lat' dir='ltr'><em>seu</em></span> <span class='ocrx_word' id='word_1_211' title='bbox 3425 1883 3712 1940; x_wconf 86' lang='lat' dir='ltr'><em>Mathildis</em></span> <span class='ocrx_word' id='word_1_212' title='bbox 3737 1886 3842 1958; x_wconf 84' lang='lat' dir='ltr'><em>ejus</em></span> 
     </span>
    </p>
   </div>
   <div class='ocr_carea' id='block_1_33' title="bbox 473 1713 1668 1789">
    <p class='ocr_par' dir='ltr' id='par_1_33' title="bbox 473 1713 1668 1789">
     <span class='ocr_line' id='line_1_33' title="bbox 473 1713 1668 1789; baseline -0.006 -15"><span class='ocrx_word' id='word_1_213' title='bbox 473 1734 591 1775; x_wconf 90' lang='lat' dir='ltr'><em>non</em></span> <span class='ocrx_word' id='word_1_214' title='bbox 626 1715 878 1789; x_wconf 88' lang='lat' dir='ltr'><em>pertinet</em></span> <span class='ocrx_word' id='word_1_215' title='bbox 907 1716 977 1770; x_wconf 87' lang='lat' dir='ltr'><em>ad</em></span> <span class='ocrx_word' id='word_1_216' title='bbox 1013 1719 1280 1772; x_wconf 89' lang='lat' dir='ltr'><em>nostrum</em></span> <span class='ocrx_word' id='word_1_217' title='bbox 1311 1713 1668 1769; x_wconf 89' lang='lat' dir='ltr'><em>institutum.</em></span> 
     </span>
    </p>
   </div>
   <div class='ocr_carea' id='block_1_34' title="bbox 657 1837 1949 1896">
    <p class='ocr_par' dir='ltr' id='par_1_34' title="bbox 657 1837 1949 1896">
     <span class='ocr_line' id='line_1_34' title="bbox 657 1837 1949 1896; baseline -0.005 0"><span class='ocrx_word' id='word_1_218' title='bbox 657 1838 1123 1896; x_wconf 81' lang='lat' dir='ltr'><strong>LXXXVII-VIII.</strong></span> <span class='ocrx_word' id='word_1_219' title='bbox 1165 1840 1374 1894; x_wconf 79' lang='lat' dir='ltr'><em>Erectio</em></span> <span class='ocrx_word' id='word_1_220' title='bbox 1403 1839 1641 1894; x_wconf 68' lang='lat' dir='ltr'><em>abbatise</em></span> <span class='ocrx_word' id='word_1_221' title='bbox 1671 1837 1949 1893; x_wconf 83' lang='lat' dir='ltr'><em>Tauuiaci.</em></span> 
     </span>
    </p>
   </div>
   <div class='ocr_carea' id='block_1_35' title="bbox 552 1941 2125 2017">
    <p class='ocr_par' dir='ltr' id='par_1_35' title="bbox 552 1941 2125 2017">
     <span class='ocr_line' id='line_1_35' title="bbox 552 1941 2125 2017; baseline -0.004 -15"><span class='ocrx_word' id='word_1_222' title='bbox 552 1947 716 2003; x_wconf 89' lang='lat' dir='ltr'><em>Circa</em></span> <span class='ocrx_word' id='word_1_223' title='bbox 744 1947 898 2002; x_wconf 85' lang='lat' dir='ltr'><em>idem</em></span> <span class='ocrx_word' id='word_1_224' title='bbox 928 1949 1163 2017; x_wconf 84' lang='lat' dir='ltr'><em>tempus</em></span> <span class='ocrx_word' id='word_1_225' title='bbox 1193 1945 1437 2002; x_wconf 88' lang='lat' dir='ltr'><em>ecclesia</em></span> <span class='ocrx_word' id='word_1_226' title='bbox 1467 1945 1691 2000; x_wconf 72' lang='lat' dir='ltr'><em>Sanctae</em></span> <span class='ocrx_word' id='word_1_227' title='bbox 1739 1941 1952 2010; x_wconf 80' lang='lat' dir='ltr'><em>Mariae,</em></span> <span class='ocrx_word' id='word_1_228' title='bbox 1997 1957 2125 2015; x_wconf 74' lang='lat' dir='ltr'><em>quae</em></span> 
     </span>
    </p>
   </div>
   <div class='ocr_carea' id='block_1_36' title="bbox 483 2031 2125 2108">
    <p class='ocr_par' dir='ltr' id='par_1_36' title="bbox 483 2031 2125 2108">
     <span class='ocr_line' id='line_1_36' title="bbox 483 2031 2125 2108; baseline -0.005 -15"><span class='ocrx_word' id='word_1_229' title='bbox 483 2053 721 2108; x_wconf 88' lang='lat' dir='ltr'><em>corpore</em></span> <span class='ocrx_word' id='word_1_230' title='bbox 733 2035 917 2092; x_wconf 87' lang='lat' dir='ltr'><em>sancti</em></span> <span class='ocrx_word' id='word_1_231' title='bbox 931 2033 1208 2107; x_wconf 85' lang='lat' dir='ltr'><em>Hippoliti</em></span> <span class='ocrx_word' id='word_1_232' title='bbox 1223 2033 1496 2105; x_wconf 84' lang='lat' dir='ltr'><em>martyris</em></span> <span class='ocrx_word' id='word_1_233' title='bbox 1511 2032 1948 2099; x_wconf 89' lang='lat' dir='ltr'><em>nobilitabatur,</em></span> <span class='ocrx_word' id='word_1_234' title='bbox 1969 2031 2125 2104; x_wconf 90' lang='lat' dir='ltr'><em>apud</em></span> 
     </span>
    </p>
   </div>
   <div class='ocr_carea' id='block_1_37' title="bbox 482 2117 2126 2195">
    <p class='ocr_par' dir='ltr' id='par_1_37' title="bbox 482 2117 2126 2195">
     <span class='ocr_line' id='line_1_37' title="bbox 482 2117 2126 2195; baseline -0.005 -13"><span class='ocrx_word' id='word_1_235' title='bbox 482 2125 847 2182; x_wconf 91' lang='lat' dir='ltr'><em>Tauniacum</em></span> <span class='ocrx_word' id='word_1_236' title='bbox 877 2125 1201 2178; x_wconf 87' lang='lat' dir='ltr'><em>Santonum</em></span> <span class='ocrx_word' id='word_1_237' title='bbox 1228 2122 1532 2195; x_wconf 88' lang='lat' dir='ltr'><em>oppidum,</em></span> <span class='ocrx_word' id='word_1_238' title='bbox 1563 2136 1594 2176; x_wconf 90' lang='lat' dir='ltr'><em>e</em></span> <span class='ocrx_word' id='word_1_239' title='bbox 1623 2117 1874 2176; x_wconf 88' lang='lat' dir='ltr'><em>clericali</em></span> <span class='ocrx_word' id='word_1_240' title='bbox 1897 2120 1966 2176; x_wconf 91' lang='lat' dir='ltr'><em>ad</em></span> <span class='ocrx_word' id='word_1_241' title='bbox 2002 2136 2126 2174; x_wconf 90' lang='lat' dir='ltr'><em>mo-</em></span> 
     </span>
    </p>
   </div>
   <div class='ocr_carea' id='block_1_38' title="bbox 481 2207 2128 2270">
    <p class='ocr_par' dir='ltr' id='par_1_38' title="bbox 481 2207 2128 2270">
     <span class='ocr_line' id='line_1_38' title="bbox 481 2207 2128 2270; baseline -0.005 0"><span class='ocrx_word' id='word_1_242' title='bbox 481 2215 775 2270; x_wconf 88' lang='lat' dir='ltr'><em>nasticum</em></span> <span class='ocrx_word' id='word_1_243' title='bbox 807 2212 1070 2268; x_wconf 89' lang='lat' dir='ltr'><em>ordinem</em></span> <span class='ocrx_word' id='word_1_244' title='bbox 1102 2210 1385 2267; x_wconf 89' lang='lat' dir='ltr'><em>translata</em></span> <span class='ocrx_word' id='word_1_245' title='bbox 1415 2215 1526 2270; x_wconf 83' lang='lat' dir='ltr'><em>est:</em></span> <span class='ocrx_word' id='word_1_246' title='bbox 1551 2208 1867 2264; x_wconf 90' lang='lat' dir='ltr'><em>constituto</em></span> <span class='ocrx_word' id='word_1_247' title='bbox 1898 2207 1976 2262; x_wconf 90' lang='lat' dir='ltr'><em>ibi</em></span> <span class='ocrx_word' id='word_1_248' title='bbox 1995 2223 2128 2263; x_wconf 88' lang='lat' dir='ltr'><em>cum</em></span> 
     </span>
    </p>
   </div>
   <div class='ocr_carea' id='block_1_39' title="bbox 479 2295 2126 2374">
    <p class='ocr_par' dir='ltr' id='par_1_39' title="bbox 479 2295 2126 2374">
     <span class='ocr_line' id='line_1_39' title="bbox 479 2295 2126 2374; baseline -0.005 -15"><span class='ocrx_word' id='word_1_249' title='bbox 479 2303 611 2359; x_wconf 88' lang='lat' dir='ltr'><em>aliis</em></span> <span class='ocrx_word' id='word_1_250' title='bbox 639 2300 1168 2374; x_wconf 85' lang='lat' dir='ltr'><em>Angeriacensibus</em></span> <span class='ocrx_word' id='word_1_251' title='bbox 1201 2298 1502 2354; x_wconf 88' lang='lat' dir='ltr'><em>monachis</em></span> <span class='ocrx_word' id='word_1_252' title='bbox 1527 2299 1716 2370; x_wconf 87' lang='lat' dir='ltr'><em>primo</em></span> <span class='ocrx_word' id='word_1_253' title='bbox 1749 2297 1961 2352; x_wconf 86' lang='lat' dir='ltr'><em>abbate</em></span> <span class='ocrx_word' id='word_1_254' title='bbox 1992 2295 2126 2352; x_wconf 83' lang='lat' dir='ltr'><em>Ful-</em></span> 
     </span>
    </p>
   </div>
   <div class='ocr_carea' id='block_1_40' title="bbox 481 2385 2125 2460">
    <p class='ocr_par' dir='ltr' id='par_1_40' title="bbox 481 2385 2125 2460">
     <span class='ocr_line' id='line_1_40' title="bbox 481 2385 2125 2460; baseline -0.004 -13"><span class='ocrx_word' id='word_1_255' title='bbox 481 2390 691 2456; x_wconf 85' lang='lat' dir='ltr'><em>cherio,</em></span> <span class='ocrx_word' id='word_1_256' title='bbox 725 2390 834 2446; x_wconf 89' lang='lat' dir='ltr'><em>sub</em></span> <span class='ocrx_word' id='word_1_257' title='bbox 865 2387 1132 2444; x_wconf 89' lang='lat' dir='ltr'><em>clientela</em></span> <span class='ocrx_word' id='word_1_258' title='bbox 1164 2387 1502 2443; x_wconf 84' lang='lat' dir='ltr'><em>monasterii</em></span> <span class='ocrx_word' id='word_1_259' title='bbox 1535 2385 2000 2460; x_wconf 79' lang='lat' dir='ltr'><em>Angeriacensis,</em></span> <span class='ocrx_word' id='word_1_260' title='bbox 2033 2385 2125 2441; x_wconf 90' lang='lat' dir='ltr'><em>cui</em></span> 
     </span>
    </p>
   </div>
   <div class='ocr_carea' id='block_1_41' title="bbox 476 2475 2132 2547">
    <p class='ocr_par' dir='ltr' id='par_1_41' title="bbox 476 2475 2132 2547">
     <span class='ocr_line' id='line_1_41' title="bbox 476 2475 2132 2547; baseline -0.002 -13"><span class='ocrx_word' id='word_1_261' title='bbox 476 2496 625 2536; x_wconf 90' lang='lat' dir='ltr'><em>nova</em></span> <span class='ocrx_word' id='word_1_262' title='bbox 653 2480 772 2534; x_wconf 74' lang='lat' dir='ltr'><em>haec</em></span> <span class='ocrx_word' id='word_1_263' title='bbox 803 2477 1040 2533; x_wconf 87' lang='lat' dir='ltr'><em>abbatia</em></span> <span class='ocrx_word' id='word_1_264' title='bbox 1065 2477 1333 2547; x_wconf 83' lang='lat' dir='ltr'><em>subjecta</em></span> <span class='ocrx_word' id='word_1_265' title='bbox 1359 2491 1660 2532; x_wconf 85' lang='lat' dir='ltr'><em>remanere</em></span> <span class='ocrx_word' id='word_1_266' title='bbox 1691 2475 1956 2531; x_wconf 89' lang='lat' dir='ltr'><em>debebat.</em></span> <span class='ocrx_word' id='word_1_267' title='bbox 1999 2475 2132 2530; x_wconf 65' lang='lat' dir='ltr'><em>Haec</em></span> 
     </span>
    </p>
   </div>
   <div class='ocr_carea' id='block_1_42' title="bbox 476 2563 2130 2634">
    <p class='ocr_par' dir='ltr' id='par_1_42' title="bbox 476 2563 2130 2634">
     <span class='ocr_line' id='line_1_42' title="bbox 476 2563 2130 2634; baseline -0.003 -10"><span class='ocrx_word' id='word_1_268' title='bbox 476 2569 629 2624; x_wconf 73' lang='lat' dir='ltr'><em>facta</em></span> <span class='ocrx_word' id='word_1_269' title='bbox 643 2565 1421 2624; x_wconf 86' lang='lat' dir='ltr'><em>estGaufridiTauniacensis</em></span> <span class='ocrx_word' id='word_1_270' title='bbox 1433 2563 1791 2634; x_wconf 90' lang='lat' dir='ltr'><em>domini,loci</em></span> <span class='ocrx_word' id='word_1_271' title='bbox 1809 2565 2130 2620; x_wconf 88' lang='lat' dir='ltr'><em>conditoris</em></span> 
     </span>
    </p>
   </div>
   <div class='ocr_carea' id='block_1_43' title="bbox 479 2653 2132 2730">
    <p class='ocr_par' dir='ltr' id='par_1_43' title="bbox 479 2653 2132 2730">
     <span class='ocr_line' id='line_1_43' title="bbox 479 2653 2132 2730; baseline -0.002 -18"><span class='ocrx_word' id='word_1_272' title='bbox 479 2657 838 2730; x_wconf 69' lang='lat' dir='ltr'><em>praescripto,</em></span> <span class='ocrx_word' id='word_1_273' title='bbox 873 2655 970 2727; x_wconf 91' lang='lat' dir='ltr'><em>qui</em></span> <span class='ocrx_word' id='word_1_274' title='bbox 997 2659 1060 2710; x_wconf 85' lang='lat' dir='ltr'><em>ut</em></span> <span class='ocrx_word' id='word_1_275' title='bbox 1079 2655 1136 2709; x_wconf 88' lang='lat' dir='ltr'><em>id</em></span> <span class='ocrx_word' id='word_1_276' title='bbox 1162 2655 1357 2726; x_wconf 79' lang='lat' dir='ltr'><em>ipsum</em></span> <span class='ocrx_word' id='word_1_277' title='bbox 1391 2655 1463 2709; x_wconf 86' lang='lat' dir='ltr'><em>ab</em></span> <span class='ocrx_word' id='word_1_278' title='bbox 1483 2654 1712 2708; x_wconf 84' lang='lat' dir='ltr'><em>Urbano</em></span> <span class='ocrx_word' id='word_1_279' title='bbox 1738 2669 1888 2726; x_wconf 86' lang='lat' dir='ltr'><em>papa</em></span> <span class='ocrx_word' id='word_1_280' title='bbox 1909 2653 2132 2709; x_wconf 84' lang='lat' dir='ltr'><em>obtine-</em></span> 
     </span>
    </p>
   </div>
   <div class='ocr_carea' id='block_1_44' title="bbox 480 2741 2128 2815">
    <p class='ocr_par' dir='ltr' id='par_1_44' title="bbox 480 2741 2128 2815">
     <span class='ocr_line' id='line_1_44' title="bbox 480 2741 2128 2815; baseline -0.001 -15"><span class='ocrx_word' id='word_1_281' title='bbox 480 2750 588 2813; x_wconf 90' lang='lat' dir='ltr'><em>ret,</em></span> <span class='ocrx_word' id='word_1_282' title='bbox 621 2745 865 2799; x_wconf 83' lang='lat' dir='ltr'><em>Romam</em></span> <span class='ocrx_word' id='word_1_283' title='bbox 893 2744 1132 2798; x_wconf 80' lang='lat' dir='ltr'><em>adierat.</em></span> <span class='ocrx_word' id='word_1_284' title='bbox 1165 2743 1290 2806; x_wconf 88' lang='lat' dir='ltr'><em>Qua</em></span> <span class='ocrx_word' id='word_1_285' title='bbox 1319 2741 1388 2798; x_wconf 88' lang='lat' dir='ltr'><em>de</em></span> <span class='ocrx_word' id='word_1_286' title='bbox 1417 2759 1479 2798; x_wconf 89' lang='lat' dir='ltr'><em>re</em></span> <span class='ocrx_word' id='word_1_287' title='bbox 1511 2757 1678 2814; x_wconf 83' lang='lat' dir='ltr'><em>papa,</em></span> <span class='ocrx_word' id='word_1_288' title='bbox 1713 2745 1777 2797; x_wconf 91' lang='lat' dir='ltr'><em>ut</em></span> <span class='ocrx_word' id='word_1_289' title='bbox 1824 2741 2040 2815; x_wconf 84' lang='lat' dir='ltr'><em>legitur</em></span> <span class='ocrx_word' id='word_1_290' title='bbox 2067 2743 2128 2798; x_wconf 89' lang='lat' dir='ltr'><em>in</em></span> 
     </span>
    </p>
   </div>
   <div class='ocr_carea' id='block_1_45' title="bbox 481 2831 2132 2902">
    <p class='ocr_par' dir='ltr' id='par_1_45' title="bbox 481 2831 2132 2902">
     <span class='ocr_line' id='line_1_45' title="bbox 481 2831 2132 2902; baseline -0.001 -13"><span class='ocrx_word' id='word_1_291' title='bbox 481 2832 660 2890; x_wconf 83' lang='lat' dir='ltr'><em>veteri</em></span> <span class='ocrx_word' id='word_1_292' title='bbox 690 2833 1101 2898; x_wconf 89' lang='lat' dir='ltr'><em>instrumento,</em></span> <span class='ocrx_word' id='word_1_293' title='bbox 1132 2831 1286 2887; x_wconf 78' lang='lat' dir='ltr'><em>valde</em></span> <span class='ocrx_word' id='word_1_294' title='bbox 1325 2833 1656 2902; x_wconf 65' lang='lat' dir='ltr'><em>la’tiﬁeat-us,</em></span> <span class='ocrx_word' id='word_1_295' title='bbox 1699 2847 1770 2887; x_wconf 80' lang='lat' dir='ltr'><em>ea:</em></span> <span class='ocrx_word' id='word_1_296' title='bbox 1807 2833 2132 2888; x_wconf 77' lang='lat' dir='ltr'><em>auctoritate</em></span> 
     </span>
    </p>
   </div>
   <div class='ocr_carea' id='block_1_46' title="bbox 487 2919 2131 2993">
    <p class='ocr_par' dir='ltr' id='par_1_46' title="bbox 487 2919 2131 2993">
     <span class='ocr_line' id='line_1_46' title="bbox 487 2919 2131 2993; baseline 0 -15"><span class='ocrx_word' id='word_1_297' title='bbox 487 2924 766 2993; x_wconf 85' lang='lat' dir='ltr'><em>beatorum</em></span> <span class='ocrx_word' id='word_1_298' title='bbox 793 2922 946 2976; x_wconf 77' lang='lat' dir='ltr'><em>Petri</em></span> <span class='ocrx_word' id='word_1_299' title='bbox 973 2925 1022 2976; x_wconf 90' lang='lat' dir='ltr'><em>et</em></span> <span class='ocrx_word' id='word_1_300' title='bbox 1052 2922 1238 2986; x_wconf 86' lang='lat' dir='ltr'><em>Pauli,</em></span> <span class='ocrx_word' id='word_1_301' title='bbox 1270 2925 1322 2975; x_wconf 87' lang='lat' dir='ltr'><em>et</em></span> <span class='ocrx_word' id='word_1_302' title='bbox 1349 2936 1469 2989; x_wconf 88' lang='lat' dir='ltr'><em>sua,</em></span> <span class='ocrx_word' id='word_1_303' title='bbox 1511 2919 1776 2993; x_wconf 80' lang='lat' dir='ltr'><em>quidquid</em></span> <span class='ocrx_word' id='word_1_304' title='bbox 1795 2920 1861 2976; x_wconf 90' lang='lat' dir='ltr'><em>de</em></span> <span class='ocrx_word' id='word_1_305' title='bbox 1906 2922 2131 2978; x_wconf 84' lang='lat' dir='ltr'><em>ecclesia</em></span> 
     </span>
    </p>
   </div>
   <div class='ocr_carea' id='block_1_47' title="bbox 481 3009 2130 3083">
    <p class='ocr_par' dir='ltr' id='par_1_47' title="bbox 481 3009 2130 3083">
     <span class='ocr_line' id='line_1_47' title="bbox 481 3009 2130 3083; baseline 0 -16"><span class='ocrx_word' id='word_1_306' title='bbox 481 3012 668 3083; x_wconf 79' lang='lat' dir='ltr'><em>ﬁebat,</em></span> <span class='ocrx_word' id='word_1_307' title='bbox 699 3015 748 3066; x_wconf 89' lang='lat' dir='ltr'><em>et</em></span> <span class='ocrx_word' id='word_1_308' title='bbox 776 3011 935 3066; x_wconf 86' lang='lat' dir='ltr'><em>danti</em></span> <span class='ocrx_word' id='word_1_309' title='bbox 964 3009 1201 3065; x_wconf 88' lang='lat' dir='ltr'><em>Gofrido</em></span> <span class='ocrx_word' id='word_1_310' title='bbox 1232 3009 1476 3076; x_wconf 91' lang='lat' dir='ltr'><em>scilicet,</em></span> <span class='ocrx_word' id='word_1_311' title='bbox 1519 3013 1570 3065; x_wconf 89' lang='lat' dir='ltr'><em>et</em></span> <span class='ocrx_word' id='word_1_312' title='bbox 1614 3011 1902 3082; x_wconf 84' lang='lat' dir='ltr'><em>accipienti</em></span> <span class='ocrx_word' id='word_1_313' title='bbox 1947 3011 2130 3067; x_wconf 91' lang='lat' dir='ltr'><em>Odoni</em></span> 
     </span>
    </p>
   </div>
   <div class='ocr_carea' id='block_1_48' title="bbox 483 3098 2130 3171">
    <p class='ocr_par' dir='ltr' id='par_1_48' title="bbox 483 3098 2130 3171">
     <span class='ocr_line' id='line_1_48' title="bbox 483 3098 2130 3171; baseline 0 -16"><span class='ocrx_word' id='word_1_314' title='bbox 483 3099 679 3156; x_wconf 85' lang='lat' dir='ltr'><em>abbati</em></span> <span class='ocrx_word' id='word_1_315' title='bbox 709 3099 1142 3171; x_wconf 87' lang='lat' dir='ltr'><em>Angeriacensi,</em></span> <span class='ocrx_word' id='word_1_316' title='bbox 1173 3098 1466 3168; x_wconf 83' lang='lat' dir='ltr'><em>diligenter</em></span> <span class='ocrx_word' id='word_1_317' title='bbox 1493 3099 1711 3164; x_wconf 83' lang='lat' dir='ltr'><em>annuit,</em></span> <span class='ocrx_word' id='word_1_318' title='bbox 1741 3102 1955 3154; x_wconf 86' lang='lat' dir='ltr'><em>secutus</em></span> <span class='ocrx_word' id='word_1_319' title='bbox 1973 3103 2130 3156; x_wconf 86' lang='lat' dir='ltr'><em>ante-</em></span> 
     </span>
    </p>
   </div>
   <div class='ocr_carea' id='block_1_49' title="bbox 479 3187 2198 3264">
    <p class='ocr_par' dir='ltr' id='par_1_49' title="bbox 479 3187 2198 3264">
     <span class='ocr_line' id='line_1_49' title="bbox 479 3187 2198 3264; baseline 0 -18"><span class='ocrx_word' id='word_1_320' title='bbox 479 3205 739 3246; x_wconf 86' lang='lat' dir='ltr'><em>cessorem</em></span> <span class='ocrx_word' id='word_1_321' title='bbox 790 3205 943 3243; x_wconf 87' lang='lat' dir='ltr'><em>suum</em></span> <span class='ocrx_word' id='word_1_322' title='bbox 992 3187 1396 3252; x_wconf 85' lang='lat' dir='ltr'><em>lldebrandum,</em></span> <span class='ocrx_word' id='word_1_323' title='bbox 1441 3204 1656 3260; x_wconf 71' lang='lat' dir='ltr'><em>magna:</em></span> <span class='ocrx_word' id='word_1_324' title='bbox 1701 3192 1751 3244; x_wconf 84' lang='lat' dir='ltr'><em>et</em></span> <span class='ocrx_word' id='word_1_325' title='bbox 1781 3188 2127 3246; x_wconf 71' lang='lat' dir='ltr'><em>admirandae</em></span> <span class='ocrx_word' id='word_1_326' title='bbox 2155 3197 2198 3264; x_wconf 73' lang='grc' dir='ltr'>α</span> 
     </span>
    </p>
   </div>
   <div class='ocr_carea' id='block_1_50' title="bbox 478 3267 2126 3349">
    <p class='ocr_par' dir='ltr' id='par_1_50' title="bbox 478 3267 2126 3349">
     <span class='ocr_line' id='line_1_50' title="bbox 478 3267 2126 3349; baseline -0.001 -14"><span class='ocrx_word' id='word_1_327' title='bbox 478 3281 781 3335; x_wconf 84' lang='lat' dir='ltr'><em>sanctitatis</em></span> <span class='ocrx_word' id='word_1_328' title='bbox 813 3279 1013 3344; x_wconf 86' lang='lat' dir='ltr'><em>virum,</em></span> <span class='ocrx_word' id='word_1_329' title='bbox 1043 3279 1158 3348; x_wconf 87' lang='lat' dir='ltr'><em>qui,</em></span> <span class='ocrx_word' id='word_1_330' title='bbox 1189 3277 1323 3332; x_wconf 88' lang='lat' dir='ltr'><em>dum</em></span> <span class='ocrx_word' id='word_1_331' title='bbox 1351 3277 1528 3332; x_wconf 86' lang='lat' dir='ltr'><em>adhuc</em></span> <span class='ocrx_word' id='word_1_332' title='bbox 1555 3267 1775 3344; x_wconf 70' lang='lat' dir='ltr'><em>uiueret,</em></span> <span class='ocrx_word' id='word_1_333' title='bbox 1800 3277 1898 3334; x_wconf 83' lang='lat' dir='ltr'><em>hoc</em></span> <span class='ocrx_word' id='word_1_334' title='bbox 1945 3277 2126 3349; x_wconf 84' lang='lat' dir='ltr'><em>ipsum</em></span> 
     </span>
    </p>
   </div>
   <div class='ocr_carea' id='block_1_51' title="bbox 481 3367 2126 3440">
    <p class='ocr_par' dir='ltr' id='par_1_51' title="bbox 481 3367 2126 3440">
     <span class='ocr_line' id='line_1_51' title="bbox 481 3367 2126 3440; baseline 0 -17"><span class='ocrx_word' id='word_1_335' title='bbox 481 3367 700 3439; x_wconf 81' lang='lat' dir='ltr'><em>Gofrido</em></span> <span class='ocrx_word' id='word_1_336' title='bbox 751 3369 1071 3422; x_wconf 87' lang='lat' dir='ltr'><em>concessisse</em></span> <span class='ocrx_word' id='word_1_337' title='bbox 1121 3367 1486 3438; x_wconf 85' lang='lat' dir='ltr'><em>cognoscitur.</em></span> <span class='ocrx_word' id='word_1_338' title='bbox 1555 3368 1738 3440; x_wconf 83' lang='lat' dir='ltr'><em>Itaque</em></span> <span class='ocrx_word' id='word_1_339' title='bbox 1783 3369 2126 3436; x_wconf 82' lang='lat' dir='ltr'><em>auctoritate,</em></span> 
     </span>
    </p>
   </div>
   <div class='ocr_carea' id='block_1_52' title="bbox 478 3453 2128 3528">
    <p class='ocr_par' dir='ltr' id='par_1_52' title="bbox 478 3453 2128 3528">
     <span class='ocr_line' id='line_1_52' title="bbox 478 3453 2128 3528; baseline 0 -16"><span class='ocrx_word' id='word_1_340' title='bbox 478 3461 544 3512; x_wconf 89' lang='lat' dir='ltr'><em>ut</em></span> <span class='ocrx_word' id='word_1_341' title='bbox 571 3457 629 3511; x_wconf 91' lang='lat' dir='ltr'><em>in</em></span> <span class='ocrx_word' id='word_1_342' title='bbox 655 3457 858 3513; x_wconf 87' lang='lat' dir='ltr'><em>eadem</em></span> <span class='ocrx_word' id='word_1_343' title='bbox 889 3455 1090 3511; x_wconf 87' lang='lat' dir='ltr'><em>charta</em></span> <span class='ocrx_word' id='word_1_344' title='bbox 1119 3453 1354 3528; x_wconf 81' lang='lat' dir='ltr'><em>legitur,</em></span> <span class='ocrx_word' id='word_1_345' title='bbox 1373 3455 1514 3511; x_wconf 84' lang='lat' dir='ltr'><em>sedis</em></span> <span class='ocrx_word' id='word_1_346' title='bbox 1541 3457 1848 3528; x_wconf 58' lang='lat' dir='ltr'><em>apostolica</em></span> <span class='ocrx_word' id='word_1_347' title='bbox 1877 3463 1929 3512; x_wconf 86' lang='lat' dir='ltr'><em>et</em></span> <span class='ocrx_word' id='word_1_348' title='bbox 1949 3458 2128 3528; x_wconf 85' lang='lat' dir='ltr'><em>privi-</em></span> 
     </span>
    </p>
   </div>
   <div class='ocr_carea' id='block_1_53' title="bbox 477 3543 2130 3617">
    <p class='ocr_par' dir='ltr' id='par_1_53' title="bbox 477 3543 2130 3617">
     <span class='ocr_line' id='line_1_53' title="bbox 477 3543 2130 3617; baseline -0.001 -14"><span class='ocrx_word' id='word_1_349' title='bbox 477 3547 622 3616; x_wconf 84' lang='lat' dir='ltr'><em>legio</em></span> <span class='ocrx_word' id='word_1_350' title='bbox 647 3546 773 3602; x_wconf 78' lang='grc' dir='ltr'><em>Οὰο</em></span> <span class='ocrx_word' id='word_1_351' title='bbox 800 3545 1120 3600; x_wconf 89' lang='lat' dir='ltr'><em>monachos</em></span> <span class='ocrx_word' id='word_1_352' title='bbox 1150 3560 1217 3600; x_wconf 91' lang='lat' dir='ltr'><em>eo</em></span> <span class='ocrx_word' id='word_1_353' title='bbox 1247 3543 1306 3599; x_wconf 92' lang='lat' dir='ltr'><em>in</em></span> <span class='ocrx_word' id='word_1_354' title='bbox 1335 3543 1461 3600; x_wconf 92' lang='lat' dir='ltr'><em>loco</em></span> <span class='ocrx_word' id='word_1_355' title='bbox 1487 3543 1761 3612; x_wconf 85' lang='lat' dir='ltr'><em>instituit,</em></span> <span class='ocrx_word' id='word_1_356' title='bbox 1794 3559 1865 3599; x_wconf 80' lang='lat' dir='ltr'><em>ex</em></span> <span class='ocrx_word' id='word_1_357' title='bbox 1911 3543 2130 3617; x_wconf 90' lang='lat' dir='ltr'><em>quibus</em></span> 
     </span>
    </p>
   </div>
   <div class='ocr_carea' id='block_1_54' title="bbox 479 3631 2126 3706">
    <p class='ocr_par' dir='ltr' id='par_1_54' title="bbox 479 3631 2126 3706">
     <span class='ocr_line' id='line_1_54' title="bbox 479 3631 2126 3706; baseline -0.001 -16"><span class='ocrx_word' id='word_1_358' title='bbox 479 3652 686 3701; x_wconf 88' lang='lat' dir='ltr'><em>unum,</em></span> <span class='ocrx_word' id='word_1_359' title='bbox 720 3631 1088 3688; x_wconf 87' lang='lat' dir='ltr'><em>Fulcherium</em></span> <span class='ocrx_word' id='word_1_360' title='bbox 1107 3631 1365 3698; x_wconf 86' lang='lat' dir='ltr'><em>nomine,</em></span> <span class='ocrx_word' id='word_1_361' title='bbox 1379 3631 1730 3688; x_wconf 80' lang='lat' dir='ltr'><em>Ramnulfus</em></span> <span class='ocrx_word' id='word_1_362' title='bbox 1744 3633 2056 3706; x_wconf 85' lang='lat' dir='ltr'><em>episcOpus</em></span> <span class='ocrx_word' id='word_1_363' title='bbox 2069 3633 2126 3688; x_wconf 90' lang='lat' dir='ltr'><em>in</em></span> 
     </span>
    </p>
   </div>
   <div class='ocr_carea' id='block_1_55' title="bbox 481 3719 2128 3794">
    <p class='ocr_par' dir='ltr' id='par_1_55' title="bbox 481 3719 2128 3794">
     <span class='ocr_line' id='line_1_55' title="bbox 481 3719 2128 3794; baseline -0.001 -15"><span class='ocrx_word' id='word_1_364' title='bbox 481 3724 752 3778; x_wconf 85' lang='lat' dir='ltr'><em>abbatem</em></span> <span class='ocrx_word' id='word_1_365' title='bbox 779 3719 1092 3786; x_wconf 85' lang='lat' dir='ltr'><em>benedixit,</em></span> <span class='ocrx_word' id='word_1_366' title='bbox 1125 3721 1263 3776; x_wconf 90' lang='lat' dir='ltr'><em>data</em></span> <span class='ocrx_word' id='word_1_367' title='bbox 1290 3720 1566 3775; x_wconf 89' lang='lat' dir='ltr'><em>omnibus</em></span> <span class='ocrx_word' id='word_1_368' title='bbox 1598 3724 1880 3792; x_wconf 88' lang='lat' dir='ltr'><em>potestate</em></span> <span class='ocrx_word' id='word_1_369' title='bbox 1910 3725 1976 3776; x_wconf 91' lang='lat' dir='ltr'><em>ut</em></span> <span class='ocrx_word' id='word_1_370' title='bbox 1995 3722 2128 3794; x_wconf 89' lang='lat' dir='ltr'><em>qui-</em></span> 
     </span>
    </p>
   </div>
   <div class='ocr_carea' id='block_1_56' title="bbox 480 3807 2130 3882">
    <p class='ocr_par' dir='ltr' id='par_1_56' title="bbox 480 3807 2130 3882">
     <span class='ocr_line' id='line_1_56' title="bbox 480 3807 2130 3882; baseline 0 -16"><span class='ocrx_word' id='word_1_371' title='bbox 480 3826 712 3882; x_wconf 87' lang='lat' dir='ltr'><em>cunque</em></span> <span class='ocrx_word' id='word_1_372' title='bbox 747 3808 983 3876; x_wconf 87' lang='lat' dir='ltr'><em>vellent,</em></span> <span class='ocrx_word' id='word_1_373' title='bbox 1007 3808 1236 3880; x_wconf 89' lang='lat' dir='ltr'><em>possint</em></span> <span class='ocrx_word' id='word_1_374' title='bbox 1265 3825 1423 3864; x_wconf 68' lang='lat' dir='ltr'><em>novae</em></span> <span class='ocrx_word' id='word_1_375' title='bbox 1457 3807 1541 3862; x_wconf 89' lang='lat' dir='ltr'><em>illi</em></span> <span class='ocrx_word' id='word_1_376' title='bbox 1567 3809 1810 3864; x_wconf 68' lang='lat' dir='ltr'><em>abbatiaa</em></span> <span class='ocrx_word' id='word_1_377' title='bbox 1841 3809 1995 3866; x_wconf 90' lang='lat' dir='ltr'><em>bona</em></span> <span class='ocrx_word' id='word_1_378' title='bbox 2019 3826 2130 3866; x_wconf 85' lang='lat' dir='ltr'><em>sua</em></span> 
     </span>
    </p>
   </div>
   <div class='ocr_carea' id='block_1_57' title="bbox 480 3897 2126 3968">
    <p class='ocr_par' dir='ltr' id='par_1_57' title="bbox 480 3897 2126 3968">
     <span class='ocr_line' id='line_1_57' title="bbox 480 3897 2126 3968; baseline 0 -12"><span class='ocrx_word' id='word_1_379' title='bbox 480 3900 760 3956; x_wconf 87' lang='lat' dir='ltr'><em>conferre.</em></span> <span class='ocrx_word' id='word_1_380' title='bbox 795 3897 924 3952; x_wconf 60' lang='lat' dir='ltr'><em>Haec</em></span> <span class='ocrx_word' id='word_1_381' title='bbox 955 3913 1022 3953; x_wconf 89' lang='lat' dir='ltr'><em>ex</em></span> <span class='ocrx_word' id='word_1_382' title='bbox 1052 3897 1179 3968; x_wconf 89' lang='lat' dir='ltr'><em>ipso</em></span> <span class='ocrx_word' id='word_1_383' title='bbox 1210 3898 1386 3952; x_wconf 89' lang='lat' dir='ltr'><em>veteri</em></span> <span class='ocrx_word' id='word_1_384' title='bbox 1419 3897 1812 3954; x_wconf 89' lang='lat' dir='ltr'><em>instrumento</em></span> <span class='ocrx_word' id='word_1_385' title='bbox 1844 3899 2126 3956; x_wconf 87' lang='lat' dir='ltr'><em>delibavi-</em></span> 
     </span>
    </p>
   </div>
   <div class='ocr_carea' id='block_1_58' title="bbox 479 3984 2127 4059">
    <p class='ocr_par' dir='ltr' id='par_1_58' title="bbox 479 3984 2127 4059">
     <span class='ocr_line' id='line_1_58' title="bbox 479 3984 2127 4059; baseline 0.001 -15"><span class='ocrx_word' id='word_1_386' title='bbox 479 4004 637 4056; x_wconf 87' lang='lat' dir='ltr'><em>mus,</em></span> <span class='ocrx_word' id='word_1_387' title='bbox 670 3985 902 4059; x_wconf 90' lang='lat' dir='ltr'><em>quodin</em></span> <span class='ocrx_word' id='word_1_388' title='bbox 932 3984 1164 4041; x_wconf 88' lang='lat' dir='ltr'><em>archivo</em></span> <span class='ocrx_word' id='word_1_389' title='bbox 1181 3987 1592 4057; x_wconf 88' lang='lat' dir='ltr'><em>Angeriacensi</em></span> <span class='ocrx_word' id='word_1_390' title='bbox 1622 3992 1906 4056; x_wconf 76' lang='lat' dir='ltr'><em>servatur,</em></span> <span class='ocrx_word' id='word_1_391' title='bbox 1926 3989 2127 4047; x_wconf 88' lang='lat' dir='ltr'><em>datum</em></span> 
     </span>
    </p>
   </div>
   <div class='ocr_carea' id='block_1_59' title="bbox 477 4075 2129 4152">
    <p class='ocr_par' dir='ltr' id='par_1_59' title="bbox 477 4075 2129 4152">
     <span class='ocr_line' id='line_1_59' title="bbox 477 4075 2129 4152; baseline 0.002 -20"><span class='ocrx_word' id='word_1_392' title='bbox 477 4093 624 4132; x_wconf 89' lang='lat' dir='ltr'><em>anno</em></span> <span class='ocrx_word' id='word_1_393' title='bbox 656 4075 813 4143; x_wconf 83' lang='grc'>1090,</span> <span class='ocrx_word' id='word_1_394' title='bbox 847 4075 1146 4130; x_wconf 84' lang='lat' dir='ltr'><em>indictione</em></span> <span class='ocrx_word' id='word_1_395' title='bbox 1201 4091 1323 4130; x_wconf 82' lang='lat' dir='ltr'><em>xm.</em></span> <span class='ocrx_word' id='word_1_396' title='bbox 1376 4075 1652 4132; x_wconf 82' lang='lat' dir='ltr'><em>Gol&#39;ridus</em></span> <span class='ocrx_word' id='word_1_397' title='bbox 1707 4081 1902 4133; x_wconf 88' lang='lat' dir='ltr'><em>autem</em></span> <span class='ocrx_word' id='word_1_398' title='bbox 1952 4078 2129 4152; x_wconf 87' lang='lat' dir='ltr'><em>hujus</em></span> 
     </span>
    </p>
   </div>
   <div class='ocr_carea' id='block_1_60' title="bbox 479 4161 2134 4238">
    <p class='ocr_par' dir='ltr' id='par_1_60' title="bbox 479 4161 2134 4238">
     <span class='ocr_line' id='line_1_60' title="bbox 479 4161 2134 4238; baseline 0.003 -20"><span class='ocrx_word' id='word_1_399' title='bbox 479 4162 723 4218; x_wconf 83' lang='lat' dir='ltr'><em>abbatiae</em></span> <span class='ocrx_word' id='word_1_400' title='bbox 755 4161 1076 4228; x_wconf 88' lang='lat' dir='ltr'><em>institutor,</em></span> <span class='ocrx_word' id='word_1_401' title='bbox 1111 4163 1162 4215; x_wconf 92' lang='lat' dir='ltr'><em>is</em></span> <span class='ocrx_word' id='word_1_402' title='bbox 1195 4161 1322 4233; x_wconf 90' lang='lat' dir='ltr'><em>ipse</em></span> <span class='ocrx_word' id='word_1_403' title='bbox 1348 4166 1438 4217; x_wconf 89' lang='lat' dir='ltr'><em>est</em></span> <span class='ocrx_word' id='word_1_404' title='bbox 1467 4162 1750 4220; x_wconf 87' lang='lat' dir='ltr'><em>adversus</em></span> <span class='ocrx_word' id='word_1_405' title='bbox 1781 4181 1955 4238; x_wconf 88' lang='lat' dir='ltr'><em>quem</em></span> <span class='ocrx_word' id='word_1_406' title='bbox 1985 4165 2134 4223; x_wconf 88' lang='lat' dir='ltr'><em>alter</em></span> 
     </span>
    </p>
   </div>
   <div class='ocr_carea' id='block_1_61' title="bbox 477 4245 2134 4328">
    <p class='ocr_par' dir='ltr' id='par_1_61' title="bbox 477 4245 2134 4328">
     <span class='ocr_line' id='line_1_61' title="bbox 477 4245 2134 4328; baseline 0.004 -22"><span class='ocrx_word' id='word_1_407' title='bbox 477 4249 751 4306; x_wconf 88' lang='lat' dir='ltr'><em>Gofridus</em></span> <span class='ocrx_word' id='word_1_408' title='bbox 782 4249 1306 4318; x_wconf 81' lang='lat' dir='ltr'><em>Vinduciniabbas,</em></span> <span class='ocrx_word' id='word_1_409' title='bbox 1338 4245 1550 4328; x_wconf 82' lang='lat' dir='ltr'><em>lib._ii1,</em></span> <span class='ocrx_word' id='word_1_410' title='bbox 1572 4253 1742 4324; x_wconf 90' lang='lat' dir='ltr'><em>epist.</em></span> <span class='ocrx_word' id='word_1_411' title='bbox 1775 4254 1864 4326; x_wconf 87' lang='lat'><em>32,</em></span> <span class='ocrx_word' id='word_1_412' title='bbox 1895 4255 2134 4328; x_wconf 90' lang='lat' dir='ltr'><em>scripsit</em></span> 
     </span>
    </p>
   </div>
   <div class='ocr_carea' id='block_1_62' title="bbox 478 4334 2134 4419">
    <p class='ocr_par' dir='ltr' id='par_1_62' title="bbox 478 4334 2134 4419">
     <span class='ocr_line' id='line_1_62' title="bbox 478 4334 2134 4419; baseline 0.004 -23"><span class='ocrx_word' id='word_1_413' title='bbox 478 4341 550 4396; x_wconf 86' lang='lat' dir='ltr'><em>ad</em></span> <span class='ocrx_word' id='word_1_414' title='bbox 566 4339 942 4395; x_wconf 82' lang='lat' dir='ltr'><em>Ramnulfum</em></span> <span class='ocrx_word' id='word_1_415' title='bbox 957 4334 1383 4396; x_wconf 86' lang='lat' dir='ltr'><em>Santonensem</em></span> <span class='ocrx_word' id='word_1_416' title='bbox 1397 4341 1944 4416; x_wconf 90' lang='lat' dir='ltr'><em>episcopum,quem</em></span> <span class='ocrx_word' id='word_1_417' title='bbox 1967 4351 2134 4419; x_wconf 84' lang='lat' dir='ltr'><em>rogat</em></span> 
     </span>
    </p>
   </div>
   <div class='ocr_carea' id='block_1_63' title="bbox 479 4427 2133 4504">
    <p class='ocr_par' dir='ltr' id='par_1_63' title="bbox 479 4427 2133 4504">
     <span class='ocr_line' id='line_1_63' title="bbox 479 4427 2133 4504; baseline 0.004 -20"><span class='ocrx_word' id='word_1_418' title='bbox 479 4434 545 4484; x_wconf 90' lang='lat' dir='ltr'><em>ut</em></span> <span class='ocrx_word' id='word_1_419' title='bbox 573 4427 829 4484; x_wconf 90' lang='lat' dir='ltr'><em>nullasei</em></span> <span class='ocrx_word' id='word_1_420' title='bbox 861 4427 1129 4484; x_wconf 90' lang='lat' dir='ltr'><em>inducias</em></span> <span class='ocrx_word' id='word_1_421' title='bbox 1143 4431 1600 4502; x_wconf 90' lang='lat' dir='ltr'><em>concedat,quin</em></span> <span class='ocrx_word' id='word_1_422' title='bbox 1622 4431 1785 4504; x_wconf 90' lang='lat' dir='ltr'><em>prius</em></span> <span class='ocrx_word' id='word_1_423' title='bbox 1815 4433 1927 4488; x_wconf 90' lang='lat' dir='ltr'><em>sibi</em></span> <span class='ocrx_word' id='word_1_424' title='bbox 1946 4451 2133 4490; x_wconf 87' lang='lat' dir='ltr'><em>secun-</em></span> 
     </span>
    </p>
   </div>
   <div class='ocr_carea' id='block_1_64' title="bbox 477 4517 2132 4590">
    <p class='ocr_par' dir='ltr' id='par_1_64' title="bbox 477 4517 2132 4590">
     <span class='ocr_line' id='line_1_64' title="bbox 477 4517 2132 4590; baseline 0.004 -18"><span class='ocrx_word' id='word_1_425' title='bbox 477 4517 609 4572; x_wconf 86' lang='lat' dir='ltr'><em>dum</em></span> <span class='ocrx_word' id='word_1_426' title='bbox 631 4518 844 4573; x_wconf 84' lang='lat' dir='ltr'><em>domini</em></span> <span class='ocrx_word' id='word_1_427' title='bbox 857 4533 1019 4590; x_wconf 64' lang='lat' dir='ltr'><em>papm</em></span> <span class='ocrx_word' id='word_1_428' title='bbox 1045 4517 1316 4574; x_wconf 83' lang='lat' dir='ltr'><em>decretum</em></span> <span class='ocrx_word' id='word_1_429' title='bbox 1343 4520 1711 4576; x_wconf 83' lang='lat' dir='ltr'><em>satisfecerit.</em></span> <span class='ocrx_word' id='word_1_430' title='bbox 1753 4523 1861 4578; x_wconf 88' lang='lat' dir='ltr'><em>Sed</em></span> <span class='ocrx_word' id='word_1_431' title='bbox 1893 4539 2014 4578; x_wconf 88' lang='lat' dir='ltr'><em>rem</em></span> <span class='ocrx_word' id='word_1_432' title='bbox 2059 4523 2132 4579; x_wconf 89' lang='lat' dir='ltr'><em>de</em></span> 
     </span>
    </p>
   </div>
   <div class='ocr_carea' id='block_1_65' title="bbox 2235 1970 3838 2054">
    <p class='ocr_par' dir='ltr' id='par_1_65' title="bbox 2235 1970 3838 2054">
     <span class='ocr_line' id='line_1_65' title="bbox 2235 1970 3838 2054; baseline 0 -24"><span class='ocrx_word' id='word_1_433' title='bbox 2235 1990 2463 2046; x_wconf 81' lang='lat' dir='ltr'><em>sponsae</em></span> <span class='ocrx_word' id='word_1_434' title='bbox 2493 1972 2775 2037; x_wconf 86' lang='lat' dir='ltr'><em>dominio,</em></span> <span class='ocrx_word' id='word_1_435' title='bbox 2808 1970 3039 2027; x_wconf 87' lang='lat' dir='ltr'><em>Henrici</em></span> <span class='ocrx_word' id='word_1_436' title='bbox 3072 1975 3268 2042; x_wconf 90' lang='lat' dir='ltr'><em>partes</em></span> <span class='ocrx_word' id='word_1_437' title='bbox 3298 1972 3573 2054; x_wconf 64' lang='lat' dir='ltr'><em>amplexae</em></span> <span class='ocrx_word' id='word_1_438' title='bbox 3619 1973 3838 2030; x_wconf 87' lang='lat' dir='ltr'><em>fuerunt.</em></span> 
     </span>
    </p>
   </div>
   <div class='ocr_carea' id='block_1_66' title="bbox 2234 2059 3840 2134">
    <p class='ocr_par' dir='ltr' id='par_1_66' title="bbox 2234 2059 3840 2134">
     <span class='ocr_line' id='line_1_66' title="bbox 2234 2059 3840 2134; baseline -0.001 -16"><span class='ocrx_word' id='word_1_439' title='bbox 2234 2059 2396 2118; x_wconf 88' lang='lat' dir='ltr'><em>Unde</em></span> <span class='ocrx_word' id='word_1_440' title='bbox 2427 2061 2528 2134; x_wconf 86' lang='lat' dir='ltr'><em>qui</em></span> <span class='ocrx_word' id='word_1_441' title='bbox 2563 2060 2806 2116; x_wconf 82' lang='lat' dir='ltr'><em>rebelles</em></span> <span class='ocrx_word' id='word_1_442' title='bbox 2837 2059 3031 2116; x_wconf 70' lang='lat' dir='ltr'><em>Romae</em></span> <span class='ocrx_word' id='word_1_443' title='bbox 3063 2063 3249 2130; x_wconf 87' lang='lat' dir='ltr'><em>erant,</em></span> <span class='ocrx_word' id='word_1_444' title='bbox 3281 2059 3678 2119; x_wconf 87' lang='lat' dir='ltr'><em>insolentiores</em></span> <span class='ocrx_word' id='word_1_445' title='bbox 3711 2061 3840 2129; x_wconf 83' lang='lat' dir='ltr'><em>facti,</em></span> 
     </span>
    </p>
   </div>
   <div class='ocr_carea' id='block_1_67' title="bbox 2235 2149 3841 2224">
    <p class='ocr_par' dir='ltr' id='par_1_67' title="bbox 2235 2149 3841 2224">
     <span class='ocr_line' id='line_1_67' title="bbox 2235 2149 3841 2224; baseline 0.001 -19"><span class='ocrx_word' id='word_1_446' title='bbox 2235 2150 2550 2205; x_wconf 83' lang='lat' dir='ltr'><em>Guibertum</em></span> <span class='ocrx_word' id='word_1_447' title='bbox 2580 2149 3010 2206; x_wconf 72' lang='lat' dir='ltr'><em>lueresiarcham</em></span> <span class='ocrx_word' id='word_1_448' title='bbox 3066 2165 3224 2222; x_wconf 87' lang='lat' dir='ltr'><em>quem</em></span> <span class='ocrx_word' id='word_1_449' title='bbox 3266 2150 3613 2222; x_wconf 83' lang='lat' dir='ltr'><em>jamdudum.</em></span> <span class='ocrx_word' id='word_1_450' title='bbox 3647 2152 3841 2224; x_wconf 74' lang='lat' dir='ltr'><em>expule-</em></span> 
     </span>
    </p>
   </div>
   <div class='ocr_carea' id='block_1_68' title="bbox 2235 2239 3842 2307">
    <p class='ocr_par' dir='ltr' id='par_1_68' title="bbox 2235 2239 3842 2307">
     <span class='ocr_line' id='line_1_68' title="bbox 2235 2239 3842 2307; baseline 0.001 -13"><span class='ocrx_word' id='word_1_451' title='bbox 2235 2243 2381 2307; x_wconf 81' lang='lat' dir='ltr'><em>rant,</em></span> <span class='ocrx_word' id='word_1_452' title='bbox 2441 2241 2642 2295; x_wconf 85' lang='lat' dir='ltr'><em>iterum</em></span> <span class='ocrx_word' id='word_1_453' title='bbox 2684 2239 2908 2294; x_wconf 78' lang='lat' dir='ltr'><em>Romam</em></span> <span class='ocrx_word' id='word_1_454' title='bbox 2959 2239 3172 2294; x_wconf 87' lang='lat' dir='ltr'><em>intrare</em></span> <span class='ocrx_word' id='word_1_455' title='bbox 3221 2246 3274 2295; x_wconf 88' lang='lat' dir='ltr'><em>et</em></span> <span class='ocrx_word' id='word_1_456' title='bbox 3301 2245 3550 2296; x_wconf 84' lang='lat' dir='ltr'><em>sanctam</em></span> <span class='ocrx_word' id='word_1_457' title='bbox 3593 2241 3842 2297; x_wconf 81' lang='lat' dir='ltr'><em>ecclesiam</em></span> 
     </span>
    </p>
   </div>
   <div class='ocr_carea' id='block_1_69' title="bbox 2233 2326 3841 2401">
    <p class='ocr_par' dir='ltr' id='par_1_69' title="bbox 2233 2326 3841 2401">
     <span class='ocr_line' id='line_1_69' title="bbox 2233 2326 3841 2401; baseline 0.002 -19"><span class='ocrx_word' id='word_1_458' title='bbox 2233 2330 2366 2394; x_wconf 86' lang='lat' dir='ltr'><em>suis,</em></span> <span class='ocrx_word' id='word_1_459' title='bbox 2400 2345 2508 2383; x_wconf 85' lang='lat' dir='ltr'><em>non</em></span> <span class='ocrx_word' id='word_1_460' title='bbox 2557 2326 3039 2393; x_wconf 72' lang='lat' dir='ltr'><em>benediclimzibus,</em></span> <span class='ocrx_word' id='word_1_461' title='bbox 3071 2327 3162 2382; x_wconf 88' lang='lat' dir='ltr'><em>sed</em></span> <span class='ocrx_word' id='word_1_462' title='bbox 3204 2329 3674 2386; x_wconf 81' lang='lat' dir='ltr'><em>maledictionibus</em></span> <span class='ocrx_word' id='word_1_463' title='bbox 3725 2331 3841 2401; x_wconf 79' lang='lat' dir='ltr'><em>infe-</em></span> 
     </span>
    </p>
   </div>
   <div class='ocr_carea' id='block_1_70' title="bbox 2234 2417 2795 2490">
    <p class='ocr_par' dir='ltr' id='par_1_70' title="bbox 2234 2417 2795 2490">
     <span class='ocr_line' id='line_1_70' title="bbox 2234 2417 2795 2490; baseline -0.005 -16"><span class='ocrx_word' id='word_1_464' title='bbox 2234 2426 2380 2474; x_wconf 87' lang='lat' dir='ltr'><em>stare</em></span> <span class='ocrx_word' id='word_1_465' title='bbox 2405 2417 2795 2490; x_wconf 88' lang='lat' dir='ltr'><em>permiserunt.</em></span> 
     </span>
    </p>
   </div>
   <div class='ocr_carea' id='block_1_71' title="bbox 2236 2524 3846 2596">
    <p class='ocr_par' dir='ltr' id='par_1_71' title="bbox 2236 2524 3846 2596">
     <span class='ocr_line' id='line_1_71' title="bbox 2236 2524 3846 2596; baseline 0.001 -16"><span class='ocrx_word' id='word_1_466' title='bbox 2236 2524 2344 2580; x_wconf 88' lang='lat' dir='ltr'><em>XC.</em></span> <span class='ocrx_word' id='word_1_467' title='bbox 2384 2524 2636 2581; x_wconf 84' lang='lat' dir='ltr'><em>Urbanus</em></span> <span class='ocrx_word' id='word_1_468' title='bbox 2666 2525 2722 2578; x_wconf 89' lang='lat' dir='ltr'><em>in</em></span> <span class='ocrx_word' id='word_1_469' title='bbox 2757 2525 3054 2596; x_wconf 87' lang='lat' dir='ltr'><em>Campania</em></span> <span class='ocrx_word' id='word_1_470' title='bbox 3083 2532 3348 2581; x_wconf 86' lang='lat' dir='ltr'><em>versatur.</em></span> <span class='ocrx_word' id='word_1_471' title='bbox 3390 2525 3682 2583; x_wconf 84' lang='lat' dir='ltr'><em>Willelmus</em></span> <span class='ocrx_word' id='word_1_472' title='bbox 3710 2526 3846 2582; x_wconf 84' lang='lat' dir='ltr'><em>abbas</em></span> 
     </span>
    </p>
   </div>
   <div class='ocr_carea' id='block_1_72' title="bbox 2308 2597 3842 2679">
    <p class='ocr_par' dir='ltr' id='par_1_72' title="bbox 2308 2597 3842 2679">
     <span class='ocr_line' id='line_1_72' title="bbox 2308 2597 3842 2679; baseline 0.001 -28"><span class='ocrx_word' id='word_1_473' title='bbox 2308 2597 2710 2679; x_wconf 76' lang='lat' dir='ltr'><em>Hirsaugiensis</em></span> <span class='ocrx_word' id='word_1_474' title='bbox 2740 2598 2992 2652; x_wconf 86' lang='lat' dir='ltr'><em>nuntius.</em></span> <span class='ocrx_word' id='word_1_475' title='bbox 3019 2597 3382 2668; x_wconf 85' lang='lat' dir='ltr'><em>Privilegium</em></span> <span class='ocrx_word' id='word_1_476' title='bbox 3422 2599 3669 2656; x_wconf 71' lang='lat' dir='ltr'><em>Ecclesiae</em></span> <span class='ocrx_word' id='word_1_477' title='bbox 3713 2599 3842 2654; x_wconf 86' lang='lat' dir='ltr'><em>Cata-</em></span> 
     </span>
    </p>
   </div>
   <div class='ocr_carea' id='block_1_73' title="bbox 2306 2685 2533 2724">
    <p class='ocr_par' dir='ltr' id='par_1_73' title="bbox 2306 2685 2533 2724">
     <span class='ocr_line' id='line_1_73' title="bbox 2306 2685 2533 2724; baseline 0 -2"><span class='ocrx_word' id='word_1_478' title='bbox 2306 2685 2463 2724; x_wconf 86' lang='lat' dir='ltr'><em>mens</em></span> <span class='ocrx_word' id='word_1_479' title='bbox 2470 2685 2533 2722; x_wconf 69' lang='grc' dir='ltr'><em>ιδ.</em></span> 
     </span>
    </p>
   </div>
   <div class='ocr_carea' id='block_1_74' title="bbox 2309 2772 3846 2850">
    <p class='ocr_par' dir='ltr' id='par_1_74' title="bbox 2309 2772 3846 2850">
     <span class='ocr_line' id='line_1_74' title="bbox 2309 2772 3846 2850; baseline 0 -20"><span class='ocrx_word' id='word_1_480' title='bbox 2309 2773 2578 2830; x_wconf 89' lang='lat' dir='ltr'><em>Urbanus</em></span> <span class='ocrx_word' id='word_1_481' title='bbox 2606 2773 2828 2831; x_wconf 88' lang='lat' dir='ltr'><em>interea</em></span> <span class='ocrx_word' id='word_1_482' title='bbox 2862 2773 3052 2829; x_wconf 85' lang='lat' dir='ltr'><em>varias</em></span> <span class='ocrx_word' id='word_1_483' title='bbox 3083 2772 3417 2848; x_wconf 67' lang='lat' dir='ltr'><em>Campaniae</em></span> <span class='ocrx_word' id='word_1_484' title='bbox 3455 2776 3711 2850; x_wconf 84' lang='lat' dir='ltr'><em>regiones</em></span> <span class='ocrx_word' id='word_1_485' title='bbox 3736 2793 3846 2848; x_wconf 84' lang='lat' dir='ltr'><em>per-</em></span> 
     </span>
    </p>
   </div>
   <div class='ocr_carea' id='block_1_75' title="bbox 2239 2862 3846 2938">
    <p class='ocr_par' dir='ltr' id='par_1_75' title="bbox 2239 2862 3846 2938">
     <span class='ocr_line' id='line_1_75' title="bbox 2239 2862 3846 2938; baseline -0.001 -18"><span class='ocrx_word' id='word_1_486' title='bbox 2239 2864 2500 2938; x_wconf 88' lang='lat' dir='ltr'><em>agrabat,</em></span> <span class='ocrx_word' id='word_1_487' title='bbox 2535 2863 2648 2918; x_wconf 92' lang='lat' dir='ltr'><em>huc</em></span> <span class='ocrx_word' id='word_1_488' title='bbox 2693 2862 2946 2935; x_wconf 88' lang='lat' dir='ltr'><em>illucque</em></span> <span class='ocrx_word' id='word_1_489' title='bbox 3006 2879 3108 2935; x_wconf 91' lang='lat' dir='ltr'><em>pro</em></span> <span class='ocrx_word' id='word_1_490' title='bbox 3163 2866 3497 2937; x_wconf 89' lang='lat' dir='ltr'><em>temporum</em></span> <span class='ocrx_word' id='word_1_491' title='bbox 3544 2866 3846 2923; x_wconf 86' lang='lat' dir='ltr'><em>necessitate</em></span> 
     </span>
    </p>
   </div>
   <div class='ocr_carea' id='block_1_76' title="bbox 2237 2952 3847 3016">
    <p class='ocr_par' dir='ltr' id='par_1_76' title="bbox 2237 2952 3847 3016">
     <span class='ocr_line' id='line_1_76' title="bbox 2237 2952 3847 3016; baseline 0 -8"><span class='ocrx_word' id='word_1_492' title='bbox 2237 2968 2564 3008; x_wconf 87' lang='lat' dir='ltr'><em>commeare</em></span> <span class='ocrx_word' id='word_1_493' title='bbox 2593 2955 2848 3008; x_wconf 86' lang='lat' dir='ltr'><em>coactus.</em></span> <span class='ocrx_word' id='word_1_494' title='bbox 2884 2952 3048 3016; x_wconf 88' lang='lat' dir='ltr'><em>Quod</em></span> <span class='ocrx_word' id='word_1_495' title='bbox 3079 2968 3211 3007; x_wconf 91' lang='lat' dir='ltr'><em>cum</em></span> <span class='ocrx_word' id='word_1_496' title='bbox 3249 2953 3490 3013; x_wconf 76' lang='lat' dir='ltr'><em>referret</em></span> <span class='ocrx_word' id='word_1_497' title='bbox 3528 2953 3847 3010; x_wconf 82' lang='lat' dir='ltr'><em>Trithemius</em></span> 
     </span>
    </p>
   </div>
   <div class='ocr_carea' id='block_1_77' title="bbox 2238 3034 3845 3112">
    <p class='ocr_par' dir='ltr' id='par_1_77' title="bbox 2238 3034 3845 3112">
     <span class='ocr_line' id='line_1_77' title="bbox 2238 3034 3845 3112; baseline 0.002 -16"><span class='ocrx_word' id='word_1_498' title='bbox 2238 3041 2323 3097; x_wconf 91' lang='lat' dir='ltr'><em>sic</em></span> <span class='ocrx_word' id='word_1_499' title='bbox 2353 3034 2658 3097; x_wconf 88' lang='lat' dir='ltr'><em>exclamat:</em></span> <span class='ocrx_word' id='word_1_500' title='bbox 2693 3041 2733 3096; x_wconf 92' lang='lat'><em>0</em></span> <span class='ocrx_word' id='word_1_501' title='bbox 2763 3045 3026 3112; x_wconf 83' lang='lat' dir='ltr'><em>tempora,</em></span> <span class='ocrx_word' id='word_1_502' title='bbox 3059 3056 3089 3097; x_wconf 91' lang='grc' dir='ltr'><em>ο</em></span> <span class='ocrx_word' id='word_1_503' title='bbox 3118 3057 3292 3097; x_wconf 83' lang='lat' dir='ltr'><em>mores</em></span> <span class='ocrx_word' id='word_1_504' title='bbox 3313 3047 3334 3096; x_wconf 92' lang='lat'><strong><em>!</em></strong></span> <span class='ocrx_word' id='word_1_505' title='bbox 3365 3043 3568 3111; x_wconf 51' lang='lat' dir='ltr'><em>Roman</em></span> <span class='ocrx_word' id='word_1_506' title='bbox 3617 3045 3670 3099; x_wconf 89' lang='lat' dir='ltr'><em>in</em></span> <span class='ocrx_word' id='word_1_507' title='bbox 3698 3042 3845 3100; x_wconf 77' lang='lat' dir='ltr'><em>cathe-</em></span> 
     </span>
    </p>
   </div>
   <div class='ocr_carea' id='block_1_78' title="bbox 2235 3129 3845 3202">
    <p class='ocr_par' dir='ltr' id='par_1_78' title="bbox 2235 3129 3845 3202">
     <span class='ocr_line' id='line_1_78' title="bbox 2235 3129 3845 3202; baseline 0 -16"><span class='ocrx_word' id='word_1_508' title='bbox 2235 3130 2337 3186; x_wconf 89' lang='lat' dir='ltr'><em>dra</em></span> <span class='ocrx_word' id='word_1_509' title='bbox 2361 3131 2541 3186; x_wconf 82' lang='lat' dir='ltr'><em>sancti</em></span> <span class='ocrx_word' id='word_1_510' title='bbox 2563 3131 2715 3186; x_wconf 83' lang='lat' dir='ltr'><em>Petri</em></span> <span class='ocrx_word' id='word_1_511' title='bbox 2747 3129 3072 3202; x_wconf 87' lang='lat' dir='ltr'><em>Wigbertus</em></span> <span class='ocrx_word' id='word_1_512' title='bbox 3113 3130 3330 3188; x_wconf 86' lang='lat' dir='ltr'><em>sedebat</em></span> <span class='ocrx_word' id='word_1_513' title='bbox 3381 3133 3610 3202; x_wconf 85' lang='lat' dir='ltr'><em>idolum,</em></span> <span class='ocrx_word' id='word_1_514' title='bbox 3643 3142 3692 3190; x_wconf 88' lang='lat' dir='ltr'><em>et</em></span> <span class='ocrx_word' id='word_1_515' title='bbox 3717 3147 3845 3189; x_wconf 82' lang='lat' dir='ltr'><em>verus</em></span> 
     </span>
    </p>
   </div>
   <div class='ocr_carea' id='block_1_79' title="bbox 2238 3219 3844 3300">
    <p class='ocr_par' dir='ltr' id='par_1_79' title="bbox 2238 3219 3844 3300">
     <span class='ocr_line' id='line_1_79' title="bbox 2238 3219 3844 3300; baseline 0.001 -25"><span class='ocrx_word' id='word_1_516' title='bbox 2238 3219 2442 3276; x_wconf 84' lang='lat' dir='ltr'><em>Christi</em></span> <span class='ocrx_word' id='word_1_517' title='bbox 2458 3221 2697 3275; x_wconf 85' lang='lat' dir='ltr'><em>vicarius</em></span> <span class='ocrx_word' id='word_1_518' title='bbox 2724 3220 2944 3275; x_wconf 90' lang='lat' dir='ltr'><em>nullum</em></span> <span class='ocrx_word' id='word_1_519' title='bbox 2967 3219 3232 3276; x_wconf 88' lang='lat' dir='ltr'><em>manendi</em></span> <span class='ocrx_word' id='word_1_520' title='bbox 3260 3221 3442 3300; x_wconf 80' lang='lat' dir='ltr'><em>locum</em></span> <span class='ocrx_word' id='word_1_521' title='bbox 3480 3226 3686 3296; x_wconf 85' lang='lat' dir='ltr'><em>poterat</em></span> <span class='ocrx_word' id='word_1_522' title='bbox 3727 3223 3844 3277; x_wconf 80' lang='lat' dir='ltr'><em>inbc-</em></span> 
     </span>
    </p>
   </div>
   <div class='ocr_carea' id='block_1_80' title="bbox 2233 3308 3845 3382">
    <p class='ocr_par' dir='ltr' id='par_1_80' title="bbox 2233 3308 3845 3382">
     <span class='ocr_line' id='line_1_80' title="bbox 2233 3308 3845 3382; baseline -0.001 -17"><span class='ocrx_word' id='word_1_523' title='bbox 2233 3311 2360 3366; x_wconf 88' lang='lat' dir='ltr'><em>nire</em></span> <span class='ocrx_word' id='word_1_524' title='bbox 2387 3313 2590 3364; x_wconf 88' lang='lat' dir='ltr'><em>tutum!</em></span> <span class='ocrx_word' id='word_1_525' title='bbox 2621 3309 2690 3364; x_wconf 88' lang='lat' dir='ltr'><em>Et</em></span> <span class='ocrx_word' id='word_1_526' title='bbox 2704 3308 2940 3382; x_wconf 90' lang='lat' dir='ltr'><em>quidem</em></span> <span class='ocrx_word' id='word_1_527' title='bbox 2965 3311 3250 3365; x_wconf 89' lang='lat' dir='ltr'><em>cumtunc</em></span> <span class='ocrx_word' id='word_1_528' title='bbox 3282 3309 3616 3369; x_wconf 86' lang='lat' dir='ltr'><em>Willelmus</em></span> <span class='ocrx_word' id='word_1_529' title='bbox 3643 3311 3845 3368; x_wconf 83' lang='lat' dir='ltr'><em>Hirsau-</em></span> 
     </span>
    </p>
   </div>
   <div class='ocr_carea' id='block_1_81' title="bbox 2236 3386 3844 3478">
    <p class='ocr_par' dir='ltr' id='par_1_81' title="bbox 2236 3386 3844 3478">
     <span class='ocr_line' id='line_1_81' title="bbox 2236 3386 3844 3478; baseline 0 -24"><span class='ocrx_word' id='word_1_530' title='bbox 2236 3399 2456 3478; x_wconf 84' lang='lat' dir='ltr'><em>giensis</em></span> <span class='ocrx_word' id='word_1_531' title='bbox 2485 3399 2691 3466; x_wconf 89' lang='lat' dir='ltr'><em>abbas,</em></span> <span class='ocrx_word' id='word_1_532' title='bbox 2721 3397 2811 3453; x_wconf 87' lang='lat' dir='ltr'><em>vir</em></span> <span class='ocrx_word' id='word_1_533' title='bbox 2841 3397 3150 3454; x_wconf 87' lang='lat' dir='ltr'><em>sanctitate</em></span> <span class='ocrx_word' id='word_1_534' title='bbox 3190 3415 3426 3456; x_wconf 90' lang='lat' dir='ltr'><em>morum</em></span> <span class='ocrx_word' id='word_1_535' title='bbox 3479 3406 3537 3458; x_wconf 89' lang='lat' dir='ltr'><em>et</em></span> <span class='ocrx_word' id='word_1_536' title='bbox 3561 3386 3670 3458; x_wconf 83' lang='lat' dir='ltr'><em>fide</em></span> <span class='ocrx_word' id='word_1_537' title='bbox 3697 3401 3748 3455; x_wconf 89' lang='lat' dir='ltr'><em>in</em></span> <span class='ocrx_word' id='word_1_538' title='bbox 3775 3414 3844 3456; x_wconf 87' lang='lat' dir='ltr'><em>se-</em></span> 
     </span>
    </p>
   </div>
   <div class='ocr_carea' id='block_1_82' title="bbox 2237 3485 3848 3560">
    <p class='ocr_par' dir='ltr' id='par_1_82' title="bbox 2237 3485 3848 3560">
     <span class='ocr_line' id='line_1_82' title="bbox 2237 3485 3848 3560; baseline -0.002 -16"><span class='ocrx_word' id='word_1_539' title='bbox 2237 3489 2372 3544; x_wconf 89' lang='lat' dir='ltr'><em>dem</em></span> <span class='ocrx_word' id='word_1_540' title='bbox 2393 3486 2773 3560; x_wconf 88' lang='lat' dir='ltr'><em>apostolicam</em></span> <span class='ocrx_word' id='word_1_541' title='bbox 2804 3485 3076 3560; x_wconf 81' lang='lat' dir='ltr'><em>insignis,</em></span> <span class='ocrx_word' id='word_1_542' title='bbox 3109 3487 3522 3548; x_wconf 87' lang='lat' dir='ltr'><em>Gebehardum</em></span> <span class='ocrx_word' id='word_1_543' title='bbox 3552 3486 3848 3548; x_wconf 86' lang='lat' dir='ltr'><em>monasterii</em></span> 
     </span>
    </p>
   </div>
   <div class='ocr_carea' id='block_1_83' title="bbox 2237 3575 3848 3653">
    <p class='ocr_par' dir='ltr' id='par_1_83' title="bbox 2237 3575 3848 3653">
     <span class='ocr_line' id='line_1_83' title="bbox 2237 3575 3848 3653; baseline -0.001 -21"><span class='ocrx_word' id='word_1_544' title='bbox 2237 3575 2329 3632; x_wconf 90' lang='lat' dir='ltr'><em>sui</em></span> <span class='ocrx_word' id='word_1_545' title='bbox 2361 3575 2611 3649; x_wconf 90' lang='lat' dir='ltr'><em>priorem</em></span> <span class='ocrx_word' id='word_1_546' title='bbox 2642 3576 2714 3632; x_wconf 90' lang='lat' dir='ltr'><em>ad</em></span> <span class='ocrx_word' id='word_1_547' title='bbox 2744 3575 3042 3632; x_wconf 85' lang='lat' dir='ltr'><em>Urbanum</em></span> <span class='ocrx_word' id='word_1_548' title='bbox 3071 3577 3302 3634; x_wconf 76' lang='lat' dir='ltr'><em>misisset</em></span> <span class='ocrx_word' id='word_1_549' title='bbox 3329 3595 3458 3636; x_wconf 86' lang='lat' dir='ltr'><em>cum</em></span> <span class='ocrx_word' id='word_1_550' title='bbox 3483 3578 3848 3653; x_wconf 65' lang='lat' dir='ltr'><em>supplicaturus</em></span> 
     </span>
    </p>
   </div>
   <div class='ocr_carea' id='block_1_84' title="bbox 2239 3664 3850 3742">
    <p class='ocr_par' dir='ltr' id='par_1_84' title="bbox 2239 3664 3850 3742">
     <span class='ocr_line' id='line_1_84' title="bbox 2239 3664 3850 3742; baseline -0.001 -22"><span class='ocrx_word' id='word_1_551' title='bbox 2239 3666 2462 3730; x_wconf 89' lang='lat' dir='ltr'><em>litteris,</em></span> <span class='ocrx_word' id='word_1_552' title='bbox 2486 3665 2771 3736; x_wconf 86' lang='lat' dir='ltr'><em>postulans</em></span> <span class='ocrx_word' id='word_1_553' title='bbox 2798 3664 2928 3732; x_wconf 83' lang='lat' dir='ltr'><em>sibi,</em></span> <span class='ocrx_word' id='word_1_554' title='bbox 2961 3665 3042 3721; x_wconf 89' lang='lat' dir='ltr'><em>vel</em></span> <span class='ocrx_word' id='word_1_555' title='bbox 3069 3682 3271 3738; x_wconf 86' lang='lat' dir='ltr'><em>parum</em></span> <span class='ocrx_word' id='word_1_556' title='bbox 3285 3667 3504 3740; x_wconf 84' lang='lat' dir='ltr'><em>aliquid</em></span> <span class='ocrx_word' id='word_1_557' title='bbox 3524 3669 3850 3742; x_wconf 83' lang='lat' dir='ltr'><em>reliquiarum</em></span> 
     </span>
    </p>
   </div>
   <div class='ocr_carea' id='block_1_85' title="bbox 2239 3753 3850 3828">
    <p class='ocr_par' dir='ltr' id='par_1_85' title="bbox 2239 3753 3850 3828">
     <span class='ocr_line' id='line_1_85' title="bbox 2239 3753 3850 3828; baseline -0.001 -18"><span class='ocrx_word' id='word_1_558' title='bbox 2239 3755 2384 3810; x_wconf 89' lang='lat' dir='ltr'><em>beati</em></span> <span class='ocrx_word' id='word_1_559' title='bbox 2412 3755 2561 3810; x_wconf 87' lang='lat' dir='ltr'><em>Petri</em></span> <span class='ocrx_word' id='word_1_560' title='bbox 2587 3753 2880 3810; x_wconf 86' lang='lat' dir='ltr'><em>destinari:</em></span> <span class='ocrx_word' id='word_1_561' title='bbox 2911 3754 3162 3828; x_wconf 88' lang='lat' dir='ltr'><em>benigne</em></span> <span class='ocrx_word' id='word_1_562' title='bbox 3191 3755 3430 3828; x_wconf 88' lang='lat' dir='ltr'><em>quidem</em></span> <span class='ocrx_word' id='word_1_563' title='bbox 3481 3755 3850 3814; x_wconf 86' lang='lat' dir='ltr'><em>Gebebardum</em></span> 
     </span>
    </p>
   </div>
   <div class='ocr_carea' id='block_1_86' title="bbox 2237 3843 3852 3916">
    <p class='ocr_par' dir='ltr' id='par_1_86' title="bbox 2237 3843 3852 3916">
     <span class='ocr_line' id='line_1_86' title="bbox 2237 3843 3852 3916; baseline -0.002 -16"><span class='ocrx_word' id='word_1_564' title='bbox 2237 3844 2462 3916; x_wconf 89' lang='lat' dir='ltr'><em>excepit</em></span> <span class='ocrx_word' id='word_1_565' title='bbox 2492 3843 2768 3916; x_wconf 79' lang='lat' dir='ltr'><em>pontifex,</em></span> <span class='ocrx_word' id='word_1_566' title='bbox 2801 3844 2900 3899; x_wconf 90' lang='lat' dir='ltr'><em>sed</em></span> <span class='ocrx_word' id='word_1_567' title='bbox 2947 3843 3224 3901; x_wconf 90' lang='lat' dir='ltr'><em>Guiberto</em></span> <span class='ocrx_word' id='word_1_568' title='bbox 3278 3844 3527 3902; x_wconf 83' lang='lat' dir='ltr'><em>Romam</em></span> <span class='ocrx_word' id='word_1_569' title='bbox 3570 3847 3852 3908; x_wconf 83' lang='lat' dir='ltr'><em>obtinente,</em></span> 
     </span>
    </p>
   </div>
   <div class='ocr_carea' id='block_1_87' title="bbox 2237 3919 3854 4007">
    <p class='ocr_par' dir='ltr' id='par_1_87' title="bbox 2237 3919 3854 4007">
     <span class='ocr_line' id='line_1_87' title="bbox 2237 3919 3854 4007; baseline -0.003 -17"><span class='ocrx_word' id='word_1_570' title='bbox 2237 3933 2290 3990; x_wconf 91' lang='lat' dir='ltr'><em>ei</em></span> <span class='ocrx_word' id='word_1_571' title='bbox 2323 3919 2665 4005; x_wconf 41' lang='lat' dir='ltr'><em>non&#39;potuit</em></span> <span class='ocrx_word' id='word_1_572' title='bbox 2703 3932 3027 4006; x_wconf 89' lang='lat' dir='ltr'><em>quidquam</em></span> <span class='ocrx_word' id='word_1_573' title='bbox 3081 3951 3150 3990; x_wconf 84' lang='lat' dir='ltr'><em>ex</em></span> <span class='ocrx_word' id='word_1_574' title='bbox 3179 3935 3578 4007; x_wconf 87' lang='lat' dir='ltr'><em>apostolorum</em></span> <span class='ocrx_word' id='word_1_575' title='bbox 3627 3931 3854 4006; x_wconf 80' lang='lat' dir='ltr'><em>reliquiis</em></span> 
     </span>
    </p>
   </div>
   <div class='ocr_carea' id='block_1_88' title="bbox 2239 4022 3854 4082">
    <p class='ocr_par' dir='ltr' id='par_1_88' title="bbox 2239 4022 3854 4082">
     <span class='ocr_line' id='line_1_88' title="bbox 2239 4022 3854 4082; baseline -0.002 -2"><span class='ocrx_word' id='word_1_576' title='bbox 2239 4024 2477 4080; x_wconf 89' lang='lat' dir='ltr'><em>donare.</em></span> <span class='ocrx_word' id='word_1_577' title='bbox 2509 4022 2926 4079; x_wconf 83' lang='lat' dir='ltr'><em>Verumtamen</em></span> <span class='ocrx_word' id='word_1_578' title='bbox 2955 4039 3027 4079; x_wconf 92' lang='lat' dir='ltr'><em>ne</em></span> <span class='ocrx_word' id='word_1_579' title='bbox 3057 4023 3304 4080; x_wconf 86' lang='lat' dir='ltr'><em>nuntius</em></span> <span class='ocrx_word' id='word_1_580' title='bbox 3348 4025 3422 4081; x_wconf 88' lang='lat' dir='ltr'><em>ad</em></span> <span class='ocrx_word' id='word_1_581' title='bbox 3455 4030 3574 4082; x_wconf 86' lang='lat' dir='ltr'><em>tam</em></span> <span class='ocrx_word' id='word_1_582' title='bbox 3621 4028 3854 4081; x_wconf 85' lang='lat' dir='ltr'><em>sanctum</em></span> 
     </span>
    </p>
   </div>
   <div class='ocr_carea' id='block_1_89' title="bbox 2237 4111 3857 4187">
    <p class='ocr_par' dir='ltr' id='par_1_89' title="bbox 2237 4111 3857 4187">
     <span class='ocr_line' id='line_1_89' title="bbox 2237 4111 3857 4187; baseline -0.003 -19"><span class='ocrx_word' id='word_1_583' title='bbox 2237 4112 2427 4168; x_wconf 89' lang='lat' dir='ltr'><em>virum</em></span> <span class='ocrx_word' id='word_1_584' title='bbox 2461 4112 2558 4185; x_wconf 90' lang='lat' dir='ltr'><em>qui</em></span> <span class='ocrx_word' id='word_1_585' title='bbox 2593 4111 2666 4167; x_wconf 86' lang='lat' dir='ltr'><em>ob</em></span> <span class='ocrx_word' id='word_1_586' title='bbox 2696 4111 2854 4168; x_wconf 90' lang='lat' dir='ltr'><em>sedis</em></span> <span class='ocrx_word' id='word_1_587' title='bbox 2896 4111 3224 4185; x_wconf 65' lang='lat' dir='ltr'><em>apostolica</em></span> <span class='ocrx_word' id='word_1_588' title='bbox 3274 4129 3514 4172; x_wconf 87' lang='lat' dir='ltr'><em>causam</em></span> <span class='ocrx_word' id='word_1_589' title='bbox 3559 4114 3857 4187; x_wconf 85' lang='lat' dir='ltr'><em>frequenter</em></span> 
     </span>
    </p>
   </div>
   <div class='ocr_carea' id='block_1_90' title="bbox 2239 4201 3853 4278">
    <p class='ocr_par' dir='ltr' id='par_1_90' title="bbox 2239 4201 3853 4278">
     <span class='ocr_line' id='line_1_90' title="bbox 2239 4201 3853 4278; baseline -0.002 -20"><span class='ocrx_word' id='word_1_590' title='bbox 2239 4201 2564 4274; x_wconf 78' lang='lat' dir='ltr'><em>exagitatus</em></span> <span class='ocrx_word' id='word_1_591' title='bbox 2592 4201 2782 4258; x_wconf 90' lang='lat' dir='ltr'><em>fuerat</em></span> <span class='ocrx_word' id='word_1_592' title='bbox 2809 4217 3030 4257; x_wconf 89' lang='lat' dir='ltr'><em>vacuus</em></span> <span class='ocrx_word' id='word_1_593' title='bbox 3059 4201 3296 4271; x_wconf 88' lang='lat' dir='ltr'><em>rediret,</em></span> <span class='ocrx_word' id='word_1_594' title='bbox 3325 4202 3473 4260; x_wconf 82' lang='lat' dir='ltr'><em>alias</em></span> <span class='ocrx_word' id='word_1_595' title='bbox 3503 4220 3650 4278; x_wconf 88' lang='lat' dir='ltr'><em>quas</em></span> <span class='ocrx_word' id='word_1_596' title='bbox 3686 4213 3853 4257; x_wconf 89' lang='lat' dir='ltr'><em>secum</em></span> 
     </span>
    </p>
   </div>
   <div class='ocr_carea' id='block_1_91' title="bbox 2240 4283 3856 4362">
    <p class='ocr_par' dir='ltr' id='par_1_91' title="bbox 2240 4283 3856 4362">
     <span class='ocr_line' id='line_1_91' title="bbox 2240 4283 3856 4362; baseline -0.001 -16"><span class='ocrx_word' id='word_1_597' title='bbox 2240 4291 2390 4346; x_wconf 86' lang='lat' dir='ltr'><em>ferre</em></span> <span class='ocrx_word' id='word_1_598' title='bbox 2431 4287 2809 4346; x_wconf 81' lang='lat' dir='ltr'><em>consueverat</em></span> <span class='ocrx_word' id='word_1_599' title='bbox 2857 4291 3112 4362; x_wconf 83' lang='lat' dir='ltr'><em>pontifex</em></span> <span class='ocrx_word' id='word_1_600' title='bbox 3158 4295 3500 4350; x_wconf 90' lang='lat' dir='ltr'><em>sanctorum</em></span> <span class='ocrx_word' id='word_1_601' title='bbox 3553 4289 3776 4350; x_wconf 81' lang='lat' dir='ltr'><em>exuvias</em></span> <span class='ocrx_word' id='word_1_602' title='bbox 3815 4283 3856 4340; x_wconf 77' lang='lat' dir='ltr'><em>ei</em></span> 
     </span>
    </p>
   </div>
   <div class='ocr_carea' id='block_1_92' title="bbox 2239 4378 3856 4453">
    <p class='ocr_par' dir='ltr' id='par_1_92' title="bbox 2239 4378 3856 4453">
     <span class='ocr_line' id='line_1_92' title="bbox 2239 4378 3856 4453; baseline -0.003 -17"><span class='ocrx_word' id='word_1_603' title='bbox 2239 4379 2481 4436; x_wconf 89' lang='lat' dir='ltr'><em>tradidit</em></span> <span class='ocrx_word' id='word_1_604' title='bbox 2512 4378 2882 4453; x_wconf 84' lang='lat' dir='ltr'><em>Hirsaugiam</em></span> <span class='ocrx_word' id='word_1_605' title='bbox 2913 4380 3082 4436; x_wconf 87' lang='lat' dir='ltr'><em>beato</em></span> <span class='ocrx_word' id='word_1_606' title='bbox 3102 4379 3298 4436; x_wconf 89' lang='lat' dir='ltr'><em>abbati</em></span> <span class='ocrx_word' id='word_1_607' title='bbox 3331 4381 3691 4438; x_wconf 86' lang='lat' dir='ltr'><em>deferendas.</em></span> <span class='ocrx_word' id='word_1_608' title='bbox 3721 4379 3856 4435; x_wconf 82' lang='lat' dir='ltr'><em>Certe</em></span> 
     </span>
    </p>
   </div>
   <div class='ocr_carea' id='block_1_93' title="bbox 2240 4465 3856 4546">
    <p class='ocr_par' dir='ltr' id='par_1_93' title="bbox 2240 4465 3856 4546">
     <span class='ocr_line' id='line_1_93' title="bbox 2240 4465 3856 4546; baseline -0.004 -22"><span class='ocrx_word' id='word_1_609' title='bbox 2240 4466 2523 4524; x_wconf 88' lang='lat' dir='ltr'><em>nonnulla</em></span> <span class='ocrx_word' id='word_1_610' title='bbox 2553 4465 2808 4546; x_wconf 84' lang='lat' dir='ltr'><em>vidimus</em></span> <span class='ocrx_word' id='word_1_611' title='bbox 2840 4466 3058 4539; x_wconf 90' lang='lat' dir='ltr'><em>passim</em></span> <span class='ocrx_word' id='word_1_612' title='bbox 3092 4474 3638 4544; x_wconf 88' lang='lat' dir='ltr'><em>eorumtemporum</em></span> <span class='ocrx_word' id='word_1_613' title='bbox 3669 4469 3856 4523; x_wconf 89' lang='lat' dir='ltr'><em>instru-</em></span> 
     </span>
    </p>
   </div>
   <div class='ocr_carea' id='block_1_94' title="bbox 2164 4553 3855 4632">
    <p class='ocr_par' dir='ltr' id='par_1_94' title="bbox 2164 4553 3855 4632">
     <span class='ocr_line' id='line_1_94' title="bbox 2164 4553 3855 4632; baseline -0.004 -18"><span class='ocrx_word' id='word_1_614' title='bbox 2164 4564 2212 4630; x_wconf 84' lang='lat'><em>1)</em></span> <span class='ocrx_word' id='word_1_615' title='bbox 2244 4561 2462 4625; x_wconf 89' lang='lat' dir='ltr'><em>menta,</em></span> <span class='ocrx_word' id='word_1_616' title='bbox 2497 4555 2672 4612; x_wconf 89' lang='lat' dir='ltr'><em>etiam</em></span> <span class='ocrx_word' id='word_1_617' title='bbox 2692 4555 2753 4614; x_wconf 89' lang='lat' dir='ltr'><em>in</em></span> <span class='ocrx_word' id='word_1_618' title='bbox 2785 4555 2990 4612; x_wconf 89' lang='lat' dir='ltr'><em>Galliis</em></span> <span class='ocrx_word' id='word_1_619' title='bbox 3019 4557 3374 4632; x_wconf 88' lang='lat' dir='ltr'><em>conscripta,</em></span> <span class='ocrx_word' id='word_1_620' title='bbox 3396 4575 3525 4631; x_wconf 84' lang='lat' dir='ltr'><em>quae</em></span> <span class='ocrx_word' id='word_1_621' title='bbox 3553 4559 3686 4614; x_wconf 86' lang='lat' dir='ltr'><em>data</em></span> <span class='ocrx_word' id='word_1_622' title='bbox 3728 4553 3855 4610; x_wconf 82' lang='lat' dir='ltr'><em>dice-</em></span> 
     </span>
    </p>
   </div>
   <div class='ocr_carea' id='block_1_95' title="bbox 479 4607 1261 4680">
    <p class='ocr_par' dir='ltr' id='par_1_95' title="bbox 479 4607 1261 4680">
     <span class='ocr_line' id='line_1_95' title="bbox 479 4607 1261 4680; baseline 0 -18"><span class='ocrx_word' id='word_1_623' title='bbox 479 4623 597 4679; x_wconf 89' lang='lat' dir='ltr'><em>qua</em></span> <span class='ocrx_word' id='word_1_624' title='bbox 628 4607 822 4680; x_wconf 88' lang='lat' dir='ltr'><em>agitur</em></span> <span class='ocrx_word' id='word_1_625' title='bbox 851 4623 966 4662; x_wconf 88' lang='lat' dir='ltr'><em>non</em></span> <span class='ocrx_word' id='word_1_626' title='bbox 997 4607 1261 4680; x_wconf 82' lang='lat' dir='ltr'><em>explicat.</em></span> 
     </span>
    </p>
   </div>
   <div class='ocr_carea' id='block_1_96' title="bbox 487 4725 2056 4805">
    <p class='ocr_par' dir='ltr' id='par_1_96' title="bbox 487 4725 2056 4805">
     <span class='ocr_line' id='line_1_96' title="bbox 487 4725 2056 4805; baseline 0.004 -17"><span class='ocrx_word' id='word_1_627' title='bbox 487 4725 492 4729; x_wconf 70' lang='grc'><em>’</em></span> <span class='ocrx_word' id='word_1_628' title='bbox 549 4732 826 4789; x_wconf 79' lang='lat' dir='ltr'><em>LXXXIX.</em></span> <span class='ocrx_word' id='word_1_629' title='bbox 858 4734 1180 4788; x_wconf 83' lang='lat' dir='ltr'><em>Henriciani</em></span> <span class='ocrx_word' id='word_1_630' title='bbox 1207 4738 1388 4790; x_wconf 67' lang='lat' dir='ltr'><em>Romae</em></span> <span class='ocrx_word' id='word_1_631' title='bbox 1415 4736 1743 4805; x_wconf 72' lang='lat' dir='ltr'><em>praevalent.</em></span> <span class='ocrx_word' id='word_1_632' title='bbox 1776 4737 2056 4794; x_wconf 84' lang='lat' dir='ltr'><em>Mantuam</em></span> 
     </span>
    </p>
   </div>
   <div class='ocr_carea' id='block_1_97' title="bbox 1181 4806 1428 4878">
    <p class='ocr_par' dir='ltr' id='par_1_97' title="bbox 1181 4806 1428 4878">
     <span class='ocr_line' id='line_1_97' title="bbox 1181 4806 1428 4878; baseline 0.004 -18"><span class='ocrx_word' id='word_1_633' title='bbox 1181 4806 1428 4878; x_wconf 86' lang='lat' dir='ltr'><em>capiunt.</em></span> 
     </span>
    </p>
   </div>
   <div class='ocr_carea' id='block_1_98' title="bbox 488 4903 2124 4985">
    <p class='ocr_par' dir='ltr' id='par_1_98' title="bbox 488 4903 2124 4985">
     <span class='ocr_line' id='line_1_98' title="bbox 488 4903 2124 4985; baseline 0.004 -19"><span class='ocrx_word' id='word_1_634' title='bbox 488 4903 494 4984; x_wconf 59' lang='grc' dir='ltr'>ξ</span> <span class='ocrx_word' id='word_1_635' title='bbox 549 4912 810 4966; x_wconf 82' lang='lat' dir='ltr'><em>Dominus</em></span> <span class='ocrx_word' id='word_1_636' title='bbox 835 4928 980 4984; x_wconf 85' lang='lat' dir='ltr'><em>papa</em></span> <span class='ocrx_word' id='word_1_637' title='bbox 1003 4927 1062 4968; x_wconf 90' lang='lat' dir='ltr'><em>eo</em></span> <span class='ocrx_word' id='word_1_638' title='bbox 1105 4920 1364 4985; x_wconf 86' lang='lat' dir='ltr'><em>tempore,</em></span> <span class='ocrx_word' id='word_1_639' title='bbox 1400 4912 1454 4968; x_wconf 93' lang='lat' dir='ltr'><em>id</em></span> <span class='ocrx_word' id='word_1_640' title='bbox 1486 4915 1574 4968; x_wconf 86' lang='lat' dir='ltr'><em>est</em></span> <span class='ocrx_word' id='word_1_641' title='bbox 1605 4913 1743 4968; x_wconf 88' lang='lat' dir='ltr'><em>anni</em></span> <span class='ocrx_word' id='word_1_642' title='bbox 1768 4915 1897 4971; x_wconf 86' lang='grc'><em>1091</em></span> <span class='ocrx_word' id='word_1_643' title='bbox 1939 4915 2124 4983; x_wconf 88' lang='lat' dir='ltr'><em>initio,</em></span> 
     </span>
    </p>
   </div>
   <div class='ocr_carea' id='block_1_99' title="bbox 478 4999 2126 5076">
    <p class='ocr_par' dir='ltr' id='par_1_99' title="bbox 478 4999 2126 5076">
     <span class='ocr_line' id='line_1_99' title="bbox 478 4999 2126 5076; baseline 0.004 -22"><span class='ocrx_word' id='word_1_644' title='bbox 478 5003 544 5054; x_wconf 89' lang='lat' dir='ltr'><em>ut</em></span> <span class='ocrx_word' id='word_1_645' title='bbox 574 4999 823 5054; x_wconf 87' lang='lat' dir='ltr'><em>Bertoldi</em></span> <span class='ocrx_word' id='word_1_646' title='bbox 856 5001 1045 5056; x_wconf 89' lang='lat' dir='ltr'><em>verbis</em></span> <span class='ocrx_word' id='word_1_647' title='bbox 1076 5005 1228 5070; x_wconf 88' lang='lat' dir='ltr'><em>utar,</em></span> <span class='ocrx_word' id='word_1_648' title='bbox 1261 5001 1320 5056; x_wconf 88' lang='lat' dir='ltr'><em>in</em></span> <span class='ocrx_word' id='word_1_649' title='bbox 1337 5002 1588 5074; x_wconf 85' lang='lat' dir='ltr'><em>partibus</em></span> <span class='ocrx_word' id='word_1_650' title='bbox 1607 5003 1926 5076; x_wconf 71' lang='lat' dir='ltr'><em>Campania?</em></span> <span class='ocrx_word' id='word_1_651' title='bbox 1946 5021 2126 5060; x_wconf 86' lang='lat' dir='ltr'><em>mora-</em></span> 
     </span>
    </p>
   </div>
   <div class='ocr_carea' id='block_1_100' title="bbox 479 5088 2130 5156">
    <p class='ocr_par' dir='ltr' id='par_1_100' title="bbox 479 5088 2130 5156">
     <span class='ocr_line' id='line_1_100' title="bbox 479 5088 2130 5156; baseline 0.005 -14"><span class='ocrx_word' id='word_1_652' title='bbox 479 5089 656 5154; x_wconf 88' lang='lat' dir='ltr'><em>batur,</em></span> <span class='ocrx_word' id='word_1_653' title='bbox 701 5092 751 5143; x_wconf 84' lang='lat' dir='ltr'><em>et</em></span> <span class='ocrx_word' id='word_1_654' title='bbox 809 5088 875 5142; x_wconf 91' lang='lat' dir='ltr'><em>ab</em></span> <span class='ocrx_word' id='word_1_655' title='bbox 931 5091 1182 5156; x_wconf 81' lang='lat' dir='ltr'><em>omnibus</em></span> <span class='ocrx_word' id='word_1_656' title='bbox 1242 5091 1536 5147; x_wconf 81' lang='lat' dir='ltr'><em>Catholicis</em></span> <span class='ocrx_word' id='word_1_657' title='bbox 1587 5091 1770 5147; x_wconf 84' lang='lat' dir='ltr'><em>debila</em></span> <span class='ocrx_word' id='word_1_658' title='bbox 1828 5097 2130 5150; x_wconf 84' lang='lat' dir='ltr'><em>reverentia</em></span> 
     </span>
    </p>
   </div>
   <div class='ocr_carea' id='block_1_101' title="bbox 476 5173 2124 5254">
    <p class='ocr_par' dir='ltr' id='par_1_101' title="bbox 476 5173 2124 5254">
     <span class='ocr_line' id='line_1_101' title="bbox 476 5173 2124 5254; baseline 0.005 -22"><span class='ocrx_word' id='word_1_659' title='bbox 476 5177 772 5244; x_wconf 84' lang='lat' dir='ltr'><em>colebatur,</em></span> <span class='ocrx_word' id='word_1_660' title='bbox 797 5173 1044 5233; x_wconf 75' lang='lat' dir='ltr'><em>videlicet</em></span> <span class='ocrx_word' id='word_1_661' title='bbox 1101 5197 1134 5234; x_wconf 89' lang='lat' dir='ltr'><em>a</em></span> <span class='ocrx_word' id='word_1_662' title='bbox 1156 5180 1750 5254; x_wconf 81' lang='lat' dir='ltr'><em>ConstantinOpolitano</em></span> <span class='ocrx_word' id='word_1_663' title='bbox 1780 5183 2124 5254; x_wconf 82' lang='lat' dir='ltr'><em>imperatore,</em></span> 
     </span>
    </p>
   </div>
   <div class='ocr_carea' id='block_1_102' title="bbox 476 5265 2130 5342">
    <p class='ocr_par' dir='ltr' id='par_1_102' title="bbox 476 5265 2130 5342">
     <span class='ocr_line' id='line_1_102' title="bbox 476 5265 2130 5342; baseline 0.004 -20"><span class='ocrx_word' id='word_1_664' title='bbox 476 5275 528 5322; x_wconf 89' lang='lat' dir='ltr'><em>et</em></span> <span class='ocrx_word' id='word_1_665' title='bbox 551 5283 585 5320; x_wconf 92' lang='lat' dir='ltr'><em>a</em></span> <span class='ocrx_word' id='word_1_666' title='bbox 637 5265 890 5336; x_wconf 84' lang='lat' dir='ltr'><em>Philippo</em></span> <span class='ocrx_word' id='word_1_667' title='bbox 937 5269 1272 5324; x_wconf 82' lang='lat' dir='ltr'><em>Francorum</em></span> <span class='ocrx_word' id='word_1_668' title='bbox 1320 5287 1460 5342; x_wconf 83' lang='lat' dir='ltr'><em>rege,</em></span> <span class='ocrx_word' id='word_1_669' title='bbox 1515 5271 1754 5342; x_wconf 85' lang='lat' dir='ltr'><em>aliisque</em></span> <span class='ocrx_word' id='word_1_670' title='bbox 1787 5270 2130 5328; x_wconf 85' lang='lat' dir='ltr'><em>diversorum</em></span> 
     </span>
    </p>
   </div>
   <div class='ocr_carea' id='block_1_103' title="bbox 475 5356 2129 5432">
    <p class='ocr_par' dir='ltr' id='par_1_103' title="bbox 475 5356 2129 5432">
     <span class='ocr_line' id='line_1_103' title="bbox 475 5356 2129 5432; baseline 0.005 -22"><span class='ocrx_word' id='word_1_671' title='bbox 475 5371 769 5424; x_wconf 86' lang='lat' dir='ltr'><em>regnorum</em></span> <span class='ocrx_word' id='word_1_672' title='bbox 785 5356 1269 5428; x_wconf 83' lang='lat' dir='ltr'><em>principibus,tam</em></span> <span class='ocrx_word' id='word_1_673' title='bbox 1300 5359 1677 5415; x_wconf 84' lang='lat' dir='ltr'><em>ecclesiasticis</em></span> <span class='ocrx_word' id='word_1_674' title='bbox 1706 5376 1874 5432; x_wconf 90' lang='lat' dir='ltr'><em>quam</em></span> <span class='ocrx_word' id='word_1_675' title='bbox 1901 5363 2129 5419; x_wconf 76' lang='lat' dir='ltr'><em>saecula-</em></span> 
     </span>
    </p>
   </div>
   <div class='ocr_carea' id='block_1_104' title="bbox 475 5443 2128 5518">
    <p class='ocr_par' dir='ltr' id='par_1_104' title="bbox 475 5443 2128 5518">
     <span class='ocr_line' id='line_1_104' title="bbox 475 5443 2128 5518; baseline 0.005 -21"><span class='ocrx_word' id='word_1_676' title='bbox 475 5443 647 5509; x_wconf 85' lang='lat' dir='ltr'><em>ribus,</em></span> <span class='ocrx_word' id='word_1_677' title='bbox 707 5453 923 5515; x_wconf 66' lang='lat' dir='ltr'><em>excepto</em></span> <span class='ocrx_word' id='word_1_678' title='bbox 982 5445 1394 5502; x_wconf 85' lang='lat' dir='ltr'><em>Tcutonicorum</em></span> <span class='ocrx_word' id='word_1_679' title='bbox 1449 5461 1634 5518; x_wconf 82' lang='lat' dir='ltr'><em>regno,</em></span> <span class='ocrx_word' id='word_1_680' title='bbox 1693 5448 1795 5503; x_wconf 87' lang='lat' dir='ltr'><em>ubi</em></span> <span class='ocrx_word' id='word_1_681' title='bbox 1840 5449 2006 5504; x_wconf 85' lang='lat' dir='ltr'><em>multi</em></span> <span class='ocrx_word' id='word_1_682' title='bbox 2058 5467 2128 5506; x_wconf 73' lang='lat' dir='ltr'><em>ea:</em></span> 
     </span>
    </p>
   </div>
   <div class='ocr_carea' id='block_1_105' title="bbox 477 5530 2125 5606">
    <p class='ocr_par' dir='ltr' id='par_1_105' title="bbox 477 5530 2125 5606">
     <span class='ocr_line' id='line_1_105' title="bbox 477 5530 2125 5606; baseline 0.005 -20"><span class='ocrx_word' id='word_1_683' title='bbox 477 5530 770 5588; x_wconf 81' lang='lat' dir='ltr'><em>Caiholicis</em></span> <span class='ocrx_word' id='word_1_684' title='bbox 804 5535 858 5588; x_wconf 87' lang='lat' dir='ltr'><em>in</em></span> <span class='ocrx_word' id='word_1_685' title='bbox 889 5539 1105 5606; x_wconf 84' lang='lat' dir='ltr'><em>partem</em></span> <span class='ocrx_word' id='word_1_686' title='bbox 1134 5537 1728 5592; x_wconf 76' lang='lat' dir='ltr'><em>excommunicatorum</em></span> <span class='ocrx_word' id='word_1_687' title='bbox 1766 5539 2007 5594; x_wconf 84' lang='lat' dir='ltr'><em>avaritia</em></span> <span class='ocrx_word' id='word_1_688' title='bbox 2033 5537 2125 5596; x_wconf 89' lang='lat' dir='ltr'><em>de-</em></span> 
     </span>
    </p>
   </div>
   <div class='ocr_carea' id='block_1_106' title="bbox 472 5622 2126 5694">
    <p class='ocr_par' dir='ltr' id='par_1_106' title="bbox 472 5622 2126 5694">
     <span class='ocr_line' id='line_1_106' title="bbox 472 5622 2126 5694; baseline 0.007 -19"><span class='ocrx_word' id='word_1_689' title='bbox 472 5622 617 5692; x_wconf 88' lang='lat' dir='ltr'><em>cepti</em></span> <span class='ocrx_word' id='word_1_690' title='bbox 643 5627 832 5694; x_wconf 84' lang='lat' dir='ltr'><em>sponte</em></span> <span class='ocrx_word' id='word_1_691' title='bbox 855 5639 953 5678; x_wconf 88' lang='lat' dir='ltr'><em>sua</em></span> <span class='ocrx_word' id='word_1_692' title='bbox 982 5640 1041 5680; x_wconf 86' lang='lat' dir='ltr'><em>se</em></span> <span class='ocrx_word' id='word_1_693' title='bbox 1068 5624 1494 5680; x_wconf 86' lang='lat' dir='ltr'><em>transtulerunt.</em></span> <span class='ocrx_word' id='word_1_694' title='bbox 1527 5623 1774 5682; x_wconf 84' lang='lat' dir='ltr'><em>Omnem</em></span> <span class='ocrx_word' id='word_1_695' title='bbox 1805 5625 1962 5684; x_wconf 88' lang='lat' dir='ltr'><em>enim</em></span> <span class='ocrx_word' id='word_1_696' title='bbox 1985 5631 2126 5686; x_wconf 88' lang='lat' dir='ltr'><em>tunc</em></span> 
     </span>
    </p>
   </div>
   <div class='ocr_carea' id='block_1_107' title="bbox 471 5709 2130 5797">
    <p class='ocr_par' dir='ltr' id='par_1_107' title="bbox 471 5709 2130 5797">
     <span class='ocr_line' id='line_1_107' title="bbox 471 5709 2130 5797; baseline 0.002 -21"><span class='ocrx_word' id='word_1_697' title='bbox 471 5710 743 5776; x_wconf 79' lang='lat' dir='ltr'><em>movebat</em></span> <span class='ocrx_word' id='word_1_698' title='bbox 770 5710 1026 5792; x_wconf 86' lang='lat' dir='ltr'><em>lapidem</em></span> <span class='ocrx_word' id='word_1_699' title='bbox 1052 5712 1357 5774; x_wconf 83' lang='lat' dir='ltr'><em>Henricus.</em></span> <span class='ocrx_word' id='word_1_700' title='bbox 1391 5718 1459 5776; x_wconf 88' lang='lat' dir='ltr'><em>ut</em></span> <span class='ocrx_word' id='word_1_701' title='bbox 1486 5713 1723 5797; x_wconf 82' lang='lat' dir='ltr'><em>quosvis</em></span> <span class='ocrx_word' id='word_1_702' title='bbox 1751 5709 2130 5780; x_wconf 60' lang='lat' dir='ltr'><em>etiam&#39;vi&#39;aut</em></span> 
     </span>
    </p>
   </div>
   <div class='ocr_carea' id='block_1_108' title="bbox 2245 4643 3858 4720">
    <p class='ocr_par' dir='ltr' id='par_1_108' title="bbox 2245 4643 3858 4720">
     <span class='ocr_line' id='line_1_108' title="bbox 2245 4643 3858 4720; baseline -0.001 -17"><span class='ocrx_word' id='word_1_703' title='bbox 2245 4647 2461 4703; x_wconf 89' lang='lat' dir='ltr'><em>bantur</em></span> <span class='ocrx_word' id='word_1_704' title='bbox 2483 4646 2696 4703; x_wconf 86' lang='lat' dir='ltr'><em>Urbano</em></span> <span class='ocrx_word' id='word_1_705' title='bbox 2723 4653 2928 4702; x_wconf 68' lang='lat' dir='ltr'><em>sanctae</em></span> <span class='ocrx_word' id='word_1_706' title='bbox 2958 4649 3220 4704; x_wconf 70' lang='lat' dir='ltr'><em>Romanae</em></span> <span class='ocrx_word' id='word_1_707' title='bbox 3260 4649 3521 4706; x_wconf 70' lang='lat' dir='ltr'><em>Ecclesia?</em></span> <span class='ocrx_word' id='word_1_708' title='bbox 3561 4643 3858 4720; x_wconf 64' lang='lat' dir='ltr'><em>praesidem</em></span> 
     </span>
    </p>
   </div>
   <div class='ocr_carea' id='block_1_109' title="bbox 2235 4731 3856 4808">
    <p class='ocr_par' dir='ltr' id='par_1_109' title="bbox 2235 4731 3856 4808">
     <span class='ocr_line' id='line_1_109' title="bbox 2235 4731 3856 4808; baseline -0.004 -16"><span class='ocrx_word' id='word_1_709' title='bbox 2235 4737 2332 4792; x_wconf 86' lang='lat' dir='ltr'><em>sub</em></span> <span class='ocrx_word' id='word_1_710' title='bbox 2357 4735 2725 4808; x_wconf 85' lang='lat' dir='ltr'><em>persecutione</em></span> <span class='ocrx_word' id='word_1_711' title='bbox 2753 4735 2974 4790; x_wconf 84' lang='lat' dir='ltr'><em>Henrici</em></span> <span class='ocrx_word' id='word_1_712' title='bbox 3003 4737 3250 4806; x_wconf 82' lang='lat' dir='ltr'><em>tyranni,</em></span> <span class='ocrx_word' id='word_1_713' title='bbox 3304 4741 3406 4792; x_wconf 88' lang='lat' dir='ltr'><em>aut</em></span> <span class='ocrx_word' id='word_1_714' title='bbox 3436 4737 3548 4794; x_wconf 88' lang='lat' dir='ltr'><em>sub</em></span> <span class='ocrx_word' id='word_1_715' title='bbox 3595 4731 3856 4792; x_wconf 80' lang='lat' dir='ltr'><em>similibus</em></span> 
     </span>
    </p>
   </div>
   <div class='ocr_carea' id='block_1_110' title="bbox 2237 4815 3856 4898">
    <p class='ocr_par' dir='ltr' id='par_1_110' title="bbox 2237 4815 3856 4898">
     <span class='ocr_line' id='line_1_110' title="bbox 2237 4815 3856 4898; baseline -0.007 -16"><span class='ocrx_word' id='word_1_716' title='bbox 2237 4823 2527 4892; x_wconf 86' lang='lat' dir='ltr'><em>formulis,</em></span> <span class='ocrx_word' id='word_1_717' title='bbox 2561 4839 2688 4895; x_wconf 69' lang='lat' dir='ltr'><em>qua:</em></span> <span class='ocrx_word' id='word_1_718' title='bbox 2721 4823 2875 4878; x_wconf 90' lang='lat' dir='ltr'><em>idem</em></span> <span class='ocrx_word' id='word_1_719' title='bbox 2901 4821 3034 4879; x_wconf 89' lang='lat' dir='ltr'><em>aliis</em></span> <span class='ocrx_word' id='word_1_720' title='bbox 3063 4825 3254 4881; x_wconf 81' lang='lat' dir='ltr'><em>verbis</em></span> <span class='ocrx_word' id='word_1_721' title='bbox 3269 4824 3688 4898; x_wconf 85' lang='lat' dir='ltr'><em>exprimebant.</em></span> <span class='ocrx_word' id='word_1_722' title='bbox 3719 4815 3856 4877; x_wconf 82' lang='lat' dir='ltr'><em>Haud</em></span> 
     </span>
    </p>
   </div>
   <div class='ocr_carea' id='block_1_111' title="bbox 2235 4904 3856 4988">
    <p class='ocr_par' dir='ltr' id='par_1_111' title="bbox 2235 4904 3856 4988">
     <span class='ocr_line' id='line_1_111' title="bbox 2235 4904 3856 4988; baseline -0.004 -18"><span class='ocrx_word' id='word_1_723' title='bbox 2235 4919 2431 4970; x_wconf 90' lang='lat' dir='ltr'><em>tamen</em></span> <span class='ocrx_word' id='word_1_724' title='bbox 2465 4912 2592 4968; x_wconf 91' lang='lat' dir='ltr'><em>sine</em></span> <span class='ocrx_word' id='word_1_725' title='bbox 2623 4911 2840 4968; x_wconf 88' lang='lat' dir='ltr'><em>honore</em></span> <span class='ocrx_word' id='word_1_726' title='bbox 2851 4916 2996 4979; x_wconf 86' lang='lat' dir='ltr'><em>erat,</em></span> <span class='ocrx_word' id='word_1_727' title='bbox 3011 4911 3188 4969; x_wconf 89' lang='lat' dir='ltr'><em>etiam</em></span> <span class='ocrx_word' id='word_1_728' title='bbox 3203 4912 3263 4968; x_wconf 93' lang='lat' dir='ltr'><em>in</em></span> <span class='ocrx_word' id='word_1_729' title='bbox 3281 4913 3375 4970; x_wconf 89' lang='lat' dir='ltr'><em>his</em></span> <span class='ocrx_word' id='word_1_730' title='bbox 3393 4913 3682 4988; x_wconf 86' lang='lat' dir='ltr'><em>angustiis</em></span> <span class='ocrx_word' id='word_1_731' title='bbox 3693 4904 3856 4984; x_wconf 83' lang='lat' dir='ltr'><em>ponti-</em></span> 
     </span>
    </p>
   </div>
   <div class='ocr_carea' id='block_1_112' title="bbox 2239 5000 3853 5074">
    <p class='ocr_par' dir='ltr' id='par_1_112' title="bbox 2239 5000 3853 5074">
     <span class='ocr_line' id='line_1_112' title="bbox 2239 5000 3853 5074; baseline -0.006 -16"><span class='ocrx_word' id='word_1_732' title='bbox 2239 5005 2351 5068; x_wconf 83' lang='lat' dir='ltr'><em>fex,</em></span> <span class='ocrx_word' id='word_1_733' title='bbox 2382 5019 2554 5074; x_wconf 87' lang='lat' dir='ltr'><em>quem</em></span> <span class='ocrx_word' id='word_1_734' title='bbox 2587 5000 2692 5056; x_wconf 90' lang='lat' dir='ltr'><em>viri</em></span> <span class='ocrx_word' id='word_1_735' title='bbox 2725 5001 3034 5074; x_wconf 88' lang='lat' dir='ltr'><em>utriusque</em></span> <span class='ocrx_word' id='word_1_736' title='bbox 3049 5001 3273 5058; x_wconf 89' lang='lat' dir='ltr'><em>ordinis</em></span> <span class='ocrx_word' id='word_1_737' title='bbox 3303 5001 3656 5062; x_wconf 81' lang='lat' dir='ltr'><em>illustriores</em></span> <span class='ocrx_word' id='word_1_738' title='bbox 3682 5008 3853 5056; x_wconf 85' lang='lat' dir='ltr'><em>earum</em></span> 
     </span>
    </p>
   </div>
   <div class='ocr_carea' id='block_1_113' title="bbox 2238 5089 3852 5164">
    <p class='ocr_par' dir='ltr' id='par_1_113' title="bbox 2238 5089 3852 5164">
     <span class='ocr_line' id='line_1_113' title="bbox 2238 5089 3852 5164; baseline -0.007 -18"><span class='ocrx_word' id='word_1_739' title='bbox 2238 5091 2542 5164; x_wconf 87' lang='lat' dir='ltr'><em>regionum</em></span> <span class='ocrx_word' id='word_1_740' title='bbox 2556 5107 2705 5162; x_wconf 90' lang='lat' dir='ltr'><em>quas</em></span> <span class='ocrx_word' id='word_1_741' title='bbox 2717 5089 3005 5146; x_wconf 87' lang='lat' dir='ltr'><em>invisebat</em></span> <span class='ocrx_word' id='word_1_742' title='bbox 3018 5095 3083 5146; x_wconf 90' lang='lat' dir='ltr'><em>ut</em></span> <span class='ocrx_word' id='word_1_743' title='bbox 3093 5089 3416 5164; x_wconf 87' lang='lat' dir='ltr'><em>plurimum</em></span> <span class='ocrx_word' id='word_1_744' title='bbox 3435 5089 3852 5148; x_wconf 84' lang='lat' dir='ltr'><em>comitabantur.</em></span> 
     </span>
    </p>
   </div>
   <div class='ocr_carea' id='block_1_114' title="bbox 2238 5178 3854 5249">
    <p class='ocr_par' dir='ltr' id='par_1_114' title="bbox 2238 5178 3854 5249">
     <span class='ocr_line' id='line_1_114' title="bbox 2238 5178 3854 5249; baseline -0.001 -12"><span class='ocrx_word' id='word_1_745' title='bbox 2238 5183 2326 5237; x_wconf 84' lang='lat' dir='ltr'><em>Ita</em></span> <span class='ocrx_word' id='word_1_746' title='bbox 2353 5179 2463 5235; x_wconf 91' lang='lat' dir='ltr'><em>hoc</em></span> <span class='ocrx_word' id='word_1_747' title='bbox 2488 5195 2640 5236; x_wconf 89' lang='lat' dir='ltr'><em>anno</em></span> <span class='ocrx_word' id='word_1_748' title='bbox 2671 5179 2783 5235; x_wconf 91' lang='lat' dir='ltr'><em>sub</em></span> <span class='ocrx_word' id='word_1_749' title='bbox 2813 5178 2991 5235; x_wconf 87' lang='lat' dir='ltr'><em>finem</em></span> <span class='ocrx_word' id='word_1_750' title='bbox 3025 5181 3246 5238; x_wconf 87' lang='lat' dir='ltr'><em>mensis</em></span> <span class='ocrx_word' id='word_1_751' title='bbox 3273 5180 3563 5249; x_wconf 87' lang='lat' dir='ltr'><em>Januarii,</em></span> <span class='ocrx_word' id='word_1_752' title='bbox 3584 5195 3715 5236; x_wconf 74' lang='lat' dir='ltr'><em>&#39;cinn</em></span> <span class='ocrx_word' id='word_1_753' title='bbox 3733 5185 3854 5249; x_wconf 80' lang='grc' dir='ltr'>ραρα</span> 
     </span>
    </p>
   </div>
   <div class='ocr_carea' id='block_1_115' title="bbox 2241 5267 3852 5342">
    <p class='ocr_par' dir='ltr' id='par_1_115' title="bbox 2241 5267 3852 5342">
     <span class='ocr_line' id='line_1_115' title="bbox 2241 5267 3852 5342; baseline -0.009 -14"><span class='ocrx_word' id='word_1_754' title='bbox 2241 5269 2490 5328; x_wconf 87' lang='lat' dir='ltr'><em>Urbanus</em></span> <span class='ocrx_word' id='word_1_755' title='bbox 2516 5269 2720 5342; x_wconf 66' lang='lat' dir='ltr'><em>Capuae</em></span> <span class='ocrx_word' id='word_1_756' title='bbox 2768 5271 2926 5338; x_wconf 87' lang='lat' dir='ltr'><em>esset,</em></span> <span class='ocrx_word' id='word_1_757' title='bbox 2967 5267 3051 5324; x_wconf 92' lang='lat' dir='ltr'><em>uti</em></span> <span class='ocrx_word' id='word_1_758' title='bbox 3096 5275 3296 5327; x_wconf 89' lang='lat' dir='ltr'><em>narrat</em></span> <span class='ocrx_word' id='word_1_759' title='bbox 3341 5270 3548 5327; x_wconf 88' lang='lat' dir='ltr'><em>Petrus</em></span> <span class='ocrx_word' id='word_1_760' title='bbox 3596 5268 3852 5326; x_wconf 79' lang='lat' dir='ltr'><em>Diaconus</em></span> 
     </span>
    </p>
   </div>
   <div class='ocr_carea' id='block_1_116' title="bbox 2236 5347 3854 5434">
    <p class='ocr_par' dir='ltr' id='par_1_116' title="bbox 2236 5347 3854 5434">
     <span class='ocr_line' id='line_1_116' title="bbox 2236 5347 3854 5434; baseline -0.004 -21"><span class='ocrx_word' id='word_1_761' title='bbox 2236 5356 2385 5414; x_wconf 91' lang='lat' dir='ltr'><em>libro</em></span> <span class='ocrx_word' id='word_1_762' title='bbox 2415 5374 2471 5413; x_wconf 79' lang='grc' dir='ltr'><em>ιν</em></span> <span class='ocrx_word' id='word_1_763' title='bbox 2499 5355 2764 5413; x_wconf 83' lang='lat' dir='ltr'><em>Chronici</em></span> <span class='ocrx_word' id='word_1_764' title='bbox 2796 5356 3153 5426; x_wconf 86' lang='lat' dir='ltr'><em>Casinensis,</em></span> <span class='ocrx_word' id='word_1_765' title='bbox 3187 5375 3313 5434; x_wconf 82' lang='lat' dir='ltr'><em>cap.</em></span> <span class='ocrx_word' id='word_1_766' title='bbox 3345 5359 3399 5430; x_wconf 86' lang='lat'><em>9,</em></span> <span class='ocrx_word' id='word_1_767' title='bbox 3433 5355 3763 5432; x_wconf 77' lang='lat' dir='ltr'><em>Raynaldus</em></span> <span class='ocrx_word' id='word_1_768' title='bbox 3781 5347 3854 5406; x_wconf 82' lang='lat' dir='ltr'><em>Ri-</em></span> 
     </span>
    </p>
   </div>
   <div class='ocr_carea' id='block_1_117' title="bbox 2235 5436 3850 5522">
    <p class='ocr_par' dir='ltr' id='par_1_117' title="bbox 2235 5436 3850 5522">
     <span class='ocr_line' id='line_1_117' title="bbox 2235 5436 3850 5522; baseline -0.006 -20"><span class='ocrx_word' id='word_1_769' title='bbox 2235 5447 2442 5515; x_wconf 90' lang='lat' dir='ltr'><em>vellus,</em></span> <span class='ocrx_word' id='word_1_770' title='bbox 2476 5447 2577 5520; x_wconf 88' lang='lat' dir='ltr'><em>qui</em></span> <span class='ocrx_word' id='word_1_771' title='bbox 2607 5450 2868 5502; x_wconf 90' lang='lat' dir='ltr'><em>castrum</em></span> <span class='ocrx_word' id='word_1_772' title='bbox 2900 5445 3241 5504; x_wconf 85' lang='lat' dir='ltr'><em>Fractarum</em></span> <span class='ocrx_word' id='word_1_773' title='bbox 3271 5447 3444 5522; x_wconf 86' lang='lat' dir='ltr'><em>paulo</em></span> <span class='ocrx_word' id='word_1_774' title='bbox 3477 5451 3613 5504; x_wconf 86' lang='lat' dir='ltr'><em>ante</em></span> <span class='ocrx_word' id='word_1_775' title='bbox 3633 5445 3691 5502; x_wconf 87' lang='lat' dir='ltr'><em>in</em></span> <span class='ocrx_word' id='word_1_776' title='bbox 3719 5436 3850 5498; x_wconf 88' lang='lat' dir='ltr'><em>Casi-</em></span> 
     </span>
    </p>
   </div>
   <div class='ocr_carea' id='block_1_118' title="bbox 2236 5525 3852 5604">
    <p class='ocr_par' dir='ltr' id='par_1_118' title="bbox 2236 5525 3852 5604">
     <span class='ocr_line' id='line_1_118' title="bbox 2236 5525 3852 5604; baseline -0.002 -11"><span class='ocrx_word' id='word_1_777' title='bbox 2236 5525 2448 5594; x_wconf 87' lang='lat' dir='ltr'><em>nenses</em></span> <span class='ocrx_word' id='word_1_778' title='bbox 2477 5537 2532 5592; x_wconf 90' lang='lat' dir='ltr'><em>vi</em></span> <span class='ocrx_word' id='word_1_779' title='bbox 2590 5536 2902 5604; x_wconf 86' lang='lat' dir='ltr'><em>invaserat,</em></span> <span class='ocrx_word' id='word_1_780' title='bbox 2937 5537 3020 5592; x_wconf 86' lang='lat' dir='ltr'><em>ibi</em></span> <span class='ocrx_word' id='word_1_781' title='bbox 3073 5539 3382 5595; x_wconf 81' lang='lat' dir='ltr'><em>astantibus</em></span> <span class='ocrx_word' id='word_1_782' title='bbox 3429 5537 3624 5594; x_wconf 79' lang='lat' dir='ltr'><em>multis</em></span> <span class='ocrx_word' id='word_1_783' title='bbox 3671 5529 3852 5590; x_wconf 65' lang='lat' dir='ltr'><em>clerici!</em></span> 
     </span>
    </p>
   </div>
   <div class='ocr_carea' id='block_1_119' title="bbox 2235 5612 3861 5707">
    <p class='ocr_par' dir='ltr' id='par_1_119' title="bbox 2235 5612 3861 5707">
     <span class='ocr_line' id='line_1_119' title="bbox 2235 5612 3861 5707; baseline -0.006 -24"><span class='ocrx_word' id='word_1_784' title='bbox 2235 5625 2701 5707; x_wconf 67' lang='lat' dir='ltr'><em>atquanobilibus</em></span> <span class='ocrx_word' id='word_1_785' title='bbox 2734 5625 3030 5699; x_wconf 85' lang='lat' dir='ltr'><em>Capuanis,</em></span> <span class='ocrx_word' id='word_1_786' title='bbox 3063 5622 3296 5703; x_wconf 80' lang='lat' dir='ltr'><em>publica</em></span> <span class='ocrx_word' id='word_1_787' title='bbox 3344 5625 3638 5699; x_wconf 82' lang='lat' dir='ltr'><em>Orderisio</em></span> <span class='ocrx_word' id='word_1_788' title='bbox 3685 5612 3861 5679; x_wconf 81' lang='lat' dir='ltr'><em>abbati.</em></span> 
     </span>
    </p>
   </div>
   <div class='ocr_carea' id='block_1_120' title="bbox 2235 5707 3850 5801">
    <p class='ocr_par' dir='ltr' id='par_1_120' title="bbox 2235 5707 3850 5801">
     <span class='ocr_line' id='line_1_120' title="bbox 2235 5707 3850 5801; baseline -0.006 -23"><span class='ocrx_word' id='word_1_789' title='bbox 2235 5715 2574 5778; x_wconf 83' lang='lat' dir='ltr'><em>discalceatis</em></span> <span class='ocrx_word' id='word_1_790' title='bbox 2595 5713 2826 5791; x_wconf 80' lang='lat' dir='ltr'><em>pedibus</em></span> <span class='ocrx_word' id='word_1_791' title='bbox 2851 5716 3118 5801; x_wconf 76' lang='lat' dir='ltr'><em>satisfecit</em></span> <span class='ocrx_word' id='word_1_792' title='bbox 3161 5733 3228 5779; x_wconf 82' lang='lat' dir='ltr'><em>ac</em></span> <span class='ocrx_word' id='word_1_793' title='bbox 3273 5707 3698 5799; x_wconf 72' lang='lat' dir='ltr'><em>indulgentiam</em></span> <span class='ocrx_word' id='word_1_794' title='bbox 3743 5719 3850 5788; x_wconf 85' lang='lat' dir='ltr'><em>pro-</em></span> 
     </span>
    </p>
   </div>
  </div>
