3958 6224
431 381 514 449 83
1740 383 1810 448 Β.
1855 381 2065 449 URBA

2288 381 2540 450 ΡΑΡιΕ.
3705 435 3710 440 ς
3752 382 3831 454 Bt

435 544 608 586 nemo
631 525 844 584 melius
873 524 1025 584 hanc
1045 543 1168 584 rem
1181 523 1448 600 exposuit
1462 523 1776 597 quamipse
1797 519 2080 594 Rogerius
2107 513 2162 584 Α
2191 523 2671 598 ordinavit.Apud
2699 529 3192 598 Syracusamvero
3215 521 3834 600 adjiciens,Rogerium

398 616 495 683 _in
533 615 709 674 variis
749 613 1157 672 instrumentis
1201 631 1270 670 ea
1316 613 1619 670 occasione
1665 611 1965 680 confectis,
2011 627 2080 666 ex

433 705 651 778 quibus
663 722 849 761 unum
876 703 1149 760 interalia
1173 703 1402 775 insigne
1415 701 1812 772 sclegimus,in
1829 700 2078 774 gratiam

434 794 776 852 Catanensis
819 793 1087 850 Ecclesia:
1139 794 1362 858 datum,
1395 793 1549 864 quod
1583 792 1872 864 integrum
1906 791 2081 845 refert

437 883 704 940 Bocchus
733 883 1078 957 Pyrrhuan
1109 899 1174 938 eo
1207 882 1491 954 Rogerius
1511 884 1760 936 testatur
1781 879 2079 934 Urbanum

437 989 530 1030 ore
551 991 648 1030 suo
676 975 1038 1039 sanctissimo,
1069 971 1225 1027 haud
1275 969 1522 1026 dubium
1575 969 1810 1041 quando
1853 985 1988 1024 eum
2020 967 2078 1022 in

438 1062 698 1119 Siciliam
737 1065 1099 1128 convenerat,
1151 1059 1234 1116 uti
1284 1075 1353 1115 ex
1401 1058 1708 1115 Malaterra
1756 1058 1826 1113 ad
1858 1073 2080 1112 annum

443 1153 582 1208 1088
611 1149 888 1217 diximus,
921 1149 1032 1204 sibi
1065 1147 1408 1220 praecepisse
1435 1149 1493 1202 et
1513 1161 1750 1218 rogasse
1781 1148 1845 1200 ut
1872 1143 2080 1199 Siciliae

438 1239 828 1297 Ecclesiarum
871 1254 1072 1294 curam
1121 1233 1464 1309 susciperet,
1505 1251 1696 1306 quare,
1741 1232 1952 1305 inquit,
1982 1249 2084 1304 per

435 1329 649 1386 diversa
677 1327 882 1384 Siciliae
932 1328 1048 1383 loca
1089 1326 1287 1382 idonea
1331 1326 1584 1382 ecclesias
1614 1323 1886 1394 aediﬁcavi
1921 1323 2084 1393 jussu

433 1418 640 1474 summi
661 1417 934 1488 pontiﬁcis
964 1416 1262 1488 apostolici,
1293 1422 1346 1470 et
1366 1416 1638 1486 episcopos
1669 1412 1870 1468 ibidem
1918 1411 2082 1466 collo-

434 1508 620 1563 cavi...
651 1509 768 1579 ipso
798 1506 1056 1562 laudante
1080 1513 1132 1560 et
1177 1503 1519 1569 concedente,
1553 1509 1604 1558 et
1646 1504 1786 1573 ipsos
1813 1503 2084 1572 episcopos

431 1603 796 1653 consecrante.
839 1596 1006 1650 Tunc
1056 1595 1236 1649 donat
1291 1591 1424 1666 pius
1481 1591 1750 1664 princeps
1805 1587 2084 1661 Ansgerio

433 1685 707 1758 episcopo
738 1683 918 1740 simul
973 1687 1030 1739 et
1076 1682 1270 1738 abbati
1321 1683 1523 1738 urbem
1573 1682 1976 1736 Catanenscm.
2021 1677 2083 1732 In

437 1773 623 1830 altera
651 1773 1056 1846 charta,quam
1075 1771 1230 1828 idem
1256 1771 1519 1828 Bocchus
1555 1769 1807 1842 Pyrrhus
1831 1765 2081 1833 exhibet,

437 1861 743 1936 Rogerius,
765 1866 897 1934 post
943 1860 1260 1917 recensitas
1289 1859 1504 1916 multas
1554 1857 1896 1914 donationes
1917 1857 2086 1926 _Cata-

437 1951 607 2008 nensi
631 1951 895 2008 Ecclesiae
918 1969 952 2006 a
977 1967 1038 2006 se
1075 1951 1278 2014 factas,
1313 1949 1620 2022 subjungit
1667 1948 1970 2004 Urbanum
2023 1963 2086 2001 se

435 2042 758 2115 suppliciter
787 2056 1055 2097 exorasse
1085 2043 1150 2095 ut
1179 2056 1348 2095 suam
1391 2055 1460 2094 ea
1500 2039 1571 2093 de
1621 2055 1680 2093 re
1719 2035 2086 2092 constitutio-

439 2147 576 2188 nem
607 2129 1000 2187 conﬁrmaret.
1033 2128 1196 2195 Quod
1245 2128 1318 2184 ab
1366 2145 1432 2184 eo
1462 2127 1787 2200 praestitum
1827 2142 1953 2181 esse
1984 2123 2083 2192 ait,

449 2219 579 2276 dira
597 2219 924 2275 intentante
953 2219 1012 2274 in
1040 2217 1172 2274 illos
1201 2216 1301 2290 qui
1331 2233 1453 2274 eam
1481 2225 1594 2272 tam
1617 2216 1952 2287 benefactum
1971 2217 2084 2270 vio-

439 2310 638 2376 larent,
667 2308 754 2365 vel
781 2307 998 2382 aliquid
1043 2307 1170 2362 inde
1213 2305 1608 2370 subtraherent,
1656 2308 1753 2359 aut
1797 2304 2087 2359 monachos

437 2399 520 2454 ibi
540 2399 644 2454 Deo
673 2399 964 2454 servientes
995 2413 1233 2467 unquam
1275 2395 1676 2468 perturbarent.
1725 2393 1806 2448 Ea
1841 2397 1930 2448 est
1961 2391 2088 2463 ipsa

436 2485 600 2544 bulla
644 2503 824 2559 quam
855 2503 1034 2558 supra
1068 2503 1232 2541 num.
1265 2485 1336 2539 90
1385 2483 1778 2540 laudavimus.
1822 2481 2088 2554 Ansgerio

434 2593 679 2650 episcopo
707 2581 758 2633 et
776 2576 964 2632 abbati
995 2575 1310 2631 Coloniensi
1336 2573 1465 2630 ideo
1505 2571 1804 2644 inscripta,
1838 2571 1995 2641 quod
2025 2571 2085 2625 in

435 2664 678 2722 ecclesia
705 2665 927 2722 Sancta:
975 2663 1218 2736 Agathre
1249 2660 1564 2718 cathedrali
1607 2659 1877 2716 monachi
1911 2661 2085 2715 Bene-

435 2753 639 2811 dictini
669 2755 1084 2810 canonicorum
1115 2749 1264 2818 loco,
1286 2750 1440 2807 sicut
1466 2753 1523 2805 et
1551 2749 1611 2804 in
1635 2748 1930 2821 plerisque
1956 2747 2086 2805 aliis

437 2842 647 2900 Siciliae
677 2842 970 2908 Ecclesiis,
1019 2845 1161 2896 tunc
1191 2839 1566 2906 haberentur,
1617 2837 1888 2909 idemque
1933 2839 2088 2894 esset

439 2949 643 2990 corum
695 2931 879 2988 abbas
909 2928 1010 3002 qui
1050 2933 1109 2986 et
1158 2929 1469 3000 cpiscopus
1502 2945 1516 2984 :
1549 2944 1675 3000 qua:
1723 2926 2086 2982 consuetudo

440 3021 734 3094 hodieque
765 3017 1038 3076 subsistit
1057 3018 1115 3073 in
1137 3015 1584 3088 metropolitana
1603 3015 1847 3072 ecclesia
1873 3015 2088 3072 Montis

443 3109 656 3183 regalis
685 3113 742 3165 et
789 3107 849 3162 in
879 3105 1208 3163 Cataniensi
1257 3104 1513 3161 Ecclesia
1558 3122 1746 3176 usque
1797 3105 1868 3160 ad
1909 3105 2086 3160 ﬁnem

443 3196 641 3254 saeculi
671 3195 882 3253 decimi
909 3194 1056 3252 sexti
1077 3197 1382 3252 observata
1403 3195 1933 3266 fuerat.Ansgerius
1953 3209 2084 3249 vero

2189 615 2476 670 dccanum
2549 614 2814 670 Ecclesia
2880 615 3338 684 Troinensis....,
3417 617 3476 671 in
3545 615 3837 688 provincia

2188 707 2381 759 ortum
2433 703 2869 775 pontiﬁcalibus
2939 703 3141 760 infulis
3203 703 3608 761 sublimavit...
3671 706 3835 777 Apud

2188 794 2458 850 Sanctam
2486 793 2812 849 Eufemiam
2861 793 3216 849 monachum
3251 795 3564 864 quemdam
3605 793 3837 851 natione

2189 881 2509 939 Brittonem
2542 882 2806 939 Ecclesiae
2837 883 3144 940 Catanensi
3177 883 3435 939 ordinari
3465 884 3708 940 curavit.
3727 905 3756 933 ››
3790 885 3838 940 Is

2188 977 2278 1028 est
2304 972 2590 1044 Angerius
2622 973 2693 1029 de
2740 989 2856 1044 quo
2899 972 3072 1027 modo
3099 971 3506 1044 loquebamur.
3550 973 3838 1029 Monaste-

2191 1061 2340 1116 rium
2376 1079 2510 1118 vero
2533 1062 2754 1118 Sancta
2787 1061 3084 1124 Eufemiae,
3117 1061 3268 1132 quod
3321 1061 3414 1116 hic
3457 1065 3838 1132 memoratur,

2192 1169 2304 1222 pra:
2335 1151 2556 1206 caztcris
2580 1155 2705 1207 erat
2734 1150 2980 1215 celebre,
3014 1151 3074 1205 in
3105 1168 3220 1222 quo
3249 1151 3537 1207 Robortus
3579 1151 3838 1207 Wiscar-

2191 1241 2302 1296 dus
2333 1240 2651 1296 Robertum
2683 1240 2955 1296 abbatem
2989 1239 3320 1296 Uticensem
3341 1255 3372 1294 e
3403 1257 3511 1296 suo
3541 1246 3836 1297 monaste-

2192 1329 2276 1385 rio
2298 1331 2368 1385 ab
2390 1328 2656 1385 invasore
2676 1329 2910 1401 pulsum
2926 1329 3470 1396 constituerat,cum
3493 1329 3625 1385 aliis
3645 1347 3842 1387 mona-

2191 1418 2317 1473 chis
2350 1418 2448 1490 qui
2481 1436 2656 1474 suum
2689 1419 2958 1475 abbatem
3004 1436 3035 1474 e
3081 1419 3443 1474 Normannia
3484 1419 3668 1475 secuti
3720 1419 3839 1475 fue-

2191 1511 2342 1562 rant.
2377 1506 2519 1562 Hinc
2549 1508 2766 1563 factum
2790 1511 2854 1562 ut
2873 1524 2939 1564 eo
2962 1507 3020 1562 in
3050 1507 3358 1573 loco,sicut
3387 1512 3445 1564 et
3473 1509 3628 1578 apud
3661 1508 3839 1564 Sanc-

2193 1600 2310 1652 tam
2368 1595 2714 1652 Trinitatem
2769 1596 3031 1664 Venusii,
3065 1601 3122 1652 et
3187 1597 3470 1653 Sanctum
3501 1597 3842 1654 Michaelem

2195 1684 2393 1752 Meliti,
2429 1701 2553 1756 quae
2592 1685 2766 1741 etiam
2800 1685 2915 1740 duo
2966 1685 3322 1742 monasteria
3367 1685 3522 1742 idem
3570 1685 3844 1760 princeps

2195 1775 2443 1830 Roberto
2472 1775 2727 1846 regenda
2742 1773 3602 1842 commiserat,consuetudines
3617 1792 3848 1832 monas-

2115 1885 2163 1950 Β
2196 1863 2324 1919 terii
2359 1863 2553 1919 Sancti
2577 1863 2792 1918 Ebrulﬁ
2820 1863 3110 1920 Uticensis
3153 1863 3503 1937 vigerent,ut
3534 1865 3846 1921 Ordericus

2193 1951 2400 2008 Vitalis
2423 1952 2752 2008 observavit
2771 1951 2919 2009 libro
2948 1970 3010 2008 III
3042 1952 3184 2008 Hist.
3221 1952 3646 2009 ecclesiasticae.

2265 2042 2397 2098 Jam
2428 2057 2562 2096 vero
2593 2041 2644 2098 si
2676 2040 2904 2098 Boccho
2935 2041 3111 2113 Pyrro
3145 2041 3475 2104 credamus.
3506 2041 3847 2099 Troinensis

2196 2131 2364 2187 sedes
2393 2129 2762 2203 episcopalis,
2795 2130 2886 2186 cui
2931 2135 3073 2186 tunc
3105 2129 3392 2186 Robertus
3440 2135 3704 2202 praeerat,
3737 2131 3848 2187 hoc

2195 2220 2452 2292 ipso,aut
2480 2223 2634 2275 certe
2665 2235 2816 2274 anno
2847 2219 3192 2291 praecedenti
3238 2219 3591 2286 Messanam,
3637 2225 3849 2294 agente

2195 2309 2396 2364 eodem
2429 2307 2674 2379 Rogerio
2694 2307 2926 2378 comite,
2946 2307 3234 2364 translata
3251 2312 3340 2364 est
3365 2327 3378 2378 ;
3411 2308 3730 2381 etquidem
3753 2311 3850 2366 Ur-

2196 2399 2326 2454 bani
2352 2399 2671 2464 consilio,ut
2700 2396 2756 2451 id
2790 2395 2914 2468 ipse
2945 2395 3229 2470 Rogerius
3257 2400 3510 2453 testatur
3534 2397 3592 2452 in
3625 2397 3850 2453 instru-

2196 2489 2392 2543 mento
2422 2486 2577 2558 apud
2608 2485 2882 2542 eumdem
2911 2490 3207 2542 auctorem
3235 2485 3436 2552 relato,
3461 2485 3520 2540 in
3552 2485 3848 2558 quoidam

2195 2575 2466 2648 princeps
2496 2573 2886 2646 pontiﬁcalem
2908 2575 3104 2630 sedem
3125 2573 3186 2630 in
3204 2573 3449 2632 ecclesia
3469 2574 3654 2632 sancti
3675 2575 3848 2632 Nico-

2194 2663 2266 2720 lai
2281 2680 2474 2735 ,quam
2501 2663 2515 2718 i
2523 2679 2625 2735 pse
2647 2663 2928 2719 Messana:
2943 2668 3405 2732 construxerat,a
3421 2680 3482 2719 sc
3513 2663 3848 2720 institutam

2194 2752 2376 2808 fuisse
2407 2751 2829 2816 testatur.0uin
2861 2755 2918 2808 et
2948 2751 3207 2825 plerique
3235 2752 3666 2825 episcoporum,
3701 2769 3850 2826 quos

2195 2857 2264 2896 ex
2289 2839 2598 2896 Malaterra
2626 2841 2897 2913 superius
2927 2839 3319 2910 laudavimus,
3347 2840 3459 2897 hoc
3503 2840 3683 2898 etiam
3721 2841 3849 2914 ipso

2195 2947 2347 2985 anno
2379 2929 2697 2986 consecrati
2729 2929 3009 2986 dicuntur
3045 2931 3200 3002 apud
3231 2931 3506 2986 eumdem
3547 2931 3848 2988 Bocchum

2195 3019 2462 3090 Pyrrum,
2515 3034 2724 3089 nempe
2767 3017 3094 3075 Gerlandus
3142 3019 3464 3092 Agrigenti,
3513 3019 3851 3092 Stephanus

2196 3107 2459 3173 Mazarsa,
2489 3111 2546 3162 et
2584 3107 2897 3180 Ansgerius
2925 3109 3151 3163 Catanes
3179 3125 3192 3175 ;
3227 3107 3510 3180 Rogcrius
3541 3110 3849 3182 Syracusis

2197 3212 2349 3250 anno
2382 3195 2521 3250 1093
2549 3195 2855 3252 ordinatus
2884 3200 2992 3252 est.
3021 3195 3100 3252 De
3143 3195 3234 3251 his
3275 3195 3639 3253 antistitibus
3668 3201 3729 3254 et
3756 3215 3848 3254 eo-

567 3252 862 3352 laudatus,
895 3283 994 3356 qui
1036 3301 1066 3340 e
1095 3283 1449 3340 monasterio
1495 3284 1718 3338 Sanctae
1737 3252 2082 3355 Euphemiaa
2114 3252 2158 3320 α
2197 3301 2328 3340 rum
2354 3283 2757 3354 sedibus,cum
2786 3288 3114 3358 opportuna
3133 3283 3242 3341 erit
3262 3285 3512 3351 occasio,
3544 3252 3848 3344 suis'locis

441 3377 805 3446 assumptus,
835 3371 1057 3430 celebre
1079 3376 1280 3446 postea
1296 3371 1718 3428 monasterium
1739 3370 1968 3426 Catanes
1985 3386 2086 3425 ex-

440 3461 638 3519 citavit
681 3479 814 3518 cum
863 3461 1231 3535 amplissimo
1286 3460 1527 3534 templo,
1585 3459 1761 3532 quod,
1819 3463 1886 3514 ut
1915 3459 2089 3516 refert

437 3552 707 3611 Bocchus
736 3552 1012 3627 Pyrrhus,
1045 3552 1104 3608 in
1131 3556 1245 3608 tota
1275 3552 1469 3607 Sicilia
1495 3552 1806 3606 maximum
1834 3554 1940 3606 est.

435 3659 629 3717 XCIII;
673 3661 1024 3733 Episcopatus
1069 3675 1105 3713 a
1147 3657 1372 3728 Rogerio
1425 3657 1689 3733 instituti.
1733 3657 1917 3712 Troini
1942 3655 2086 3712 sedes

945 3727 1244 3785 Messanam
1275 3727 1568 3784 translata.

505 3819 784 3883 Quanam
805 3834 940 3874 vero
964 3816 1181 3872 fuerint
1200 3816 1368 3872 sedes
1389 3813 1498 3870 illa:
1529 3815 1888 3888 episcopales
1905 3833 1938 3870 a
1968 3817 2083 3873 Ro-

435 3907 596 3980 gerio
642 3906 852 3962 comite
892 3921 996 3978 per
1023 3904 1082 3959 id
1111 3908 1346 3976 tempus
1375 3903 1434 3958 in
1457 3902 1654 3960 Sicilia
1673 3902 2083 3976 institutae,aut

436 3995 632 4068 potius
661 3993 966 4057 restitutae,
991 3993 1158 4048 docet
1179 4008 1286 4048 nos
1313 3993 1601 4048 Robcrtus
1626 3991 1964 4050 Troinensis
1977 4013 2080 4051 seu

435 4080 830 4139 Messenensis
860 4080 1192 4154 episcopus,
1223 4079 1282 4136 in
1313 4081 1567 4154 quadam
1599 4081 1801 4138 charta
1829 4099 1932 4155 pro
1964 4100 2084 4139 mo-

435 4168 690 4226 nasterio
704 4169 766 4224 Li
775 4169 1002 4242 parensi
1011 4170 1184 4242 ,apud
1209 4171 1503 4227 Bocchum
1517 4170 1758 4244 Pyrrum
1781 4171 1842 4228 in
1873 4173 2081 4228 notitia

435 4257 700 4315 Ecclesiae
730 4257 1207 4329 Pactcnsis,tomo
1236 4259 1310 4315 ΙΙΙ
1337 4259 1545 4316 Sicilia;
1575 4277 1752 4315 sacra:
1784 4259 1986 4324 relata,
2019 4260 2076 4315 in

434 4363 553 4419 qua
575 4345 686 4402 illa;
713 4351 1089 4404 recensentur
1117 4348 1210 4404 his
1239 4349 1432 4404 verbis
1465 4349 1750 4403 :Primum
1788 4349 2080 4416 Traginen-

429 4451 544 4492 sem
571 4431 851 4492 ecclesiam
879 4438 940 4492 in
964 4438 1264 4510 pristinum
1290 4444 1488 4492 statum
1519 4437 1754 4490 restituit
1794 4436 2078 4502 Rogemus,

432 4526 494 4580 in
519 4541 626 4596 qua
655 4525 936 4582 dominum
991 4535 1042 4582 et
1096 4525 1462 4582 venerabilem
1505 4525 1792 4578 Robertum
1829 4525 2077 4594 primum

2196 3373 2405 3429 iterum
2439 3373 2722 3429 dicemus.

2193 3478 2386 3554 XCI_V.
2412 3479 2742 3554 Monastcfia
2771 3479 3338 3554 reparatauPrivileg.
3385 3483 3620 3554 monesi.
3657 3481 3845 3554 Lipar.

2299 3551 2356 3605 S.
2391 3550 2584 3619 Angeli
2611 3551 2862 3606 Militens.
2901 3551 3165 3618 Privileg.
3206 3550 3460 3620 generale
3499 3550 3738 3623 Rogerzil

2265 3639 2547 3695 Cmterum
2577 3638 2732 3694 haud
2755 3638 2954 3694 minus
2975 3637 3221 3694 sollicite
3243 3637 3550 3711 religiosus
3570 3640 3849 3714 princeps

2193 3726 2564 3784 monasteriis
2589 3727 2952 3798 reparandis,
2974 3743 3040 3782 ac
3080 3727 3456 3784 restituendis
3493 3727 3848 3802 episcopati-

2192 3818 2304 3874 bus
2334 3815 2730 3881 incumbebat;
2754 3819 2820 3870 ut
2838 3815 3088 3887 probant
3115 3817 3275 3872 varia
3303 3817 3431 3887 ejus
3451 3817 3851 3876 instrumenta

2192 3906 2346 3978 apud
2362 3903 2660 3960 Rocchum
2683 3904 2948 3976 Pyrrum.
2982 3905 3103 3968 Qua
3125 3903 3184 3958 in
3207 3919 3268 3960 re
3291 3904 3607 3978 Rogerium
3623 3905 3848 3964 Urbani

2188 3993 2870 4050 ordinationemsecutum
2889 3993 3068 4050 fuisse
3094 3997 3252 4065 patet
3288 4010 3359 4049 ex
3389 3993 3622 4050 duabus
3653 3995 3850 4067 ipsius

2190 4082 2411 4137 chartis
2434 4097 2574 4149 ;una
2601 4079 2866 4137 videlicet
2887 4098 2989 4154 pro
3011 4081 3366 4137 monasterio
3394 4083 3618 4139 Sanctae
3645 4083 3848 4140 Mariae

2189 4171 2259 4226 de
2276 4169 2482 4235 Mili,et
2509 4186 2575 4225 ex
2606 4167 2791 4226 altera
2821 4186 2924 4242 pro
2955 4169 3310 4226 monasterio
3331 4170 3403 4227 de
3435 4169 3580 4227 Itala
3604 4183 3710 4228 seu
3743 4175 3847 4230 Gi-

2187 4257 2326 4326 tala,
2360 4274 2537 4330 prope
2571 4257 2921 4326 Messanam,
2983 4275 3110 4330 qua:
3142 4257 3354 4314 chartae
3394 4258 3731 4316 referuntur
3784 4264 3846 4318 in

2187 4351 2350 4419 parte
2381 4363 2434 4402 IV
2459 4345 2666 4402 Siciliae
2695 4363 2894 4414 sacrae,
2920 4345 3019 4402 ubi
3051 4348 3122 4403 de
3169 4347 3442 4404 abbatiis.
3478 4346 3654 4405 Porro
3685 4349 3848 4408 inter

2185 4435 2301 4492 alia
2331 4434 2704 4503 monasteria,
2727 4451 2854 4506 quae
2885 4439 3025 4491 tunc
3053 4435 3330 4507 temporis
3351 4439 3680 4493 restaurata
3711 4437 3846 4495 fue-

2185 4529 2340 4595 runt,
2374 4521 2617 4579 celebris
2665 4527 2790 4579 erat
2835 4523 3069 4578 abbatis
3097 4523 3290 4580 Sancti
3319 4523 3724 4582 Bartholomaai
3779 4528 3841 4584 in

429 4614 712 4670 constituit
749 4617 1088 4687 episcopum;
1119 4613 1313 4670 deinde
1359 4613 1793 4682 Agrigentinum,
1852 4615 1902 4666 et
1957 4613 2072 4668 Μα-
2107 4624 2152 4690 D
2183 4612 2378 4669 insula
2426 4611 2619 4684 Lipari
2668 4610 2806 4678 sita,
2831 4612 2924 4667 cui
2956 4611 3112 4668 idem
3167 4612 3450 4684 Rogerius
3488 4631 3642 4671 anno
3696 4617 3842 4672 1088

428 4717 742 4769 zarensem;
766 4712 1048 4776 sequenter
1093 4707 1278 4758 autem
1329 4699 1705 4764 Catanensem,
1735 4715 1800 4754 ac
1818 4701 2076 4756 ultimum

425 4791 832 4864 Syracusanam
872 4793 1150 4849 constituit
1192 4789 1493 4856 ecclesiam,
1545 4792 1653 4843 etc.
1701 4788 1872 4844 Plura
1899 4790 2075 4846 habet

425 4879 741 4938 Gaufridus
762 4880 1092 4946 Malaterra,
1108 4877 1258 4934 libro
1280 4895 1356 4945 1v,
1389 4893 1515 4949 cap.
1529 4879 1583 4944 7,
1604 4877 1702 4933 ubi
1724 4877 1956 4934 exhibet
1977 4897 2074 4934 no-

423 4968 586 5026 mina
603 4969 1036 5044 episcoporum,
1069 4965 1168 5037 qui
1200 4964 1375 5039 primi
1409 4965 1516 5022 has
1547 4967 1713 5022 sedes
1745 4967 2068 5026 obtinuere.

425 5057 628 5128 Comes,
659 5055 872 5128 inquit,
904 5055 1154 5112 ecclesias
1197 5071 1300 5128 per
1343 5057 1655 5111 universam
1703 5055 1954 5111 Siciliam
1983 5073 2067 5113 re-

414 5151 648 5220 parat...
679 5148 744 5202 In
771 5143 907 5200 urbe
931 5145 1287 5216 Agrigentina
1317 5145 1722 5216 pontiﬁcalibus
1751 5145 1948 5215 infulis
1972 5162 2068 5200 ca-

419 5236 673 5293 thedram
725 5232 1054 5288 sublimat...
1116 5256 1146 5284 «
1186 5235 1331 5291 Huic
1385 5233 1652 5291 Ecclesiae
1709 5233 2068 5289 Gerlandum

421 5324 758 5398 quemdam,
812 5321 1044 5380 natione
1084 5322 1474 5398 Allobrogem,
1522 5324 1736 5387 virum,
1781 5326 1849 5376 ut
1877 5322 2065 5390 aiunt,

420 5427 644 5484 magna:
673 5409 974 5468 charitatis
994 5417 1052 5470 et
1079 5411 1492 5470 ecclesiasticis
1520 5409 1850 5482 disciplinis
1879 5411 2069 5466 erudi-

2181 4705 2412 4775 fratrem
2439 4702 2789 4757 Ambrosium
2812 4700 3084 4771 praefecit,
3109 4700 3266 4756 hunc
3296 4701 3492 4773 ipsum
3523 4719 3701 4774 quem
3737 4705 3842 4760 Uro

2184 4791 2294 4847 ban
2305 4807 2373 4846 us
2405 4788 2578 4844 Militi
2609 4789 2666 4843 in
2691 4787 2958 4844 Calabria
2971 4788 3079 4844 hoc
3091 4805 3242 4845 anno
3259 4789 3514 4846 existens
3526 4789 3837 4866 privilegio

2182 4879 2420 4935 donavit
2449 4895 2511 4932 III
2543 4893 2727 4934 nonas
2763 4877 2947 4932 Junii.
2971 4875 3136 4933 Circa
3184 4877 3340 4934 idem
3388 4883 3624 4952 tempus
3667 4881 3834 4937 aliud

2161 4965 2550 5047 privilegium
2583 4965 2829 5021 indulsit
2849 4965 3103 5038 pontifex
3124 4967 3478 5024 monasterio
3505 4967 3708 5024 Sancti
3723 4972 3840 5026 An-

2177 5055 2290 5128 geli
2320 5053 2646 5119 Militensis,
2687 5055 2842 5126 quod
2889 5053 3063 5126 paulo
3105 5060 3239 5112 ante
3294 5055 3576 5128 Rogerius
3628 5074 3837 5116 comes

2177 5141 2767 5200 exstruxerat.Nullas
2797 5144 3033 5216 quidem
3065 5145 3296 5216 praefert
3315 5144 3705 5220 chronologiaa
3727 5163 3840 5204 no-

2177 5237 2267 5288 tas
2295 5232 2403 5288 hoc
2433 5231 2712 5303 diploma,
2746 5231 2806 5288 in
2837 5233 2966 5304 ejus
2997 5233 3353 5306 apographo,
3387 5233 3543 5307 quod
3575 5235 3650 5292 ab
3680 5237 3832 5294 emi-

2177 5321 2418 5378 nentiss.
2455 5321 2522 5378 D.
2555 5321 2838 5378 cardinali
2884 5321 3158 5378 Goloredo
3207 5323 3565 5396 accepimus,
3598 5325 3704 5381 sed
3737 5341 3831 5382 re-

2174 5427 2306 5467 rum
2339 5413 2396 5466 et
2423 5409 2684 5467 locorum
2715 5409 3117 5467 convenientia
3145 5427 3251 5467 nos
3271 5411 3532 5482 adduxit,
3567 5419 3632 5469 ut
3677 5413 3826 5470 illud

417 5504 566 5568 tum,
588 5499 926 5572 episcopum
944 5503 1223 5557 ordinans
1241 5498 1689 5574 pra-fecitllaud
1711 5500 2060 5572 secus,apud
2173 5499 2268 5556 hic
2299 5498 2472 5555 simul
2505 5515 2640 5554 cum
2661 5498 2792 5554 aliis
2811 5497 3042 5554 comitis
3063 5500 3293 5572 Rogerii
3315 5501 3637 5558 benefactis
3670 5519 3830 5560 com-

418 5589 706 5644 Mazaram
757 5589 942 5645 facere
991 5590 1279 5646 addens...
1330 5587 1694 5660 Stephanum
1745 5589 2061 5659 quemdam
2171 5591 2938 5644 memoraremusﬂaeterum
2972 5586 3125 5644 idem
3150 5589 3724 5664 Rogeriusgenerale
3748 5592 3824 5648 ab

417 5677 963 5752 Rothomagensem,
1007 5678 1262 5734 honestae
1309 5677 1435 5733 vitae
1468 5676 1678 5744 virum,
1721 5677 2059 5750 episcopum
2175 5677 2404 5735 Urbano
2438 5674 2806 5748 privilegium
2831 5675 3102 5745 habebat,
3126 5681 3190 5734 ut
3220 5694 3583 5752 quiscunque
3615 5697 3826 5740 mona-
