3958 6224
151 328 218 402 εδ
1760 326 1966 399 νιτΑ.

3479 325 3567 400 ῑϐ

159 469 313 543 lteris
338 467 401 531 in
431 464 776 531 ditionibus
810 465 924 531 sibi
955 463 1205 530 subditis
1235 466 1516 544 dotssset,
1564 467 1804 529 omnino
1837 468 1893 538 Α
1921 467 2212 532 antistites
2232 474 2291 531 et
2321 470 2903 547 abbates,Legionem
2935 470 3580 542 convenissent,conci-'

161 565 322 623 libera
349 566 557 621 essent
580 581 595 632 ;
631 563 808 635 cujus
841 562 924 620 rei
954 560 1077 636 ipse
1096 561 1264 619 testis
1294 566 1383 619 est
1402 559 1463 618 in
1484 560 1687 618 charta
1709 576 1813 634 pro

162 653 504 712 monasterio
532 652 809 709 Boicensi
857 651 1286 709 Panormitanzs
1338 650 1625 719 diaeresis,
1678 650 1815 704 data

164 762 298 804 anno
330 743 495 810 4098,
526 742 590 797 in
622 758 744 815 qua
792 738 985 797 locum
1048 739 1213 795 illum
1263 740 1519 796 declarat
1550 740 1616 795 ab
1662 740 1814 794 omni

164 851 308 891 onere
339 839 391 889 et
441 834 708 888 servitute
755 838 807 886 et
863 831 1112 885 molestia
1162 830 1397 885 liberum
1442 831 1599 901 fore;
1647 831 1808 894 sicut,

168 923 366 996 inquit,
400 940 435 977 α
463 922 688 977 domino
742 919 957 977 Urbano
1002 919 1343 975 sanctissimo
1372 935 1514 990 papa
1575 919 1811 973 Romano

161 1015 465 1085 potestatem
493 1014 547 1067 et
590 1008 869 1064 cautelam
926 1009 1129 1080 accepi,
1184 1009 1243 1062 ut
1300 1008 1638 1063 monasteria
1692 1022 1814 1061 utea

166 1103 327 1160 libera
359 1103 601 1173 facerem
630 1098 701 1155 ab
731 1099 886 1155 omni
911 1113 1159 1169 persona.
1191 1097 1304 1152 Sed
1328 1096 1455 1168 jam
1489 1096 1557 1150 ad
1596 1095 1812 1151 Urbani

165 1197 463 1267 gestorum
495 1188 710 1245 seriem
737 1186 1140 1243 revertendum
1170 1189 1278 1241 est.

227 1280 385 1337 XCV.
422 1280 683 1336 Ecclesiae
711 1276 941 1333 Corsica;
968 1279 1211 1347 episcopo
1233 1277 1434 1331 Pisano
1464 1275 1739 1345 subjectae.

229 1374 353 1437 Quo
380 1373 579 1425 autem
614 1366 711 1422 ille
743 1370 875 1440 post
920 1364 1255 1421 absolutum
1287 1363 1600 1420 concilium
1632 1364 1810 1418 Bene-

163 1465 480 1518 ventanum
511 1455 850 1530 perrexerit,
882 1472 994 1511 non
1027 1454 1268 1509 omnino
1297 1453 1500 1525 liquet.
1521 1452 1577 1507 Si
1610 1468 1813 1506 verum

162 1551 310 1605 esset
335 1545 496 1618 quod
528 1545 611 1599 ait
639 1541 921 1616 Ughellus
950 1543 1007 1599 in
1040 1540 1360 1614 praemissis
1389 1540 1459 1596 ad
1482 1539 1812 1611 catalogum

163 1638 509 1693 Pisanorum
540 1632 972 1705 episcoporum,
1006 1635 1163 1686 tome
1192 1630 1268 1687 III
1296 1629 1470 1685 Italia:
1504 1645 1701 1693 sacrae,
1722 1628 1818 1683 Ur-

164 1726 381 1781 banum
414 1721 640 1778 bullam
669 1719 730 1776 in
766 1721 985 1775 Pisanis
1016 1718 1281 1774 Ecclesiae
1313 1718 1561 1789 gratiam
1592 1734 1652 1772 III
1686 1717 1815 1772 Kal.

162 1812 341 1878 Junii,
376 1811 533 1884 apud
582 1811 974 1865 Beneventum
1030 1808 1303 1875 dedisse;
1339 1807 1394 1861 id
1457 1811 1612 1862 ccrto
1645 1806 1814 1860 nobis

164 1905 474 1958 constaret.
506 1901 579 1953 At
607 1915 738 1952 cum
770 1896 925 1953 idem
959 1904 1160 1952 auctor
1196 1895 1347 1951 hanc
1378 1896 1566 1968 ipsam
1596 1894 1817 1949 bullam

161 1996 363 2065 postea
394 1989 680 2060 integram
713 1985 1041 2043 exhibuerit
1066 2003 1122 2041 IV
1152 1985 1422 2041 Kalendas
1440 1985 1583 2041 Julii
1611 1985 1815 2049 datam,

164 2096 253 2137 res
283 2080 344 2134 in
372 2079 593 2133 incerto
625 2080 843 2131 manet.
882 2076 1039 2131 Hanc
1060 2091 1194 2131 vero
1218 2074 1484 2130 ultimam
1512 2073 1816 2128 lectionem

164 2168 326 2231 alteri
362 2166 785 2240 praeferendam
817 2181 945 2220 esse
994 2163 1309 2235 plusquam
1359 2162 1656 2236 probabile
1705 2166 1814 2217 est.

164 2256 422 2323 Nam,uti
452 2272 524 2311 ex
553 2253 738 2310 altera
769 2269 904 2309 mox
924 2252 1161 2309 laudata
1183 2252 1344 2308 bulla
1361 2251 1817 2324 patet,Urbauus

164 2346 341 2404 Mileti
374 2346 434 2400 in
469 2343 737 2400 Calabria
779 2346 903 2397 erat
932 2359 995 2397 III
1035 2343 1230 2397 Nonas
1262 2341 1442 2396 Junii.
1472 2343 1542 2395 At
1571 2341 1661 2395 vix
1694 2340 1815 2395 fieri

161 2433 436 2509 potuerit,
472 2437 537 2488 ut
566 2436 687 2487 tam
720 2431 882 2486 brevi
915 2430 1194 2502 temporis
1222 2428 1543 2495 intervallo,
1586 2432 1815 2484 tantum

161 2526 292 2591 iter,
326 2538 542 2594 nempe
566 2537 635 2576 ex
663 2519 987 2592 Campania
1015 2518 1074 2574 in
1106 2518 1431 2574 Calabriam
1457 2518 1815 2582 ulteriorem,

160 2611 497 2672 confecerit.
530 2609 753 2666 Deinde
786 2608 975 2681 prima
996 2606 1089 2663 die
1136 2607 1275 2664 Julii
1300 2607 1565 2664 Urbanus
1587 2611 1814 2679 Capuae,

157 2702 525 2775 proindeque
555 2714 735 2770 prope
763 2697 1151 2752 Beneventum
1186 2696 1697 2751 versabatur.Hinc
1730 2711 1816 2749 ve-

156 2788 410 2848 risimile
440 2792 531 2843 est
560 2802 697 2842 eum
731 2784 1000 2841 absoluto
1031 2784 1275 2840 concilio
1306 2784 1630 2840 Calabriam
1667 2784 1816 2839 invi—

156 2881 349 2945 sisse;
386 2877 641 2948 indeque
668 2890 990 2943 reversum,
1040 2873 1332 2945 insignem
1382 2873 1532 2929 hanc
1570 2872 1813 2940 bullam,

158 2987 275 3042 qua
305 2965 558 3023 Corsicae
588 2962 862 3020 Ecclesiae
893 2962 962 3017 ad
997 2961 1373 3033 apostolicam
1410 2962 1605 3017 sedem
1639 2963 1816 3033 perti-

156 3063 370 3115 nentes
398 3054 615 3111 Pisano
646 3052 923 3124 episcopo
956 3051 1368 3121 subjiciuntur,
1395 3050 1697 3106 Beneventi
1719 3051 1816 3105 de-

158 3148 343 3205 disse.
380 3145 541 3200 Hanc
571 3158 708 3198 vero
738 3139 987 3213 gratiam
1017 3140 1363 3213 Daghertus,
1394 3140 1641 3196 Pisanus
1679 3144 1819 3195 tunc

1922 562 2068 621 lium
2100 563 2179 621 ibi
2210 563 2667 622 celebrarunt.ln
2701 581 2769 621 eo
2797 563 3012 636 agitata
3039 569 3126 620 est
3146 564 3343 620 Didaci
3374 563 3570 621 Sancti

1921 653 2119 711 Jacobi
2153 654 2407 728 episcopi
2439 672 2635 720 causa,
2662 671 2840 727 quam
2864 654 3226 718 Urbanus,ut
3246 671 3311 709 ex
3334 656 3381 725 ej
3394 673 3460 709 us
3484 656 3573 710 lit-

1922 744 2062 799 teris
2094 761 2273 817 supra
2318 745 2575 801 laudatis
2624 748 2806 816 patet,
2864 744 3238 815 potissimum
3290 745 3570 816 Reynerio

1923 834 2451 888 commendaverat.
2485 836 2556 888 Et.
2587 833 2820 905 quidem
2844 838 3044 888 Petrus
3070 834 3570 904 abbas,quem,uti

1923 921 2200 990 diximus,
2234 922 2579 989 Richardus,
2614 940 2766 978 anno
2797 921 2959 987 4088,
2997 922 3051 976 in
3084 922 3237 977 hanc
3260 923 3458 978 sedem
3483 940 3575 978 or-

1922 1012 2110 1067 dinari
2142 1028 2355 1083 passus
2412 1012 2618 1075 fuerat,
2652 1013 2710 1066 in
2734 1011 2843 1067 hac
2875 1012 3099 1083 synodo
3166 1017 3575 1068 exauctoratus

1922 1105 2113 1156 est.At
2144 1102 2398 1157 Didacus
2431 1102 2629 1159 sedem
2664 1118 2828 1157 suam
2848 1118 2961 1155 non
2995 1102 3230 1173 recepit,
3266 1103 3383 1157 sive
3416 1103 3571 1173 quod

1921 1207 1990 1245 ea
2021 1190 2298 1259 indignus
2329 1194 2502 1255 esset,
2556 1190 2694 1256 sive,
2737 1191 2890 1262 quod
2926 1191 3160 1261 quidem
3195 1191 3572 1245 verisimilius

1923 1283 2032 1340 est,
2065 1280 2119 1333 id
2154 1279 2279 1335 ausi
2312 1296 2426 1334 non
2457 1278 2676 1335 fuerint
2706 1279 2925 1346 Patres,
2959 1295 3030 1333 ne
3052 1280 3273 1333 Alfonsi
3300 1279 3573 1351 regis,cui

1922 1367 2020 1424 ille
2050 1367 2276 1424 invisus
2308 1371 2453 1431 erat,
2507 1368 2770 1423 animum
2824 1385 2890 1423 eo
2923 1373 3090 1439 pacto
3142 1369 3571 1424 exaeerhareut.

1923 1459 2111 1522 Quare
2136 1459 2263 1528 ejus
2293 1457 2559 1513 Ecclesize
2592 1474 2733 1512 cura
2762 1456 2975 1511 Didaco
3019 1456 3307 1512 Gelmindi
3360 1458 3572 1513 iterum

1924 1546 2242 1603 commissa
2270 1546 2380 1601 fuit
2410 1565 2422 1613 ;
2453 1547 2656 1612 donec,
2693 1546 2773 1600 uti
2807 1546 3095 1614 conjicere
3127 1550 3234 1612 est,
3295 1541 3575 1601 statueret

1925 1635 2181 1708 pontifex
2210 1637 2347 1707 quid
2379 1637 2527 1691 facto
2551 1651 2696 1706 opus
2727 1638 2898 1689 esset.
2925 1635 2987 1688 Id
3012 1638 3163 1690 certe
3186 1634 3381 1706 colligi
3404 1652 3576 1707 posse

1925 1724 2155 1780 videtur
2183 1742 2251 1780 ex
2281 1724 2537 1780 Historia
2568 1723 3037 1795 Compostellana
3086 1724 3358 1796 superius
3416 1725 3575 1791 data,

1926 1815 2096 1883 cujus
2119 1812 2759 1885 fragmentum.utijam
2783 1811 3022 1884 polliciti
3044 1810 3336 1879 sumus,in
3357 1820 3577 1885 Appen-

1927 1902 2053 1958 dice
2076 1903 2415 1958 referemus.
2450 1901 2527 1955 Ex
2554 1918 2619 1955 ea
2641 1918 2775 1956 vero
2798 1900 2983 1973 liquet
3006 1900 3363 1957 Dalmatium
3398 1903 3573 1956 abha-

1928 1994 2045 2048 tem
2075 2008 2143 2047 ex
2173 1990 2395 2047 familia
2441 1989 2828 2055 Cluniacensi,
2862 1995 2994 2061 post
3023 1989 3199 2045 unius
3230 1990 3367 2045 anni
3398 1992 3576 2046 inter—

1924 2081 2165 2145 vallum,
2198 2080 2434 2136 omissis
2465 2080 2679 2134 Didaco
2712 2083 2769 2133 et
2790 2078 2976 2143 Petro,
3019 2082 3343 2135 auctoritate
3369 2074 3579 2137 sancta:

1928 2174 2189 2229 Romanae
2234 2170 2508 2237 Ecclesiw,
2564 2167 3097 2240 Compostellanum
3150 2186 3251 2224 seu
3304 2169 3578 2226 Iriensem

1925 2261 2263 2334 episcopum
2296 2258 2531 2314 tandem
2566 2258 2902 2312 ordinatum
2937 2258 3136 2312 fuisse.

2000 2349 2174 2404 Porro
2203 2345 2390 2401 multa
2414 2345 2472 2398 in
2507 2344 2615 2399 hac
2649 2343 2991 2415 Legionensi
3019 2345 3241 2416 synodo
3273 2345 3344 2399 de
3376 2345 3585 2402 officiis

1924 2433 2339 2493 ecclesiasticis
2372 2437 2595 2489 statuta
2644 2433 2846 2499 fuisse,
2903 2432 3222 2487 Boderieus
3269 2433 3586 2490 Toletanus

1925 2525 2074 2581 libro
2104 2542 2181 2587 v1,
2214 2540 2340 2595 cap.
2396 2523 2486 2590 30,
2522 2522 2705 2576 Lucas
2753 2522 3065 2587 Tudensis,
3098 2525 3155 2576 et
3207 2520 3306 2576 alii
3362 2524 3582 2593 passim

1927 2617 2191 2670 auctores
2222 2611 2528 2683 scripsere,
2560 2610 2715 2682 quod
2746 2610 2817 2665 de
2848 2609 3578 2667 mutationcOfﬁciiMuza-

1926 2701 2103 2758 rahici
2136 2700 2193 2756 in
2228 2701 2579 2761 Romanum,
2615 2700 2671 2752 in
2705 2698 2834 2753 aliis
2862 2698 3153 2770 Hispaniae
3172 2700 3571 2771 conciliisjam

1924 2790 2232 2863 imperata,
2263 2787 2527 2845 nonnulli
2552 2787 3029 2860 interpretantur,
3062 2793 3236 2861 atque
3265 2788 3381 2845 huc
3413 2780 3571 2844 revo-

1926 2880 2041 2936 cari
2077 2895 2247 2951 posse
2278 2881 2502 2949 putant,
2556 2876 2612 2931 id
2666 2878 2821 2948 quod
2854 2895 2888 2931 a
2944 2877 3213 2934 Patribus
3270 2878 3570 2933 decretum

1927 2968 2107 3023 fuisse
2134 2967 2435 3032 dicitur,ul
2458 2967 2754 3020 secundum
2784 2966 3029 3037 regulam
3056 2970 3115 3022 S.
3178 2967 3374 3021 [sideri
3397 2964 3576 3021 eccle-

1926 3059 2143 3113 siastica
2172 3056 2354 3126 ofﬁcia
2402 3056 2463 3109 in.
2509 3056 2790 3124 Hispaniis
2821 3059 3157 3121 regerentur.
3190 3058 3263 3109 At
3294 3055 3449 3109 hunc
3489 3053 3573 3109 lo-

1933 3163 2067 3202 cum
2083 3146 2153 3200 ad
2180 3142 2609 3199 Muzarabieum
2633 3143 2901 3197 Officium
2917 3143 3060 3197 nihil
3080 3142 3365 3214 pertinere
3380 3146 3578 3197 monet

156 3235 451 3308 temporis
483 3231 753 3296 ani-58339.
783 3234 1075 3285 memerat
1104 3229 1176 3285 οι)
1207 3246 1373 3284 suam
1398 3234 1454 3285 et
1475 3229 1819 3285 Pisanorum
1854 3210 1896 3276 Ο
1935 3235 2041 3307 pias
2066 3232 2358 3289 memoriae
2380 3230 2696 3286 cardinalis
2719 3230 3013 3303 Aguirius,
3046 3232 3142 3302 qui
3167 3230 3465 3286 contendit
3485 3231 3578 3285 his

160 3325 383 3380 civium
414 3320 761 3377 fidelitatem
793 3315 1173 3373 inEcclesiam
1206 3318 1551 3382 Romanam,
1589 3317 1680 3372 cui
1713 3318 1822 3372 dit-

151 3413 449 3469 ficillimis
478 3408 597 3465 illis
632 3406 997 3479 temporibus
1024 3423 1255 3479 semper
1283 3406 1669 3462 addictissimi
1702 3406 1823 3462 fue-

151 3506 320 3558 runt.

329 3588 517 3645 XCVI.
556 3586 840 3654 Restitutio
872 3585 1289 3639 Tarraconensis
1319 3585 1654 3655 metropolis.

227 3678 414 3735 Paulo
448 3680 582 3750 post
612 3690 825 3746 nempe
856 3673 1000 3745 ipsis
1032 3672 1308 3728 Kalendis
1328 3672 1489 3739 Julii,
1509 3690 1641 3728 cum
1667 3673 1823 3729 idem

150 3768 450 3842 pontifex,
485 3771 551 3820 ut
581 3781 714 3819 mox
765 3762 1128 3827 dicebamus,
1162 3767 1317 3817 esset
1355 3762 1586 3833 Capuae,
1612 3762 1824 3818 Tarra-

153 3873 483 3914 conensem
514 3852 840 3909 Ecclesium
864 3850 923 3905 in
949 3850 1260 3922 pristinam
1286 3867 1454 3905 suam
1478 3851 1824 3924 dignitatem

144 3946 401 4005 omnino
425 3942 705 4000 restituit.
727 3938 1050 3997 Dalmatius
1075 3956 1282 4011 nempe
1304 3939 1700 3995 Narbonensis
1716 3934 1828 3995 me-

144 4035 577 4109 tropolitanus,
606 4030 842 4102 rejectis
874 4046 909 4084 a
931 4029 1203 4101 pontiﬁce
1233 4045 1382 4100 quas
1404 4030 1731 4101 proferebat
1753 4029 1825 4083 ad

133 4126 242 4197 jus
278 4138 463 4179 suum
496 4118 928 4176 stabiliendum
958 4115 1234 4188 Stephani
1269 4134 1429 4188 papa:
1461 4116 1827 4189 litterisque;

145 4215 375 4286 spuria:
409 4215 515 4267 aut
550 4208 762 4265 saltem
796 4205 1168 4278 interpolata:
1196 4206 1441 4260 inventis
1465 4209 1622 4274 sunt,
1655 4223 1835 4261 causa

147 4302 408 4367 cecidit;
444 4315 582 4354 cum
616 4295 782 4352 nullo
817 4292 1102 4366 probabili
1160 4293 1552 4349 instrumento
1586 4296 1831 4365 probare

155 4391 461 4463 potuisset
489 4387 994 4442 Tarraconensem
1018 4381 1387 4453 metropolim
1413 4380 1612 4453 aliqua
1633 4386 1829 4437 aucto-

1930 3322 2123 3378 verbis
2153 3320 2297 3376 nihil
2330 3319 2484 3374 aliud
2521 3319 2813 3390 designari
2846 3336 3024 3389 quam
3049 3319 3358 3391 epistolam
3392 3319 3575 3374 sancti

1936 3410 2143 3468 Isidori
2173 3410 2244 3465 ad
2282 3408 2701 3463 Landet'redum
2743 3406 3084 3478 episcopum
3144 3406 3578 3463 Cordubensem

1933 3498 2299 3571 scriptam,in
2319 3495 2679 3567 quasingula
2694 3496 2885 3550 ofﬁcia
2908 3511 3228 3567 eorumque
3252 3496 3580 3550 sanctiones

1935 3586 2328 3661 particulatim
2363 3583 2743 3656 explicantur.
2778 3584 3000 3656 Quippe
3031 3601 3161 3639 cum
3185 3584 3305 3639 hinc
3328 3584 3400 3639 oh
3423 3584 3583 3639 Mau-

1935 3694 2132 3733 rorum
2156 3674 2484 3729 invasiones
2505 3673 2603 3727 diu
2628 3673 2684 3726 in
2711 3672 3004 3744 Hispaniis
3026 3673 3287 3745 neglecta
3300 3673 3455 3729 haud
3480 3674 3587 3727 du-

1934 3766 2097 3821 bium
2127 3763 2397 3829 fuissent,
2440 3779 2507 3816 ea
2557 3760 2760 3833 synodi
2811 3761 3010 3817 Patres
3063 3763 3133 3817 ad
3167 3762 3391 3833 praxim
3425 3778 3583 3817 revo-

1936 3854 2120 3910 canda
2151 3870 2279 3909 esse
2327 3855 2698 3907 censuerunt.
2761 3851 3055 3905 Statutum
3117 3850 3366 3922 denique
3428 3852 3487 3906 in
3519 3866 3585 3906 eo

1936 3940 2179 3997 concilio
2234 3940 2343 3994 fuit
2398 3945 2480 4004 ut,
2539 3938 2780 3993 omissis
2810 3938 3020 3995 litteris
3072 3939 3379 4003 Gotthicis,
3441 3956 3589 4011 quas

1937 4030 2182 4087 Gultilas
2216 4028 2525 4101 episcOpus
2558 4026 2955 4092 adinvenerat,
2997 4028 3275 4099 deinceps
3306 4026 3585 4084 Gallicani

1938 4119 2307 4175 characteres
2339 4116 2781 4172 adhiberentur.
3484 4122 3489 4127 ·

1936 4225 2175 4281 XCVIII.
2220 4225 2469 4280 Virorum
2497 4225 2813 4276 sanctorum
2846 4224 2900 4275 in
2935 4222 3229 4277 Germania
3257 4208 3452 4277 obitus.
3491 4227 3590 4277 lies

2580 4293 2659 4347 ibi
2695 4293 2941 4348 turbatio.

2014 4383 2180 4442 Multi
2211 4382 2315 4438 viri
2368 4381 2626 4438 illustres
2657 4381 2747 4436 his
2777 4381 3142 4454 temporibus
3188 4382 3249 4437 in
3281 4382 3593 4438 Germania

152 4480 333 4535 ritate
365 4475 693 4549 apostolica
722 4490 843 4528 suae
876 4471 1143 4526 Ecclesiae
1173 4470 1502 4541 subjectum
1534 4470 1835 4526 fuisse.Ea
1941 4474 2234 4539 obierunt;
2266 4472 2419 4526 inter
2448 4487 2595 4542 quos
2626 4470 2875 4525 celebris
2910 4470 3020 4526 luit
3064 4472 3393 4527 li‘ridericus
3420 4488 3593 4526 comes

154 4568 470 4624 occasione
493 4561 1033 4635 arrepta,Urbanus
1055 4558 1470 4631 Berengarium
1492 4560 1832 4631 episcopum
1865 4581 1909 4645 Β
1939 4572 1990 4619 et
2018 4562 2287 4625 marchio,
2320 4559 2591 4631 egregius
2623 4559 2953 4630 apostolica:
2975 4560 3131 4616 sedis
3152 4560 3441 4625 defensor,
3470 4558 3591 4630 qui,

150 4662 432 4722 Ausones,
458 4655 640 4724 cujus
661 4650 935 4707 Ecclesiae
958 4648 1323 4705 antistitibus
1347 4646 1616 4704 dimcesis
1636 4649 1836 4704 Tarra-
1945 4657 2010 4707 ut
2038 4651 2144 4717 ait,
2168 4648 2473 4705 Bertoldus
2504 4648 2573 4701 ad
2598 4664 2820 4703 annum
2845 4648 3312 4720 sequentem,ubi
3337 4647 3505 4718 plura
3524 4647 3595 4701 de

149 4746 439 4803 conensis
461 4759 609 4798 cura
628 4738 980 4796 demendata
1001 4738 1213 4802 fuerat,
1232 4738 1727 4792 Tarraconensem
1750 4754 1838 4791 ar-
1950 4758 2016 4797 eo
2047 4740 2241 4804 habet,
2272 4737 2363 4792 sed
2382 4737 2573 4791 habitu
2593 4738 2854 4793 smculari
2877 4753 3025 4792 more
3065 4739 3241 4791 sancti
3269 4736 3596 4801 Sebastiani,

148 4834 633 4908 chiepiscopum,
669 4828 830 4901 quod
852 4826 1196 4895 iamdudum
1220 4824 1839 4891 meditabatur,statim
1947 4828 2316 4885 strenuissimi
2345 4825 2539 4880 militis
2572 4831 2766 4896 partes
2795 4824 3020 4895 agebat.
3045 4824 3227 4895 Ilujus
3243 4824 3438 4878 obitus
3460 4840 3597 4880 con-

150 4922 550 4989 renuntiavit,
585 4920 762 4990 eique
796 4915 1036 4988 pallium
1069 4914 1378 4980 concessit,
1411 4914 1545 4968 dato
1580 4930 1648 4969 ea
1680 4915 1751 4969 de
1781 4931 1841 4971 re
1948 4916 2083 4990 tigit
2112 4916 2205 4970 die
2246 4932 2302 4970 III
2334 4913 2626 4968 Kalendas
2652 4912 2812 4969 Julii.
2847 4914 2991 4967 Eum
3044 4913 3199 4968 brevi
3243 4918 3479 4968 secutus
3512 4915 3599 4968 est

153 5014 512 5087 diplomate.
548 5008 669 5065 Hoc
706 5007 861 5061 facto
881 5004 1286 5060 Narbonenses
1308 5001 1724 5075 archiepisc0pi
1739 5005 1845 5075 jus
1951 5004 2278 5063 Willelmus
2301 5002 2621 5073 Hirsaugiae
2637 5003 2818 5057 abbas
2834 5002 3371 5073 sanctissimus,qui
3390 5001 3598 5056 mediis

146 5118 334 5159 omne
354 5093 1054 5171 metropoliticum,quod
1081 5098 1199 5147 tam
1222 5092 1322 5147 diu
1342 5091 1839 5149 Tarraconensem
1952 5096 2009 5150 in
2069 5091 2596 5165 perseeutionibus,
2632 5096 2691 5146 ut
2740 5090 2918 5146 habet
2949 5091 3077 5160 ejus
3111 5090 3245 5147 Vitae
3281 5095 3485 5145 auctor
3540 5087 3597 5141 in

150 5190 531 5265 provinciam
565 5185 976 5244 exercuerant,
1010 5181 1278 5235 amisere.
1951 5183 2110 5239 Actis
2138 5186 2474 5236 sanctorum
2506 5178 2728 5233 ordinis
2760 5178 3139 5247 Beuedietini,
3172 5177 3383 5233 invicto
3406 5176 3600 5231 animo

152 5262 372 5357 SICVII.
434 5295 767 5354 Concilium
825 5290 1150 5359 Legioneme
1177 5288 1241 5342 de
1295 5303 1463 5341 causa
1498 5289 1790 5359 episcopali

1972 5288 2192 5327 :ausam
2224 5267 2519 5324 catholicae
2540 5266 2805 5322 Ecclesiae
2828 5284 3026 5340 agens,
3062 5266 3203 5322 nihil
3234 5282 3347 5321 non
3371 5264 3443 5318 ad
3474 5262 3603 5330 ejus

490 5365 737 5424 Iriensis
771 5364 826 5415 et
845 5353 913 5415 de
928 5360 1125 5431 officiis
1155 5353 1551 5414 ecclesiasticis:
1684 5353 1697 5359 ’
1953 5358 2350 5416 defensionem
2365 5355 2620 5410 audebat
2632 5355 2776 5411 adeo
2797 5360 2860 5411 ut
2878 5355 3220 5426 plerumque
3233 5353 3601 5405 innumeram

226 5463 466 5516 Interea
492 5470 636 5512 cum
664 5448 980 5507 occasione
997 5447 1405 5519 exsequiarum
1428 5446 1643 5502 Garsiaa
1669 5448 1842 5519 regis,
1954 5446 2377 5521 propemodum
2431 5443 2624 5497 omnis
2657 5443 3005 5498 conditionis
3038 5440 3363 5500 hominum,
3397 5434 3495 5521 qui
3530 5432 3602 5486 ad

153 5556 219 5606 ut
252 5551 506 5606 narrant
539 5536 863 5613 Hispanici
904 5518 1234 5607 scriptores,
1270 5534 1590 5608 Reynerius
1621 5518 1846 5607 legatus
1956 5518 2088 5591 eum
2124 5532 2559 5605 confugiebant,
2586 5530 3022 5585 multitudinem
3051 5530 3106 5581 in
3130 5518 3477 5616 monasterio
3497 5533 3605 5570 suo

151 5603 913 5714 apostolicusjernardus
932 5603 1847 5697 Tol-etiarchiepiscopusmliique
1956 5622 2258 5695 receperit,
2292 5603 2350 5675 et
2370 5618 2600 5673 aluerit.
2630 5617 2731 5672 I-Iic
2759 5635 2815 5672 m
2850 5618 3042 5671 Nonas
3062 5612 3203 5667 Julii
3236 5606 3378 5662 abiit
3399 5603 3468 5655 ad
3504 5618 3604 5654 su-
