3958 6224
369 414 454 482 ετ

1675 417 1746 482 s.
1791 413 2082 483 unam
2123 413 2182 480 ιι
2223 395 2477 479 psus.
3688 375 3766 478 si

372 570 564 633 peros,
591 571 768 630 quem
797 557 932 630 post
960 569 1146 612 unum
1177 569 1462 622 mensem,
1496 552 1590 611 die
1609 551 1830 611 scilicet
1855 555 2030 610 sexta'
2045 553 2102 621 Α
2127 550 2433 608 οὸσάτνε....
2465 549 2632 607 etiam
2659 547 2853 608 multae
2880 545 3031 606 villae
3059 561 3130 606 ea:
3174 546 3386 622 integro
3431 561 3491 605 se
3515 545 3765 620 religioni

371 646 642 721 Augusti,
673 650 915 703 secutus
941 649 1030 701 est
1057 649 1301 702 sanctus
1328 645 1677 700 Altmannus
1707 641 2017 717 episcopus

371 734 755 803 Pataviensis,
787 735 956 807 cujus
988 734 1122 790 Vita
1146 751 1176 790 ε
1213 733 1495 790 monacho
1529 731 1884 790 Gotwicensi
1915 749 2018 787 an-

375 840 590 898 onymo
619 822 966 897 conscripta,
983 822 1099 880 alia
1117 823 1188 879 ab
1207 839 1274 878 ea
1295 839 1471 895 quam
1493 821 1877 894 Tegnagcllus
1900 819 2022 876 vul-

377 913 554 988 gavit.
584 912 742 969 edita
767 916 857 969 est
883 913 1156 985 Augustos
1187 910 1640 978 Vindelicorum,
1699 927 1852 965 anno
1884 910 2022 964 1619

377 1001 558 1060 simul
586 1018 721 1059 cum
750 1001 882 1058 Vita
910 1001 1095 1058 sancti
1113 999 1434 1056 Gebehardi
1456 998 1941 1072 Salisburgensis,
1966 1001 2024 1054 et

377 1091 566 1149 sancti
595 1089 977 1148 Adalberonis
1007 1089 1438 1161 Herbipolensis
1468 1089 1900 1161 episcoporum,
1923 1085 2025 1158 qui

379 1197 583 1238 omnes
595 1181 654 1237 in
676 1179 970 1237 catholica:
985 1178 1247 1235 Ecclesiae
1262 1179 1598 1234 defensione
1613 1175 2026 1250 perditissimis

379 1271 454 1328 iis
482 1270 846 1344 temporibus
869 1269 1119 1325 maxime
1149 1267 1507 1324 claruerunt.
1532 1265 1712 1323 Paulo
1734 1272 1866 1322 ante
1889 1264 2028 1320 Wil-

380 1360 623 1418 lelmum
653 1359 917 1416 obierant
941 1359 1058 1414 duo
1077 1357 1176 1413 alii
1199 1357 1441 1413 abbates
1458 1356 1633 1412 etiam
1656 1353 1729 1412 ob
1748 1355 1876 1410 vitae
1900 1371 2031 1409 san-

380 1450 725 1516 ctitatem,et
735 1448 911 1504 ﬁdem
929 1447 990 1502 in
1011 1445 1398 1519 apostolicam
1417 1446 1614 1501 sedem
1639 1441 2025 1511 celeberrimi,

380 1537 792 1612 Wolphelmus
814 1535 1037 1593 scilicet
1057 1533 1575 1590 Brunwillarensis
1599 1533 1659 1588 in
1677 1533 1912 1588 dimcesi
1933 1535 2030 1586 Co-

381 1626 653 1696 loniensi,
675 1626 769 1682 die
796 1626 863 1681 21
897 1623 1141 1696 Aprilis,
1169 1626 1228 1678 et
1258 1623 1607 1678 Benedictus
1663 1621 1937 1678 Clusinus
1971 1621 2030 1675 in

385 1715 656 1774 faucibus
685 1713 916 1786 Alpium
947 1712 1042 1770 die
1070 1713 1133 1768 31
1165 1710 1322 1768 Maii.

460 1804 660 1861 Mense
677 1804 938 1876 Augusto
959 1801 1317 1872 sequenti,ut
1345 1799 1524 1856 tradit
1544 1797 2036 1865 Bertoldus,Wel-

389 1889 784 1967 pho,Bavarias
798 1888 1256 1956 dux,Henricum
1280 1888 1339 1944 in
1354 1888 1815 1961 Longobardiam
1829 1903 2033 1943 conve~

391 1983 499 2050 nit,
521 1997 657 2038 cum
679 1995 746 2038 eo
767 1995 966 2054 pacem
999 1978 1274 2044 initurus,
1294 1977 1342 2034 si
1367 1975 1465 2032 ille
1485 1977 1816 2033 Wibertum
1840 1976 2038 2032 dimit-

393 2076 515 2129 tere
533 2074 592 2128 et
608 2071 762 2127 bona
782 2085 910 2141 quae
924 2067 1034 2124 sibi
1048 2067 1267 2139 injuste
1279 2065 1472 2122 ablata
1493 2065 1723 2122 fuerant
1739 2067 2043 2122 restituere

393 2158 774 2218 voluisset.At
803 2161 1086 2214 renuente
1107 2155 1214 2212 has
1231 2155 1598 2212 conditiones
1630 2153 1896 2226 Henrico,
1926 2155 2044 2210 dux

398 2249 459 2306 in
488 2247 895 2306 Alemanniam
926 2261 1190 2302 reversus
1243 2248 1354 2316 est,
1382 2243 1480 2299 ubi
1514 2245 1696 2300 turbae
1739 2244 1820 2300 ita
1849 2259 2042 2300 excrc-

397 2340 624 2406 verunt,
651 2340 716 2394 ut
739 2334 914 2410 paulo
944 2337 1077 2408 post
1105 2334 1175 2390 de
1218 2350 1365 2390 novo
1387 2350 1520 2404 rege
1549 2332 1815 2406 eligendo
1847 2337 2044 2388 actum

399 2426 496 2484 sit.
530 2425 693 2492 Quod
723 2441 784 2482 re
811 2424 943 2498 ipsa
971 2423 1188 2480 factum
1228 2421 1455 2490 fuisset,
1501 2421 1692 2494 inquit
1716 2421 2044 2489 Bertoldus,

399 2519 452 2574 si
477 2514 843 2590 quorumdam
868 2515 1102 2586 pigritia
1142 2513 1257 2568 sive
1295 2513 1678 2568 malevolentia
1707 2527 1815 2567 non
1875 2514 2047 2584 impe-

401 2607 564 2664 disse.
598 2606 684 2661 Ita
710 2601 828 2660 ille.

527 2693 724 2750 XCIX.
755 2697 968 2750 Novum
997 2693 1058 2746 in
1087 2691 1375 2747 Germania
1407 2692 1689 2762 religionis
1718 2707 1912 2759 genus.

478 2780 693 2836 Mirum
705 2781 900 2834 autem
923 2781 1016 2832 est
1033 2781 1155 2832 tam
1168 2775 1524 2832 calamitosis
1546 2776 1910 2850 temporibus
1925 2793 2053 2832 suc-

412 2866 665 2926 crevisse
685 2866 744 2921 in
775 2864 1121 2922 Alemannis
1136 2881 1343 2920 novam
1365 2865 1591 2920 vivendi
1622 2865 1891 2932 formam,
1925 2882 2052 2937 quas

414 2953 764 3030 apostolicos
776 2969 968 3010 mores
979 2970 1088 3010 rem
1096 2951 1384 3009 ulabatur.
1400 2955 1466 3009 Hi
1480 2953 1634 3010 enim
1647 2956 1749 3011 etsi
1759 2954 1951 3010 habitu
1961 2970 2059 3010 nec

413 3043 981 3107 elerieinecmonaehi
991 3043 1395 3112 viderentur,ut
1406 3043 1558 3098 idem
1566 3042 1868 3100 Bertoldus
1881 3059 2080 3111 narrat

414 3133 684 3192 oculatus
702 3131 1242 3205 testis,nequaquam
1271 3136 1452 3188 tamen
1471 3135 1550 3188 eis
1570 3133 1814 3205 dispares
1835 3140 2057 3188 erant...

413 3226 514 3297 qui
539 3223 988 3280 abrenuntiantes
1013 3222 1228 3290 arcula,
1255 3238 1313 3276 se
1342 3227 1395 3277 et
1421 3238 1522 3278 sua
1551 3223 2062 3294 adeongregationes

416 3322 527 3372 tam
554 3313 878 3371 clericorum
906 3328 1071 3383 quam
1097 3311 1488 3368 monachorum
1517 3313 1854 3383 regulariter
1880 3313 2062 3367 viven-
2091 3341 2134 3408 ο

417 3405 562 3460 tium
584 3401 927 3461 devotissime
951 3403 1320 3469 contulerunt,
1351 3405 1408 3457 ut
1450 3402 1548 3456 sub
1592 3417 1780 3457 eorum
1810 3401 2059 3457 obedien-

415 3495 496 3550 tia
523 3493 880 3550 communiter
908 3493 1091 3548 vivere
1117 3495 1167 3547 et
1190 3493 1268 3546 eis
1295 3493 1500 3547 servire
1527 3497 1885 3546 mererentur.
1932 3493 2064 3544 Haec

414 3587 504 3641 est
529 3583 724 3654 religio
751 3579 1042 3654 quadrata,
1075 3597 1110 3634 a
1138 3579 1316 3635 Paulo
1371 3578 1775 3634 Bernriedensi
1837 3578 1893 3632 in
1934 3576 2067 3631 Vita

413 3670 673 3746 Gregorii
696 3669 793 3727 VII
811 3668 1254 3738 laudata,quam
1277 3683 1411 3722 cum
1434 3665 1926 3732 nonnulli,nescio
1947 3681 2064 3737 quo

416 3759 530 3816 acti
558 3758 741 3814 livore
762 3772 866 3812 seu
913 3755 1234 3811 invidentia
1274 3755 1604 3826 vituperare
1635 3754 1760 3808 ausi
1793 3755 2062 3825 fuissent,

414 3845 566 3904 tueri
595 3861 912 3918 aggressus
930 3847 1020 3898 est
1039 3842 1426 3903 Urbanus.cui
1449 3843 1605 3914 apud
1617 3843 1904 3898 Teutones
1927 3859 2062 3916 apo-

415 3935 625 3994 stolica
654 3933 942 4006 legatione
971 3930 1254 4005 iungenti,
1288 3931 1368 4004 pii
1405 3932 1532 4003 ejus
1566 3931 1815 3988 instituti
1850 3933 2063 3988 sancti-

416 4028 509 4080 tas
536 4021 717 4096 probe
743 4025 880 4077 nota
901 4021 1108 4076 fuerat.
1141 4019 1303 4076 Unde
1337 4020 1442 4076 hoc
1475 4036 1628 4076 anno
1661 4019 1818 4076 illam
1851 4019 2060 4077 solem-

415 4111 570 4170 niter
588 4108 1002 4185 approbavitet
1012 4108 1554 4177 conﬂrmavit,datis
1577 4124 1645 4166 ea
1665 4109 1735 4165 de
1756 4125 1817 4165 re
1840 4109 1912 4164 ad
1934 4127 2064 4166 mo-

415 4199 808 4258 nasteriorum
843 4197 1186 4270 praepositos
1217 4195 1449 4254 litteris.
1480 4197 1626 4253 Cum
1646 4214 1781 4253 vero
1802 4215 1952 4256 anno
1975 4217 2060 4256 se-

416 4289 640 4366 quenti,
676 4291 742 4344 ut
759 4287 915 4344 idem
944 4290 1146 4343 auctor
1163 4286 1358 4354 habet,
1382 4286 1566 4344 laicus
1581 4286 1821 4360 quidam
1845 4305 2057 4346 novum

415 4379 474 4435 id
503 4378 734 4435 vivendi
765 4393 954 4450 genus
980 4377 1298 4448 professus,
1340 4377 1413 4432 ab
1443 4393 1512 4433 eo
1542 4381 1758 4433 temere
1809 4377 2055 4434 resiliis-

417 4467 690 4538 set,hunc
710 4465 982 4522 Urbanus
1009 4463 1242 4537 scriptis
1259 4465 1330 4521 ad
1347 4465 1754 4522 Gebehardum
1776 4469 2056 4522 Constan-

417 4555 511 4614 tia
541 4555 884 4630 episcopum
915 4553 1171 4628 legatum
1203 4571 1378 4611 suum
1411 4554 1640 4624 litteris,
1686 4555 2058 4614 anathemate

2126 640 2591 706 rontradiderant,
2622 656 2781 712 seque
2811 640 3044 695 invicem
3073 641 3364 695 sanctitate
3390 653 3608 696 morum
3631 656 3761 712 pra-

2127 732 2314 786 renire
2343 730 2740 786 incessabiliter
2767 728 3113 784 studuerunt.
3147 727 3237 784 Sic
3277 730 3464 802 utique
3491 729 3650 799 Deus,
3679 745 3764 785 ex-

2127 819 2340 874 clamat
2379 817 2996 883 Bertholdus,sanctam
3023 833 3184 873 suam
3216 817 3513 872 Ecclesium
3543 819 3602 873 in
3629 821 3769 891 peri--

2128 910 2310 964 culoso
2343 911 2579 979 tempore
2619 907 2954 963 mirabiliter
2983 907 3265 962 consolari
3291 906 3551 975 dignatus
3579 912 3690 962 est:
3717 916 3770 963 ut

2129 997 2194 1052 de
2223 999 2518 1052 multorum
2541 999 2887 1053 conversoine
2927 995 3337 1069 gauderet,qu.z
3365 995 3431 1052 de
3459 1012 3763 1052 accommu-

2133 1088 2444 1142 nicatorum
2473 1089 2755 1142 aversione
2773 1085 2994 1158 jamdiu
3024 1101 3129 1141 non
3161 1087 3390 1141 cessavit
3419 1085 3620 1141 dolere.
3660 1085 3768 1141 Huc

2135 1177 2193 1231 ni
2226 1175 2413 1244 fallor,
2430 1175 2680 1230 revocari
2702 1175 2871 1230 debet
2883 1175 3034 1247 quod
3049 1173 3316 1231 Gerobus
3335 1173 3394 1230 in
3409 1174 3772 1248 Syntagmate

2137 1265 2216 1320 De
2248 1269 2401 1319 statu
2445 1263 2711 1319 Ecclesia:
2735 1263 2890 1334 apud
2913 1262 3332 1336 Tegnagellum
3379 1263 3559 1332 edito,
3593 1262 3772 1330 refert,

2138 1369 2264 1424 cap.
2299 1354 2386 1418 16,
2419 1352 2637 1408 multos
2659 1351 2896 1407 clericos
2915 1356 2972 1407 et
2993 1351 3314 1408 monachos
3335 1352 3640 1408 occasione
3664 1369 3776 1425 per-

2140 1442 2457 1497 secutionis
2473 1440 2768 1514 amplexos
2783 1441 2964 1498 fuisse
2976 1441 3155 1496 vitam
3177 1441 3536 1514 asperiorem
3553 1442 3612 1498 in
3637 1441 3778 1516 agris

2141 1530 2501 1587 suburbanis
2523 1535 2579 1586 et
2610 1529 2984 1586 monasteriis
3016 1530 3470 1604 campestribus.

2356 1650 2414 1702 C.
2448 1648 2840 1703 Paviliacensis
2871 1649 3192 1704 monasterii
3219 1651 3572 1705 reslauratio.

2219 1754 2279 1809 In
2311 1751 2513 1809 Galliis
2546 1757 2810 1826 reparato
2842 1770 2945 1826 per
2973 1753 3298 1810 Galterium
3348 1754 3575 1811 Sancta
3607 1756 3782 1813 Trini-

2144 1843 2283 1896 tatis
2313 1841 2382 1897 de
2415 1841 2741 1907 Monte,seu
2762 1846 2988 1899 Sancta:
3017 1842 3344 1899 Catharinaa
3371 1860 3552 1916 prope
3584 1846 3784 1902 Rotho-

2066 1923 2115 1992 B
2145 1947 2383 2004 magum
2405 1931 2700 1999 abbatem,
2736 1931 3114 1988 Paviliacensi
3135 1936 3356 1988 Sancta:
3405 1935 3787 1992 Austreberta

2151 2020 2527 2089 monasterio,
2561 2021 2715 2092 quod
2749 2038 2782 2076 a
2811 2021 3234 2078 Northmannis
3264 2022 3525 2078 dirutum
3592 2025 3785 2094 fuerat,

2151 2109 2422 2167 Urbanus
2453 2109 2762 2166 Guillelmo
2785 2109 3222 2182 archiepiscopo
3245 2111 3790 2186 Rothomagensi,ad

2153 2199 2322 2270 cujus
2343 2198 2635 2254 ditecesim
2659 2199 2821 2256 locus
2837 2197 2934 2254 ille
2955 2199 3302 2272 pertinebat,
3325 2199 3568 2274 scripsit
3589 2206 3655 2257 ut
3671 2219 3791 2260 eum

2153 2288 2223 2341 ad
2247 2287 2410 2360 pium
2441 2287 2583 2343 illud
2615 2305 2763 2360 opus
2792 2289 3252 2361 promovendum
3282 2293 3338 2344 et
3381 2289 3793 2347 absolvendum

2153 2375 2631 2448 excitaret,atque
2652 2377 2795 2433 adeo
2810 2376 3097 2433 universis
3109 2377 3207 2450 qui
3220 2377 3410 2434 eidem
3429 2379 3796 2437 cmnobioali-

2156 2465 2296 2538 quid
2311 2466 2940 2539 conferrent,quartam
2954 2465 3433 2538 pmnitentiarum
3449 2468 3520 2524 ab
3534 2469 3796 2542 episcopo

2157 2558 2258 2610 aut
2281 2554 2620 2628 presbytero
2652 2554 3052 2627 injunctarum
3084 2559 3305 2628 partem
3337 2556 3798 2615 relaxavit.Data:

2159 2647 2298 2699 sunt
2319 2644 2626 2715 pontificiis
2649 2643 2852 2700 litteris
2875 2646 3105 2701 Cessimi
3129 2662 3142 2712 ;
3167 2644 3264 2700 alii
3284 2643 3554 2719 legerunt
3574 2649 3802 2706 Cossinii

2087 2745 2098 2752 '
2160 2732 2304 2787 forte
2328 2732 2544 2799 Casini,
2581 2733 2651 2788 ιν
2685 2733 2822 2788 ldus
2853 2732 3121 2789 Octobris
3152 2732 3330 2804 hujus
3361 2735 3523 2804 anni,
3559 2753 3711 2809 quas
3735 2736 3804 2792 la-

2162 2820 2281 2892 pidi
2332 2837 2362 2875 e
2393 2821 2703 2877 ruderibus
2732 2821 2986 2878 ecclesia:
3017 2826 3206 2880 erecto
3237 2822 3564 2896 insculptas
3601 2843 3752 2882 unus
3778 2842 3803 2880 e

2167 2907 2382 2964 nostris
2403 2908 2800 2981 descripsit.ln
2823 2910 3026 2966 eodem
3049 2909 3240 2982 lapide
3275 2910 3586 2984 diplomati
3627 2914 3804 2987 ponti-

2169 2998 2300 3054 ﬁcio
2327 2999 2641 3070 subjuncta
2669 3004 2794 3054 erat
2822 2998 2932 3054 loci
2963 2999 3199 3055 donatio
3230 2999 3382 3056 facta
3429 3001 3688 3059 Galterio
3716 3004 3802 3059 ab-

2171 3085 2289 3142 bati
2319 3103 2421 3158 per
2448 3087 2733 3143 Thomam
2765 3087 2838 3142 de
2885 3087 3087 3160 Pacisy
3131 3085 3376 3144 militem
3394 3106 3416 3151 ,·
3445 3090 3538 3145 cui
3601 3092 3804 3148 instru-

2171 3180 2369 3231 mento
2391 3174 2737 3232 Guillelmus
2767 3175 3241 3250 archiepiscopus
3259 3181 3314 3234 et
3340 3177 3438 3234 alii
3459 3179 3567 3236 viri
3593 3179 3806 3238 nobiles

2171 3265 2594 3336 subscripsisse
2622 3264 2983 3322 dicebantur.

2277 3379 2361 3434 Cl.
2389 3379 2594 3437 Urbani
2625 3381 2824 3436 litterae
2841 3397 2942 3452 pro
2974 3381 3028 3436 S.
3055 3381 3329 3453 Cypriane
3357 3384 3695 3442 Pictavensi.

2245 3487 2380 3542 Erat
2410 3485 2682 3542 Urbanus
2711 3485 2822 3542 hoc
2870 3503 3044 3556 anno,
3079 3487 3159 3542 uti
3193 3505 3262 3544 ex
3293 3491 3554 3561 tempore
3587 3492 3814 3548 ordina-

2173 3575 2351 3630 tionis
2375 3575 2564 3630 Ivonis
2590 3575 2896 3631 Carnoteni
2927 3575 3282 3650 colligimus,
3327 3579 3480 3651 apud
3531 3580 3813 3637 Altaiium

2175 3663 2318 3718 Latii
2352 3663 2555 3718 urbem
2579 3663 2745 3719 initio
2766 3664 3332 3738 Novembris,ibique
3358 3683 3414 3722 ιν
3441 3664 3646 3727 Nonas
3667 3671 3817 3743 ejus-

2173 3753 2306 3807 dem
2330 3751 2550 3808 mensis
2571 3750 2792 3808 litteras
2816 3751 3113 3824 Raynaldo
3126 3753 3321 3810 abbati
3334 3756 3528 3812 Sancti
3551 3755 3817 3830 Cypriani

2173 3841 2528 3896 Pictavensis
2574 3841 2882 3906 concessit,
2911 3841 3128 3914 quibus
3157 3843 3208 3898 ei
3249 3842 3559 3900 conﬁrmat
3600 3845 3821 3919 quiquid

2163 3930 2314 4001 juris
2343 3933 2394 3986 et
2422 3933 2696 3987 canonica:
2723 3933 2998 4002 potestatis
3042 3931 3290 3990 habebat
3321 3934 3382 3988 in
3427 3935 3658 3992 ecclesia
3690 3937 3818 3992 San-

2170 4021 2272 4076 cttr
2303 4019 2490 4075 Crueis
2519 4019 2663 4092 apud
2693 4020 2942 4091 Englam.
2979 4021 3092 4076 llac
3143 4021 3415 4078 cautione
3467 4039 3616 4080 usus
3647 4029 3738 4081 est
3768 4026 3817 4080 in

2171 4108 2280 4165 hoc
2329 4109 2606 4182 rescripto
2638 4109 2914 4181 pontifex,
2945 4109 3186 4179 veritus,
3219 4114 3491 4168 monente
3519 4115 3698 4171 lvone
3725 4113 3818 4186 qui

2169 4201 2296 4252 tum
2329 4197 2387 4252 in
2437 4197 2852 4252 Carnotensem
2901 4197 3242 4271 episcopum
3301 4198 3522 4256 electus
3553 4200 3615 4257 in
3665 4202 3821 4258 curia

2171 4285 2384 4342 Urbani
2415 4291 2540 4343 erat
2571 4285 2744 4358 paulo
2792 4291 2925 4358 post
2961 4287 3034 4342 ab
3066 4304 3132 4343 eo
3159 4289 3616 4359 consecrandus,
3653 4309 3747 4360 ne,
3775 4292 3820 4348 si

2169 4373 2604 4445 Raynaldo'htec
2624 4374 2870 4431 ecclesia
2883 4374 3228 4448 simpliciter
3249 4378 3819 4449 concederetur,eam

2169 4463 2266 4519 ille
2298 4463 2485 4536 pulsis
2533 4463 2758 4520 clericis
2787 4465 2886 4536 qui
2929 4465 3007 4520 ibi
3059 4465 3349 4538 degebant
3397 4467 3466 4522 ad
3504 4469 3822 4525 monachos

2167 4553 2528 4610 transferret.
2560 4553 2624 4609 Id
2655 4557 2849 4610 tamen
2881 4553 3055 4626 paulo
3097 4558 3229 4628 post
3256 4555 3516 4614 evenisse
3537 4557 3822 4616 discimus

412 4644 572 4703 feriri
598 4643 892 4718 precepit,
923 4642 1039 4699 nisi
1069 4644 1508 4716 quamprimum
1537 4647 1822 4717 apostasia:
1855 4662 1968 4701 suae
1999 4650 2057 4701 et
2098 4710 2134 4718 _
2172 4660 2240 4698 ex
2286 4642 2414 4715 ipso
2466 4641 2656 4708 lvone,
2707 4642 2878 4714 epist.
2911 4643 2981 4698 36
3013 4643 3085 4699 ad
3137 4643 3366 4700 Petrum
3417 4645 3821 4705 Pictavensem

414 4735 561 4792 tanti
593 4710 884 4808 sacrilegii
911 4710 1132 4790 crimen
1163 4710 1504 4805 pmnitentia
1532 4710 1822 4807 condigna
1842 4733 2064 4790 diluere
2095 4710 2142 4776 D
2173 4710 2512 4806 episcopum
2540 4731 2636 4801 ;in
2668 4710 2785 4803 qua
2815 4731 3066 4805 graviter
3094 4733 3373 4790 adversus
3404 4733 3562 4792 hunc
3593 4737 3820 4793 antisti-

414 4827 741 4881 conaretur.
776 4822 940 4889 Hinc,
973 4826 1270 4879 crescente
1295 4822 1424 4879 novi
1442 4823 1571 4894 ejus
1593 4823 1850 4878 instituti
1879 4822 2056 4891 fama,

415 4929 530 4969 non
547 4910 752 4968 solum
783 4911 1078 4968 innumeri
1105 4911 1212 4967 viri
1233 4916 1291 4968 et
1310 4911 1712 4984 mulieres,qui
1729 4912 1789 4966 in
1813 4911 2059 4966 urbibus

413 5004 518 5058 aut
535 4999 596 5056 in
616 5000 1109 5056 monasteriorum
1130 4997 2058 5063 viciniiscommorabantur,illud

411 5093 534 5146 tam
547 5091 817 5145 sanctum
839 5089 1201 5162 propositum
1230 5089 1620 5162 arripuerunt,
1637 5087 1737 5160 qui
1762 5087 1872 5144 sub
1894 5086 2059 5142 cleri-

411 5193 617 5236 corum
645 5181 704 5235 et
757 5177 1177 5234 monachorum
1219 5178 1571 5244 obedientia,
1628 5174 2059 5246 mancipiorum

411 5283 574 5325 more
602 5265 676 5324 iis
703 5266 1030 5340 quotidiani
1062 5267 1228 5340 pensi
1261 5266 1563 5324 servitium
1615 5263 2057 5336 persnlvebant;

411 5358 614 5414 verum
643 5354 820 5412 etiam
851 5355 1052 5412 eadem
1081 5355 1310 5412 vivendi
1345 5353 1532 5409 forma
1558 5352 1618 5407 in
1648 5349 1804 5407 villis
1834 5355 1892 5407 et
1919 5351 2060 5409 locis

413 5443 766 5518 agrestibus,
789 5448 1025 5516 recepta
1046 5443 1154 5498 fuit
1183 5461 1196 5511 ;
1225 5443 1345 5509 ubi,
1367 5443 1514 5502 teste
1541 5439 1741 5496 eodem
1765 5437 2054 5510 Bertoldo,

411 5535 550 5606 ﬁliae
573 5535 905 5590 rusticorum
934 5535 1244 5588 innumera:
1273 5531 1527 5600 canjugio
1557 5533 1609 5584 et
1655 5529 1851 5584 szeculo
1907 5528 2059 5584 abre-

411 5624 688 5688 nuntiare,
715 5629 766 5678 et
801 5621 902 5677 sub
932 5619 1168 5688 alicujus
1194 5616 1482 5673 sacerdotis
1510 5617 1816 5674 obedientia
1859 5618 2058 5686 vivere,

412 5716 465 5766 et
497 5712 771 5779 religiosis
818 5724 940 5761 cum
991 5721 1205 5761 summa
1251 5705 1528 5763 devotione
1556 5723 1664 5765 non
1719 5713 2061 5764 cessaverunt

2167 4827 2284 4878 tam
2317 4821 2694 4894 conqueritur
2723 4821 2878 4892 quod
2910 4827 3042 4894 post
3070 4821 3390 4895 expetitum
3421 4823 3520 4880 diu
3551 4831 3612 4882 et
3643 4827 3821 4899 impe-

2169 4913 2388 4966 tratum
2419 4909 2695 4966 clericum
2727 4909 2866 4966 huic
2895 4909 3168 4984 Englensi
3198 4911 3453 4969 ecclesias
3497 4915 3817 4987 praeficien-

2169 4999 2333 5064 dum,
2357 4998 2627 5055 eumdem
2661 5003 2864 5071 postea
2893 4998 3225 5072 repulisset,
3241 5005 3306 5057 ut
3324 5002 3384 5056 in
3402 5017 3472 5058 ea
3489 5001 3823 5061 institueret

2170 5087 2490 5143 monachos
2517 5086 2711 5142 Sancti
2741 5087 3032 5160 Cypriani.
3063 5089 3238 5158 Tum,
3291 5089 3550 5148 laudatis
3601 5091 3818 5148 Urbani

2168 5192 2236 5232 ea
2268 5176 2338 5231 de
2370 5193 2430 5231 re
2459 5174 2692 5242 litteris,
2726 5169 2823 5232 eas
2877 5177 3295 5234 monachorum
3345 5195 3534 5235 causa:
3565 5180 3821 5253 patroci-

2172 5263 2296 5319 nari
2331 5281 2443 5318 non
2467 5265 2676 5320 debere
2707 5265 3026 5334 contendit,
3046 5266 3200 5338 quod
3223 5283 3284 5324 se
3313 5267 3388 5324 ab
3404 5267 3533 5341 ipso
3545 5270 3819 5342 pontiﬁce

2171 5353 2472 5410 rescivisse
2505 5356 2888 5422 contestatur,
2911 5355 3002 5410 cui
3038 5371 3138 5412 eas
3163 5355 3417 5426 dictanti,
3440 5371 3698 5430 praesens
3721 5359 3820 5416 ad-

2171 5443 2379 5508 fuerat,
2421 5459 2537 5498 non
2571 5442 2809 5514 quidem
2839 5461 2874 5498 a
2904 5445 3098 5511 latere,
3130 5448 3194 5500 ut
3224 5461 3286 5501 se
3337 5437 3686 5504 emendasse
3716 5465 3818 5521 pu-

2168 5532 2312 5588 tavit
2339 5531 2576 5587 Juretus
2603 5532 2663 5586 in
2687 5531 2842 5588 notis
2876 5533 2947 5588 ad
2979 5532 3132 5588 hanc
3162 5533 3354 5608 Ivonis
3379 5533 3818 5607 epistolam,sed

2169 5622 2367 5688 Alalri,
2400 5625 2467 5676 ut
2495 5624 2716 5678 veteres
2773 5620 3002 5676 codices
3031 5621 3331 5690 habent,et
3386 5625 3630 5680 omnino
3663 5624 3818 5682 evin-

2170 5715 2312 5766 cunt
2335 5707 2584 5767 laudataa
2616 5708 2832 5766 Urbani
2861 5709 3086 5765 litterae.
