3958 6224
183 432 269 495 ⁸9,
1797 426 1980 491 ἮΤΑ
1991 465 2010 492 ο

253 565 368 626 Cl'l.
403 567 593 625 Ivonis
626 564 922 627 Carnotcni
943 562 1238 625 animalia.
1290 565 1409 639 Quo
1438 579 1583 623 anno
1610 563 1777 640 facta.
1879 559 1945 630 Α.
1967 561 2146 623 deuti.
2179 561 2324 624 Cum
2354 563 2511 625 enim
2543 562 2639 625 ille
2670 564 2847 626 merit
2876 565 2987 627 sub
3034 566 3210 629 finem
3241 568 3604 645 Novembris,

258 656 516 715 Multum
548 658 729 716 etiam
758 657 1042 714 laboravit
1070 657 1203 730 pius
1234 657 1491 730 pontifex
1537 656 1647 712 hoc
1689 671 1843 711 anno
1957 658 2022 709 ut
2051 653 2288 727 quidem
2321 660 2572 726 constat,
2606 658 2679 714 ab
2711 657 2942 716 Urbano
2974 659 3032 716 in
3087 661 3253 717 Italia
3278 663 3624 733 ordinatus,‘

193 765 297 823 pro
324 748 575 805 ecclesia
602 746 964 816 Carnotensi,
983 763 1161 820 quam
1189 746 1506 803 Gaufridus
1536 747 1845 818 episcopus
1956 743 2013 798 in
2049 760 2216 800 suam
2243 744 2542 802 dioecesim
2573 751 2707 804 ante
2738 749 3041 822 sequentis
3076 751 3213 806 anni
3248 751 3457 809 saltem
3490 754 3608 810 ini-

3527 416 3625 497 ω

194 837 514 896 multorum
546 837 861 893 criminum
896 853 1048 904 reus,
1077 841 1143 892 ut
1172 852 1241 892 ex
1288 836 1478 892 Ivonis
1511 834 1760 909 epistola
1813 837 1847 891 8

196 931 371 1001 patet,
404 926 814 983 labefactabat.
849 926 953 981 Hic
975 927 1100 997 jam
1132 930 1265 980 ante
1296 925 1520 998 aliquot
1558 941 1743 980 annos
1774 924 1845 979 ab

198 1017 439 1089 Hngone
470 1015 672 1072 Diensi
705 1015 859 1071 sedis
875 1012 1489 1086 apostoliczeinGalliis
1505 1012 1848 1086 legato,loco

200 1109 395 1160 motus
425 1103 707 1171 fuerat;at
726 1103 945 1173 injuria
975 1120 1038 1158 se
1068 1103 1519 1158 condemnatum
1551 1106 1847 1169 causatus,

200 1194 447 1249 Romam
477 1192 748 1259 tetendit,
783 1192 883 1247 ubi
928 1207 1064 1247 cum
1115 1190 1313 1247 nullus
1366 1191 1493 1262 ejus
1547 1194 1853 1247 accusator

200 1280 651 1353 comparuisset,
685 1280 819 1335 dato
850 1296 1032 1352 supra
1074 1296 1287 1351 corpus
1334 1279 1487 1335 beati
1532 1279 1684 1335 Petri
1732 1296 1852 1334 cor-

199 1386 338 1443 pore
386 1373 774 1436 sacramento,
806 1386 939 1423 eum
992 1386 1026 1424 a
1072 1369 1343 1425 Simonis:
1394 1368 1525 1424 labe
1556 1373 1853 1441 utcunque

198 1461 520 1533 purgatum
550 1456 867 1530 Gregorius
907 1456 1006 1513 VII
1040 1457 1161 1513 sedi
1209 1475 1326 1513 suae
1360 1456 1710 1513 restituerat.
1744 1457 1853 1513 Ve-

203 1565 336 1604 rum
362 1547 663 1603 renovatis
693 1550 895 1619 postea
926 1551 1129 1602 contra
1158 1546 1325 1602 illum
1360 1546 1852 1613 accusationibus,

202 1654 336 1694 cum
367 1636 501 1707 ejus
531 1633 778 1690 crimina
808 1634 1040 1691 Urbano
1081 1633 1254 1707 plane
1303 1634 1716 1701 innotuissent,
1750 1651 1856 1692 nec

201 1725 298 1781 ille
328 1740 461 1781 sese
483 1724 556 1780 ab
581 1723 666 1779 eis
695 1722 1016 1778 innocuum
1051 1724 1296 1795 probare
1326 1722 1627 1789 valuisset,
1652 1740 1856 1779 rursus

202 1832 231 1871 e
264 1831 375 1871 sua
403 1813 544 1869 sede
577 1812 917 1868 auctoritate
962 1812 1256 1884 pontiﬁcis
1308 1812 1514 1884 pulsus
1563 1817 1672 1873 est,
1707 1813 1858 1867 facta

1956 833 2059 901 tia,
2094 851 2359 891 reversus
2391 854 2519 892 esse
2551 854 2665 893 non
2694 837 2902 910 potuit.

2026 923 2243 979 Verum
2269 925 2375 981 etsi
2403 925 2525 981 haec
2554 928 2755 983 omnia
2784 945 2904 983 rem
2936 929 3175 985 omnino
3216 948 3332 987 non
3381 930 3609 989 evince-

1959 1017 2109 1079 rent,
2144 1017 2298 1069 certa
2329 1019 2523 1070 tamen
2550 1031 2679 1072 esse
2707 1015 2936 1073 videtur
2959 1036 3028 1074 ex
3056 1017 3371 1091 ipsiusmet
3420 1021 3612 1079 Ivonis

1959 1102 2315 1158 testimonio.
2352 1103 2404 1157 Is
2434 1103 2591 1159 enim
2632 1105 2882 1177 epistola
2921 1108 2993 1160 67
3044 1107 3275 1164 Urbano
3326 1110 3623 1182 pontiﬁci,-

1962 1207 2135 1263 quem
2182 1192 2462 1247 adversus
2506 1210 2568 1249 se
2616 1194 2884 1250 nonnihil
2927 1200 3289 1254 commotum
3320 1200 3611 1268 audierat,

1963 1279 2247 1347 scribens,
2284 1286 2447 1353 rogat
2495 1300 2652 1347 eum,
2684 1287 2751 1338 ut
2778 1285 2901 1355 jam
2930 1289 3205 1341 transacto
3252 1292 3512 1360 septenio,
3545 1306 3616 1346 ex

1963 1385 2078 1440 quo
2126 1371 2346 1425 vineam
2388 1371 2497 1426 sibi
2545 1375 2893 1429 commissam
2917 1391 3017 1446 pro
3054 1392 3150 1431 suo
3174 1392 3332 1448 posse
3358 1380 3617 1435 excolue-

1964 1467 2068 1526 rat,
2101 1456 2275 1515 liceat
2303 1461 2537 1517 tandem
2572 1461 2683 1517 sibi
2714 1467 2901 1519 octavo
2931 1482 3077 1521 anno
3121 1482 3252 1522 eam
3301 1467 3612 1525 dimittere.

1965 1548 2038 1601 At
2069 1547 2119 1602 si
2150 1565 2304 1604 anno
2338 1550 2497 1617 1092,
2529 1567 2646 1623 quo
2686 1550 2948 1624 plerique
2995 1555 3226 1610 lvonem
3277 1557 3617 1614 ordinatum

1968 1635 2150 1692 fuisse
2198 1636 2420 1704 volunt,
2470 1643 2693 1712 septem
2742 1658 2927 1697 annos
2974 1643 3344 1715 adjiciamus,
3377 1646 3617 1704 omnino

1967 1725 2663 1797 completos,habebimus
2695 1730 2871 1786 ﬁnem
2905 1732 3044 1787 anni
3078 1734 3235 1800 1099,
3259 1751 3374 1807 quo
3406 1737 3499 1792 Ivo
3529 1753 3617 1794 oc-

1965 1817 2153 1869 tavum
2182 1816 2271 1871 sui
2322 1818 2695 1890 episcopatus
2726 1835 2947 1875 annum
2996 1821 3319 1895 incmperit.
3352 1825 3500 1880 Nam
3531 1826 3619 1882 uti

202 1903 667 1959 Carnotensibus
696 1904 979 1974 potestate
1022 1900 1202 1957 alium
1247 1901 1572 1957 antistitem
1625 1903 1683 1957 in
1730 1903 1858 1972 ejus
1890 1937 1939 2003 Β
1970 1908 2193 1961 certum
2247 1911 2354 1973 est,
2405 1922 2609 1963 mense
2655 1908 2966 1965 Novembri
3018 1911 3212 1967 Romae
3245 1920 3621 1972 consecratus

191 1991 400 2057 locum
434 1989 867 2058 substituendi;
898 1990 998 2063 qui
1033 1990 1232 2047 statim
1278 1991 1540 2046 unanimi
1572 2008 1862 2048 consensu
1892 1989 1939 2003 "
1971 1996 2078 2049 est.
2110 1992 2324 2049 Verum
2357 1994 2415 2049 id
2447 1995 2560 2050 dici
2592 2013 2706 2052 non
2740 2001 2950 2071 potest,
2980 2015 3115 2055 cum
3155 2000 3283 2072 jam
3335 2006 3482 2059 tunc
3515 2002 3620 2059 Ur-

203 2082 646 2153 Ivonem,quem
680 2078 799 2135 illis
827 2079 1095 2135 Urbanus
1126 2080 1657 2147 commendaverat,
1682 2080 1865 2153 elege-

202 2174 365 2227 runt.
389 2172 465 2225 At
494 2170 729 2225 lvonem
760 2162 1101 2225 consecrare
1132 2170 1421 2225 recusavit
1438 2169 1744 2226 Richerius
1763 2173 1863 2226 Sc-

205 2259 493 2316 nonensis
523 2256 1032 2331 metropolitanus,
1061 2258 1162 2330 qui
1196 2259 1580 2315 contendebat
1602 2260 1865 2315 Gaufridi

203 2347 747 2405 exauctorationem
794 2351 997 2403 contra
1026 2363 1281 2403 canones
1332 2349 1540 2403 factam
1587 2348 1768 2404 fuisse
1794 2349 1864 2404 ob

212 2438 295 2507 id,
332 2437 493 2511 quod
523 2436 653 2507 eius
683 2453 872 2492 causa:
905 2436 1157 2509 cognitio
1188 2436 1445 2509 primum
1478 2454 1511 2493 a
1532 2455 1593 2493 se
1625 2439 1869 2511 suisque

204 2525 806 2599 oomprovincialibus
837 2525 1127 2599 episcopis
1176 2527 1298 2581 fieri
1350 2527 1669 2598 debuisset,
1706 2532 1867 2583 ante-

206 2633 396 2688 quam
427 2616 502 2670 ad
532 2614 897 2688 pontificium
929 2614 1190 2671 tribunal
1223 2616 1563 2673 deferretur.
1597 2617 1743 2673 Hinc
1772 2623 1869 2674 Ivo

206 2704 360 2760 nihil
378 2720 442 2761 se
456 2704 612 2777 apud
633 2703 970 2760 Richerium
984 2705 1224 2760 obtentu
1236 2723 1299 2759 ru
1310 2722 1364 2760 m
1388 2706 1506 2761 fore
1526 2706 1866 2779 praevidens,

210 2789 519 2851 Urbanum
551 2792 716 2861 adiit,
751 2810 784 2849 a
815 2810 952 2865 quo,
987 2797 1051 2848 ut
1098 2793 1345 2866 ipsemet
1375 2795 1651 2867 pontifex,
1686 2796 1745 2851 in
1777 2796 1869 2851 lit-

208 2884 360 2940 teris
390 2900 460 2939 ea
488 2884 561 2939 de
593 2900 653 2938 re
693 2883 845 2938 datis
896 2886 1167 2950 testatur,
1203 2886 1355 2939 salva
1401 2885 1645 2941 ecclesize
1693 2886 1870 2941 Seno-

210 2972 388 3029 nensi
424 2973 607 3028 debita
635 2971 965 3037 obedientia,
993 2980 1371 3028 consecratus
1399 2978 1514 3037 est;
1548 2977 1604 3029 et
1634 2974 1872 3045 quidem

218 3063 337 3119 sub
371 3063 551 3118 finem
582 3061 948 3128 Novembris,
982 3065 1047 3117 ut
1078 3062 1135 3117 in
1169 3062 1240 3118 iis
1269 3061 1477 3118 litteris
1507 3062 1871 3135 exprimitur,

216 3152 328 3207 sed
361 3152 586 3229 absque
605 3149 784 3205 ullius
806 3149 944 3205 anni
976 3149 1567 3222 designatione.Unde
1588 3151 1875 3209 incertum

1973 2081 2163 2137 banus
2195 2082 2506 2140 defunctus
2536 2089 2928 2158 esset,nempe
2954 2104 3155 2144 mense
3170 2088 3326 2145 Julio
3355 2091 3622 2164 ejusdem

1974 2170 2112 2226 anni
2145 2171 2217 2226 ad
2253 2170 2429 2227 cmlos
2477 2178 2840 2247 assumptus.
2873 2175 2996 2232 Imo
3028 2193 3162 2233 cum
3211 2177 3334 2234 haec
3380 2179 3626 2253 epistola

1977 2263 2106 2330 post
2136 2260 2435 2316 Natalium
2465 2262 2679 2319 Christi
2714 2263 3110 2336 festivitatem,
3144 2270 3208 2322 ut
3253 2268 3502 2339 ipsemet
3530 2269 3624 2327 Ivo

1978 2348 2052 2402 ibi
2088 2347 2327 2416 indicat,
2364 2350 2581 2423 scripta
2613 2352 2806 2419 fuerit,
2840 2354 2909 2408 ad
2962 2371 3184 2410 annum
3236 2357 3391 2422 1111,
3426 2359 3624 2431 proin-

1978 2436 2164 2507 deque
2196 2436 2366 2510 longe
2397 2443 2530 2510 post
2562 2439 2779 2496 Urbani
2829 2441 3054 2497 obitum
3086 2443 3421 2500 deﬂ'erenda
3449 2450 3622 2515 esset,

1978 2526 2132 2597 quod
2167 2544 2306 2583 sane
2336 2544 2506 2583 nemo
2531 2528 2980 2586 dixerit.0mnia
2994 2546 3127 2587 vero
3138 2532 3310 2603 juxta
3334 2533 3624 2592 calculum

1979 2618 2245 2670 nostrum
2278 2617 2543 2689 apprime
2576 2617 2685 2674 sibi
2720 2619 3263 2676 concordant.Hanc
3282 2623 3628 2696 quippeepi-

1980 2702 2191 2759 stolam
2232 2703 2397 2761 initio
2430 2706 2568 2761 anni
2597 2708 2755 2773 1099,
2789 2724 2905 2780 quo
2937 2708 3129 2764 adhuc
3167 2710 3396 2783 vigebat
3445 2713 3626 2770 Urba-

1980 2808 2115 2859 nus,
2151 2794 2222 2849 ab
2256 2795 2423 2850 lvone
2454 2796 2734 2867 scriptam
2770 2797 2951 2853 fuisse
3003 2797 3276 2867 dicimus,
3309 2816 3445 2856 cum
3488 2804 3628 2858 tunc

1981 2897 2201 2938 annum
2236 2884 2327 2938 sui
2359 2883 2758 2957 episcopatus,
2790 2886 3083 2958 siquidem
3118 2903 3271 2943 anno
3303 2888 3435 2944 1091
3472 2889 3629 2947 inca:

1984 2969 2088 3042 pit,
2117 2977 2386 3027 octavum
2420 2973 2737 3030 inchoaret.
2774 2975 2887 3030 Res
2936 2975 3113 3031 etiam
3161 2976 3218 3031 in
3269 2993 3338 3032 ea
3383 2977 3632 3050 epistola

1984 3059 2167 3115 relata
2196 3078 2346 3117 anno
2380 3062 2520 3117 1099
2543 3063 2911 3130 conveniunt,
2944 3065 3239 3121 coronatio
3280 3082 3486 3139 nempe
3531 3082 3630 3123 re-

1984 3148 2075 3221 gis
2107 3148 2357 3223 Philippi
2402 3168 2434 3206 a
2464 3151 2713 3207 Rodulfo
2744 3151 3181 3225 archiepiscopo
3210 3155 3535 3211 Turonensi
3567 3155 3628 3211 in

217 3241 383 3313 apud
415 3244 688 3296 auctores
731 3239 949 3294 mansit
991 3256 1105 3311 quo
1156 3256 1309 3295 anno
1358 3240 1435 3296 sit
1477 3241 1878 3314 consignanda
1920 3310 1948 3314 _
1988 3238 2332 3310 praecedenti
2382 3241 2529 3295 festo
2576 3239 2909 3297 Nativitatis
2959 3240 3171 3297 Christi
3222 3242 3530 3311 celebrata,
3573 3247 3631 3301 et

216 3310 421 3386 Ivonis
448 3327 836 3395 consecratio,
871 3345 1047 3400 quam
1081 3328 1202 3395 alii,
1234 3346 1385 3385 anno
1419 3330 1577 3398 1090,
1607 3330 1873 3386 nonnulli
1907 3310 1950 3376 Ο
1986 3328 2232 3383 Joannis
2259 3329 2568 3399 cujusdam
2596 3330 2898 3401 juvenisin
2924 3329 3631 3405 Aurelianensemepisco—

215 3436 359 3477 vero
393 3420 552 3485 1091,
584 3422 687 3474 aut
712 3416 889 3473 etiam
923 3417 1187 3490 sequenti
1221 3419 1431 3474 factam
1483 3419 1664 3476 fuisse
1694 3419 1876 3493 scrip-

221 3512 453 3568 serunt.

296 3598 460 3654 Hanc
493 3595 765 3653 Labbeus
796 3613 948 3651 anno
980 3596 1109 3651 1091
1159 3597 1546 3667 consignavit,
1578 3599 1734 3670 quod
1784 3600 1878 3656 lvo

217 3689 320 3744 die
354 3689 421 3742 13
449 3684 952 3756 Novembris,quae
983 3702 1049 3740 eo
1081 3702 1233 3740 anno
1258 3687 1312 3741 in
1346 3686 1710 3743 Dominicam
1732 3687 1877 3744 inci-

217 3776 501 3843 debat,ah
524 3774 758 3831 Urbano
790 3779 1163 3830 consecratus
1191 3774 1371 3831 fuisse
1400 3775 1636 3832 dicitur.
1659 3778 1729 3832 Et
1758 3778 1881 3849 qui-

219 3864 443 3931 dem,si
474 3866 620 3920 bene
647 3862 803 3918 idem
838 3866 1043 3918 auctor
1068 3864 1474 3936 Stampensem
1498 3866 1788 3937 synodum
1808 3867 1879 3921 ad

221 3969 455 4011 annum
483 3952 624 4008 1092
653 3952 1159 4017 revocavit,lvonis
1191 3953 1499 4023 ordinatio,
1529 3971 1653 4027 quae
1681 3971 1881 4011 mense

216 4040 795 4101 Novembriexeunte
812 4041 964 4097 facta
993 4045 1101 4110 est,
1116 4042 1191 4097 ad
1219 4043 1634 4113 pra-cedentem
1654 4061 1878 4099 annum

219 4129 563 4190 necessario
612 4128 813 4186 referri
861 4130 1065 4199 debet;
1108 4134 1335 4186 certum
1385 4132 1601 4204 quippe
1640 4132 1697 4187 in
1728 4131 1880 4188 hanc

219 4220 522 4294 synodum
538 4232 574 4274 ι
588 4218 862 4274 'Richerio
884 4218 1329 4292 metropolitano
1343 4225 1717 4276 convocatam
1736 4221 1878 4278 fuis-

219 4324 290 4367 se
311 4310 387 4365 ad
407 4308 850 4364 rescindendam
870 4307 1061 4364 Ivonis
1077 4307 1527 4380 ordinationem,
1551 4326 1728 4381 quam
1744 4327 1878 4367 con-

222 4403 320 4455 tra
334 4412 588 4453 canones
603 4397 813 4453 factam
833 4395 1105 4466 fuisse,ut
1124 4413 1259 4453 mox
1276 4398 1636 4463 dicebamus,
1646 4403 1882 4454 conten-

219 4488 430 4544 debat.
467 4485 631 4541 Favet
661 4484 798 4541 huic
829 4484 1054 4541 calculo
1085 4502 1201 4541 una
1233 4485 1437 4541 charta
1466 4504 1502 4542 a
1529 4486 1730 4543 Jureto
1751 4487 1879 4543 lau-

219 4578 526 4647 dataque
554 4575 693 4631 data
723 4574 937 4631 dicitur
964 4591 1110 4631 anno
1140 4592 1251 4630 xxv
1281 4573 1472 4631 Ivonis
1501 4578 1840 4648 episcopatus
1858 4596 1880 4641 ,ο

1985 3433 2127 3489 pum
2158 3417 2481 3483 electio,die
2510 3421 2847 3472 sanctorum
2871 3418 3437 3476 Innocentiummam
3454 3420 3631 3492 hujus

1985 3510 2043 3561 et
2071 3506 2197 3577 ejus
2230 3506 2423 3562 aemuli
2472 3505 2803 3562 Sanctionis
2852 3507 3087 3562 nomine
3135 3508 3630 3566 consecrationem

1986 3594 2295 3650 Sausseius
2331 3612 2399 3651 ex
2445 3594 2839 3651 Monumentis
2888 3593 3150 3650 Ecclesiae
3197 3594 3632 3654 Aurelianensis

1989 3683 2057 3739 ad
2093 3700 2309 3738 annum
2347 3683 2485 3738 1099
2516 3699 2575 3738 re
2606 3682 2739 3755 ipsa
2768 3682 3150 3757 consignavit,
3184 3685 3486 3757 septennio
3518 3688 3633 3743 sci-

1989 3771 2141 3839 licet,
2179 3776 2242 3827 ut
2271 3770 2616 3839 observavit,
2649 3776 2781 3845 post
2812 3772 3002 3828 Ivonis
3049 3772 3361 3829 Carnotcni
3408 3775 3637 3831 ordina-

1989 3860 2228 3917 tionem.

2058 3951 2147 4016 At,
2181 3948 2431 4023 inquies,
2464 3950 2801 4023 Sigebertus
2831 3954 3035 4007 auctor
3066 3949 3280 4023 gravis,
3314 3950 3415 4023 qui
3442 3951 3634 4021 Ivonis

1989 4043 2154 4095 aelate
2182 4039 2566 4110 vivebat,ejus
2597 4040 3023 4096 ordinationem
3055 4041 3123 4095 ad
3157 4057 3379 4095 annum
3407 4041 3545 4096 1092
3574 4041 3635 4097 in

1987 4126 2274 4184 Chronico
2305 4145 2412 4184 suo
2444 4127 2659 4184 retulit.
2687 4128 2935 4197 Verum,
2965 4128 3072 4183 etsi
3115 4127 3210 4184 hic
3258 4127 3421 4185 locus
3470 4129 3551 4185 ita
3575 4128 3635 4185 in

1991 4216 2291 4272 nonnullis
2339 4217 2610 4290 Sigiberti
2669 4216 3102 4290 exemplaribus
3158 4217 3464 4289 habeatur,
3528 4218 3638 4276 hoc

1988 4310 2185 4361 tamen
2218 4305 2683 4361 additamentum
2724 4322 2852 4362 esse
2898 4309 3059 4378 patet
3087 4323 3155 4362 ex
3185 4306 3315 4361 aliis
3344 4306 3635 4379 exempla-

1991 4394 2178 4462 ribus,
2210 4396 2270 4449 in
2304 4394 2519 4466 quibus
2549 4395 2669 4451 haec
2708 4395 2885 4450 verba
2913 4411 3029 4450 non
3080 4399 3437 4467 comparent.
3471 4394 3639 4459 Certe

1990 4464 2400 4540 desiderantur
2428 4484 2486 4538 in
2521 4484 2697 4539 Miraei
2732 4483 3005 4553 editione,
3038 4500 3165 4555 quae
3201 4483 3425 4540 cmteris
3467 4500 3635 4540 accu-
3724 4464 3741 4487 ⁸

1991 4572 2171 4629 ratior
2202 4577 2307 4629 est.
2359 4574 2432 4627 At
2475 4573 2765 4627 fateamur
2812 4572 2868 4628 id
2918 4589 2952 4627 a
2994 4572 3296 4645 Sigeberto
3349 4572 3638 4646 scriptum

219 4665 374 4738 quin
405 4667 464 4746 et
492 4663 621 4736 ipso
650 4663 746 4720 Ivo
775 4664 835 4719 in
868 4662 1051 4719 altera
1077 4662 1496 4735 charta,quam
1526 4664 1683 4719 idem
1714 4665 1881 4722 Jure-
1912 4681 1958 4746 Ι)
1992 4662 2192 4719 fuisse.
2228 4663 2282 4717 Is
2313 4678 2474 4729 sane,
2508 4661 2660 4717 sicut
2688 4666 2745 4717 et
2775 4661 2926 4717 alius
2959 4661 3205 4734 quilibet
3241 4670 3462 4730 auctor,
3496 4662 3637 4717 scri-

217 4760 324 4812 tus
355 4744 804 4821 refert,totidem
826 4753 915 4809 sui
943 4753 1313 4826 episcopatus
1331 4769 1516 4809 annos
1533 4768 1882 4811 commemo-

220 4840 496 4908 rat.At,si
528 4841 601 4898 ab
630 4857 785 4897 anno
817 4842 956 4897 1115
986 4846 1086 4897 aut
1115 4841 1538 4914 sequenti,quo
1566 4841 1880 4900 defunctus

215 4932 320 4989 Ivo
374 4928 612 4997 dicitur,
645 4928 1029 4985 detrahantur
1060 4929 1197 4985 anni
1241 4929 1324 4984 illi
1356 4929 1563 5003 viginti
1595 4930 1879 5003 quinque,

215 5036 380 5094 quos
409 5018 470 5074 in
500 5017 843 5091 episcopatu
863 5018 1122 5091 integros
1143 5017 1405 5091 exegisse
1434 5022 1536 5074 aut
1565 5017 1771 5075 saltem
1799 5020 1884 5075 in-

212 5110 474 5167 choasse
504 5107 808 5163 fatendum
856 5111 964 5175 est,
997 5107 1327 5163 invenietur
1367 5124 1521 5163 anno
1568 5107 1730 5175 1091,
1766 5126 1880 5180 quo

210 5197 475 5273 proinde
503 5196 636 5267 ejus
660 5196 950 5275 ordinatio
973 5195 1308 5269 consignari
1339 5196 1529 5251 debet.
1562 5195 1664 5251 His
1708 5213 1882 5270 argu-

211 5286 447 5344 mentis
462 5284 803 5340 addendum
835 5288 923 5340 est
951 5289 1118 5339 vetus
1150 5284 1608 5339 instrumentum
1643 5285 1886 5357 aszgi-

207 5377 319 5434 dio
352 5374 452 5431 Bri
484 5373 547 5429 in
578 5373 836 5429 Historia
863 5364 1178 5430 Perticensi
1204 5372 1487 5440 relatum,
1521 5388 1635 5445 quo
1667 5374 1885 5429 Rober-

204 5472 319 5523 tus
366 5464 440 5519 de
488 5461 747 5518 Belismo
798 5460 1105 5517 ecclesiam
1155 5461 1340 5517 sancti
1376 5461 1675 5516 'Leonardi
1736 5461 1883 5517 Beli-

208 5553 483 5611 smensis
505 5550 816 5608 monachis
841 5549 1449 5622 Maioris-Monasterii
1466 5549 1711 5605 tradidit
1730 5567 1883 5607 anno

210 5640 490 5711 1092;0ui
525 5639 770 5711 quidem
801 5639 1015 5696 chartae
1043 5637 1497 5711 subscripsitlvo
1518 5638 1647 5709 jam
1665 5637 1886 5710 episco-

210 5729 767 5806 pus,<proindeque
797 5731 1170 5784 consecratus
1223 5744 1376 5783 anno
1421 5726 1626 5783 saltem
1678 5742 1887 5799 praece-

1989 4752 2126 4808 bere
2175 4750 2366 4823 potuit
2397 4751 2630 4806 lvonem
2678 4767 2830 4807 anno
2858 4751 2999 4806 1092
3024 4750 3413 4807 Carnotenam
3440 4752 3638 4807 sedem

1988 4839 2210 4907 iniisse,
2247 4839 2461 4911 quippe
2510 4856 2644 4895 cum
2688 4840 2799 4895 sub
2848 4840 3229 4911 praeedentis
3278 4839 3415 4895 anni
3461 4840 3638 4897 fidem

1988 4930 2195 5002 Capuae
2227 4928 2289 4983 in
2340 4926 2501 4983 Italia
2531 4928 2603 4983 ab
2655 4928 2886 4984 Urbano
2913 4934 3290 4985 consecratus
3320 4928 3515 4997 fuerit,
3547 4946 3638 4986 re-

1988 5034 2123 5073 vera
2149 5016 2382 5072 nonnisi
2414 5032 2567 5072 anno
2600 5017 2738 5071 1092
2777 5017 2966 5089 potuit
3012 5035 3131 5073 suae
3185 5017 3454 5075 Ecclesia:
3503 5036 3640 5092 pos-

1990 5106 2315 5163 sessionem
2347 5105 2527 5161 adire.
2560 5105 2686 5160 Haec
2720 5106 2999 5162 adversus
3029 5123 3129 5164 eos
3161 5108 3260 5181 qui
3316 5107 3508 5164 Ivonis
3547 5125 3640 5164 or-

1992 5195 2353 5251 dinationem
2386 5192 2539 5250 ultra
2567 5210 2787 5249 annum
2819 5195 2953 5250 1091
2983 5195 3279 5253 differunt.

2064 5287 2136 5339 At
2166 5283 2285 5351 alii,
2307 5287 2372 5338 ut
2399 5282 2722 5338 Souchetus
2753 5282 2813 5338 in
2845 5284 3007 5340 Notis
3037 5285 3108 5340 ad
3138 5284 3637 5356 Ivonisepistolas,

1994 5372 2172 5430 aliam
2220 5371 2629 5429 difﬁcultatem
2670 5378 2923 5429 movent.
2957 5374 3000 5430 li
3034 5374 3250 5447 quippe
3281 5373 3643 5429 contendunt

1994 5463 2186 5519 Ivonis
2214 5461 2639 5517 ordinationem
2672 5460 2827 5516 ultra
2855 5478 3077 5518 annum
3110 5465 3248 5518 1090
3275 5460 3492 5517 ditl'erri
3524 5477 3640 5517 non

1994 5569 2186 5624 posse,
2217 5550 2393 5622 idque
2423 5549 2674 5621 probant
2697 5565 2765 5604 ex
2788 5566 2854 5605 eo
2885 5552 3038 5621 quod
3091 5568 3242 5606 anno
3294 5550 3433 5605 1115
3481 5548 3639 5603 obie-

1994 5643 2091 5709 rit,
2124 5657 2258 5695 cum
2276 5640 2400 5710 jam
2435 5654 2620 5693 annos
2650 5654 2759 5690 xxv
2788 5639 3157 5711 episcopatus
3189 5638 3394 5695 saltem
3412 5636 3636 5707 attigis-

1997 5733 2103 5787 set.
2149 5727 2389 5791 Deinde,
2438 5724 2686 5797 ipsemet
2714 5740 2804 5794 ep.
2838 5726 2943 5779 268
2973 5726 3203 5781 Waloni
3250 5719 3634 5781 Bellovacensi
