3958 6224
359 394 435 467 91
1666 396 1735 462 Β.
1783 399 1989 478 URBA

2156 400 2170 464 l
2215 401 2312 464 PA
2324 403 2460 467 ΡΛΞ.
3691 406 3764 470 92

365 537 615 614 aliisque
643 532 935 612 episcopis
964 531 1024 592 in
1053 531 1320 604 concilio,
1354 535 1440 592 uti
1469 531 1719 604 videtur,
1752 527 2008 592 Bellova-
2037 533 2092 602 Α
2121 535 2305 612 phum
2337 532 2840 613 archiepiscopum
2871 537 3218 598 Remensem
3269 538 3476 598 scribit
3520 535 3595 598 de
3633 553 3763 596 con-

364 628 522 687 censi
556 644 756 685 mense
788 624 1092 683 Decembri
1123 641 1276 682 anno
1310 624 1444 681 1114
1475 622 1672 681 habito
1703 640 2014 698 congrega-

363 719 440 776 tis
470 717 992 790 inscripta,discrte
1019 715 1100 772 ait
1131 731 1192 772 se
1215 715 1342 786 jam
1369 715 1562 786 viginti
1589 715 1826 786 quinque
1850 717 2011 770 annis

365 811 423 865 in
467 809 779 880 episcopatu
825 814 1100 862 moratum
1144 807 1336 876 fuisse.
1389 803 1650 874 Denique
1696 803 1754 857 in
1809 803 2013 860 charta

364 899 620 972 quadam
665 897 802 953 data
853 896 1053 951 eodem
1105 911 1257 948 anno
1311 894 1466 954 1114,
1521 891 1816 948 Paschalis
1849 910 2008 965 papae

363 1003 556 1044 annus
585 1003 678 1041 xvr
715 1001 848 1039 cum
900 983 1088 1040 Ivonis
1119 1000 1232 1038 xxv
1263 981 1651 1054 componitur.
1683 981 1818 1045 Quae
1867 997 2008 1036 sane

363 1073 813 1150 probantlvonis
831 1071 1254 1129 ordinationem
1278 1070 1348 1127 ad
1375 1087 1677 1126 summum
1699 1087 1854 1125 anno
1873 1071 2010 1125 1090

363 1165 574 1221 debere
603 1162 955 1235 consignari.
989 1161 1202 1215 Verum
1236 1159 1284 1214 si
1316 1157 1504 1214 Ivonis
1543 1157 1740 1214 obitus
1791 1159 1860 1213 ad
1909 1175 2010 1213 an-

365 1272 507 1312 num
540 1255 696 1322 1116,
729 1259 792 1307 ut
824 1249 1104 1307 nonnulla
1136 1247 1484 1305 Kalendaria
1513 1246 1750 1313 habent,
1785 1265 2008 1303 revoce-

363 1350 479 1413 tur,
501 1341 659 1398 nulla
687 1341 795 1396 erit
824 1339 978 1396 circa
1007 1339 1135 1410 ejus
1162 1336 1536 1410 episcopatus
1564 1351 1718 1390 anno
1751 1333 2008 1390 difﬁcul-

359 1437 469 1489 tas.
503 1433 667 1488 Tunc
693 1429 907 1502 quippe
932 1428 1102 1484 etiam
1135 1442 1288 1482 anno
1321 1425 1454 1479 1091
1489 1422 2006 1490 ordinatus,annos

357 1521 563 1596 viginti
593 1521 855 1593 quinque
879 1518 1254 1590 episcopatus
1284 1529 1560 1569 emensus
1591 1529 1620 1567 e
1651 1512 1770 1568 vita
1815 1528 2006 1568 exces-

357 1613 506 1668 sisse
554 1611 666 1668 dici
713 1605 924 1682 potest.
973 1610 1046 1662 At
1095 1605 1304 1662 demus
1351 1619 1486 1660 eum
1536 1619 1690 1658 anno
1740 1602 1896 1666 1115,
1942 1605 2007 1656 ut

356 1700 705 1758 Carnotenia
753 1695 1166 1769 martyrolcgia
1214 1693 1551 1766 praeferunt,
1601 1691 1837 1758 obiisse,
1869 1708 2003 1746 cum

357 1791 487 1862 ejus
536 1805 694 1844 mors
748 1783 1252 1842 consentientibus
1307 1782 1603 1850 omnibus,
1659 1781 1771 1838 sub
1827 1781 2002 1836 ﬁnem

356 1876 694 1936 Decembris
723 1873 1063 1947 contigerit;
1097 1872 1272 1930 etiam
1295 1873 1466 1942 juxta
1511 1870 1677 1925 illum
1711 1868 2002 1925 calculum

357 1969 452 2024 Ivo
501 1983 722 2022 annum
772 1964 862 2020 sui
917 1962 1289 2035 episcopatus
1340 1959 1680 2014 vicesimum
1730 1958 2001 2030 quintum

356 2056 624 2129 attigisse
653 2053 937 2110 dicendus
966 2055 1074 2116 est,
1107 2067 1172 2106 ac
1224 2049 1468 2122 proinde
1499 2049 1624 2120 ipse
1655 2046 1830 2102 etiam
1862 2045 2002 2102 scri-

354 2146 492 2203 bere
522 2141 710 2218 potuit
737 2142 913 2216 paulo
943 2144 1074 2196 ante
1107 2145 1352 2194 mortem
1377 2154 1438 2192 se
1462 2139 1588 2207 jam
1618 2135 1819 2207 viginti
1840 2135 2005 2207 quin-

357 2252 469 2309 que
495 2231 958 2303 annos,rotundo
988 2231 1324 2296 numero,ut
1354 2226 1472 2282 ﬁeri
1506 2224 1748 2290 solet,in
1781 2224 2002 2296 episco-

354 2329 490 2398 patu
526 2325 814 2379 moratum
851 2319 1050 2376 fuisse.
1085 2317 1326 2373 Gravior
1354 2319 1444 2372 est
1473 2313 1654 2370 altera
1682 2311 1998 2381 diﬁcultas,

353 2414 404 2470 si
450 2412 729 2469 mendum
778 2408 1008 2464 nullum
1057 2406 1116 2462 in
1165 2404 1500 2478 exemplum
1547 2403 1758 2458 charta:
1790 2419 1825 2457 a
1854 2403 2002 2457 Scu-

351 2502 518 2559 cheto
552 2500 800 2557 laudata:
833 2495 1240 2570 irrepserit.At
1272 2511 1386 2550 non
1419 2497 1581 2548 tanta
1611 2491 1844 2547 videtur
1871 2507 2000 2546 esse

350 2590 530 2662 hujus
563 2588 870 2663 fragmenti
890 2585 1206 2642 auctoritas
1219 2587 1283 2640 ut
1305 2585 1594 2655 receptam
1617 2581 1691 2636 ab
1713 2579 2001 2636 universis

351 2677 711 2742 auctoribus,
745 2677 922 2732 etiam
955 2673 1235 2745 antiquis,
1271 2671 1372 2744 qui
1404 2686 1610 2726 omnes
1643 2667 1830 2725 Ivonis
1853 2667 2002 2723 ordi-

352 2768 648 2824 nationem
681 2765 835 2820 ultra
863 2780 1084 2820 annum
1131 2762 1272 2816 1090
1317 2761 1616 2825 differunt,
1649 2757 1999 2814 sententiam

351 2855 578 2912 elevare
605 2852 876 2928 possit.Si
909 2852 1045 2924 quis
1072 2855 1267 2906 tamen
1289 2847 1440 2905 hanc
1473 2852 1572 2904 aut
1603 2845 2000 2905 simileschar-

351 2949 444 3002 tas
473 2942 815 3000 indubitatae
846 2941 1084 2997 omnino
1115 2938 1245 2994 ﬁdei
1285 2953 1413 2994 esse
1460 2935 1807 3009 probaverit,
1840 2935 1998 2991 haud

350 3033 607 3090 multum
639 3030 1134 3104 refragabor,cum
1170 3027 1438 3084 Urbanus
1465 3026 1521 3082 in
1554 3024 1998 3098 Campania,ubi

350 3123 584 3180 Ivonem
613 3118 925 3184 ordinavit,
948 3133 1109 3190 aeque
1133 3133 1286 3174 anno
1319 3116 1458 3172 1090
1486 3132 1552 3170 ac
1582 3113 1849 3186 sequenti
1871 3129 1998 3170 ver-

349 3215 514 3268 satus
545 3209 739 3280 fuerit,
769 3214 828 3264 et
856 3209 1200 3280 argumenta
1230 3223 1357 3278 quae
1400 3204 1753 3277 protulimus
1802 3202 1859 3258 id
1891 3219 1992 3275 po-

2125 625 2516 701 ssnguinitate
2570 645 2696 701 quas
2754 627 2904 686 inter
2955 629 3238 688 Flandriee
3297 628 3530 687 comitis
3579 627 3762 686 ﬁlium

2119 721 2174 771 et
2229 717 2407 772 ﬁliam
2475 717 2708 774 comitis
2763 719 3128 777 Rodonensis
3190 719 3612 788 intercedebat,
3670 719 3764 776 ubi

2119 811 2464 878 praesentem
2515 825 2577 863 se
2625 808 2808 864 fuisse
2857 809 2938 865 ait
2985 810 3043 865 in
3094 809 3258 866 curia
3301 810 3583 877 Romana,
3635 825 3763 864 cum

2117 911 2318 950 eorum
2351 896 2708 968 genealogis,
2735 898 2979 969 jubente
3009 899 3240 955 Urbano
3274 916 3442 970 papa,
3473 897 3765 955 examina-

2118 989 2296 1040 retur.

2343 1073 2481 1130 CIII.
2515 1075 2800 1132 Flamlriae
2821 1076 2958 1132 cieri
2985 1077 3212 1132 libertas
3241 1076 3539 1132 vindicata.

2188 1163 2447 1218 Turbata
2477 1180 2708 1236 quoque
2740 1164 2848 1218 fuit
2880 1163 2987 1220 hoc
3017 1181 3190 1232 anno,
3225 1169 3326 1220 aut
3351 1169 3525 1227 certe.
3543 1169 3605 1220 ut
3633 1163 3762 1220 aliis

2117 1251 2324 1324 placet,
2358 1252 2645 1325 sequenti,
2679 1253 2963 1309 Flandrite
3008 1252 3266 1309 Ecclesia
3313 1271 3348 1309 a
3389 1253 3642 1309 Roberto
3670 1269 3764 1310 co-

2117 1342 2278 1408 mite,
2311 1346 2698 1414 cognomento
2732 1341 2938 1408 Frisio,
2970 1343 3068 1414 qui
3099 1359 3338 1414 pravam
3385 1341 3764 1398 consuetudi-

2116 1446 2250 1485 nem
2296 1431 2413 1501 iam
2445 1431 2670 1486 dudum
2705 1430 3068 1502 antiquatam
3122 1447 3398 1487 renovare
3427 1446 3760 1504 aggressus,

2115 1517 2500 1574 constituerat
2531 1523 2612 1587 ut,
2641 1517 2875 1575 sublata
2905 1518 3133 1576 clericis
3165 1519 3418 1575 testandi
3469 1517 3762 1586 facultate,

2113 1623 2315 1664 eorum
2347 1607 2655 1664 haereditas
2686 1609 2826 1664 ﬁsco
2858 1607 3460 1664 attribuereturJlanc
3485 1607 3761 1680 injuriam

2113 1713 2262 1768 aegre
2293 1695 2530 1752 omnino
2560 1695 2692 1752 tulit
2721 1696 2912 1753 clerus
2941 1696 3348 1765 Flandrensis;
3373 1713 3631 1770 cumque
3661 1714 3764 1754 nec

2113 1785 2392 1841 abbatum
2425 1802 2527 1842 nec
2558 1786 2962 1858 episcoporum
2996 1803 3196 1858 preces
3227 1789 3330 1842 aut
3355 1787 3578 1842 monita
3608 1787 3762 1858 apud

2115 1873 2386 1929 comitem
2420 1874 2820 1946 profecissent,
2849 1874 2965 1931 imo
2999 1891 3105 1931 nec
3129 1891 3264 1930 eum
3309 1874 3438 1947 ipsa
3478 1879 3763 1948 metropo-

2113 1961 2278 2018 litani
2314 1962 2620 2018 Remensis
2667 1963 2987 2019 auctoritas
3037 1980 3070 2018 a
3118 1963 3415 2036 preposito
3466 1963 3761 2020 retrahere

2113 2051 2414 2118 valuisset,
2449 2069 2542 2108 res
2571 2057 2664 2108 est
2692 2052 2766 2109 ad
2809 2053 3109 2108 Urbanum
3159 2052 3370 2108 delata.
3403 2053 3510 2119 Qui
3557 2051 3760 2109 statim

2112 2139 2335 2197 litteras
2364 2141 2435 2196 ad
2469 2141 2784 2197 Robertum
2817 2141 3073 2214 scripsit,
3107 2147 3174 2197 ut
3203 2158 3339 2198 eum
3387 2157 3423 2197 a
3463 2141 3564 2198 tali
3595 2158 3764 2198 vexa-

2088 2225 2269 2286 tione
2325 2230 2675 2297 deterreret;
2735 2230 2882 2287 datae
2936 2235 3066 2286 sunt
3123 2231 3431 2287 Castraneli
3478 2246 3536 2288 ιν
3583 2231 3764 2287 Nonas

2110 2319 2434 2385 Decembris,
2467 2334 2566 2376 seu
2604 2324 2666 2374 ut
2697 2319 2873 2376 habet
2904 2320 3162 2387 Locrius,
3195 2320 3344 2392 apud
3370 2319 3637 2376 Sanctum
3665 2322 3767 2377 Pe-

2111 2416 2259 2463 trum
2286 2423 2432 2464 anno
2467 2407 2796 2464 1091.Certe
2816 2409 2944 2480 jam
2978 2425 3178 2464 mense
3195 2407 3501 2464 Novembri
3520 2409 3766 2465 Romam

2109 2495 2219 2552 hoc
2249 2513 2400 2552 anno
2433 2495 2682 2552 redierat.
2713 2496 3060 2564 Urbanus,si
3095 2497 3189 2553 Ivo
3223 2497 3282 2552 in
3312 2496 3562 2570 epistola
3587 2500 3659 2553 27
3690 2499 3764 2555 ad

2111 2586 2408 2642 Eudonem
2438 2586 2510 2641 de
2541 2602 2607 2640 eo
2641 2585 2833 2642 itineri
2869 2585 3066 2642 Italico
3096 2585 3393 2659 loquatur,
3425 2587 3483 2642 in
3534 2603 3653 2660 quo
3686 2589 3760 2644 ab

2109 2675 2341 2732 Urbano
2367 2673 2672 2730 ordinatus
2703 2673 2831 2730 fuit.
2865 2673 2959 2729 Sic
3007 2675 3221 2747 quippe
3269 2674 3446 2731 habet
3477 2691 3491 2730 :
3523 2676 3598 2732 De
3643 2677 3760 2750 ipso

2109 2781 2234 2820 vero
2283 2781 2450 2836 papa,
2509 2763 2574 2818 de
2637 2779 2739 2835 quo
2802 2765 3159 2837 quaesiuit...
3227 2780 3410 2821 mense
3471 2765 3763 2822 Novembri

2106 2869 2232 2908 cum
2255 2869 2316 2908 eo
2346 2855 2570 2909 Romam
2595 2853 2824 2924 paciﬁoe
2876 2854 3104 2924 intravi,
3135 2869 3318 2908 mense
3371 2853 3638 2910 Januario
3679 2856 3762 2911 ibi

2106 2958 2231 2998 eum
2273 2941 2482 2997 dimisi.
2528 2943 2611 2997 Ibi
2659 2941 2836 2997 adhuc
2876 2946 3145 3008 moratur,
3192 2949 3244 2998 et
3286 2941 3620 2999 adversariis
3661 2944 3763 2999 Ro-

2110 3048 2292 3086 mana:
2326 3029 2602 3101 Ecclesia,
2655 3035 2924 3103 quantum
2975 3033 3079 3087 Deo
3120 3031 3358 3088 donante
3375 3033 3646 3111 praevalet
3671 3034 3767 3088 ob-

2107 3120 2365 3176 luctatur.
2423 3119 2727 3176 Neminem
2774 3137 2908 3175 vero
2967 3137 3197 3175 movere
3243 3120 3415 3176 debet
3461 3121 3618 3193 quod
3669 3120 3772 3177 alii

2110 3208 2410 3264 Urbanum
2451 3211 2654 3274 Romae,
2687 3207 2784 3263 alii
2817 3212 2976 3264 extra
3027 3209 3249 3264 Romam
3280 3209 3355 3263 ob
3388 3208 3656 3265 Guiberti
3692 3211 3774 3266 fa-

347 3300 646 3357 tissimum
703 3277 972 3354 evincunt
1030 3277 1261 3352 Ινοῐιειῐί
1333 3297 1465 3349 ante
1531 3309 1754 3348 annum
1835 3290 1992 3358 1092,
2029 3277 2072 3344 C
2110 3296 2363 3354 ctionem
2391 3302 2532 3354 tunc
2561 3295 2852 3354 exstitisse
2883 3297 3244 3370 scripserint,
3279 3299 3456 3353 Roma?
3487 3298 3643 3354 enim
3668 3317 3770 3357 no-

347 3389 503 3463 quod
533 3387 797 3463 plerique
825 3389 1195 3460 putaverunt,
1220 3387 1624 3440 consecratum
1653 3382 1724 3437 ab
1756 3380 1989 3437 Urbano

344 3477 550 3536 fuisse.

416 3565 679 3624 Pontifex
707 3565 994 3623 celebrata
1025 3564 1216 3621 Ivonis
1249 3561 1616 3620 ordinatione
1667 3558 1989 3616 orationem

346 3658 418 3714 ad
451 3673 585 3714 eum
606 3655 835 3724 habuit,
860 3671 978 3728 qua
1007 3653 1080 3719 ei,
1113 3669 1217 3726 pro
1247 3649 1626 3723 antiquorum
1659 3652 1990 3720 temporum

346 3761 529 3814 more,
555 3743 831 3818 praeclara
857 3744 928 3799 de
961 3759 1203 3798 munere
1235 3739 1346 3813 ipsi
1376 3737 1654 3811 imposito
1668 3736 1994 3793 monitade—

346 3835 578 3902 dit;hsec
610 3833 763 3889 inter
791 3830 1008 3889 Urbani
1039 3826 1320 3902 epistolas
1349 3827 1604 3894 dabitur,
1621 3825 1711 3882 cui
1745 3825 1991 3898 subjun-

345 3927 556 3998 gentur
583 3922 848 3994 ejusdem
879 3917 1173 3993 pontiﬁcis
1199 3915 1423 3986 litteras,
1458 3915 1529 3971 ad
1577 3915 1991 3971 Carnotensem

345 4013 565 4070 clerum
612 4016 669 4068 et
716 4010 998 4084 populum
1051 4006 1280 4078 scripta:
1311 4005 1405 4060 die
1434 4019 1533 4060 vnl
1565 4002 1856 4060 Kalendas
1885 4003 1991 4060 De-

344 4101 689 4169 cembris,et
717 4098 974 4167 alim,die
1007 4093 1294 4168 sequenti,
1310 4093 1382 4149 ad
1415 4093 1749 4150 Richerium
1781 4097 1992 4148 metro-

344 4190 670 4264 politanum
701 4189 910 4260 Capuae
936 4187 1176 4252 datis,ut
1205 4199 1305 4240 eos
1335 4182 1406 4238 de
1436 4182 1709 4239 Gaut’redi
1731 4185 1995 4239 exaucto-

345 4280 568 4336 ratione
597 4283 655 4334 et
686 4275 878 4332 Ivonis
908 4271 1276 4330 ordinatione
1324 4271 1600 4328 certiores
1655 4271 1886 4328 faceret.
1922 4274 1996 4328 At

344 4368 438 4426 his
469 4385 584 4424 non
616 4366 778 4422 stetit
818 4361 1149 4429 Richcrius,
1181 4360 1282 4434 qui
1317 4377 1471 4417 anno
1503 4360 1792 4433 sequenti,
1824 4360 1992 4417 insti-

344 4461 521 4532 gante
569 4452 948 4528 potissimum
999 4450 1268 4524 episcopo
1315 4449 1647 4519 Parisiensi,
1682 4450 1993 4507 concilium

345 4548 698 4616 Stampense
727 4558 794 4597 eo
826 4540 1021 4597 animo
1051 4539 1380 4606 celebravit,
1414 4544 1480 4596 ut
1529 4540 1720 4596 Ivonis
1751 4541 1992 4597 ordina-

2098 3385 2254 3442 mine
2286 3385 2570 3459 plerique,
2606 3387 2859 3442 maxime
2896 3385 3178 3457 extranei,
3213 3385 3338 3443 loca
3385 3387 3565 3443 etiam
3617 3387 3768 3456 Urbi

2097 3473 2307 3540 vicina,
2339 3491 2466 3546 quae
2500 3473 2802 3532 Bertoldus
2834 3475 3018 3531 Sancti
3060 3477 3212 3530 Petri
3255 3480 3417 3531 teme
3466 3475 3760 3533 vocabulo

2099 3563 2405 3636 designare
2436 3563 3196 3636 solet,comprehendebant.
3215 3564 3495 3620 Caeterum
3527 3565 3752 3622 Urbani

2101 3650 2343 3706 monitis
2374 3667 2490 3706 non
2521 3651 2718 3723 paruit
2747 3653 3054 3721 Robertus,
3077 3653 3260 3708 donec
3291 3670 3444 3710 anno
3476 3654 3751 3726 sequenti

2100 3756 2278 3796 causa
2308 3739 2379 3796 ad
2411 3739 2724 3796 concilium
2757 3741 3040 3797 Remense
3079 3739 3292 3808 delata,
3325 3740 3378 3796 ei
3407 3757 3440 3798 a
3477 3741 3755 3800 Patribus

2101 3829 2510 3884 denuntiatum
2544 3833 2652 3896 est,
2687 3832 2754 3884 ut
2781 3829 2896 3885 nisi
2927 3829 3062 3898 cito,
3096 3829 3411 3902 pontificiis
3433 3847 3502 3887 ac
3531 3831 3756 3904 episco-

2100 3933 2309 3991 porum
2359 3917 2916 3974 commonitionibus
2966 3919 3412 3990 obtemperaret,
3454 3921 3513 3974 et
3556 3918 3761 3976 ablata

2102 4007 2455 4073 restitueret,
2505 4005 2632 4078 ipso
2682 4006 2810 4062 diro
2861 4006 3243 4072 anathemati,
3289 4009 3413 4064 tota
3458 4023 3594 4063 vero
3623 4008 3761 4080 ejus

2100 4099 2257 4153 terra
2312 4095 2622 4151 interdicto
2677 4094 3072 4152 ecclesiastico
3132 4094 3537 4168 subjiceretur.
3598 4097 3762 4161 Quas

2102 4185 2294 4242 minas
2323 4183 2418 4240 ille
2447 4182 2666 4240 veritus
2695 4183 2968 4240 Patribus
2999 4201 3065 4240 ac
3096 4183 3248 4241 clero
3266 4183 3434 4257 plene
3447 4185 3760 4255 satisfecit,

2101 4279 2169 4331 ut
2195 4290 2265 4330 ex
2293 4273 2421 4344 ejus
2451 4271 2679 4328 concilii
2712 4273 2859 4329 actis
2888 4271 3196 4342 discimus,
3214 4291 3342 4346 quas
3371 4291 3407 4330 a
3435 4273 3762 4332 Sirmundo

2101 4381 2172 4421 ex
2208 4362 2406 4419 codice
2456 4360 2805 4418 Montis-Dei
2848 4361 3142 4435 descripta
3189 4361 3454 4419 Labbeus
3499 4366 3662 4420 tomo
3711 4365 3764 4422 Χ

2101 4451 2494 4508 Conciliorum
2527 4449 2798 4505 inseruit.
3255 4523 3260 4526 _

2246 4539 2382 4595 CIV.
2417 4538 2684 4594 Cervinus
2707 4539 2768 4593 in
2793 4537 2915 4594 sede
2945 4538 3297 4596 Ambianensi
3321 4537 3607 4610 ﬁrmatur.

345 4635 564 4691 tionem
597 4628 1406 4688 convelleret.Videndaseade
1435 4646 1495 4686 re
1525 4629 1788 4702 ejusdem
1804 4627 1992 4685 Ivonis
2023 4648 2070 4713 Ι)
2171 4629 2256 4686 Ad
2290 4628 2926 4700 huncquoqueannum
2943 4627 3194 4685 revocari
3219 4629 3767 4687 deberecensemus

345 4720 628 4797 epistolas,
661 4722 695 4776 8
719 4717 1120 4793 potissimum,
1155 4735 1281 4790 quas
1329 4721 1419 4775 est
1447 4719 1516 4774 ad
1554 4719 1751 4792 ipsum
1785 4717 1990 4774 Ricbe-

347 4811 521 4880 rium,
551 4815 610 4867 et
641 4811 708 4866 12
731 4809 964 4866 Urbano
995 4807 1254 4880 pontifici
1289 4807 1588 4881 inscripta.
1615 4807 1767 4865 Irriti
1797 4811 1994 4864 tamen

345 4901 536 4958 Ivonis
583 4897 1052 4956 adversariorum
1107 4900 1353 4953 conatus
1401 4897 1583 4966 fuere,
1635 4901 1693 4953 et
1741 4897 1866 4969 ipse
1919 4897 1993 4953 ad

346 4994 594 5047 mortem
628 5003 818 5061 usque
860 4989 1272 5044 Carnotensem
1321 4985 1641 5043 Ecclesiam
1689 4986 1856 5052 rexit,
1890 4986 1993 5042 sed

347 5094 464 5134 non
495 5077 718 5148 absque
747 5074 1023 5149 gravibus
1053 5077 1110 5130 et
1141 5073 1256 5131 fere
1287 5073 1581 5130 continuis
1609 5072 1792 5132 animi
1813 5089 1994 5146 angu-

347 5165 499 5235 stiis,
524 5168 582 5221 et
611 5162 1126 5232 sollicitudinibus,
1162 5179 1310 5236 quas
1341 5161 1584 5234 passim,
1618 5161 1994 5232 potissimum

347 5255 408 5312 in
440 5253 724 5328 epistolis,
756 5254 812 5320 3,
847 5255 912 5308 12
942 5257 997 5308 et
1024 5255 1096 5308 25
1126 5252 1198 5308 ad
1249 5251 1446 5323 ipsum
1496 5249 1795 5305 Urbanum
1841 5250 1996 5306 datis

348 5347 791 5410 commemorat,
822 5341 880 5398 in
911 5342 984 5398 iis
1015 5346 1209 5398 autem
1242 5355 1306 5395 se
1325 5338 1600 5393 ulerinum
1629 5343 1679 5393 et
1707 5339 1999 5410 specialem

347 5433 490 5490 sedis
505 5433 815 5506 apostolica
843 5432 1025 5504 ﬁlium
1053 5445 1183 5485 esse
1213 5425 1518 5500 gloriatur,
1543 5426 1616 5482 ob
1647 5425 1757 5484 hoc
1789 5444 1998 5502 nempe

349 5523 503 5596 quod
537 5521 610 5578 ab
641 5523 769 5596 ipso
818 5519 1092 5594 pontiﬁce
1139 5515 1350 5570 fuisset
1398 5519 1791 5573 consecratus.
1822 5516 1998 5576 Porro

349 5613 422 5668 ad
453 5612 777 5668 Romanum
813 5608 953 5665 illud
1009 5603 1203 5659 Ivonis
1234 5602 1344 5658 iter
1374 5604 1694 5660 revocanda
1742 5612 1898 5676 sunt,
1933 5614 1999 5666 ut

349 5701 587 5776 quidem
617 5699 868 5765 videtur,
902 5711 970 5751 ea
999 5710 1126 5766 qua:
1158 5691 1218 5746 in
1249 5690 1496 5764 epistola
1525 5693 1622 5748 211
1658 5695 1728 5750 ad
1781 5698 1996 5754 Rodul-

2103 4717 2430 4785 Gervini,ex
2460 4715 2748 4772 monacho
2781 4716 3366 4790 Remigianoabbatis
3387 4717 3769 4775 Centulensis

2105 4806 2443 4864 electionem
2475 4806 2536 4862 in
2565 4805 3026 4862 Ambianensem
3057 4807 3607 4881 episcopum,quam
3622 4824 3768 4864 cum

2105 4895 2370 4953 nonnulli
2388 4893 2712 4952 convellere
2725 4897 3232 4970 conarentur,ipse
3250 4897 3495 4953 Romam
3509 4914 3645 4954 cum
3666 4898 3769 4954 sui

2104 4983 2536 5060 metrOpolitani
2555 4982 2768 5042 litteris
2795 4985 3774 5054 commendatitiiscontendit,eau-

2105 5093 2232 5132 sam
2263 5091 2430 5132 suam
2464 5090 2656 5130 coram
2689 5073 2962 5147 pontiﬁce
3011 5076 3384 5132 defensurus.
3415 5075 3486 5131 Et
3517 5075 3770 5148 quidem

2103 5182 2238 5222 cum
2270 5168 2402 5237 post
2431 5163 2580 5218 duos
2621 5179 2853 5220 menses
2903 5181 3074 5222 nemo
3123 5167 3428 5222 accusator
3475 5164 3771 5222 adversus

2105 5271 2238 5311 eum
2254 5251 2966 5326 comparuisset,pontil‘ex
2995 5254 3124 5326 ejus
3139 5241 3482 5310 electionem
3495 5268 3770 5326 compro—

2104 5342 2281 5410 bavit,
2314 5341 2467 5397 datis
2499 5357 2567 5396 ea
2596 5341 2668 5397 de
2698 5357 2760 5396 re
2791 5340 3001 5398 litteris
3032 5343 3105 5398 ad
3136 5341 3420 5415 populum
3450 5345 3509 5398 et
3533 5340 3767 5400 clerum

2102 5429 2580 5498 Ambianensem,
2600 5429 2818 5502 quibus
2842 5429 2928 5487 eis
2961 5431 3201 5488 mandat
3227 5435 3292 5486 ut
3315 5447 3452 5488 eum
3484 5447 3590 5503 pro
3620 5447 3765 5488 vero

2104 5525 2161 5578 et
2189 5519 2450 5594 legitimo
2482 5523 2714 5591 pastore
2745 5518 3048 5576 haberent.
3083 5519 3220 5576 Post
3266 5519 3510 5576 modum
3540 5520 3768 5576 iterum

2106 5614 2439 5676 accusatus,
2459 5608 2674 5663 iterum
2704 5607 2880 5664 etiam
2894 5608 3089 5666 Roma:
3106 5613 3390 5683 purgatus
3405 5612 3580 5677 est,et
3592 5608 3768 5665 novis

2103 5699 2316 5756 litteris
2344 5714 2380 5753 a
2407 5695 2679 5769 pontiﬁce
2701 5695 3026 5770 impetratis
3057 5699 3116 5755 in
3147 5716 3256 5755 sua
3284 5699 3420 5755 sede
3447 5697 3772 5755 conﬁrma-
