3958 6224
281 355 352 424 93
1881 358 1937 426 ν;

3595 356 3761 455 ω,

278 499 394 555 tus.
420 495 637 556 Prima
669 494 815 556 datae
839 499 981 557 sunt
1002 513 1204 556 mense
1233 495 1556 567 Decembri,
1585 492 1684 556 sed
1708 514 1929 556 annum
1958 493 2016 563 Α
2043 514 2226 556 unum
2259 514 2290 557 e
2320 496 2461 558 filiis
2491 499 2616 557 suis
2644 498 2934 570 amisisse,
2967 499 3088 576 qui,
3118 500 3178 559 in
3207 500 3404 576 praelio
3435 500 3685 575 occisus,

279 606 394 646 non
427 590 786 663 exprimunt.
842 590 1007 646 Haud
1057 593 1252 647 tamen
1292 589 1563 646 videntur
1592 589 1746 647 ultra
1777 590 1932 647 hunc

278 696 504 736 annum
526 679 747 735 differri
767 697 960 752 posse.
982 680 1105 736 Non
1123 679 1280 735 enim
1303 680 1448 735 datae
1470 685 1609 735 sunt
1630 697 1779 735 anno
1799 680 1935 735 1093

279 773 549 832 exeunte.
575 770 723 825 Nam
741 768 851 824 hoc
868 769 997 841 ipso
1015 786 1168 826 anno
1188 767 1472 824 Cervinus
1486 770 1611 840 jam
1625 770 1934 841 episcopus

281 858 637 930 subscripsit
692 857 904 914 chartze
962 875 1066 930 pro
1115 858 1359 914 ecclesia
1412 858 1607 914 Sancti
1659 858 1931 927 Acheoli;

278 948 401 1004 imo
423 946 691 1003 interfuit
716 946 962 1003 concilio
991 947 1282 1013 Remensi,
1308 948 1462 1019 quod
1489 948 1544 1001 in
1571 965 1747 1003 causa
1778 953 1939 1005 Atre-

277 1037 549 1093 batensis
568 1036 835 1092 Ecclesiae
854 1052 1055 1092 mense
1070 1036 1277 1092 Martio
1300 1036 1654 1092 celebratum
1678 1041 1784 1105 est,
1809 1055 1935 1109 quia

282 1126 432 1182 ratio
474 1129 633 1182 vetat
660 1124 836 1181 etiam
893 1142 964 1181 ne
994 1125 1067 1180 ad
1118 1126 1294 1182 finem
1344 1127 1482 1182 anni
1518 1128 1654 1181 1092
1684 1127 1935 1207 revocari

281 1215 668 1288 possint.Non
686 1214 840 1270 enim
857 1213 1172 1270 verisimile
1193 1220 1279 1270 est
1302 1215 1618 1270 Gervinum
1641 1215 1795 1271 intra
1816 1220 1937 1271 tam

280 1308 609 1377 angustum
639 1302 922 1375 temporis
949 1303 1205 1375 spatium
1233 1320 1368 1359 cum
1391 1304 1707 1376 pontiﬁciis
1730 1304 1939 1361 litteris

278 1400 378 1449 vix
409 1394 484 1450 ad
517 1393 716 1449 sedem
767 1409 934 1449 suam
969 1409 1287 1459 reversum,
1324 1411 1357 1448 a
1386 1393 1510 1449 suis
1558 1393 1936 1466 exagitatam,

283 1482 539 1539 concilio
561 1480 878 1537 Rhemensi
902 1480 1256 1548 interfuisse,
1280 1482 1477 1553 ibique
1499 1487 1837 1538 accusatum
1861 1484 1943 1538 Si-

285 1570 524 1637 monia,
557 1570 771 1625 iterum
804 1569 1021 1626 adiisse
1051 1571 1319 1636 Romam,
1344 1572 1442 1625 ubi
1470 1588 1599 1627 sese
1617 1571 1799 1627 altera
1817 1573 1940 1628 vice

283 1664 621 1735 purgasset.
664 1659 794 1714 Haec
823 1658 977 1715 enim
1010 1660 1209 1714 omnia
1240 1660 1396 1716 intra
1427 1677 1525 1716 sex
1553 1678 1783 1717 menses
1817 1660 1939 1717 ﬁeri

282 1750 654 1817 debuissent,
678 1748 728 1803 si
759 1747 959 1820 prima:
992 1748 1204 1805 Urbani
1233 1749 1436 1804 litterae
1468 1767 1666 1805 mense
1698 1751 1939 1807 Decem-

280 1839 378 1895 bri
406 1841 675 1903 exeunte,
700 1842 757 1893 et
778 1838 1047 1893 secundae
1066 1854 1268 1893 mense
1286 1838 1441 1894 Julio
1465 1840 1731 1910 sequenti
1756 1840 1943 1896 consi-
1971 1864 2019 1930 B

139 1940 146 1946 ‘
232 1978 237 1981 .
286 1931 561 1999 gnentur.
586 1927 796 1994 Quare,
822 1927 870 1982 si
902 1928 1048 1982 bene
1084 1927 1351 1999 conjicio,
1384 1929 1823 1985 convenientius
1852 1933 1943 1985 est

289 2015 526 2073 Gervini
560 2015 816 2087 primum
842 2015 951 2071 iter
982 2016 1309 2071 Romanum
1334 2017 1406 2071 ad
1441 2017 1616 2071 finem
1644 2017 1779 2073 anni
1807 2018 1938 2073 1091

288 2121 579 2171 revocare,
608 2104 932 2161 secundum
955 2105 1027 2161 ad
1049 2122 1270 2161 annum
1295 2106 1450 2174 1093,
1475 2111 1607 2177 post
1627 2106 1943 2162 concilium

291 2194 645 2258 Rbemense,
658 2197 835 2265 atque
854 2210 921 2249 eo
934 2195 1106 2251 modo
1118 2194 1213 2250 hic
1225 2195 1474 2251 antistes
1491 2200 1767 2251 exeuntes
1789 2213 1943 2253 anno

290 2282 454 2349 1091,
486 2283 775 2354 vigesima
800 2282 1023 2338 scilicet
1052 2283 1145 2339 die
1178 2283 1533 2351 Decembris,
1567 2284 1821 2356 acceptis
1870 2285 1943 2340 ab

290 2371 531 2427 Urbano
557 2370 770 2428 litteris
818 2372 1001 2426 Roma
1032 2373 1345 2443 profectus,
1393 2373 1747 2429 Ambianum
1777 2373 1942 2429 initio

289 2461 598 2532 sequentis
628 2460 767 2516 anni
800 2461 1056 2529 redierit,
1080 2461 1178 2516 ubi
1210 2479 1341 2517 cum
1377 2462 1717 2534 aliquandiu
1750 2463 1941 2535 degis-

289 2555 402 2619 set,
436 2550 646 2606 iterum
680 2550 1007 2621 exagitatus
1057 2554 1164 2606 est.
1214 2551 1380 2606 Forte
1411 2552 1564 2623 quod
1600 2550 1942 2607 clericorum

289 2637 848 2695 concubinariorum
872 2638 1161 2710 pravitati,
1188 2643 1251 2694 ut
1271 2640 1538 2695 Urbanus
1558 2640 1754 2696 innuit
1774 2642 1831 2696 in
1860 2657 1946 2696 se-

290 2726 510 2783 cundis
531 2724 651 2782 illis
674 2726 905 2793 litteris,
928 2727 1365 2793 adversaretur;
1399 2733 1500 2784 aut
1527 2733 1680 2785 certe
1713 2731 1786 2785 ob
1817 2731 1944 2801 ejus

287 2816 454 2885 vitia,
489 2832 605 2871 non
638 2815 796 2871 enim
846 2816 1000 2887 apud
1049 2815 1360 2889 plerosque
1389 2818 1518 2887 ejus
1545 2819 1645 2873 aevi
1678 2824 1945 2875 auctores

288 2904 513 2977 optime
562 2903 768 2960 audiit.
818 2906 981 2960 Certe
1025 2905 1085 2960 in
1135 2905 1378 2961 concilio
1410 2906 1724 2963 Ithemensi
1780 2907 1943 2964 initio

288 2994 433 3066 anni
454 2993 614 3059 1093,
647 2993 739 3049 cui
767 3010 900 3049 eum
936 2993 1272 3050 interfuisse
1295 3000 1541 3062 constat,
1559 2996 1830 3052 Simoniae
1857 3014 1946 3052 ac-

288 3086 539 3140 cusatus
559 3087 678 3138 est:
714 3099 893 3155 quare
918 3083 1161 3139 Romam
1189 3084 1347 3139 adire
1369 3084 1689 3153 constituit,
1717 3084 1814 3141 ubi
1837 3086 1944 3142 hac

286 3172 468 3229 etiam
487 3171 669 3227 altera
687 3171 811 3227 vice
827 3176 1130 3243 purgatus,
1153 3171 1378 3228 litteras
1400 3190 1435 3228 a
1458 3173 1732 3229 Pontiﬁce
1751 3174 1934 3246 impe-

287 3260 473 3316 travit
493 3261 663 3317 datas
681 3278 754 3316 xv
785 3260 1078 3316 Kalendas
1100 3260 1369 3333 Augusti,
1395 3279 1520 3333 qua:
1543 3279 1648 3317 suo
1670 3262 1797 3318 loco
1818 3280 1947 3335 pro-

292 3350 578 3406 ferentur.
611 3349 743 3405 Haec
789 3349 1147 3420 conjiciendo
1206 3349 1362 3405 dicta
1417 3350 1555 3420 sint,
1615 3351 1757 3407 dum
1812 3352 1948 3423 quis

294 3439 549 3495 certiora
592 3438 1008 3510 deprehendat,
1072 3456 1186 3494 non
1237 3439 1393 3494 enim
1435 3439 1671 3495 difficile
1700 3440 1810 3496 erit
1839 3440 1947 3497 has

294 3527 527 3584 litteras
551 3525 682 3584 aliis
704 3526 879 3583 etiam
913 3527 1083 3583 annis
1111 3527 1355 3600 illigare.

290 3632 405 3691 CV.
442 3634 694 3691 Urbanus
750 3636 907 3688 extra
958 3634 1407 3760 Urblcziatfestum
1460 3635 1674 3689 Natalis
1731 3637 1948 3691 Domini

990 3721 1099 3760 cee
1135 3722 1165 3759 r
1216 3746 1240 3759 ν.

990 3721 1240 3760 celebrat.

363 3794 486 3850 Hoc
515 3796 713 3850 autem
744 3809 897 3849 anno
927 3794 1000 3849 ad
1032 3794 1208 3849 finem
1228 3797 1515 3866 vergente,
1544 3797 1608 3849 ut
1637 3794 1944 3852 Bertoldus

287 3882 520 3947 scribit,
570 3882 830 3954 pontifex
875 3883 935 3937 in
984 3891 1189 3938 terram
1234 3885 1411 3938 sancti
1457 3886 1611 3938 Petri
1654 3901 1941 3953 reversus,

286 3975 458 4029 extra
481 3972 693 4028 Urbem
716 3972 930 4028 festum
952 3970 1174 4027 Natalis
1196 3970 1426 4027 Domini
1450 3972 1942 4045 celebravit,quod

288 4060 611 4117 Guibertus
655 4075 824 4131 prope
853 4060 1111 4115 Sanctum
1146 4062 1375 4114 Petrum
1412 4062 1789 4116 incastellalus
1818 4062 1945 4119 inde

287 4150 495 4222 absque
520 4151 813 4219 sanguinis
842 4150 1122 4221 eﬂ‘usione,
1156 4149 1311 4220 quod
1336 4148 1466 4221 pius
1490 4150 1746 4221 pontifex
1767 4151 1944 4206 maxi-

288 4256 386 4294 me
405 4237 776 4306 abhorrebat,
799 4236 933 4308 pelli
948 4254 1063 4292 non
1080 4237 1679 4309 potuisset.Henricus
1699 4238 1940 4305 interea,

272 4326 479 4382 ‘nihilo
501 4325 697 4382 mitior
716 4326 902 4382 factus
923 4325 983 4380 in
1006 4326 1429 4397 Langobardia,
1455 4325 1554 4382 ubi
1573 4326 1698 4397 jam
1724 4344 1759 4382 a
1781 4326 1942 4383 bien-

287 4415 392 4471 nio
423 4414 916 4484 commorabatur,
948 4415 1242 4486 susdeque
1273 4415 1471 4470 omnia
1514 4415 1795 4482 vertebat,
1838 4432 1942 4472 nec

286 4502 457 4572 locis,
482 4520 587 4561 nec
607 4503 873 4576 personis
894 4519 1158 4575 parcens,
1184 4506 1249 4558 ut
1280 4502 1667 4575 Welpbonem
1696 4504 1941 4576 ejusque

2040 590 2280 646 Veronae
2298 589 2564 663 sepultus
2584 591 2711 647 fuit.
2726 593 2798 647 At
2820 593 2950 664 ejus
2970 608 3179 649 nomen
3201 609 3315 648 non
3333 594 3690 663 refert,sicut

2042 696 2148 734 nec
2176 680 2471 745 Domnizo,
2507 698 2575 735 ex
2604 698 2719 752 quo
2771 681 2893 738 haec
2924 686 3229 747 mutuatus
3260 687 3366 738 est.
3398 684 3501 740 Hic
3530 701 3686 751 vero,

2043 768 2193 824 libro
2225 786 2265 825 ιι
2294 769 2437 825 Vita
2489 769 2809 837 Mathildis,
2860 788 2985 843 cap.
3025 774 3080 839 7,
3114 771 3383 843 pluribus
3413 772 3691 828 describit

2045 856 2196 912 bella
2222 876 2348 930 quae
2381 875 2482 929 per
2507 859 2613 914 hos
2645 876 2828 916 annos
2858 860 3008 916 inter
3028 861 3340 916 Henricum
3369 864 3426 917 et
3456 860 3689 917 Mathil-

2046 947 2175 1002 dem
2200 952 2363 1019 gesta
2385 952 2544 1013 sunt,
2569 948 2941 1021 multumque
2964 948 3165 1004 laudat
3183 950 3468 1007 Joannem
3492 967 3692 1023 quem-

2045 1036 2181 1091 dam
2214 1037 2483 1092 abbatem
2517 1054 2618 1092 seu
2654 1038 2983 1108 eremitam,
3015 1038 3116 1110 qui
3144 1038 3470 1110 victoriam,
3512 1056 3690 1112 quam

2046 1125 2355 1180 comitissm
2390 1125 2749 1197 praedixerat,
2775 1126 2823 1181 ei
2854 1126 2978 1182 suis
3000 1144 3359 1199 suorumque
3378 1128 3690 1186 monacho—

2047 1231 2177 1269 rum
2215 1215 2481 1286 precibus
2499 1232 2698 1271 mense
2720 1216 2950 1271 Octobri
2975 1233 3153 1288 prope
3175 1216 3492 1273 Canusium
3522 1216 3693 1273 dimi-

2047 1303 2203 1357 canti
2228 1303 2501 1358 obtinuit.
2523 1304 2671 1359 Eoin
2697 1304 2893 1375 prmlio
2907 1304 3180 1361 vexillum
3202 1304 3432 1361 Henrici
3454 1310 3691 1379 captum

2048 1396 2137 1447 est
2167 1409 2202 1447 a
2231 1391 2529 1447 Mathildis
2560 1392 2866 1459 militibus,
2899 1394 2998 1465 qui
3044 1394 3187 1449 illud
3237 1394 3297 1450 in
3336 1395 3692 1451 monasterio

2049 1481 2244 1536 Sancti
2276 1480 2563 1553 Apollonii
2593 1483 3007 1552 deposuerunt.

2442 1571 2611 1626 CVII.
2640 1572 2845 1628 Urbani
2857 1589 2988 1642 pars
3013 1573 3298 1644 pra’valet.

2119 1658 2222 1715 Die
2243 1677 2342 1715 Vin
2363 1659 2654 1715 Kalendas
2666 1659 2881 1732 Aprilis
2894 1661 3044 1731 apud
3061 1666 3319 1717 castrum
3346 1662 3695 1736 Montigium

2048 1749 2393 1804 versabatur
2414 1749 2718 1813 Henricus,
2739 1754 2804 1804 ut
2827 1767 2894 1805 ex
2912 1766 3027 1805 uno
3044 1751 3172 1821 ejus
3203 1749 3519 1823 diplomate
3539 1752 3696 1825 apud

2051 1837 2361 1910 Ughellum
2416 1842 2577 1893 temo
2609 1838 2654 1891 V
2688 1838 2864 1894 Italize
2916 1855 3093 1894 sacrae
3142 1838 3321 1895 relato
3370 1844 3547 1913 patet,
3579 1858 3696 1913 quo

2051 1927 2219 1981 Petro
2262 1927 2534 1999 episcOpo
2583 1926 2848 1983 Comensi
2883 1929 3241 1983 Berinzonam
3272 1929 3451 1985 donat
3477 1931 3543 1985 ob
3570 1930 3700 2000 ﬁdei

2051 2031 2170 2073 sui?
2226 2018 2590 2084 integritatem
2649 2020 2699 2072 et
2749 2018 3046 2088 puritatem
3088 2018 3324 2085 servitii,
3364 2016 3509 2073 nihil
3540 2019 3697 2075 enim

2053 2105 2336 2161 Henricus
2387 2106 2693 2161 omittebat
2725 2109 2789 2160 ut
2819 2106 3126 2179 episcopos
3156 2109 3212 2161 et
3240 2106 3386 2162 alios
3431 2123 3698 2180 proceres

2053 2194 2176 2249 suis
2226 2195 2490 2266 partibus
2538 2199 2844 2250 assereret.
2898 2194 3014 2250 Hoc
3056 2198 3251 2251 tamen
3284 2195 3597 2252 Comenses
3626 2196 3697 2252 ab

2053 2282 2318 2352 eligendo
2341 2282 2449 2338 sibi
2477 2282 2760 2338 catholico
2782 2283 3051 2354 episcopo
3074 2284 3384 2339 revocavit:
3405 2284 3541 2339 hinc
3564 2301 3699 2340 cum

2054 2370 2219 2426 Petro
2250 2370 2576 2426 Guidonem
2610 2371 3074 2436 substituissent,
3109 2372 3339 2427 Urbano
3369 2371 3700 2429 addictissi-

2054 2475 2240 2524 mum,
2274 2459 2431 2530 passi
2466 2476 2579 2514 non
2613 2462 2837 2515 suntut
2860 2459 3232 2527 Landerieus,
3257 2477 3432 2532 quem
3453 2459 3703 2533 impera-

2052 2552 2146 2602 tor
2167 2548 2461 2602 intrudere
2484 2547 2824 2615 conabatur,
2849 2547 3113 2604 Ecclesia:
3128 2547 3535 2605 suacthro‘num
3557 2550 3702 2605 obti-

2053 2639 2233 2692 neret.
2259 2638 2327 2691 Et
2354 2636 2590 2708 quidem
2616 2636 2663 2691 si
2696 2653 2794 2691 eos
2815 2636 3196 2709 excipias,qui
3220 2637 3551 2694 Simoniaea
3572 2637 3702 2696 labe

2055 2730 2155 2780 aut
2176 2724 2592 2781 Nicolaitarum
2626 2725 2829 2783 haeresi
2864 2725 3239 2781 contaminati
3266 2730 3450 2794 erant,
3484 2745 3701 2799 paucos

2053 2814 2312 2870 invenies
2366 2814 2463 2887 qui
2509 2813 2753 2871 Henrico
2785 2814 3135 2871 adhaeserint
3164 2833 3177 2881 ;
3213 2831 3346 2871 cum
3379 2818 3702 2874 econtrario

2053 2921 2120 2959 ex
2142 2904 2430 2960 universis
2453 2920 2597 2976 pene
2629 2903 2785 2959 orbis
2816 2903 3129 2960 Christiani
3152 2903 3416 2975 partibus
3445 2904 3703 2980 episcopi

2054 2997 2110 3048 et
2140 2993 2582 3066 archiepiscopi,
2608 2992 2783 3047 etiam
2804 2993 3226 3064 praecipuarum
3252 2993 3505 3059 sedium,
3524 2994 3701 3052 simul

2056 3098 2190 3137 cum
2222 3081 2534 3137 abbatibus
2566 3084 2622 3136 et
2652 3080 2783 3137 aliis
2823 3082 3089 3136 omnium
3123 3083 3397 3138 ordinum
3430 3082 3702 3141 fidelibus

2056 3169 2403 3226 Christianis
2440 3170 2513 3224 ad
2549 3170 2872 3234 Urbanum,
2931 3174 3214 3241 tanquam
3267 3171 3338 3226 ad
3399 3170 3701 3243 proprium

2057 3264 2375 3330 pastorem,
2407 3262 2464 3313 et
2494 3256 2823 3329 legitimum
2856 3274 3254 3314 successorem
3303 3258 3452 3314 Petri
3491 3276 3700 3315 conve-

2058 3347 2265 3401 nirent.
2300 3346 2464 3401 Tune
2486 3346 2585 3417 qui
2612 3345 2670 3399 in
2690 3345 3034 3401 Alemannia
3050 3346 3279 3402 Urbano
3305 3347 3698 3415 adhmrebant,

2055 3434 2431 3490 Bertholdum
2465 3432 2790 3490 Gebehardi
2821 3433 3073 3505 episcopi
3102 3436 3563 3491 Constantiensis
3595 3437 3703 3490 fra-

2056 3528 2227 3591 trem,
2243 3523 2452 3578 ducem
2467 3522 2704 3577 nomine
2724 3526 2895 3577 tenus
2910 3526 3083 3577 antea
3093 3521 3700 3593 appellatum,Sueviaa

2054 3613 2261 3667 ducem
2296 3611 2557 3667 unanimi
2585 3610 2849 3666 omnium
2881 3626 3129 3666 assensu
3158 3611 3609 3679 constituerunt,
3633 3612 3704 3668 ad

2053 3701 2443 3772 defensionem,
2475 3699 2667 3771 inquit
2704 3697 3032 3766 Bertoldus,
3064 3706 3267 3756 sancta?
3297 3701 3492 3755 matris
3512 3702 3700 3757 Eccle-

2052 3791 2155 3846 siae
2181 3793 2371 3844 contra
2400 3787 2773 3843 schismaticos
2799 3805 2817 3841 :
2851 3786 3094 3843 Thiemo
3124 3804 3279 3853 vero,
3301 3804 3425 3856 seu,
3471 3792 3536 3843 ut
3564 3804 3695 3844 eum

2053 3877 2306 3951 appellat
2338 3875 2662 3943 Bertoldus,
2697 3876 2881 3943 Dimo,
2913 3874 3377 3949 Salisburgensis
3409 3881 3699 3950 metropo-

2052 3966 2270 4023 litanus
2293 3982 2428 4025 cum
2451 3966 2741 4037 episcOpis
2758 3964 3185 4021 Constantiensi
3203 3970 3258 4021 et
3273 3965 3698 4022 Wormaciensi

2054 4055 2389 4112 Udalricum
2419 4055 2480 4109 in
2534 4054 2936 4110 Pataviensem
2970 4053 3309 4125 episcopum
3340 4054 3702 4111 consecravit

2052 4144 2146 4200 die
2178 4144 2305 4216 ipso
2338 4143 2724 4209 l’entccostes,
2755 4159 2881 4215 quae
2915 4158 3007 4198 res
3039 4141 3315 4214 Bajoariaa
3347 4142 3696 4215 Catholicos,

2051 4238 2117 4288 ut
2141 4232 2341 4288 subdit
2361 4232 2513 4287 idem
2533 4237 2753 4298 auctor,
2772 4232 2829 4286 in
2847 4231 3004 4287 sedis
3018 4230 3345 4303 apostolicae
3366 4232 3698 4289 obedientia

2050 4321 2373 4395 plurimum
2406 4320 2790 4377 confirmavit.

2049 4429 2238 4486 CVIII.
2271 4430 2464 4485 Ericus
2509 4444 2610 4483 rea:
2657 4431 2935 4483 Danorum
2990 4428 3194 4485 Urbani
3222 4443 3370 4498 opem
3415 4429 3692 4500 implorat.

2402 4500 2708 4555 Lundensis
2758 4500 3076 4571 metropolis
3124 4501 3337 4555 erectio.

287 4593 602 4665 conjugem
624 4591 963 4649 Mathildem
985 4592 1057 4648 ab
1076 4590 1585 4663 Urbaniobsequio
1599 4591 1936 4649 dimoveret.
1968 4600 2017 4664 Ι)
2120 4590 2333 4646 Iisdem
2346 4588 2522 4644 etiam
2540 4588 2922 4661 temporibus,
2940 4588 3092 4659 quod
3116 4588 3330 4642 mirum
3349 4588 3507 4642 estin
3534 4592 3696 4643 tanta

283 4682 395 4737 Sed
420 4681 667 4738 frustra:
703 4696 954 4752 cumque
985 4680 1204 4753 b‘ellum
1239 4680 1427 4753 magis
1458 4697 1524 4735 ac
1558 4680 1747 4751 magis
1775 4697 1936 4736 exar-

284 4697 395 4737 rsea
420 4697 667 4738 trusus:
703 4697 954 4752 cumque
987 4697 1021 4736 ο
1058 4697 1204 4736 unm
1239 4697 1427 4753 magis
1458 4697 1524 4735 ac
1558 4697 1747 4751 magis
1775 4697 1936 4736 exar-

284 4770 570 4836 desceret,
593 4697 1160 4842 impedivitWedapbo
1191 4774 1375 4841 pater,
1409 4769 1509 4841 qui
1533 4769 1650 4823 dux
1682 4772 1806 4824 erat
1830 4769 1936 4826 Ba-

281 4874 581 4927 varorum,
616 4874 689 4914 ne
731 4857 1015 4914 Henricus
1062 4874 1196 4913 cum
1237 4874 1372 4929 rege
1421 4857 1832 4930 Hungarorum
1863 4858 1936 4914 ad

281 4947 668 5020 colloquium,
728 4948 884 5018 quod
933 4946 1232 5002 communi
1277 4945 1518 5003 consilio
1584 4945 1933 5016 indixerant,

280 5041 484 5110 posset
513 5035 811 5093 accedere.
1152 5043 1156 5048 '

388 5126 531 5182 CVI.
562 5123 844 5181 Mathildis
871 5124 1101 5179 victoria
1130 5125 1191 5178 in
1220 5125 1602 5196 imperatorem
1632 5123 1825 5179 relata.

351 5214 663 5272 Conradus
693 5217 835 5269 tunc
862 5211 1163 5283 temporis,
1192 5212 1247 5267 id
1281 5216 1371 5268 est
1403 5212 1541 5267 anni
1581 5213 1715 5267 1092
1745 5211 1931 5280 initio,

277 5320 411 5360 cum
444 5301 702 5359 Henrico
735 5303 898 5371 patre
925 5316 1032 5356 suo
1066 5301 1124 5354 in
1149 5300 1551 5373 Longobardia
1571 5300 1933 5372 versabatur,

273 5410 341 5450 eo
374 5398 629 5464 uterque
650 5389 934 5454 intentus,
968 5397 1029 5444 ut
1047 5387 1380 5447 Adheleidis
1404 5390 1718 5446 comitissae
1738 5389 1937 5444 Tauri-

271 5483 475 5539 nensis
507 5480 805 5537 defuncta:
836 5478 988 5533 bona
1009 5478 1363 5547 invaderent,
1388 5495 1516 5551 quae
1538 5476 1815 5535 Friderici
1839 5493 1933 5533 co-

262 5573 432 5630 mitis
450 5570 578 5627 tilio
600 5565 992 5624 debebantur.
1008 5567 1213 5623 Narrat
1226 5567 1498 5641 Sigonius
1523 5568 1932 5640 imperatorem

258 5664 371 5721 hoc
405 5676 572 5720 anno
608 5653 802 5712 multa
842 5653 965 5711 loca
1007 5655 1244 5724 trajecta
1276 5655 1795 5728 Pado-occupasse,
1830 5655 1932 5710 sed

2048 4677 2316 4735 Ecclesiae
2351 4678 2621 4732 Romana)
2664 4676 3097 4749 perturbatione
3129 4675 3462 4746 contigisse,
3492 4675 3693 4731 Ericus

2047 4768 2340 4823 Danorum
2364 4783 2459 4821 rex
2478 4766 2549 4821 ab
2573 4764 3096 4837 Hammaburgensi
3117 4763 3571 4835 archiepiscopo,
3590 4765 3691 4836 qui

2045 4856 2275 4913 Henrici
2311 4860 2505 4927 partes
2543 4854 2895 4923 sectabatur,
2928 4852 3254 4926 exagitatus
3286 4852 3354 4907 ad
3392 4852 3691 4909 Urbanum

2044 4944 2221 5011 venit,
2248 4948 2312 4999 ut
2342 4960 2406 4999 se
2422 4958 2715 5014 suumque
2730 4958 2975 5015 regnum
2993 4946 3195 4997 contra
3211 4940 3391 5012 hujus
3411 4941 3692 4999 antistitis

2044 5037 2289 5090 conatus
2319 5031 2635 5104 apostolico
2676 5029 2945 5104 przesidio
2975 5033 3284 5085 tutaretur.
3318 5030 3457 5085 Rem
3492 5035 3693 5087 narrat

2043 5127 2188 5178 Saxo
2220 5120 2669 5190 Grammaticus,
2721 5118 2868 5175 libro
2899 5136 2975 5174 xu
3020 5119 3284 5174 Historiae
3320 5117 3564 5186 Danieas,
3598 5119 3690 5174 bis

2042 5210 2232 5267 verbis
2259 5228 2270 5266 :
2304 5212 2457 5265 Forte
2489 5210 2878 5277 Amburgensis
2908 5210 3135 5263 antistes
3167 5209 3234 5265 ob
3281 5211 3474 5263 inanes
3502 5209 3551 5261 et
3578 5208 3688 5278 fal-

2041 5317 2129 5355 sas
2155 5300 2488 5371 suspiciones
2518 5299 2740 5353 Ericum
2768 5298 3135 5353 exsecratione
3181 5295 3528 5351 multandum
3568 5311 3688 5351 cen-

2041 5396 2245 5456 suerat,
2279 5386 2419 5459 quod
2448 5372 2651 5441 veritus
2682 5402 2780 5440 rex
2806 5387 3172 5457 appellatione
3197 5383 3522 5441 sententiam
3544 5397 3688 5453 prae—

2040 5478 2305 5544 cucurrit,
2338 5478 2667 5544 Romamque
2696 5489 2726 5528 e
2754 5475 2979 5542 vestigio
3004 5475 3229 5545 petivit;
3254 5473 3349 5527 ubi
3366 5484 3556 5527 causa?
3570 5485 3689 5529 sua:

2042 5566 2294 5622 examine
2347 5564 2665 5634 diligentius
2721 5561 2924 5627 habito,
2969 5563 3242 5632 pontiﬁcis
3288 5560 3687 5614 accusa-tionem

2036 5655 2287 5726 potenter
2306 5652 2508 5724 repulit
2522 5667 2543 5711 ;
2569 5651 2882 5721 cunctisque
2900 5650 3230 5722 defensionis
3245 5644 3492 5719 partibus
3507 5648 3690 5703 actore
