3958 6224
336 349 457 426 ἴου
1688 357 1758 423 Β.
1806 362 1919 426 ιῖΗῖ

2138 362 2194 426 lI
2234 362 2486 428 ΡΑΡᾸΞ.
3697 365 3766 436 96

378 510 629 588 superior
656 504 841 568 rediit.
872 503 989 565 Nec
1018 498 1162 564 satis
1182 500 1294 561 fuit
1321 500 1487 560 Erico
1518 498 2025 575 archiepiscopum
2051 497 2109 568 Α
2137 499 2359 559 Domini
2384 501 2562 560 nostri
2585 499 2710 562 Jesu
2741 499 2949 563 θήγωἰί
2976 501 3108 563 1091
3144 501 3443 566 indictione
3476 521 3570 578 xv,
3601 519 3764 567 sacro-

381 603 442 659 in
465 598 691 676 judicio
724 612 1054 671 superasse,
1086 592 1203 651 nisi
1234 592 1409 650 etiam
1441 608 1505 649 se
1542 607 1607 647 ac
1638 607 1756 648 sua
1786 588 2027 646 ditionis

379 691 627 766 populos
656 690 729 746 ab
749 688 878 759 ejus
890 684 1300 758 jurisdictione
1320 683 1611 747 liberaret,
1635 680 1789 753 quod
1825 683 2026 752 postea

375 782 438 838 in
469 780 650 837 altero
683 771 945 834 Romano
975 775 1180 831 itinere
1213 773 1563 845 impetravit.
1599 772 1721 827 Huc
1753 772 1898 826 forte
1931 785 2022 823 sc-

374 871 568 928 cun‘do
599 868 863 933 accessit,
887 864 1041 937 quod
1069 861 1627 933 Hammaburgensis
1655 859 1900 915 antistes
1925 857 2023 913 Ur-

370 958 534 1029 bani,
566 957 661 1014 cui
693 973 808 1012 non
841 954 1100 1027 parebat,
1151 951 1452 1008 sententia
1482 951 1885 1021 obtemperare
1917 964 2019 1002 no-

372 1048 809 1106 luisset.Erecta
820 1048 1016 1099 autem
1040 1042 1097 1097 in
1118 1057 1321 1097 novam
1342 1038 1708 1109 metropolim
1725 1034 2019 1093 Lundensi

374 1138 536 1204 urbe,
570 1134 842 1206 deinceps
876 1149 988 1188 non
1014 1130 1198 1187 Dania
1226 1129 1440 1198 solum,
1473 1128 1575 1184 sed
1607 1126 1784 1182 etiam
1813 1125 2020 1180 Suecia

372 1231 429 1283 et
457 1223 755 1297 Norvegia,
780 1225 913 1277 ante
938 1223 1163 1275 creatos
1191 1218 1264 1274 ab
1298 1218 1552 1288 Eugenio
1584 1217 1662 1272 Ill
1695 1214 1940 1287 Upsalia
1962 1217 2021 1269 et

370 1314 649 1373 Nidrosia
680 1310 1170 1383 arebiepiscopos,
1194 1307 1245 1364 ei
1267 1308 1540 1379 subjecta
1564 1306 1820 1371 fuerunt,
1841 1309 2018 1375 atque

368 1405 510 1461 adeo
539 1398 1174 1471 Hammaburgensium
1206 1396 1537 1453 antistitum
1561 1392 1877 1450 auctoritas
1907 1391 2016 1447 hac

365 1491 668 1550 occasione
698 1489 952 1545 multum
984 1487 1299 1542 imminuta
1322 1485 1453 1539 fuit.
1494 1485 1631 1539 Erat
1660 1487 1819 1539 tunc.
1855 1486 1920 1537 ut
1948 1498 2015 1537 ex

365 1583 570 1640 eodem
592 1577 984 1635 Grammatice
1015 1574 1372 1647 colligimus,
1403 1574 1653 1628 Ascerus
1686 1569 2013 1626 Lundensis

363 1672 608 1728 antistes
640 1670 763 1740 qui,
786 1665 961 1740 paulo
993 1669 1309 1736 antequam
1334 1663 1537 1717 Ericus
1556 1661 1797 1716 Romam
1824 1658 2012 1732 primo

364 1759 849 1833 proﬁcisceretur,
882 1754 1062 1828 Egino
1094 1755 1475 1810 successerat.

699 1863 836 1919 CIX.
869 1862 1175 1934 MetrOpolis
1203 1862 1429 1917 Pisanee
1454 1861 1669 1915 erectio.

2131 601 2342 651 sancta
2394 599 2656 653 Romana
2695 595 2950 654 Ecclesiae
2994 613 3138 669 papa
3194 596 3431 667 Urbano,
3463 595 3563 659 sub
3602 612 3765 670 perse-

2130 685 2346 739 cutione
2399 685 2621 740 Henrici
2673 687 2924 757 tyranni,
2981 686 3238 758 Philippo
3293 687 3355 742 in
3412 688 3644 744 Francia
3687 703 3762 745 rc-

2129 775 2350 841 gmmlc,
2409 772 2638 829 bissexto
2701 775 2980 832 Kalendas
3036 777 3239 844 Martii,
3295 792 3388 847 ego
3446 777 3763 850 Ragnandus

2124 876 2397 931 paganus,
2442 866 2549 917 etc.
2604 864 2901 919 Nonnulla
2930 865 3153 921 confert
3185 865 3427 925 Andreae
3452 868 3631 938 priori
3659 883 3762 923 mo-

2127 950 2429 1006 nachorum
2454 951 2760 1009 Silvaniaci
2800 955 2954 1024 infra
2984 956 3171 1010 lucum
3198 971 3361 1011 suum
3397 954 3535 1028 quod
3558 964 3765 1013 vocatur

2130 1039 2518 1095 Cormliacum.
2552 1042 2606 1096 Is
2652 1042 2777 1114 ipse
2832 1051 2923 1099 est
2978 1044 3240 1100 Andreas
3295 1042 3493 1102 Sancti
3531 1044 3764 1103 Joannis

2127 1127 2422 1185 Gualberti
2444 1129 3093 1187 Wallumbrosanorum
3118 1132 3542 1191 monachorum
3574 1150 3765 1207 paren-

2127 1215 2203 1272 tis
2234 1217 2577 1290 discipulus,
2613 1220 2713 1291 qui
2766 1220 2825 1275 in
2871 1221 3174 1277 Franciam
3209 1239 3243 1277 a
3271 1222 3484 1279 comite
3515 1222 3761 1295 quodam

2125 1304 2513 1375 Cabilonensi,
2539 1313 2603 1364 ut
2625 1309 2808 1381 aiunt,
2822 1310 3229 1376 adductus,ibi
3252 1311 3508 1383 primum
3533 1311 3757 1381 insedit,

2125 1411 2189 1451 ac
2220 1401 2420 1467 postea
2452 1396 2673 1454 Casalis
2692 1398 2985 1455 Benedicti
3018 1398 3261 1454 celebris
3292 1401 3447 1471 apud
3478 1400 3760 1474 Bituriges

2124 1485 2459 1541 monasterii
2508 1486 2734 1558 primus
2781 1488 2963 1543 abbas
3021 1504 3087 1543 ac
3136 1488 3402 1544 conditor
3443 1488 3570 1545 fuit.
3630 1489 3762 1561 Ejus

2122 1575 2391 1630 meminit
2444 1575 2754 1632 Ordericus
2813 1575 3012 1632 Vitalis
3064 1577 3174 1633 sub
3224 1578 3400 1654 finem
3450 1576 3587 1639 libri
3642 1595 3759 1636 VIII.

2116 1668 2396 1720 Caterum
2448 1664 2630 1720 abbas
2675 1666 2866 1721 factus
2908 1664 3067 1722 aliud
3114 1665 3508 1740 privilegium,
3563 1671 3629 1727 ut
3654 1684 3759 1727 suo

2120 1752 2246 1808 loco
2279 1753 2562 1822 dicemus,
2608 1770 2760 1809 anno
2799 1754 2933 1810 l099
2981 1754 3053 1810 ab
3104 1754 3335 1812 Urbano
3391 1754 3757 1828 impetravit;

2032 1872 2086 1938 Β
2118 1840 2511 1938 Silvaniacum
2527 1858 2791 1938 vero,_seu
2814 1842 3009 1915 potius
3028 1841 3757 1919 Corneliacum(Cornilly),

431 1955 648 2011 Novam
1191 1912 1732 2021 anno
1759 1946 1816 2001 in
1842 1944 2008 2001 Italia
2032 1912 2086 1938 υ
2116 1929 2405 2024 δ-οξῖίϐᾳυϐ
2452 1931 2562 2024 sub
2610 1912 2901 2024 prioratus
2937 1931 3109 2024 titulo
3139 1950 3175 2024 a
3197 1932 3420 2024 Cassiis
3453 1912 3757 1991 Benedicti

359 2036 629 2101 excitavit
671 2042 961 2107 Urbanus,
1012 2038 1285 2095 Pisanam
1336 2036 1578 2103 scilicet,
1620 2037 1713 2092 cui
1772 2035 2006 2091 Cortica

358 2132 564 2190 insula
581 2131 885 2204 episcopos
908 2133 1076 2185 antea
1106 2129 1329 2200 absque
1359 2126 1554 2182 medio
1583 2125 1879 2195 subjectos
1898 2125 2006 2180 Ro-

359 2220 847 2294 manopontiﬁci,
880 2219 1281 2289 sull‘raganeos
1311 2216 1659 2287 assignavit;
1693 2232 1827 2271 cum
1850 2232 2003 2270 anno

348 2308 701 2385 praecedenti
722 2308 986 2380 ejusdem
1009 2303 1211 2360 insula
1235 2304 1624 2360 Ecclesiarnm
1648 2318 1849 2357 curam
1874 2300 2001 2357 Dai-

344 2401 517 2456 ‘berto
539 2397 748 2455 Pisano
770 2396 1042 2469 episcopo
1067 2394 1192 2465 jam
1225 2392 1657 2448 demandasset.
1679 2391 1740 2447 Id
1774 2408 1907 2447 vero
1940 2407 2002 2447 se

350 2488 559 2544 fecisse
589 2485 847 2543 declarat
867 2482 1123 2557 pontifex
1152 2498 1285 2538 cum
1319 2481 1452 2538 cleri
1486 2480 1574 2535 sui
1608 2496 1896 2536 consensu
1927 2480 2000 2535 ad

351 2574 652 2635 Mathildis
672 2574 983 2631 comitissa
998 2571 1358 2644 petitionem,
1382 2569 1777 2642 potissimum,
1792 2573 2002 2641 prater

350 2665 496 2722 alias
526 2664 801 2727 rationes,
852 2662 924 2718 ob
974 2660 1251 2734 praclara
1302 2659 1669 2728 Pisanorum,
1702 2675 1767 2714 ac
1795 2675 1996 2713 eorum

349 2740 608 2828 episcopi
662 2738 935 2818 Daiberti,
968 2749 1062 2805 cui
1110 2748 1271 2821 pallii
1309 2749 1592 2804 honorem
1624 2747 1904 2813 concedit,
1937 2747 1997 2801 in

349 2834 549 2903 aedem
579 2839 957 2913 apostolicam
992 2839 1233 2907 merita;
1263 2837 1420 2909 quod
1448 2853 1656 2909 nempe
1684 2853 1914 2908 semper
1942 2840 1999 2891 et

347 2930 587 3005 ubique,
613 2929 788 2986 etiam
811 2927 961 2984 inter
981 2926 1206 2983 medias
1230 2926 1696 2999 persecutionum
1728 2929 1786 2981 et
1816 2924 1995 2981 bello-

349 3036 481 3083 rum
510 3021 913 3091 tempestates,
934 3015 1200 3073 Ecclesia
1224 3016 1497 3071 Romana
1519 3014 1721 3071 fideles
1745 3013 1995 3071 exstitis-

346 3113 495 3166 sent.
533 3106 694 3163 Bulla
714 3106 1022 3162 erectionis
1042 3104 1196 3178 apud
1229 3102 1533 3176 Ughellum
1568 3104 1706 3160 data
1735 3108 1825 3160 est
1843 3105 1996 3159 Ana-

343 3197 494 3273 gnia
515 3197 625 3253 hoc
646 3213 799 3252 anno
829 3212 865 3250 x
886 3194 979 3249 die
992 3193 1288 3249 Kalendas
1313 3192 1470 3248 Maii.
1496 3192 1685 3264 Hujus
1709 3197 1994 3264 metropo-

312 3284 419 3343 ’lis
440 3286 790 3347 creationem
823 3300 972 3357 agre
990 3282 1252 3338 tulerunt
1279 3282 1606 3338 Januenses
1628 3282 1783 3353 quod
1806 3280 1993 3337 Corsi-

345 3392 525 3438 canos
545 3375 848 3448 episcopos
877 3372 1086 3429 Pisano
1117 3371 1362 3427 antistiti
1393 3371 1690 3442 subjectos
1721 3387 1849 3426 esse
1871 3369 1993 3425 nol-

302 3459 483 3524 'lent.
514 3464 587 3519 At
614 3462 753 3519 licet
790 3459 1058 3518 nonnihil
1089 3459 1400 3515 immutata
1430 3458 1507 3514 sit
1536 3457 1657 3514 hac
1706 3459 1989 3531 suifraga-

341 3568 585 3608 neorum
616 3551 942 3624 dispositio,
977 3548 1136 3607 stetit
1162 3553 1358 3604 tamen
1393 3548 1808 3603 inconcussum
1844 3547 1988 3602 Pisa

331 3632 733 3719 privilegium.

412 3730 519 3785 CX.
550 3730 915 3798 Privilegium
943 3727 1001 3799 S.
1050 3728 1275 3799 Sophia:
1322 3727 1722 3799 Beneventina.
1755 3724 1919 3780 Aliud

790 3798 1181 3856 monachorum
1210 3798 1289 3852 Sil
1298 3798 1531 3852 vaniaci.

303 3902 313 3909 '
407 3891 539 3947 Jam
582 3890 662 3947 ab
711 3888 878 3945 initio
937 3887 1159 3943 mensis
1218 3885 1594 3958 pracedentis
1645 3886 1988 3942 versabatur

334 3980 612 4053 Anagnia
670 3978 961 4043 Urbanus,
1021 3975 1105 4031 uti
1166 3979 1324 4047 patet
1353 3992 1420 4030 ex
1473 3973 1772 4046 privilegio
1830 3976 1984 4046 quod

334 4068 522 4142 pridie
547 4068 607 4123 in
624 4076 693 4123 e‘a
706 4067 870 4133 urbe,
890 4065 1027 4120 Idus
1049 4063 1241 4120 Martii
1262 4063 1553 4119 concessit
1573 4062 1860 4120 Madelmo
1881 4064 1982 4120 ab-

304 4155 456 4213 --bati
487 4154 826 4211 monasterii
859 4154 1082 4209 Sancta
1113 4151 1340 4224 Sophia
1382 4153 1536 4223 apud
1566 4152 1977 4211 Beneventum.

304 4255 310 4262 '
394 4245 603 4301 Mense
648 4242 829 4315 Aprili
876 4242 1095 4297 ibidem
1127 4241 1285 4296 aliud
1319 4240 1687 4315 privilegium
1735 4241 1983 4300 indulsit

334 4331 641 4390 monachis
671 4347 774 4387 seu
804 4330 1065 4387 eremitis
1095 4330 1450 4403 quibusdam
1476 4331 1576 4402 qui
1598 4336 1731 4387 ante
1762 4349 1980 4405 paucos

328 4438 539 4487 annos,
565 4420 718 4493 apud
735 4418 1124 4475 Silvaniacum
1157 4418 1349 4475 locum
1372 4419 1688 4488 desertum,
1712 4421 1779 4476 in
1813 4422 1980 4478 Bitu-

332 4511 529 4583 rigum
559 4509 798 4577 finibus,
849 4507 1270 4565 monasterium
1299 4511 1636 4565 construere
1666 4514 1975 4582 caperent.

2114 2020 2351 2076 abbatis
2380 2021 2614 2092 pendet,
2634 2019 2692 2075 in
2719 2020 2936 2076 ducatu
2955 2021 3151 2077 Sancti
3180 2020 3388 2079 Aniani
3407 2022 3488 2094 (S.
3512 2022 3758 2097 Aignan)

2115 2109 2316 2165 situm.

2113 2197 2247 2254 CXI.
2280 2200 2538 2269 Ponti/2n:
2583 2200 2904 2271 Tarraconis
2948 2201 3354 2271 reparationem
3399 2204 3580 2270 urget.
3628 2204 3759 2261 Pri-

2468 2271 2725 2338 vilegium
2765 2270 2820 2325 S.
2853 2270 3139 2327 Laurentii
3168 2272 3399 2327 Aversa.

2182 2357 2378 2413 Prima
2406 2357 2499 2413 die
2541 2358 2699 2424 Maii,
2734 2375 2857 2427 seu,
2892 2364 2956 2415 ut
3006 2359 3122 2415 alia
3178 2359 3356 2416 editio
3404 2360 3611 2429 habet,
3646 2362 3755 2419 sub

2110 2446 2287 2502 finem
2333 2446 2569 2520 Aprilis,
2618 2447 2886 2504 Urbanus
2917 2449 2989 2503 ad
3021 2449 3436 2523 Bcrcngarium
3476 2451 3755 2509 Tarraco-

2109 2552 2349 2591 nensem
2369 2535 2872 2609 archiepiscopum
2897 2537 3151 2611 scripsit,
3180 2556 3434 2611 eumque
3451 2539 3763 2613 reprehen-

2109 2624 2213 2694 dit,
2240 2626 2393 2697 quod
2412 2626 2868 2682 Tarraconensis
2890 2627 3054 2684 urbis
3077 2628 3423 2684 restauratio
3446 2628 3763 2703 negligere-

2108 2718 2223 2778 tur,
2258 2712 2526 2786 quamvis
2556 2714 2607 2769 ei
2659 2731 2812 2771 anno
2872 2716 3217 2788 pracedenti
3272 2716 3384 2773 hac
3430 2718 3763 2776 conditione

2107 2801 2266 2875 pallii
2314 2802 2594 2859 honorem
2626 2802 2987 2873 contulisset,
3037 2807 3103 2860 ut
3146 2804 3421 2879 tam‘ipse
3446 2824 3625 2879 quam
3660 2807 3758 2865 alii

2105 2890 2413 2963 provincia
2458 2891 2768 2963 optimates
2817 2891 2955 2948 huic
3004 2893 3163 2966 operi
3213 2893 3568 2951 absolvendo
3618 2897 3760 2954 totis

2106 2980 2334 3036 nisibus
2366 2979 2725 3037 insisterent.
2759 2980 2853 3037 Ha
2886 2981 3091 3038 littera
3122 2982 3268 3039 data
3292 2982 3570 3040 dicuntur
3600 2988 3756 3059 apud

2104 3069 2416 3125 Odoricum
2464 3069 2826 3142 Raynaldum
2873 3088 2950 3126 vn
2981 3070 3103 3126 Kal.
3152 3071 3326 3141 Maii;
3378 3071 3439 3129 in
3479 3073 3759 3132 Conciliis

2101 3175 2236 3214 vero
2276 3157 2566 3231 Hispania
2615 3158 2933 3214 cardinalis
2977 3158 3244 3233 Aiguirii,
3287 3165 3452 3218 tomo
3485 3163 3533 3218 II
3564 3166 3625 3219 et
3644 3165 3757 3232 III,

2014 3242 2065 3309 C
2105 3246 2252 3319 ipsis
2278 3246 2555 3302 Kalendis
2581 3247 2848 3318 ejusdem
2881 3249 3124 3304 mensis.
3146 3248 3253 3304 Sed
3277 3266 3487 3321 parum
3506 3250 3761 3309 interest

2101 3340 2236 3392 utra
2286 3334 2455 3392 lectio
2513 3334 2590 3392 sit
2647 3333 2811 3390 alteri
2868 3336 3245 3408 praferenda.
3304 3338 3552 3409 Easdem
3615 3356 3753 3397 vero

2097 3426 2370 3497 Anagnia
2401 3425 2569 3480 datas
2599 3422 2779 3480 fuisse
2817 3423 2953 3480 inde
2982 3424 3336 3498 colligimus,
3371 3427 3527 3500 quod
3559 3428 3757 3501 adhuc

2099 3514 2158 3569 in
2190 3531 2257 3569 ea
2287 3514 2429 3569 urbe
2458 3517 2585 3568 tum
2620 3514 2878 3585 pontifex
2909 3513 3210 3581 exstiterit,
3244 3515 3460 3589 quippe
3508 3516 3610 3589 qui
3660 3516 3757 3575 die

2099 3602 2636 3674 septimaejusdem
2658 3600 3120 3675 mensisinsigne
3138 3602 3507 3678 privilegium
3530 3606 3757 3667 ibidem

2098 3691 2389 3745 concessit
2420 3690 2772 3745 monasterio
2805 3689 3001 3746 Sancti
3033 3691 3330 3747 Laurentii
3364 3710 3544 3767 prope
3575 3696 3756 3752 Aver-

2097 3795 2224 3834 sam
2279 3777 2412 3847 sito,
2471 3778 2641 3850 cujus
2696 3777 2805 3843 loci
2864 3779 3048 3836 abbas
3078 3784 3136 3835 et
3192 3781 3464 3849 monachi
3519 3800 3661 3843 eum
3690 3785 3755 3842 in

2095 3867 2408 3940 angustiis,
2471 3884 2618 3939 quas
2696 3867 3144 3943 descripsimus,
3192 3871 3458 3945 .positum
3508 3872 3758 3949 egregie

2094 3957 2461 4029 adjuverant.
2488 3957 2628 4029 Ejus
2658 3957 2944 4031 privilegii
2975 3958 3310 4032 exemplum
3338 3960 3493 4033 quod
3518 3978 3588 4035 ex
3619 3963 3757 4037 ejus

2092 4045 2498 4103 loci-archiviis
2519 4045 2592 4101 ab
2617 4045 2803 4102 amico
2842 4052 3040 4104 nostro
3064 4049 3132 4104 It.
3168 4049 3224 4103 Ρ.
3257 4050 3475 4107 domno
3502 4051 3758 4123 Επειδωο

2094 4154 2127 4192 a
2156 4135 2350 4191 Caieta
2381 4134 2572 4190 Casini
2623 4134 2842 4191 decano
2873 4137 3224 4209 accepimus,
3257 4154 3365 4209 suo
3395 4137 3523 4197 loco
3552 4141 3757 4214 prore-

2090 4229 2271 4282 retur.

2089 4331 2252 4389 CXII.
2284 4332 2466 4397 Falco,
2525 4331 2691 4387 abbas
2738 4332 3007 4399 Divensis,
3039 4331 3111 4387 ad
3154 4334 3440 4392 Urbanum
3466 4339 3753 4409 confugit.

2160 4421 2325 4477 Circa
2356 4419 2498 4475 illud
2532 4423 2765 4492 tempus
2796 4419 2971 4476 Fulco
3001 4420 3388 4479 exmonacbo
3428 4428 3500 4480 ,et
3548 4426 3756 4498 priore

2087 4508 2345 4569 Uticensi
2365 4509 2492 4581 jam
2526 4509 2597 4564 ab
2628 4508 2803 4564 annis
2841 4508 3050 4582 viginti
3079 4510 3304 4567 Sancta
3332 4513 3757 4588 Mariasupea

308 4600 457 4656 ‘Duo
504 4614 573 4654 ex
618 4597 736 4654 illis
778 4598 851 4653 ad
910 4596 1242 4669 pontificem
1300 4602 1667 4654 accesserant
1709 4600 1977 4658 tuitionis
2005 4610 2054 4676 ι)
2086 4601 2290 4657 Divam
2340 4598 2401 4654 in
2449 4598 2836 4654 Nortmannia
2880 4598 3084 4667 abbas,
3130 4615 3266 4656 cum
3313 4603 3757 4672 monasterium

301 4686 555 4744 "litteras
583 4687 658 4743 ab
682 4702 750 4743 eo
778 4684 1170 4758 impetraturi,
1193 4685 1294 4741 sed
1327 4700 1427 4740 eas
1456 4686 1690 4742 nonnisi
1720 4686 1974 4762 interpo-

326 4776 441 4833 sita
463 4774 793 4833 conditione
816 4773 1062 4831 indulsit
1090 4773 1347 4847 prudens
1380 4773 1657 4846 pontifex,
1689 4778 1845 4849 quod
1869 4795 1975 4836 nec

308 4864 542 4935 ‘Iocnm,
566 4879 671 4920 nec
701 4864 1020 4921 monachos
1048 4863 1179 4920 illos
1200 4864 1380 4937 probe
1402 4864 1678 4921 novisset.
1702 4866 1819 4924 Has
1839 4885 1972 4925 vero

306 4953 548 5009 litteras
597 4952 726 5008 ideo
780 4953 851 5008 ad
900 4953 1056 5009 hunc
1106 4970 1348 5022 annum,
1382 4952 1517 5010 licet
1546 4954 1607 5009 in
1637 4956 1973 5029 apographo

325 5043 746 5117 pracedentem
799 5041 1127 5111 exhibeant,
1154 5042 1481 5110 referimus,
1521 5058 1637 5098 non
1677 5043 1869 5099 solum
1898 5046 1972 5101 ob

322 5131 704 5188 indictionem
735 5149 807 5187 xv
837 5131 918 5187 ibi
972 5136 1331 5200 annotatam,
1394 5137 1451 5187 et
1501 5132 1657 5203 quod
1710 5132 1972 5204 Anagnia

323 5222 472 5278 data
494 5219 632 5290 sint,
663 5238 726 5276 Ill
758 5222 882 5277 Idas
912 5223 1139 5294 Aprilis,
1173 5222 1271 5276 ubi
1305 5225 1447 5275 tunc
1470 5221 1748 5275 Urbanus
1778 5239 1971 5278 versa-

304 5310 522 5379 ‘batur;
548 5310 649 5367 sed
669 5310 843 5367 etiam
861 5312 1017 5384 quod
1038 5314 1207 5367 vetus
1227 5309 1691 5365 instrumentum
1708 5310 1971 5380 ejusdem

305 5397 431 5455 'loci
479 5400 538 5454 in
595 5417 711 5473 quo
765 5401 943 5456 iidem
993 5399 1235 5456 omnino
1284 5398 1654 5453 characteres
1711 5397 1969 5456 chronici

319 5487 613 5562 leguntur,
664 5491 895 5545 dicatur
942 5489 1227 5559 scriptum
1275 5502 1431 5542 anno
1485 5484 1791 5556 bissextili,
1843 5506 1969 5561 qua

320 5583 456 5635 nota
486 5578 621 5635 huic
650 5596 805 5635 anno
836 5578 978 5632 1002
1026 5593 1141 5632 non
1183 5591 1312 5632 vero
1344 5574 1716 5649 praecedenti,
1744 5593 1969 5652 compe-

308 5670 438 5724 tere
463 5672 674 5741 potest.
697 5666 791 5722 Sic
823 5668 1021 5722 autem
1050 5663 1262 5721 habet:
1296 5670 1463 5722 Anno
1491 5663 1971 5729 ab'Inoarnatione

2088 4691 2196 4749 sibi
2216 4690 2626 4759 commissum,
2646 4694 2711 4745 ut
2731 4689 2908 4746 habet
2925 4689 3491 4777 O‘rdericusVitalis,
3508 4693 3670 4751 libro
3685 4713 3754 4763 ι,

2083 4782 2260 4855 rigide
2278 4780 2526 4848 rexisset,
2549 4780 2850 4851 multisque
2875 4776 3057 4837 modis
3068 4781 3353 4847 ecclesiam
3377 4776 3753 4856 prm'eaisset,

2083 4871 2362 4927 invidente
2383 4875 2434 4926 et
2484 4871 2785 4940 instigante
2814 4868 3042 4937 Satana,
3072 4871 3277 4943 injuste
3321 4874 3661 4931 criminatus
3694 4883 3761 4931 et

2081 4961 2375 5035 depositus,
2420 4958 2494 5014 ad
2516 4959 2816 5015 Urbanum
2842 4958 3132 5033 confugit;
3168 4961 3325 5033 quod
3352 4960 3601 5034 quidem
3628 4963 3758 5021 hoc

2081 5067 2235 5105 anno
2264 5047 2582 5121 contigisse
2624 5063 2693 5103 ex
2739 5047 2942 5103 eodem
2976 5052 3213 5105 auctore
3244 5048 3605 5124 colligimus,
3642 5054 3760 5125 qui

2083 5136 2394 5194 Fulconem
2447 5138 2580 5207 post
2628 5152 2814 5192 annos
2854 5141 3074 5210 septem
3107 5137 3319 5205 exsilii,
3366 5139 3759 5217 totidemque

2081 5231 2213 5299 post
2242 5242 2410 5281 suam
2433 5224 2858 5282 restitutionem
2889 5231 3141 5297 exactos,
3170 5245 3333 5286 anno
3364 5230 3524 5299 11%,
3554 5231 3656 5290 die
3679 5249 3755 5299 ιιι

2064 5313 2369 5371 Kalendas
2379 5312 2595 5386 Aprilis
2615 5330 2812 5370 senem
2833 5314 3505 5379 obiissecommemorat.
3518 5321 3754 5378 Bociue

2077 5402 2304 5459 itineris
2335 5402 2387 5457 ei
2418 5419 2454 5458 a
2484 5402 2731 5475 Rogerio
2769 5404 2979 5460 abbate
3011 5405 3267 5462 Uticensi
3304 5407 3493 5474 datus
3545 5410 3758 5467 fuerat

2076 5493 2334 5550 Joannes
2390 5491 2657 5562 ejusdem
2715 5490 2826 5547 loci
2886 5493 3228 5563 monachus,
3277 5495 3366 5551 vir
3412 5496 3636 5570 pietate
3682 5505 3757 5556 et

2076 5579 2343 5638 doctrina
2361 5579 2629 5649 celebris,
2648 5596 2823 5652 quem
2849 5598 3025 5638 suum
3042 5583 3356 5642 Ordcrieus
3377 5588 3752 5661 magistrum

2062 5674 2136 5727 -et
2164 5669 2223 5725 in
2255 5667 2464 5729 litteris
2493 5668 2673 5725 sacris
2696 5668 3095 5729 institutorem
3126 5672 3399 5746 appellat.
3426 5675 3753 5735 :Istamen
