3958 6224
209 334 278 396 97
1785 326 1991 395 vm.
3519 330 3597 433 os

207 487 311 526 non
341 467 525 524 solum
547 462 623 522 ob
654 482 794 523 suas
824 462 1011 538 ipsius
1037 462 1349 539 praclaras
1373 464 1539 523 dotes
1599 464 1833 522 Fulconi
1866 470 1914 535 Α
1950 466 2221 522 homines
2248 467 2431 523 facere
2460 464 2671 535 solent,
2695 465 3004 525 defendere
3024 470 3274 542 perrexit
3308 488 3321 526 :
3346 472 3447 527 sed
3464 434 3594 543 ejiis

202 557 421 614 itineris
452 572 647 613 comes
678 555 1025 629 designatus
1066 554 1215 624 fuit;
1270 570 1471 612 verum
1528 556 1731 622 etiam,
1789 555 1839 611 si

210 647 345 703 bene
373 644 640 717 conjicio,
672 645 828 717 quod
862 642 1060 702 Remis
1091 648 1265 701 natus
1295 648 1352 700 et
1409 661 1440 700 e
1492 644 1841 702 scholastice

210 734 477 792 Remeusi'
500 733 832 791 monachus
863 734 1070 801 factus,
1120 733 1354 790 Urbano
1410 738 1585 790 notus
1643 733 1841 807 procul

216 822 382 880 dubio
410 826 468 879 et
497 826 702 896 gratus
730 838 858 878 esse
888 821 1204 890 sciebatur,
1234 826 1409 893 atque
1434 822 1578 878 adeo
1620 826 1846 895 poterat

211 914 330 984 eius
357 911 619 967 animum
652 911 711 966 in
743 910 1018 967 Fulconis
1049 910 1304 967 favorem
1334 909 1638 978 inclinare,
1688 912 1841 983 quod

211 1001 419 1074 reipsa
448 1000 668 1056 factum
699 999 884 1056 fuisse
924 999 1293 1071 conjicimus.
1354 999 1500 1056 Nam
1558 999 1656 1055 ille
1714 1003 1846 1072 post

206 1089 416 1163 aliquot
463 1105 651 1145 annos
709 1088 770 1145 in
842 1087 1199 1144 monasterio
1273 1088 1573 1146 Casinensi
1648 1092 1847 1145 trans-

208 1183 377 1247 actos,
409 1194 565 1235 anno
594 1179 758 1247 1099,
789 1182 855 1233 ut
882 1177 962 1233 ibi
986 1177 1272 1247 dicemus,
1306 1176 1499 1233 locum
1532 1192 1708 1234 suum
1756 1195 1843 1235 re-

208 1268 366 1341 cepit.

210 1374 385 1430 CXIII.
430 1373 763 1445 Cmoiliumi
791 1373 1108 1445 Stampense
1154 1375 1215 1428 in
1268 1389 1431 1429 causa
1482 1375 1681 1430 Ivonis.
1739 1376 1845 1429 Pa-

272 1448 495 1502 risiense
520 1461 623 1517 pm
642 1445 696 1500 S.
732 1444 982 1501 Cornelio
1010 1444 1427 1517 compendiensi.
1462 1447 1714 1501 Remense
1748 1462 1848 1517 pro

268 1519 410 1574 clero
440 1516 788 1573 Flandrensi.
808 1518 1191 1572 Suessionense
1210 1516 1463 1573 adversus
1487 1518 1727 1573 Itoscelin
1737 1516 1845 1574 am.

266 1624 597 1683 Ivointerea
624 1640 693 1679 ex
724 1622 910 1693 Italia,
958 1623 1056 1679 ubi
1105 1624 1179 1680 ab
1240 1623 1471 1679 Urbano
1530 1624 1847 1681 Carnotcn-

205 1714 353 1771 sium
382 1713 700 1786 episcopus
728 1713 1037 1769 ordinatus
1070 1712 1281 1779 fuerat,
1318 1714 1518 1785 redux,
1574 1714 1762 1770 multa
1817 1730 1850 1768 a

203 1802 320 1859 suis
348 1801 584 1859 mmulis
615 1801 873 1875 pertulit,
908 1802 1286 1874 potissimum
1318 1819 1352 1857 a
1381 1802 1846 1875 comprovincia-

201 1891 352 1948 libus
380 1890 677 1964 episcopis
707 1890 809 1963 qui
838 1907 973 1947 cum
1006 1891 1273 1948 Richerio
1302 1892 1624 1948 Senonensi
1659 1891 1847 1947 archi-

202 1981 462 2053 episcopo
491 1980 657 2052 apud
680 1980 955 2051 Stampas
973 1995 1313 2047 convenere,
1340 1984 1406 2036 ut
1433 1997 1567 2036 eum
1585 1979 1850 2053 synodali

195 2069 409 2141 judicio
428 2072 918 2125 exauctorarcnt:
943 2073 1002 2125 at
1022 2067 1120 2123 ille
1145 2069 1537 2141 appellatione
1557 2069 1629 2124 ad
1653 2070 1849 2125 sedem

202 2157 574 2231 apostolicam
607 2157 974 2229 interposita,
1006 2170 1211 2213 corum
1251 2163 1520 2227 conatus,
1576 2163 1643 2213 ut
1699 2176 1851 2213 anno

202 2246 545 2319 praecedenti
576 2244 857 2314 diximus,
891 2245 1088 2301 irritos
1118 2245 1273 2303 fecit.
1304 2247 1387 2301 Ad
1417 2246 1575 2303 hunc
1618 2263 1853 2319 quoque

202 2352 413 2394 annum
439 2335 716 2391 Labbeus
759 2333 961 2390 laudat
1014 2334 1333 2390 concilium
1390 2335 1737 2402 Parisiense,
1797 2341 1854 2393 et

210 2408 717 2481 confirmationem
750 2424 810 2478 in
841 2440 907 2479 eo
937 2424 1149 2481 factam
1181 2423 1469 2499 privilegii
1502 2426 1685 2481 sancti
1716 2429 1851 2481 Gor-

204 2512 337 2569 nelii
366 2513 897 2586 Compendiensis;
929 2514 1030 2569 sed
1054 2511 1339 2569 chr‘onicaa
1378 2518 1547 2582 notae,
1608 2530 1736 2586 quae
1794 2514 1854 2570 in

205 2604 352 2677 regis
380 2601 645 2675 Philippi
672 2601 895 2663 charta.
935 2619 1004 2657 ex
1062 2619 1177 2674 qua
1233 2592 1359 2658 sola
1412 2602 1592 2673 hujus
1647 2603 1856 2675 synodi

207 2691 473 2748 notitiam
504 2690 823 2758 habemus,
858 2691 1210 2758 referuntur,
1244 2689 1395 2746 sicut
1451 2690 1855 2764 episcoporum

207 2780 556 2854 scriptiones
590 2779 673 2835 ibi
704 2780 1003 2851 appositae,
1039 2778 1250 2836 melius
1272 2795 1424 2835 anno
1463 2782 1602 2836 1072
1655 2797 1859 2837 οοηνθο

207 2868 395 2938 niunt,
425 2874 493 2923 ut
515 2869 651 2940 jam
680 2868 1006 2925 observavit
1036 2867 1315 2953 Marlotus
1353 2874 1512 2925 tomo
1543 2870 1590 2925 II
1646 2870 1856 2927 Metro-

203 2956 353 3029 polis
411 2955 788 3025 Remensis;
847 2973 952 3013 nec
1009 2956 1255 3013 dubium
1316 2957 1457 3031 quin
1515 2958 1626 3014 isto
1709 2958 1859 3016 cele-

203 3045 436 3103 bratum
468 3046 653 3104 fuerit
682 3046 793 3102 hoc
812 3045 1124 3102 concilium
1150 3062 1163 3101 :
1198 3056 1377 3118 quare
1408 3046 1747 3112 dicendum.
1773 3052 1862 3105 est

205 3139 461 3192 erratum
477 3153 552 3192 ex
576 3135 959 3192 amanuensis
981 3135 1288 3193 oscitantis
1300 3136 1657 3207 provenisse.
1681 3136 1857 3194 Aliud

207 3224 360 3281 idem
391 3225 693 3289 Labbeus,
725 3224 878 3280 sicut
906 3228 963 3280 et
995 3224 1217 3297 lperius
1248 3225 1307 3278 in
1336 3224 1621 3282 Chronico
1674 3227 1861 3283 sancti

206 3311 444 3382 Bertini,
466 3311 793 3369 concilium
819 3312 1051 3370 exhibet
1071 3313 1179 3369 hoc
1200 3329 1355 3370 anno
1376 3314 1572 3370 Remis
1595 3315 1862 3372 habitum

205 3400 264 3456 in
275 3417 464 3459 causa
481 3401 725 3457 Roberti
742 3400 1045 3470 Flandriaz,
1078 3402 1336 3472 comitis,
1355 3403 1479 3474 qui,
1503 3407 1567 3458 ut
1582 3402 1862 3475 diximus,

204 3490 295 3546 sui
322 3489 579 3546 dominii
610 3489 836 3546 clericis
863 3489 1198 3547 facultatem
1229 3491 1516 3547 condendi
1543 3496 1860 3551 testamen-

202 3584 328 3637 tum
358 3580 598 3637 auferre
627 3578 999 3636 moliebatur.
1033 3582 1124 3646 At,
1158 3579 1294 3637 licet
1321 3586 1543 3637 certum
1576 3582 1654 3638 sit
1709 3583 1862 3639 hanc

200 3669 492 3741 synodum
510 3668 713 3741 reipsa
738 3669 934 3724 Remis
951 3674 1213 3725 coactam
1247 3668 1449 3735 fuisse,
1484 3671 1639 3727 haud
1664 3676 1859 3729 tamen

198 3756 437 3814 omnino
458 3760 697 3815 constat
725 3775 800 3813 an
830 3757 940 3813 hoc
980 3762 1083 3813 aut
1127 3759 1395 3831 sequenti
1446 3777 1599 3815 anno
1656 3762 1863 3817 debeat

199 3845 560 3920 consignari.
620 3845 863 3917 ‘Majoris
918 3846 1200 3903 momenti
1261 3846 1369 3902 fuit
1438 3848 1861 3906 Suessionense

198 3935 538 4004 concilium,
574 3935 731 4006 quod
757 3934 1088 4008 Raynaldus
1124 3937 1438 3995 Remorum
1470 3937 1862 4011 metropolita-

201 4041 315 4080 nus
357 4024 470 4081 hoc
523 4040 681 4080 anno
738 4024 1092 4093 convocavit,
1148 4025 1430 4082 adversus
1464 4027 1858 4097 Roscelinum,

200 4114 524 4186 quemdam
576 4113 1104 4186 Compendiensem
1154 4113 1454 4183 clericum,
1506 4115 1607 4189 qui
1680 4133 1860 4174 novos

200 4218 429 4260 errores
460 4203 623 4259 circa
666 4201 1051 4258 sanctissima:
1099 4202 1404 4260 Trinitatis
1458 4222 1739 4278 personas
1793 4224 1861 4264 eo

199 4292 467 4364 tempore
497 4290 956 4347 disseminabat.
995 4293 1154 4348 Hunc
1184 4293 1538 4365 posteriores
1595 4299 1863 4353 auctores

197 4379 356 4436 Petri
388 4378 685 4435 Abelardi
718 4380 1070 4453 magistrum
1100 4380 1485 4453 appellavere,
1524 4383 1647 4439 sive
1704 4386 1860 4457 quod

199 4468 397 4541 neipsa
425 4469 562 4540 ejus
584 4468 916 4540 discipulus
947 4469 1119 4525 fuerit
1147 4470 1507 4538 Abzelardus,
1551 4477 1652 4528 aut
1709 4479 1860 4531 certe

1951 560 2197 610 conatus
2228 556 2377 611 irriti
2410 558 2591 613 fuere.

1942 660 2134 717 CXIV.
2172 662 2417 719 Urbanus
2447 663 2695 735 Philippi
2722 664 2867 733 regis
2896 664 3235 721 adulterinas
3261 668 3482 735 nuptias
3511 667 3599 723 de-

2021 737 2272 789 testatur.
2296 737 2367 791 Iis
2397 737 2605 790 resistit
2624 737 2731 803 Ivo,
2756 740 2807 791 et
2827 737 2952 791 alii.
3010 742 3049 793 Α
3086 752 3190 807 quo
3210 737 3489 793 celebratae
3504 743 3530 794 γ

2027 822 2300 879 Urbanus
2323 840 2477 891 vero,
2500 823 2634 879 licet
2666 823 3036 881 animolenis
3056 828 3114 881 et
3160 825 3322 898 pacis
3379 826 3597 884 studio-

1953 910 2228 968 sissimus
2261 913 2454 981 fuerit,
2487 917 2662 985 atque
2693 913 2753 968 in
2784 914 3015 986 magnis
3045 919 3185 971 tunc
3243 916 3602 973 constitutus

1952 1000 2244 1074 angustiis
2275 1001 2534 1075 indigere
2563 1003 2860 1058 videretur
2891 1004 3083 1059 favore
3124 1003 3479 1077 principum,
3539 1008 3605 1061 ut

1952 1089 2215 1163 seipsum
2244 1090 2523 1147 adversus
2554 1092 2785 1147 Henrici
2817 1092 3064 1166 Augusti
3094 1094 3344 1165 ejusque
3392 1108 3600 1167 sequa-

1954 1178 2110 1235 cium
2124 1178 2390 1250 insidias,
2405 1184 2712 1248 tutaretur,
2729 1180 2883 1236 haud
2904 1186 3101 1237 tamen
3120 1198 3382 1254 unquam
3397 1197 3601 1239 eorum

1954 1268 2097 1323 vitia
2111 1268 2524 1337 dissimulavit,
2558 1273 2659 1324 aut
2689 1271 3003 1326 obsecutus
3033 1275 3125 1326 est
3154 1272 3350 1342 pravis
3396 1286 3600 1328 eorum

1953 1357 2373 1427 voluntatibus,
2400 1362 2466 1413 ut
2494 1358 2606 1415 sibi
2637 1358 2770 1415 illos
2800 1358 3137 1415 devincirct.
3172 1359 3604 1434 HincPhilippe

1958 1447 2311 1503 Francorum
2345 1448 2484 1520 regi,
2543 1448 2642 1520 qui
2700 1448 2947 1504 dimissa
3004 1448 3243 1521 propria
3292 1466 3471 1507 uxore
3529 1450 3603 1505 ad

1958 1535 2196 1608 nuptias
2226 1535 2583 1592 adulterinas
2616 1537 2919 1591 convolare
2951 1537 3266 1605 nitebatur,
3296 1554 3602 1611 nunquam

1957 1628 2290 1681 assentatus
2322 1630 2446 1680 cst:
2477 1627 2798 1681 econtrario
2829 1626 3010 1680 vetuit
3042 1642 3114 1681 ne
3142 1625 3300 1683 ullus
3340 1642 3601 1699 unquam

1958 1713 2205 1769 antistes
2228 1713 2365 1768 huic
2383 1713 2637 1782 mulieri,
2660 1730 2836 1785 quam
2858 1713 2969 1768 sibi
2998 1730 3094 1769 rex
3112 1714 3387 1787 copulare
3403 1714 3605 1772 illicito

1957 1801 2206 1869 volebat,
2239 1818 2512 1858 coronam
2538 1803 2836 1875 imponere
2867 1803 3098 1869 audeat,
3118 1804 3434 1877 ipsumque
3451 1805 3607 1880 prin-

1959 1892 2146 1964 cipem
2176 1892 2572 1948 comminatus
2602 1896 2711 1957 est,
2745 1895 2891 1947 teste
2922 1892 3048 1964 ipso
3080 1892 3251 1950 Ivone
3288 1893 3459 1966 epist.
3512 1896 3604 1963 28,

1961 1980 2095 2047 sibi,
2127 1981 2240 2036 nisi
2273 1998 2305 2037 a
2337 1979 2490 2035 malo
2524 1980 2821 2053 proposito
2854 1980 3165 2048 recederet,
3200 1982 3383 2039 sacris
3426 1982 3606 2039 inter-

1961 2071 2279 2125 dicturum.
2309 2071 2377 2124 Et
2408 2070 2666 2142 quidem,
2702 2085 2833 2124 cum
2865 2086 2964 2124 rex
3002 2068 3184 2126 nullis
3242 2071 3483 2127 monitis
3542 2086 3609 2127 ac

1960 2160 2230 2232 precibus
2262 2176 2297 2213 a
2324 2158 2500 2213 semel
2521 2164 2797 2231 concepto
2823 2158 3066 2213 consilio
3087 2158 3367 2214 dimoveri
3391 2159 3611 2231 potuis-

1962 2254 2070 2320 set,
2103 2249 2176 2304 ab
2204 2248 2445 2319 Hugone
2476 2247 2665 2319 legato
2705 2247 3045 2319 apostolico,
3089 2247 3245 2318 quod
3303 2247 3611 2320 repudiata

1962 2337 2198 2410 propria
2227 2337 2475 2409 conjuge
2504 2336 2694 2402 Berta,
2727 2335 2994 2401 alteram,
3024 2335 3246 2391 scilicet
3265 2336 3606 2393 Bertradam

1965 2425 2235 2482 Fulcanis
2254 2423 2687 2496 Andegavcnsis
2712 2424 2944 2478 comitis
2969 2440 3225 2491 uxorem,
3260 2425 3610 2480 assentanti-

1964 2515 2076 2570 bus
2110 2513 2407 2569 nonnullis
2438 2512 2748 2585 episcopis,
2782 2510 3013 2583 publice
3044 2511 3157 2566 sibi
3186 2511 3608 2583 conjunxisset,

1965 2602 2376 2661 communione
2407 2601 2669 2674 privatus
2699 2605 2806 2656 est.
2838 2603 3132 2667 Quantum
3164 2616 3297 2656 vero
3355 2602 3607 2659 desuda-

1966 2692 2112 2747 verit
2141 2690 2451 2764 religiosus
2482 2690 2758 2762 pontifex,
2791 2706 3087 2762 quamque
3107 2688 3394 2746 sollicitus
3416 2690 3608 2761 fuerit,

1966 2786 2031 2838 ut
2062 2797 2255 2853 regem
2287 2796 2320 2835 a
2346 2783 2511 2835 tanto
2541 2780 2814 2846 facinore,
2847 2795 2980 2834 eum
3013 2779 3133 2835 sive
3168 2796 3272 2852 per
3324 2780 3612 2854 seipsum,

1967 2871 2099 2926 sive.
2119 2886 2222 2941 per
2251 2868 2418 2935 alios,
2439 2868 2749 2937 monendo,
2772 2868 3133 2923 obsecrando
3148 2873 3207 2924 et
3221 2868 3397 2925 etiam
3419 2869 3614 2926 minas

1966 2958 2309 3016 intentando
2340 2957 2680 3021 deterreret,
2714 2961 2894 3013 testes
2924 2961 3063 3012 sunt
3090 2957 3221 3029 ejus
3246 2956 3504 3030 epistolis
3544 2975 3616 3014 ea

1968 3049 2039 3105 de
2070 3064 2151 3116 re,
2185 3051 2243 3103 et
2270 3045 2648 3103 conciliorum
2668 3046 2899 3102 decreta
2927 3062 3057 3118 qua:
3086 3050 3422 3119 supersunt.
3448 3048 3615 3104 Certe

1970 3137 2269 3193 Urbanum
2287 3136 2359 3192 ad
2392 3153 2595 3193 omnes
2624 3134 2787 3209 regni
2821 3135 3298 3208 archiepiscopus
3321 3139 3379 3192 et
3398 3136 3617 3208 episco-

1893 3199 1935 3265 Ο
1967 3244 2076 3299 pos
2105 3243 2310 3300 graves
2340 3225 2410 3281 de
2442 3227 2549 3281 hoc
2574 3199 2805 3297 negotio
2838 3199 3060 3279 litteras
3090 3199 3399 3296 scripsisse
3432 3199 3614 3283 testis

1969 3321 2058 3371 est
2088 3315 2197 3371 hac
2228 3316 2287 3370 in
2321 3332 2382 3370 re
2411 3314 2568 3369 omni
2600 3313 2935 3386 exceptione
2975 3314 3165 3385 major
3194 3314 3287 3369 Ivo
3345 3316 3619 3371 Carnote-

1971 3423 2105 3475 nus,
2139 3405 2237 3476 qui
2271 3420 2392 3467 eas,
2420 3407 2486 3457 ut
2515 3418 2582 3457 ex
2603 3404 2731 3474 ejus
2750 3400 2997 3474 epistola
3022 3404 3093 3457 25
3115 3404 3185 3458 ad
3216 3404 3411 3475 ipsum
3433 3403 3615 3461 Urba-

1971 3511 2113 3549 num
2142 3493 2277 3548 data
2306 3497 2531 3548 certum
2562 3495 2669 3561 est,
2703 3490 3235 3563 caeterisepiscopis
3263 3490 3623 3549 distribuen-

1971 3584 2075 3639 das
2131 3585 2445 3654 receperat.
2506 3580 2665 3636 Idem
2729 3583 2981 3635 testatur
3035 3578 3350 3635 0rdericus
3404 3579 3616 3638 Vitalis

1968 3672 2116 3727 libro
2148 3688 2249 3726 vm
2282 3668 2544 3726 Historiis
2575 3667 3001 3738 ecclesiasticas,
3035 3668 3134 3724 ubi
3166 3668 3403 3741 scripsit
3448 3670 3615 3743 pium

1970 3761 2302 3834 pontiﬁcem
2361 3774 2430 3814 ea
2476 3758 2782 3814 occasione
2838 3758 3039 3827 legatos
3105 3759 3412 3829 apostolicae
3473 3759 3617 3816 sedis

1969 3852 2027 3905 in.
2051 3849 2287 3905 Galliam
2315 3848 2631 3915 destinasse,
2665 3850 2716 3901 et
2742 3862 2841 3919 per
2868 3848 3122 3918 epistolas
3178 3851 3229 3903 et
3277 3848 3617 3904 sacerdotum

1964 3938 2415 4010 praedicationem
2442 3952 2737 3993 erroneum
2766 3952 2947 4005 regem
2993 3938 3256 4007 arguisse,
3316 3936 3620 3993 obsecrasse

1967 4035 2020 4083 et
2047 4029 2373 4098 increpasse,
2404 4026 2500 4097 qui
2527 4024 2829 4094 legitimam
2876 4024 3167 4095 conjugem
3216 4024 3612 4096 repudiaverit,

1967 4115 2380 4186 adulterumque
2404 4114 2512 4168 sibi
2538 4119 2725 4168 contra
2756 4113 2931 4184 legem
2958 4113 3057 4168 Dei
3073 4115 3381 4170 sociaverit.
3443 4114 3612 4170 Haud

1966 4221 2099 4261 vero
2129 4202 2408 4276 praecipiti
2438 4201 2663 4274 impetu
2684 4218 2776 4258 res
2805 4201 3092 4257 tractabat
3121 4201 3618 4274 prudentissimus

1969 4293 2245 4366 pontifex,
2279 4292 2379 4348 sed
2412 4291 2611 4347 omnia
2634 4295 2861 4347 mature
2884 4290 3262 4364 ponderando
3289 4289 3435 4346 nihil
3453 4291 3621 4347 omit-

1968 4382 2128 4438 tebat
2155 4398 2225 4437 ex
2254 4380 2346 4435 his
2379 4396 2507 4451 quae
2540 4379 2611 4434 ad
2645 4394 2835 4434 causae
2878 4379 3271 4451 cognitionem
3294 4379 3620 4435 conducere

1966 4472 2332 4528 videbantur.
2369 4468 2531 4524 Unde
2562 4468 2853 4540 susceptis
2886 4486 2920 4524 a
2953 4467 3162 4524 comite
3213 4466 3619 4540 Andegavensi

198 4559 272 4613 ob
302 4557 543 4614 similes
563 4572 791 4613 errores
824 4564 1072 4630 utroque
1102 4564 1524 4632 propugnatos.
1585 4563 1861 4627 Quaenam
1893 4566 1939 4631 1)
1969 4559 2199 4633 legatis,
2232 4557 2332 4630 qui
2366 4557 2705 4612 Bertradam
2736 4557 3094 4628 repetebant,
3126 4557 3347 4630 gradus
3369 4573 3619 4614 consan-

195 4662 333 4703 vero
364 4646 599 4704 fuerint
627 4645 729 4701 illa
754 4646 901 4703 falsa
928 4648 1060 4718 ejus
1091 4648 1390 4718 dogmata,
1440 4649 1676 4721 exponit
1727 4668 1863 4707 san-

194 4740 327 4793 ctus
355 4734 686 4792 Anselmus
713 4734 861 4792 libro
886 4752 948 4806 ιι,
981 4736 1153 4809 epist.
1189 4738 1249 4792 41
1285 4738 1357 4793 ad
1386 4736 1699 4794 Fulconem
1739 4741 1858 4813 epi-

192 4840 449 4898 scopum
482 4823 975 4892 Bellevacensem,
1022 4829 1080 4881 et
1133 4824 1194 4881 in
1250 4825 1396 4882 libro
1454 4827 1535 4883 De
1591 4828 1861 4886 Incarna-

190 4914 354 4971 tione
385 4928 573 4987 quem
607 4913 838 4970 Urbano
861 4914 1121 4987 pontiﬁci
1145 4916 1524 4989 nuncupavit.
1546 4917 1606 4973 In
1625 4934 1692 4973 eo
1715 4917 1861 4973 libro

190 5002 530 5060 Anselmus
561 5002 938 5058 Roscelinum
968 5010 1087 5059 tres
1117 5003 1177 5059 in
1209 5004 1325 5060 Deo
1347 5022 1627 5078 personas
1658 5008 1861 5063 eodem

191 5092 374 5150 modo
406 5095 661 5147 tres-res
689 5105 820 5147 esse
849 5090 1003 5147 sicut
1036 5097 1153 5149 tres
1207 5092 1446 5165 angelos
1503 5100 1861 5152 asserentem

188 5181 416 5239 refellit
441 5197 458 5250 ;
486 5184 627 5236 tum
658 5179 992 5237 calumnias
1020 5182 1304 5238 adversus
1335 5183 1750 5255 Lanfrancum,
1807 5190 1865 5242 et

185 5270 376 5328 etiam
410 5269 478 5326 in
512 5268 778 5341 seipsum
810 5269 884 5325 ab
913 5286 979 5326 eo
1012 5269 1301 5326 nebulone
1329 5270 1598 5328 heretico
1645 5277 1864 5329 temere

180 5359 628 5416 disseminatas
650 5358 941 5414 confutat.
973 5358 1028 5415 Is
1049 5376 1262 5433 nempe
1279 5359 1649 5432 impudenter
1679 5362 1867 5419 fuerat

182 5448 496 5505 mentitus
550 5449 747 5502 tantos
803 5463 991 5503 caussa
1043 5465 1160 5503 suae
1216 5448 1610 5520 patrocinatos
1659 5449 1861 5508 fuisse.

183 5540 264 5595 At
294 5535 591 5593 haeresim
619 5551 791 5591 suam
824 5552 1018 5591 coram
1050 5537 1254 5610 synodi
1288 5537 1557 5595 Patribus
1595 5540 1866 5611 abjurare

186 5631 449 5687 coactus
469 5627 589 5693 est,
610 5639 793 5698 quam
809 5627 1003 5681 tamen
1024 5625 1074 5682 si
1100 5626 1261 5686 'Ivoni
1278 5628 1587 5687 credamus
1613 5629 1785 5705 epist.
1807 5632 1862 5700 7,

184 5719 252 5783 in
283 5713 670 5778 clandestinis
698 5712 1162 5797 disputationibus
1176 5719 1378 5795 postea
1406 5721 1472 5778 ut
1498 5717 1629 5796 eius
1667 5718 1868 5781 farina

1971 4646 2277 4722 guinitatis
2306 4662 2500 4702 coram
2526 4661 2589 4701 se
2618 4645 2948 4716 computari
2980 4662 3047 4701 ac
3077 4645 3310 4718 probari
3341 4646 3499 4715 fecit,
3553 4650 3621 4702 ut

1970 4738 2147 4793 refert
2179 4737 2269 4791 Ivo
2300 4736 2472 4808 epist.
2504 4736 2606 4789 211
2637 4735 2706 4789 ad
2741 4733 3057 4791 Radulfum
3109 4734 3618 4807 archiepiscopum

1969 4827 2338 4892 Remensem,
2359 4828 2674 4895 antequam
2697 4822 3021 4894 quidquam
3044 4822 3469 4894 pronuntiaret.
3487 4822 3617 4879 Non

1970 4914 2127 4970 enim
2160 4913 2255 4970 ille
2281 4913 2402 4968 ﬁeri
2463 4912 2788 4984 quidquam
2849 4914 3065 4967 temere
3111 4911 3362 4980 volebat,
3418 4911 3504 4968 ita
3555 4914 3622 4967 ut

1972 5004 2085 5070 Ivo,
2118 5003 2239 5075 ipse
2271 5002 2516 5057 fortasse
2548 5000 2864 5072 aliquando
2913 5000 3229 5056 ferventior
3279 5016 3455 5073 quam
3514 5016 3625 5073 par

1971 5097 2144 5159 esset,
2177 5108 2243 5147 ac
2274 5107 2448 5147 morai
2477 5089 2810 5161 impatiens,
2833 5089 2961 5160 ejus
2978 5088 3088 5145 hac
3118 5090 3176 5144 in
3196 5106 3255 5145 re
3285 5090 3620 5147 tarditatem

1972 5186 2174 5239 notare
2202 5181 2468 5236 videatur
2496 5178 2666 5252 epist.
2699 5179 2788 5234 30.

2042 5272 2203 5327 Idem
2232 5269 2327 5327 Ivo
2357 5287 2391 5326 a
2412 5285 2545 5342 rege
2576 5270 2649 5325 ad
2681 5268 2919 5341 nuptias
2948 5268 3201 5326 Parisios
3222 5269 3501 5325 invitatus
3527 5281 3619 5321 re-

1976 5361 2104 5417 nuit
2132 5360 2231 5416 illo
2262 5359 2365 5424 ire,
2399 5358 2513 5414 nisi
2534 5358 2762 5414 divortii
2795 5374 2973 5414 causa
2988 5363 3158 5414 antea
3186 5357 3393 5414 fuisset
3416 5368 3622 5425 appro-

1975 5451 2113 5507 bata
2142 5450 2214 5505 ab
2244 5447 2533 5521 episcopis
2564 5447 2623 5503 in
2654 5446 2899 5503 concilio
2929 5445 3206 5519 generali,
3256 5449 3320 5500 ut
3373 5444 3623 5515 ipsemet

1977 5537 2223 5612 epistola
2251 5539 2318 5593 15
2344 5537 2417 5593 ad
2448 5537 2645 5610 ipsum
2678 5551 2872 5608 regem
2894 5535 3034 5590 data
3060 5533 3373 5590 declaravit
3396 5550 3409 5601 ;
3432 5530 3550 5585 imo
3562 5534 3623 5587 et

1976 5644 2097 5684 suae
2125 5626 2386 5699 epistolas
2415 5640 2594 5699 quam
2618 5624 2738 5699 regi
2758 5624 2872 5680 seri
2882 5628 3075 5697 pserat
3108 5620 3439 5694 exemplum
3488 5617 3622 5677 aliis

1975 5715 2266 5795 episcopis
2296 5716 2399 5793 qui
2429 5716 2501 5775 ad
2528 5713 2636 5775 has
2664 5729 2898 5795 quoque
2918 5712 3154 5791 nuptias
3170 5706 3468 5772 convocati
3496 5705 3621 5785 tua:
