3958 6224
313 314 392 372 99
1615 303 1684 366 B.
1733 300 1939 370 URBA

2170 304 2262 366 ΡΑ
2275 301 2419 364 ΡᾹῖ.

314 449 448 500 rant
476 441 655 508 misit,
681 451 817 498 com
847 437 979 495 aliis
1009 435 1240 504 litteris,
1272 436 1489 510 quibus
1529 455 1628 493 eos
1686 439 1958 493 monebat

311 536 371 588 ut
400 548 471 588 ne
497 532 688 602 fierent
715 531 857 585 sicut
886 543 1048 583 canes
1084 528 1226 582 muti
1271 527 1480 582 latrare
1525 542 1636 580 non
1692 526 1953 590 valentes,

311 619 550 694 scripsit
577 619 754 675 etiam
784 618 855 672 de
885 617 1087 671 eadem
1106 633 1165 671 re
1187 615 1258 670 ad
1283 613 1649 686 Raynoldum
1672 613 1956 686 archiepi-

310 725 554 782 800pum
589 709 954 772 Remensem,
990 703 1079 759 cui
1109 719 1234 759 sese
1265 703 1338 758 ad
1387 702 1495 758 has
1551 703 1787 774 nuptias
1843 719 1956 757 non

311 799 537 854 iturum
568 794 902 868 spepondit,
931 791 1292 864 nisiilleipse
1313 807 1410 846 eas
1429 795 1580 847 esset
1632 789 1955 845 celebratu-

313 903 436 954 rus,
469 885 649 957 quod,
681 900 815 939 cum
848 882 1154 938 Remensis
1203 881 1462 946 Ecclesia,
1524 879 1742 950 inquit,
1795 879 1959 948 regni

311 975 562 1031 diadema
595 973 806 1040 habeat,
840 971 986 1026 nihil
1022 970 1240 1041 absque
1269 967 1429 1023 illius
1484 965 1764 1023 antistitis
1818 983 1953 1022 con-

312 1080 489 1120 sensu
506 1062 742 1119 deberet
752 1059 896 1115 ﬁeri.
914 1059 942 1114 J
953 1057 1226 1114 actitabat
1243 1057 1480 1129 quidem
1498 1055 1644 1110 Phili
1654 1072 1803 1128 ppus
1817 1071 1952 1112 cau-

311 1169 440 1209 sam
469 1152 544 1208 ab
575 1151 804 1207 Urbano
822 1165 971 1220 papa
987 1146 1167 1202 fuisse
1187 1145 1515 1209 deﬁnitam,
1539 1146 1951 1217 approbatum-

313 1258 426 1314 que
443 1257 476 1296 a
495 1239 790 1312 Raynoldo
811 1234 1247 1308 archiepiscopo
1277 1235 1525 1306 ejusque
1543 1233 1951 1306 suifraganeis.

311 1334 382 1387 At
410 1330 504 1386 his
521 1328 692 1385 dictis
714 1343 828 1382 non
851 1325 1127 1380 credebat
1158 1325 1272 1380 Ivo.
1303 1324 1370 1378 Et
1401 1328 1555 1379 certe
1587 1322 1956 1395 Raynoldum

313 1434 615 1490 nunquam
649 1415 900 1487 Philippi
923 1413 1149 1486 nuptiis
1178 1413 1549 1468 consensisse
1588 1411 1725 1484 plus
1775 1428 1953 1483 quam

310 1506 608 1581 probabile
636 1509 744 1561 est.
779 1505 839 1560 1d
873 1519 1015 1559 sane
1047 1507 1269 1558 certum
1303 1507 1411 1567 est,
1460 1501 1566 1558 has
1620 1501 1857 1572 nuptias
1920 1518 1955 1555 a

311 1595 628 1670 Raynoldo,
652 1594 807 1666 quod
823 1598 1017 1648 tamen
1033 1590 1402 1664 privilegium
1417 1595 1540 1646 erat
1555 1606 1672 1645 sua:
1685 1587 1952 1646 Ecclesia:

310 1685 662 1747 antistitum,
696 1697 999 1753 nunquam
1042 1679 1225 1734 fuisse
1272 1678 1626 1746 celebratas;
1686 1677 1954 1733 Urbanus

311 1790 441 1830 vero
460 1789 574 1828 non
597 1772 979 1835 obscure,aut
1001 1767 1292 1840 privatim,
1313 1767 1410 1822 sed
1434 1766 1624 1838 palam
1647 1765 1694 1821 ei
1715 1765 1950 1822 disertis

310 1861 502 1918 verbis
522 1877 636 1916 non
663 1858 842 1916 semel
873 1875 971 1913 eas
993 1857 1314 1912 detestatus
1333 1860 1440 1923 est,
1473 1859 1538 1910 ut
1567 1871 1636 1910 ex
1667 1855 1795 1926 ejus
1829 1854 1952 1927 epi-

309 1950 460 2009 stola
479 1950 549 2005 ad
574 1948 846 2005 eumdem
866 1943 1228 2018 Raynoldum
1251 1950 1603 2016 caaterosque
1645 1943 1950 2016 provincia:

309 2039 616 2096 Remensis
639 2037 945 2110 episcopos
973 2036 1108 2090 data
1137 2037 1382 2097 constat,
1416 2032 1475 2088 in
1526 2049 1644 2104 qua
1699 2033 1952 2106 graviter

309 2128 444 2184 illos
472 2125 842 2200 reprehendit
864 2124 1016 2196 quod
1047 2127 1280 2178 tantum
1311 2121 1654 2176 scandalum
1691 2137 1799 2177 sua
1847 2137 1948 2176 au-

308 2216 574 2273 ctoritate
605 2231 720 2271 non
743 2212 1201 2286 impedivissent.
1237 2212 1380 2277 lmo,
1414 2209 1752 2266 siOrderico
1775 2210 1948 2264 fidem

307 2307 523 2362 habere
552 2304 706 2369 licet,
726 2302 925 2358 nullus
954 2301 1196 2356 antistes
1225 2300 1283 2354 in
1313 2299 1501 2356 Gallia
1523 2300 1674 2372 regis
1690 2298 1949 2370 cupidini

239 2377 248 2385 ’
307 2394 576 2452 assensit.
612 2392 760 2460 Quin
792 2396 848 2448 et
870 2391 1022 2446 idem
1057 2394 1408 2463 auctorpost
1435 2390 1610 2444 verba
1627 2405 1753 2460 quis
1777 2385 1948 2460 paulo

306 2484 577 2556 superius
597 2481 992 2548 laudavimus,
1023 2479 1456 2536 Gallicanorum
1477 2477 1793 2551 praesulum
1817 2475 1948 2532 reli-

303 2573 535 2647 gionem
553 2570 778 2638 laudat,
800 2569 953 2642 quod
973 2569 1182 2634 nullus,
1203 2573 1270 2623 ut
1287 2567 1525 2640 quidem
1544 2567 1668 2639 ipse
1686 2566 1950 2638 putabat,

301 2661 694 2720 exsecrabilem
721 2659 875 2713 hanc
903 2659 1361 2714 consecrationem
1378 2656 1639 2726 digna/us
1660 2657 1732 2710 sit
1751 2657 1949 2726 facere.

305 2753 347 2807 Ii
361 2751 541 2814 enim,
563 2749 646 2804 uti
661 2747 1052 2820 prosequitur,
1075 2748 1133 2800 in
1158 2747 1336 2816 rigore
1355 2748 1560 2799 stantes
1575 2743 1955 2799 ecclesiasticae

302 2837 653 2895 rectitudinis
679 2837 784 2891 Deo
813 2837 988 2905 magis
1045 2851 1211 2905 quam
1267 2833 1578 2888 hminibus
1630 2831 1950 2887 studuerunt

299 2929 558 3001 placere;
587 2934 638 2980 et
661 2940 845 2981 omnes
877 2931 1088 2994 turpem
1131 2923 1383 2992 copulam
1429 2923 1768 2976 unanimiter
1807 2921 1948 2976 dete-

304 3018 436 3072 stati
463 3018 593 3072 sunt
618 3014 750 3086 pari
776 3012 1135 3068 anathemate.
1167 3012 1314 3066 Tum
1346 3009 1650 3083 subjungit
1713 3010 1866 3081 quod
1900 3009 1950 3065 si

307 3107 455 3162 forte
485 3109 627 3173 tunc
655 3101 962 3174 Philippus
991 3101 1050 3156 in
1081 3100 1318 3173 aliquod
1347 3101 1604 3173 oppidum
1635 3101 1714 3156 vel
1761 3099 1951 3155 urbem

3607 298 3726 363 {00

2073 437 2200 507 ejus
2233 437 2599 508 sull‘raganeo
2632 433 2754 490 ﬁeri
2800 449 2915 490 non
2977 430 3390 508 prohibuisset.
3451 435 3539 491 An
3599 437 3722 492 Odo

2070 525 2374 594 Bajocensi
2400 529 2500 580 aut
2521 523 2853 582 Willelmus
2875 523 3132 596 primum
3155 523 3524 582 interfuerint
3545 543 3724 598 spon-

2075 615 2302 670 salibus
2319 613 2566 687 Philippi
2587 618 2638 670 et
2659 614 2968 682 Bertradaz,
2992 631 3246 686 quorum
3266 619 3469 688 postea
3487 613 3731 688 nuptias

2071 703 2530 758 Silvanectensis
2579 704 2890 774 episcopus
2948 703 3331 774 benedixerit,
3409 703 3723 759 incertum.

2065 791 2232 846 Certe
2267 790 2412 847 alios
2443 791 2618 847 etiam
2649 792 2954 864 episcopos
2985 791 3312 866 priestingit
3339 793 3413 848 ob
3453 793 3726 849 eamdem

2066 896 2189 934 rem
2221 880 2386 953 Hugo
2420 880 2893 949 Flaviniacensis,
2919 881 3019 953 qui
3051 881 3259 938 asserit
3274 880 3618 955 Philippum
3661 883 3725 938 in

2068 969 2352 1038 episcopis
2377 969 2539 1042 regni
2563 969 2664 1026 sui
2679 971 2960 1026 invenisse
2977 986 3116 1044 quos
3128 970 3242 1026 sibi
3257 971 3533 1036 sociaret,
3555 967 3723 1042 quo:-

2061 1060 2326 1129 quetanti
2333 1059 2649 1132 sacrilegii
2657 1061 2962 1116 ministros
2972 1058 3472 1132 efﬁceret;nempe
3485 1061 3727 1131 Philip-

2062 1164 2199 1216 pum
2223 1154 2558 1206 Trecensem
2571 1150 2901 1218 episcopum
2922 1159 2976 1206 et
3002 1149 3328 1206 ll’alterium
3346 1142 3726 1218 Meldensem,

2061 1239 2158 1294 cui
2175 1238 2246 1292 ob
2274 1239 2376 1293 hoc
2405 1239 2804 1310 episcopatum
2830 1238 3014 1303 dedit,
3064 1242 3124 1292 ut
3177 1238 3502 1295 sacrationi
3537 1239 3727 1309 cujus

2072 1328 2372 1382 Trecensis
2399 1335 2542 1382 esset
2563 1335 2864 1398 operator,
2888 1328 2976 1380 hic
3006 1327 3163 1401 foret
3191 1335 3619 1383 consentaneus
3663 1333 3725 1382 et

2063 1416 2351 1470 minister.
2381 1417 2450 1470 Et
2471 1415 2708 1487 quidem
2725 1414 2892 1470 testis
2903 1415 3096 1470 estlvo
3111 1415 3280 1487 epist.
3300 1416 3372 1470 66
3387 1419 3446 1472 et
3467 1429 3721 1488 sequen-

2064 1503 2221 1558 tibus
2253 1502 2587 1575 Philippum
2605 1519 2669 1556 ac
2691 1501 2955 1574 pellicem
2980 1503 3108 1574 ejus
3139 1501 3480 1557 Bertradam
3497 1501 3725 1574 episco-

2064 1597 2234 1666 patus
2266 1599 2320 1648 et
2344 1592 2610 1647 abbatias
2630 1590 2862 1647 venales
2880 1591 3226 1646 reddidisse.
3256 1591 3330 1646 At
3380 1589 3536 1646 idem
3596 1589 3717 1660 Ivo,

2061 1684 2264 1736 auctor
2291 1680 2542 1736 minime
2573 1685 2906 1752 suspectus,
2934 1679 3106 1752 epist.
3142 1681 3207 1734 17
3226 1683 3478 1735 testatur
3495 1679 3721 1735 Walte-

2066 1771 2216 1824 rium
2251 1769 2603 1824 Meldensem
2627 1770 2964 1841 episcopum
2988 1767 3316 1824 adulterino
3339 1767 3477 1824 huic
3507 1769 3719 1840 conju-

2062 1859 2176 1930 gio,
2197 1857 2402 1914 saltem
2423 1859 2763 1930 priusquam
2789 1858 2970 1920 ﬁeret,
2999 1873 3113 1912 non
3135 1857 3524 1914 consensisse.
3548 1857 3720 1914 Unde

2061 1949 2360 2020 Hugonem
2384 1947 2454 2002 de
2484 1947 2577 2002 his
2599 1947 2772 2003 rebus
2805 1963 2918 2002 non
2943 1945 3090 2002 satis
3115 1949 3382 2002 accurate
3405 1945 3718 2019 scripsisse

2059 2035 2406 2091 crediderim
2441 2034 2728 2103 gmaxime
2749 2051 2882 2090 cum
2905 2035 3031 2107 ipse
3055 2033 3324 2090 Urbanus
3347 2034 3426 2089 ‘in
3460 2032 3714 2106 epistola

2051 2127 2174 2196 jam
2210 2142 2324 2180 non
2356 2123 2536 2180 semel
2568 2123 2805 2179 laudata
2835 2125 2907 2178 ad
2941 2123 3304 2196 Raynaldum
3358 2123 3710 2180 Remensem

2059 2212 2558 2285 archiepiscopum
2591 2213 2834 2284 ejusque
2865 2212 3287 2285 suifraganeos,
3320 2213 3377 2268 id
3429 2229 3464 2268 a
3519 2211 3708 2268 Silva-

2059 2301 2316 2358 nectensi
2348 2302 2620 2374 episcopo
2651 2301 2972 2374 praestitum
3014 2301 3198 2358 fuisse
3246 2301 3482 2358 disertis
3511 2300 3710 2358 verbis

2059 2392 2330 2447 a‘lirmct.

2335 2479 2494 2536 CXV.
2527 2480 2824 2535 Dedicatio
2852 2479 3110 2536 ecclesiae
3140 2481 3428 2536 Cavensis.

2133 2569 2208 2622 Ex
2235 2569 2437 2624 eadem
2469 2568 2678 2626 Urbani
2705 2567 2970 2640 epistola,
3023 2585 3150 2640 qua;
3209 2585 3411 2624 mense
3469 2567 3709 2624 Octobri

2059 2658 2196 2713 anni
2228 2657 2408 2726 huius
2446 2657 2579 2712 1092
2597 2657 2733 2712 data
2759 2662 2868 2725 est,
2901 2661 3054 2712 certe
3075 2656 3371 2730 colligitur
3390 2655 3711 2713 divortium

2063 2745 2311 2818 Philippi
2345 2763 2479 2800 cum
2513 2749 2681 2801 Berta
2711 2747 2960 2817 conjuge
2983 2745 3092 2802 hoc
3122 2745 3250 2818 ipso
3310 2762 3464 2801 anno
3520 2745 3714 2802 conti-

2061 2837 2239 2907 gisse,
2259 2835 2411 2906 quod
2435 2839 2628 2890 tamen
2652 2834 2750 2912 alii
2771 2833 2994 2907 passim
3005 2839 3272 2890 auctores
3286 2837 3416 2907 post
3437 2833 3713 2890 Cbronici

2060 2923 2422 2980 Turonensis
2451 2924 2794 2996 scriptorem
2828 2923 2978 2978 male
3011 2941 3162 2980 anno
3195 2923 3462 2996 sequenti
3511 2924 3708 2980 consi-

2059 3013 2660 3086 gna;unt.Consentit
2688 3011 2914 3068 Clarius
2955 3016 3157 3068 auctor
3213 3011 3474 3084 aequalis.
3535 3013 3591 3068 Is
3647 3011 3714 3068 in

2058 3101 2340 3158 Chronico
2373 3102 2566 3156 Sancti
2589 3101 2736 3157 Petri
2770 3099 3267 3157 ViviSenonensis
3295 3099 3512 3156 diserte
3528 3100 3716 3157 tradit

305 3195 625 3262 advenisset,
665 3191 904 3248 cessabat
959 3192 1134 3246 omnis
1181 3191 1406 3259 clangor
1451 3207 1846 3261 cumpanaram
1900 3193 1950 3244 et
1982 3177 2024 3244 C
2063 3190 2396 3262 Philippum
2415 3207 2568 3246 anno
2590 3190 3004 3260 lO92,dimissa
3026 3207 3200 3246 uxore
3230 3205 3338 3246 sua
3358 3190 3550 3256 Berta,
3573 3191 3712 3246 Ber-

304 3284 582 3355 generalis
609 3290 801 3338 cantus
838 3281 1181 3346 clericorum,
1218 3279 1372 3351 quod
1393 3279 1546 3352 apud
1571 3279 1830 3334 Senonas
1849 3294 1950 3349 per

306 3374 436 3444 dies
456 3373 572 3428 fere
603 3369 937 3444 quindecim
973 3369 1190 3424 factum
1215 3369 1396 3424 fuisse
1424 3374 1619 3424 narrat
1644 3368 1808 3440 Hugo
1833 3367 1952 3422 Fla-

305 3461 675 3528 viniacensis,
709 3459 807 3516 sed
842 3458 936 3516 hic
955 3462 1158 3514 auctor
1187 3474 1256 3514 ea
1284 3475 1412 3530 quae
1443 3461 1579 3512 ante
1609 3460 1666 3512 et
1692 3460 1826 3528 post
1843 3459 1952 3510 Ur-

304 3551 438 3607 bani
463 3551 688 3608 obitum
707 3547 1020 3620 contigere,
1045 3545 1225 3604 simul
1247 3545 1572 3601 confundit.
1598 3545 1713 3601 Hoc
1735 3544 1954 3616 quippe

304 3642 525 3697 iactum
554 3643 645 3696 est
668 3653 802 3693 cum
822 3635 1130 3706 Philippus
1151 3639 1382 3690 mortuo
1410 3633 1658 3701 Urbano,
1682 3634 1754 3688 ad
1777 3633 1955 3688 vomi-

306 3735 434 3785 tum
464 3744 640 3784 suum
672 3741 964 3790 reversus,
995 3740 1032 3778 a
1058 3721 1266 3795 legatis
1317 3721 1616 3778 Paschalis
1674 3737 1835 3794 papa:
1891 3721 1951 3776 in

308 3815 554 3873 concilio
585 3811 910 3868 Pictavensi
942 3811 1124 3867 sacris
1155 3810 1503 3867 interdictus
1529 3810 1752 3867 fuisset.
1797 3810 1951 3866 Nihil

309 3911 508 3962 tamen
539 3901 786 3974 impedit
806 3899 1126 3971 quominus
1157 3897 1216 3953 id
1247 3899 1357 3954 sub
1389 3905 1635 3970 utroque
1682 3899 1954 3972 pontiﬁce

310 3991 588 4050 evenerit.
617 3991 764 4046 Nam
799 3987 1130 4044 Willelmus
1153 3987 1690 4045 Malmesburiensis
1711 3988 1862 4045 lib.v
1883 3988 1954 4044 de

317 4081 559 4139 Henrico
591 4096 744 4152 rege,
768 4078 852 4134 ait
869 4077 1026 4150 quod
1048 4094 1180 4133 cum
1206 4076 1508 4150 Philippus
1533 4078 1604 4134 ab
1624 4077 1954 4150 Apostolico

312 4168 855 4228 excommunicatus
874 4167 1098 4234 fuisset,
1119 4167 1176 4222 in
1208 4183 1622 4240 quamcunque
1641 4166 1840 4223 villam
1858 4184 1952 4223 ve-

313 4260 484 4332 niret,
521 4256 664 4314 nihil
699 4257 776 4314 ibi
808 4256 972 4312 fieret
999 4255 1176 4311 divini
1209 4257 1446 4313 servitii.

381 4351 542 4404 Certe
573 4345 882 4402 0rdericus
899 4344 1024 4400 loco
1046 4344 1280 4401 laudato
1302 4344 1560 4401 Odonem
1581 4346 1954 4414 Bajocensem

315 4437 652 4510 episcopum
683 4433 1168 4508 przevaricationis
1193 4439 1450 4501 accusat,
1497 4434 1654 4506 quod
1704 4433 1956 4505 acceptis

315 4528 374 4582 in
401 4527 890 4597 compensationem
913 4525 1150 4596 infausti
1160 4523 1463 4595 famulatus
1479 4511 1732 4578 Madenti
1758 4521 1955 4594 Oppidi

311 4613 594 4684 ecclesiis,
624 4613 1011 4670 exsecrandum
1043 4613 1188 4667 hanc
1210 4610 1464 4682 Philippi
1498 4609 1652 4682 regis
1707 4615 1765 4664 et
1821 4609 1956 4666 Ber-

311 4704 489 4760 trada:
509 4703 998 4776 desponsationcm,
1023 4701 1179 4772 quod
1211 4700 1398 4754 facere
1428 4699 1750 4754 renuebant
1781 4699 1959 4756 Fran-

311 4793 411 4849 cia:
443 4793 755 4857 antistites,
788 4788 1184 4848 celebraverit.
1221 4789 1336 4843 Hoc
1356 4803 1391 4842 a
1417 4787 1714 4844 Willclmo
1767 4790 1958 4846 archi-

308 4882 581 4956 episcopo
604 4877 1016 4952 Rotomagensi
1045 4877 1264 4932 factum
1289 4877 1469 4932 fuisse
1498 4877 1675 4934 tradit
1696 4878 1962 4935 Malmes—

313 4970 605 5027 buriensis
629 4971 802 5025 modo
836 4967 1130 5032 laudatus,
1151 4967 1224 5021 ob
1255 4965 1430 5038 idque
1459 4982 1592 5022 eum
1625 4967 1698 5022 ab
1730 4967 1958 5023 Urbano

313 5059 495 5115 sacris
521 5058 895 5114 interdictum
926 5071 992 5109 ac
1025 5054 1257 5110 nonnisi
1299 5058 1432 5125 post
1477 5055 1694 5111 multos
1751 5072 1957 5121 annos,

311 5147 705 5204 intercedente
733 5144 902 5206 beato
931 5141 1228 5212 Anselmo,
1247 5141 1585 5199 absolutum
1616 5143 1798 5198 fuisse
1816 5143 1956 5198 scri-

314 5237 416 5294 bit.
453 5236 518 5292 Et
547 5233 788 5306 quidem
819 5237 1041 5287 certum
1073 5236 1163 5288 est
1191 5231 1299 5287 has
1330 5233 1568 5304 nuptias
1598 5249 1632 5288 a
1661 5231 1960 5304 Raynoldo

315 5322 591 5381 Remensi
623 5319 1080 5392 archiepiscopo,
1108 5321 1180 5376 ad
1211 5337 1386 5393 quem
1418 5336 1488 5376 ex
1517 5319 1762 5391 antiqua
1803 5319 1962 5375 sedis

313 5429 432 5469 suae
477 5407 855 5482 praerogativa
875 5409 1236 5478 idmuneris,
1271 5415 1337 5464 ut
1366 5408 1541 5462 habet
1561 5407 1677 5473 Ivo,
1709 5405 1964 5479 pertine-

313 5503 432 5566 bat,
467 5496 787 5554 celebratas
817 5515 930 5554 non
959 5498 1160 5556 fuisse.
1186 5494 1582 5570 Reprehendit
1601 5499 1799 5550 tamen
1817 5495 1962 5568 Ray-

316 5587 566 5652 noldum
595 5585 885 5660 Urbanus,
909 5587 1066 5664 quod
1087 5587 1148 5646 id
1179 5603 1215 5645 a
1242 5583 1660 5644 Silvaneotensi
1694 5581 1965 5663 episcopo

2059 3281 2286 3335 tradam
2317 3280 2631 3352 accepisse,
2651 3296 2829 3352 quam
2853 3279 3176 3352 Philippus,
3198 3279 3282 3335 uti
3299 3279 3542 3335 tradunt
3563 3295 3712 3336 non-

2061 3368 2228 3437 nulli,
2260 3368 2534 3442 rapuitin
2565 3368 2810 3424 ecclesia
2867 3369 3060 3424 Sancti
3114 3367 3382 3436 Joannis,
3432 3384 3565 3424 cum
3629 3367 3712 3422 ibi

2061 3457 2526 3514 canoniciSancti
2559 3457 2791 3514 Martini
2821 3457 3008 3514 fontes
3049 3473 3249 3514 sacros
3301 3455 3363 3512 in
3407 3455 3712 3530 pervigilio

2062 3549 2424 3603 Pentecostes
2446 3547 2888 3614 benedicerent;
2931 3547 3082 3618 quod
3117 3545 3356 3618 quidem
3387 3545 3498 3601 hoc
3556 3561 3715 3601 anno

2063 3638 2277 3692 factum
2313 3636 2512 3701 fuisse,
2545 3639 2822 3707 praeterea
2851 3651 2979 3708 quae
3026 3635 3303 3702 diximus,
3359 3632 3477 3690 alia
3532 3633 3716 3690 etiam

2062 3729 2444 3780 monumenta
2467 3725 2732 3795 probant.

2133 3812 2386 3868 Celebris
2421 3813 2530 3868 luit
2560 3812 2668 3868 hoc
2700 3831 2854 3868 anno
2887 3813 3178 3869 dedicatio
3198 3811 3454 3868 ecclesiae
3505 3827 3714 3867 mona-

2063 3901 2516 3958 steriiCavensis
2549 3902 2622 3956 ab
2651 3901 2779 3974 ipso
2803 3901 3034 3958 Urbano
3080 3901 3252 3957 facta.
3303 3901 3506 3957 Exstat
3551 3899 3716 3956 haud

2064 3989 2264 4066 procul
2296 4009 2330 4046 a
2358 3989 2596 4046 Salerno
2617 3991 2960 4058 oratorium,
2981 3989 3079 4045 ubi
3099 3990 3358 4062 pontifex
3371 3988 3720 4046 substitisse

2063 4079 2298 4145 dicitur,
2330 4095 2464 4134 cum
2497 4079 2706 4134 Cavam
2740 4079 2945 4135 adiret.
2968 4081 3110 4150 Ejus
3155 4079 3266 4135 loci
3323 4077 3720 4135 dedicationis

2063 4168 2369 4226 historiam
2403 4168 2558 4240 quod
2578 4167 2828 4223 multum
2862 4168 2932 4224 ad
2948 4169 3210 4238 ejusdem
3227 4167 3523 4240 pontificis
3538 4171 3722 4224 Gesta

2064 4258 2416 4314 illustranda
2432 4257 2693 4313 conferat
2714 4257 2998 4330 integram
3021 4257 3076 4312 in
3103 4259 3299 4330 Appen
3309 4255 3434 4312 dice
3453 4256 3722 4329 proferre

2064 4348 2254 4404 visum
2287 4351 2375 4402 est
2404 4364 2472 4402 ex
2501 4345 2744 4419 Ughello
2779 4351 2934 4402 tomo
2964 4346 3063 4401 VII
3103 4345 3282 4402 Italia;
3313 4361 3512 4414 sacrae,
3561 4349 3620 4401 et
3647 4362 3722 4402 ex

2065 4435 2274 4493 Martio
2304 4434 2705 4502 Bollandiano,
2751 4433 2848 4490 ubi
2912 4433 3163 4490 habetur
3219 4449 3288 4489 ex
3343 4432 3544 4490 codice
3601 4449 3718 4490 ms.

1986 4544 2032 4609 D
2065 4525 2330 4597 ejusdem
2363 4523 2471 4580 loci
2495 4524 2792 4596 descripta
2821 4523 2894 4578 ad
2919 4521 3138 4578 calcem
3173 4521 3316 4576 Vita:
3337 4531 3396 4578 δ.
3418 4521 3595 4588 Petri,
3620 4521 3728 4594 qui

2033 4620 2202 4670 ‘tunc
2233 4613 2376 4668 illud
2413 4611 2830 4668 monasterium
2865 4611 3120 4684 regebat.
3153 4610 3379 4667 Visitur
3429 4610 3730 4684 hodieque

2067 4705 2126 4759 in
2159 4703 2267 4759 hac
2298 4701 2426 4776 ipsa
2446 4700 2688 4757 basilica
2708 4699 3007 4773 inscriptio
3041 4699 3523 4772 incisalapidi,in
3541 4703 3728 4756 tanta;

2067 4791 2456 4849 solemnitatis
2487 4790 2832 4846 memoriam
2865 4789 3073 4862 posita,
3108 4807 3235 4862 quas
3275 4788 3335 4842 in
3391 4787 3730 4846 Annalibus

2069 4881 2323 4950 Baronii,
2357 4885 2415 4936 et
2443 4879 2599 4951 apud
2633 4877 2945 4934 Lhesnium
2973 4877 3032 4932 in
3065 4876 3409 4950 pontiﬁcum
3441 4875 3594 4932 Vitis
3635 4877 3730 4932 sic

2067 4971 2318 5026 habetur
2341 4987 2355 5025 :

2141 5060 2371 5114 CBUCEM
2429 5073 2536 5112 aoc
2589 5074 2642 5113 IN
2699 5073 2899 5112 LAPIDE
2957 5073 3254 5112 SCULPTAM
3311 5072 3474 5119 QUAM
3515 5071 3728 5112 CER.le

2140 5161 2542 5200 SANCTISSIIUS
2626 5144 2955 5201 URBANUS
3040 5160 3341 5201 SECUNDUS
3438 5144 3728 5200 Romanus

2141 5249 2415 5288 pox'rwsx
2461 5249 2521 5287 IN
2583 5249 2764 5288 suum
2843 5249 3028 5290 avsus
3111 5234 3400 5289 Eccuzsu:
3486 5248 3729 5288 DEDICA-

2138 5338 2307 5378 TIONB
2363 5337 2631 5378 PROPRIIS
2689 5339 2938 5378 MANlBUS
2991 5339 3050 5380 IN
3107 5337 3300 5378 SACRIE
3357 5338 3450 5376 REI
3497 5337 3729 5378 SIGNUM

2141 5427 2281 5466 οι.εο
2337 5427 2542 5467 umvrr
2570 5427 2724 5466 ANNO
2777 5427 3008 5466 SALUTIS
3065 5427 3225 5467 mxcu
3257 5409 3440 5466 Noms
3471 5409 3736 5466 Sarran-

2143 5515 2274 5556 BRIS
2306 5515 2630 5556 INDICTIONE
2661 5517 2754 5556 XV.

2071 5589 2262 5664 Hujus
2291 5587 2675 5648 dedicationis
2721 5587 3070 5650 memoriam
3129 5591 3338 5667 praeter
3391 5587 3734 5653 Chronicon
