3958 6224
159 280 266 345 105

1730 282 1936 348 Vi'l‘A.

3416 285 3537 349 106

156 416 320 472 sionis
344 412 610 471 ineundae
638 431 816 470 causa
846 413 1023 470 simul
1079 414 1451 484 advenerant,
1485 432 1515 471 e
1545 416 1775 472 civitate
1804 421 1859 484 Α
1891 432 2325 489 mus,magnam
2357 419 2615 490 pecuniae
2647 434 2944 475 summam
2976 421 3403 477 contulit.Certe
3428 420 3538 474 hoc

150 503 310 576 paulo
337 505 469 559 ante
495 500 759 559 Natalem
794 502 1019 558 Domini
1041 502 1359 572 ejecerunt.

175 592 315 648 CXX.
342 594 555 661 Hugom'
582 590 934 663 Lugdunensi
962 591 1175 647 reddita
1203 593 1505 664 apostolica
1534 594 1746 664 legatio.

176 718 185 724 -
209 681 410 736 Eodem
439 697 594 736 anno
616 680 1050 748 desinente,aut
1079 685 1234 736 certe
1265 680 1566 752 sequentis
1588 680 1773 747 initio,

148 770 301 825 Ivone
329 769 743 836 Carnoteno,ut
758 785 826 824 ex
855 769 983 840 ejus
1012 768 1262 840 epistola
1292 772 1359 824 12
1380 770 1452 825 ad
1476 769 1775 825 Urbanum

147 858 400 914 eth9ad
444 857 787 914 Paschalem
834 859 963 929 ejus
1014 873 1415 913 successorem
1463 857 1772 930 colligitur,

144 946 534 1016 intercedente,
562 947 791 1002 reddita
819 950 910 1002 est
958 946 1187 1019 Hugoni
1230 947 1637 1019 Lugdunensis
1683 964 1776 1003 ar-

142 1034 491 1107 chiepiscopo
522 1034 824 1107 apostolici
853 1034 911 1090 in
941 1034 1143 1090 Galliis
1166 1034 1341 1108 legati
1372 1035 1629 1107 dignitas
1660 1052 1776 1107 qua

142 1123 231 1178 diu
257 1128 531 1179 caruerat.
559 1124 695 1179 Haec
742 1123 794 1178 ei
826 1123 1019 1179 ablata
1069 1124 1260 1180 fuerat
1287 1130 1551 1196 tempore
1580 1125 1775 1179 Victo-

141 1211 211 1268 ris
224 1212 471 1284 Ill,quod
493 1217 627 1284 post
645 1212 950 1284 probatam
973 1216 1030 1267 et
1050 1212 1351 1268 laudatam
1386 1229 1521 1269 cum
1552 1213 1776 1268 caeteris

138 1301 402 1373 episcopis
431 1299 740 1357 catholicis
768 1301 1037 1372 ejusdem
1070 1302 1363 1373 pontiﬁcis
1404 1301 1770 1369 electionem,

134 1402 248 1446 eam
279 1394 470 1446 tamen
503 1394 708 1463 postea.
730 1389 1018 1446 Richardo
1049 1390 1247 1446 abbati
1273 1390 1623 1447 Massiliensi
1641 1391 1775 1462 jun-

133 1483 246 1535 ctus
274 1478 497 1534 irritam
530 1478 720 1535 facere
770 1483 1017 1535 conatus
1049 1479 1276 1545 fuisset,
1311 1479 1429 1534 imo
1460 1484 1516 1535 et
1546 1480 1618 1534 ab
1645 1479 1773 1549 ejus

134 1567 446 1623 obedientia
474 1567 836 1624 recessisset.
861 1568 1051 1631 Quare
1074 1565 1255 1622 simul
1283 1568 1774 1623 excommunicati

130 1655 495 1728 etapostelica
511 1655 800 1728 legatibne
814 1656 1021 1727 privati
1043 1656 1102 1710 in
1117 1655 1771 1712 concilioBeneventano

131 1745 193 1800 ab
431 1744 758 1846 Victpredll
781 1744 1389 1846 therantN-erum'etsi
1412 1749 1577 1846 tapta
1595 1744 1775 1846 fuerit
1802 1781 1851 1846 Β

130 1834 416 1905 utriusque
468 1832 739 1899 audacia,
774 1848 953 1905 quam
1010 1833 1186 1889 etiam
1235 1817 1667 1906 Hugo'litteris
1698 1834 1768 1889 ad

129 1920 447 1977 Mathildem
477 1922 640 1978 datis
683 1924 1008 1994 approbare
1040 1925 1285 1977 conatus
1315 1922 1525 1993 fuerat,
1559 1927 1622 1977 ut
1643 1924 1768 1993 jam

130 2027 222 2066 suo
249 2010 370 2068 loco
413 2011 700 2077 diximus,
733 2016 940 2067 neuter
986 2015 1184 2067 tamen
1240 2012 1309 2067 ad
1362 2010 1771 2067 schismaticos

129 2100 346 2167 defecit;
370 2099 674 2172 sed'paulo
696 2105 844 2172 post,
868 2099 1101 2156 Urbano
1126 2105 1256 2170 post
1272 2099 1520 2156 Victoris
1544 2100 1769 2156 obitum

126 2188 530 2260 inpontiﬁcem
561 2193 891 2260 assumpto,
921 2188 1337 2245 inviolabiliter
1365 2189 1415 2244 ei
1448 2189 1766 2244 adhaesere.

125 2277 433 2349 Hugo‘nipb
462 2277 746 2334 restituta
768 2278 880 2334 sibi
897 2279 970 2333 ab
996 2277 1228 2333 Urbano
1246 2277 1619 2349 legationem,
1644 2294 1770 2349 gra-

122 2365 325 2423 tulatur
353 2367 447 2423 Ivo
479 2365 740 2439 epistola
763 2368 832 2421 24
870 2368 939 2421 ad
970 2380 1105 2422 eum
1138 2367 1309 2433 data;
1333 2368 1433 2424 ubi
1458 2367 1670 2435 eidem,
1696 2367 1768 2422 ob

126 2461 439 2527 temporum
473 2455 860 2512 difﬁcultates
908 2456 1060 2511 hanc
1092 2455 1441 2528 dignitatem
1475 2455 1771 2527 suscipere

124 2544 370 2599 nonnihil
389 2544 1098 2617 repugnanti,parendum
1119 2560 1247 2600 esse
1262 2545 1519 2616 pontiﬁci
1538 2545 1766 2617 probat,

125 2633 365 2706 Tempus
381 2639 589 2690 autem
607 2649 724 2705 quo
744 2634 801 2689 id
827 2634 1043 2689 factum
1064 2634 1173 2688 fuit
1210 2634 1431 2689 indicat
1477 2634 1629 2689 idem
1649 2635 1767 2699 Ivo,

123 2737 244 2776 cum
269 2724 350 2778 ait
380 2727 527 2779 tunc
560 2723 621 2777 in
656 2721 822 2778 Italia
851 2725 1088 2779 alterum
1117 2723 1318 2790 Achab,
1356 2722 1414 2777 id
1447 2727 1535 2778 est
1566 2722 1768 2778 Henri-

122 2817 344 2879 cum,et
370 2811 431 2867 in
465 2811 680 2869 Galliis
708 2824 907 2868 novam
932 2812 1263 2878 Je'zabctem,
1294 2827 1505 2884 nempe
1535 2812 1770 2867 Bertra-

126 2900 270 2968 dam,
302 2906 367 2957 ut
394 2917 533 2958 eam
564 2901 745 2956 etiam
786 2900 1041 2973 appellat
1082 2901 1245 2973 Hugo
1295 2899 1767 2969 Flaviniacensis,

123 2991 454 3047 surrexisse.
494 2991 658 3046 Hanc
686 2994 883 3046 autem
912 2988 1221 3063 epistolam
1254 2990 1365 3045 sub
1400 2990 1537 3044 anni
1568 2990 1766 3058 ﬁnem,

122 3083 215 3133 aut
240 3079 549 3151 sequentis
600 3078 767 3135 initio
824 3078 1101 3151 scriptam
1160 3077 1346 3134 fuisse
1403 3095 1471 3134 ex
1517 3095 1582 3134 eo
1613 3082 1772 3151 patet

118 3167 261 3238 quod
292 3146 351 3223 in
384 3185 457 3226 ea
489 3168 797 3240 Hugonem
830 3146 996 3239 rogat
1026 3167 1120 3222 Ivo
1152 3170 1218 3221 ut
1246 3168 1297 3222 ei
1331 3146 1633 3239 signiﬁcet
1653 3183 1768 3239 quo
1799 3146 1842 3215 Ο

116 3254 235 3313 loco
278 3273 414 3313 eum
469 3257 633 3312 circa
681 3255 1149 3329 Quadragesimse
1198 3255 1432 3311 initium
1464 3254 1773 3312 convenire

118 3347 413 3403 commode
446 3345 663 3419 possit.

119 3452 298 3508 CXXI.
330 3444 632 3509 Guibertas
671 3454 730 3506 in
761 3452 1155 3523 Longobardia.
1189 3453 1364 3507 Roma
1404 3468 1474 3506 an
1525 3451 1772 3509 Urbanus

214 3527 541 3581 concesserit
566 3524 823 3596 privileg.
852 3524 1078 3595 Figiaci.
1110 3525 1372 3594 Priviteg.
1408 3523 1662 3578 Cavensc.

183 3613 283 3669 His
312 3612 713 3685 temporibus,
754 3615 819 3666 ut
875 3616 1077 3667 narrat
1129 3611 1451 3680 Bertoldus,
1483 3612 1774 3668 Guibertus

116 3718 243 3758 cum
270 3705 610 3774 imperatore
654 3717 754 3757 suo
792 3702 1046 3756 Heinrico
1094 3703 1157 3756 in
1185 3702 1560 3773 Longobardia
1589 3716 1771 3756 mora-

118 3791 289 3861 batur,
310 3797 365 3848 et
414 3790 689 3863 quidquid
704 3792 884 3862 potuit
914 3806 1037 3845 cum
1057 3793 1175 3863 ipso
1194 3794 1385 3846 contra
1434 3789 1774 3861 Welphonem

115 3892 160 3935 et
188 3881 303 3953 ejus
331 3890 571 3936 morem
598 3878 948 3947 Mathitdam,
975 3882 1153 3936 sancti
1182 3883 1340 3935 Petri
1357 3881 1535 3951 filiam
1563 3880 1772 3935 machi-

113 3972 445 4037 nabatur,ut
469 3968 745 4042 pluribus
772 3972 971 4023 narrat
993 3968 1478 4039 Domnizo,cujus
1506 3973 1775 4041 excerpta

116 4058 170 4112 in
197 4058 540 4131 Appendice
565 4057 1220 4113 referentur.Consentit
1248 4058 1524 4129 Sigonius
1558 4058 1703 4114 libro
1720 4075 1774 4113 1x

114 4152 188 4202 De
216 4165 399 4221 regno
428 4146 633 4215 Italiae,
667 4147 768 4201 ubi
801 4162 894 4201 res
925 4145 1105 4217 hujus
1137 4147 1418 4219 temporis
1448 4163 1517 4203 ex
1545 4145 1639 4201 his
1670 4163 1773 4202 au-

111 4238 373 4292 ctoribus
406 4235 742 4308 descripsit.

179 4324 463 4381 Urbanus
491 4340 627 4381 vero
653 4323 845 4379 adhuc
868 4323 1063 4379 Romae
1102 4326 1226 4380 erat
1243 4339 1443 4380 mense
1465 4323 1776 4380 Februario

108 4426 262 4469 anno
294 4413 463 4478 1093,
483 4413 533 4468 si
566 4412 895 4485 legitimum
927 4413 1004 4468 sit
1028 4413 1363 4484 Figiacense
1386 4411 1776 4485 privilegium,

1888 504 2147 577 diploma
2176 505 2365 561 dubiae
2399 507 2636 563 omnino
2689 507 2825 563 ﬁdei
2868 504 3106 564 ‘videtur
3136 508 3296 576 eses;
3330 504 3391 565 in
3423 502 3539 581 quo

1888 608 2117 666 nempe,
2151 598 2360 666 praeter
2388 611 2455 649 ea
2485 611 2611 666 quae
2635 595 2893 650 continet
2916 594 3010 651 his
3040 595 3407 668 temporibus
3437 594 3538 668 pa-

1886 696 2016 736 rum
2050 686 2459 750 consentanea,
2490 682 2743 738 maxime
2772 680 3043 755 displicet
3072 683 3227 757 quod
3245 682 3539 754 Stephano

1885 769 2152 841 episcopo
2184 769 2713 835 Cadurcensi,alias
2744 770 2980 843 penitus
3011 771 3230 844 ignoto,
3257 769 3541 827 inscriba-

1883 861 1999 913 tur.
2033 858 2207 914 Plura
2236 860 2307 914 de
2340 875 2406 913 eo
2451 860 2627 914 refert
2670 859 2925 916 Cruceus
2948 860 3005 915 in
3028 859 3281 916 Historia
3310 858 3539 933 episco-

1884 962 2092 1019 porum
2135 948 2637 1015 Cadurcensium;
2674 964 2872 1019 quem,
2924 948 2973 1003 si
3022 948 3209 1017 lubet,
3241 945 3534 1004 consulas.

1883 1035 2060 1091 Paulo
2083 1036 2323 1107 majoris
2349 1040 2439 1091 est
2479 1035 2840 1091 auctoritatis
2868 1036 3239 1110 privilegium
3258 1036 3532 1094 caVenSe.

1883 1125 1954 1180 de
1972 1142 2086 1196 quo
2109 1125 2181 1180 ad
2204 1142 2424 1180 annum
2462 1126 2883 1197 praecedentem
2916 1126 3166 1199 egimus,
3197 1125 3399 1183 datum
3432 1126 3535 1183 Sa-

1881 1213 2025 1269 lerni
2058 1231 2153 1268 xxx
2184 1212 2475 1269 Kalendas
2518 1213 2815 1270 Februarii
2866 1232 3019 1272 anno
3048 1233 3083 1270 v
3111 1214 3354 1282 Urbani,
3384 1214 3537 1273 indi-

1881 1302 2070 1357 ctione
2099 1318 2313 1368 v,anno
2352 1303 2505 1368 1092,
2538 1302 2808 1373 quamvis
2838 1302 2950 1359 loci
2980 1308 3037 1360 et
3064 1307 3400 1375 temporum
3432 1319 3536 1361 no-

1880 1394 1950 1445 tae
1979 1391 2133 1445 haud
2168 1390 2281 1445 sibi
2300 1395 2638 1446 constantes
2655 1391 2888 1446 admitti
2916 1408 3031 1447 non
3053 1391 3541 1465 possint.Utrum-

1882 1495 1994 1551 que
2025 1478 2306 1534 lectorum
2357 1478 2725 1535 eruditorum
2751 1480 2974 1550 judicio
3000 1484 3058 1536 et
3115 1496 3374 1537 censuris
3402 1497 3541 1554 per-

1882 1567 2194 1622 mittimus.
2744 1566 2753 1575 ί

1952 1656 2128 1711 Porro
2158 1656 2267 1712 etsi
2296 1660 2416 1712 toto
2448 1673 2515 1713 eo
2545 1660 2809 1730 tempore
2856 1674 2972 1731 quo
3020 1659 3411 1714 Lateranense
3432 1675 3538 1730 pa-

1882 1745 2111 1812 latium,
2146 1744 2243 1800 ubi
2279 1746 2573 1819 praecipua
2603 1750 2727 1802 erat
2764 1747 3107 1819 pontiﬁcum
3139 1747 3538 1805 Romanorum

1881 1836 2068 1901 sedes,
2102 1833 2162 1889 in
2194 1833 2672 1891 Guibertinorum
2734 1839 3020 1908 potestate
3062 1835 3193 1905 fuit,
3228 1851 3536 1909 nunquam

1880 1922 2109 1978 licuerit
2132 1921 2362 1977 Urbano
2382 1922 2535 1978 intra
2558 1923 2830 1979 Romanae
2850 1924 3015 1981 urbis
3034 1923 3492 1997 mmniaingredi
3518 1940 3531 1980 :

1879 2029 2013 2068 cum
2044 2018 2239 2069 tamen
2274 2012 2331 2067 in
2354 2013 2733 2082 suburbanis,
2758 2014 2902 2085 sive,
2924 2019 2991 2070 ut
3018 2014 3242 2087 passim
3273 2014 3537 2087 loquitur

1882 2100 2205 2167 Bertoldus,
2240 2102 2301 2155 in
2359 2109 2507 2157 terra
2563 2102 2754 2159 Sancti
2805 2104 2963 2159 Petri
3012 2103 3348 2176 frequenter
3392 2106 3536 2160 tunc

1880 2191 2582 2258 moraretur,censebatur
2604 2191 2797 2247 Romae
2814 2208 3075 2265 praesens
3095 2192 3321 2251 adesse.
3345 2192 3535 2258 Quare

1878 2279 1961 2334 nil
1992 2278 2208 2334 mirum
2233 2285 2322 2334 est
2349 2280 2396 2334 si
2416 2282 2683 2351 quaedam
2704 2282 2833 2351 ejus
2855 2281 3058 2339 littera)
3086 2281 3310 2354 passim
3328 2296 3533 2338 occur-

1879 2373 2012 2424 rant
2042 2384 2168 2439 quw
2221 2371 2406 2424 Romae
2462 2368 2557 2423 his
2616 2370 2981 2441 temporibus
3034 2370 3183 2427 datae
3234 2369 3531 2434 dicuntur,

1878 2456 2380 2529 quemadmodum
2412 2455 2674 2528 plerique
2695 2458 2823 2527 ejus
2847 2458 2946 2512 aevi
2982 2463 3251 2513 auctores
3264 2456 3534 2513 scribunt

1879 2545 2181 2616 episcopos
2215 2550 2272 2599 et
2295 2544 2536 2600 abbates
2562 2544 2807 2601 Romam
2828 2550 2970 2600 tunc
2987 2545 3222 2612 adiisse,
3254 2549 3322 2599 ut
3348 2542 3531 2600 Urba-

1880 2651 2022 2689 num
2057 2637 2157 2688 aut
2187 2632 2584 2704 apostolorum
2616 2632 2823 2689 limina
2852 2632 3185 2690 inviserent.

1879 2741 2085 2796 CXXII.
2117 2741 2278 2795 Falco
2338 2740 2753 2882 Βειιουαιῖγωὶδι
2790 2742 3067 2813 episcopus
3122 2741 3189 2795 in
3234 2738 3359 2796 teda
3401 2753 3530 2795 con-

2609 2828 2731 2866 rma
2756 2828 2841 2868 us.

2609 2820 2841 2868 matus.

1950 2902 2249 2973 Ejusmodi
2286 2902 2521 2956 fuerunt
2576 2900 2780 2956 littera:
2837 2900 3056 2957 Urbani
3107 2901 3180 2957 ad
3212 2900 3527 2958 Fulconem

1881 2992 2221 3063 episcopum
2275 2990 2760 3058 Bellovacensem,
2793 2994 2852 3045 et
2908 2989 3035 3046 aliae
3088 2990 3160 3047 ad
3207 2988 3431 3047 clerum
3469 2992 3529 3046 et

1881 3079 2161 3152 populum
2184 3080 2449 3151 ejusdem
2470 3079 2655 3146 urbis,
2688 3095 2815 3151 quae
2856 3080 3033 3135 Rom
3065 3096 3123 3135 v1
3153 3082 3256 3135 aut
3272 3095 3389 3147 xw,
3420 3079 3528 3135 Ka-

1882 3168 2069 3224 lendas
2097 3168 2290 3223 Martii
2313 3167 2460 3223 datae
2510 3167 2805 3222 dicuntur.
2849 3167 2950 3223 His
2980 3166 3190 3223 litteris
3219 3168 3531 3222 conﬁrmat

1882 3262 2052 3314 antea
2080 3256 2338 3330 pontifex
2367 3273 2400 3310 a
2428 3254 2706 3328 Gregorio
2732 3255 2833 3311 VII
2862 3255 3040 3311 latam
3072 3255 3425 3313 sententiam
3456 3255 3531 3313 de

1880 3344 2232 3403 Castellania
2259 3343 2671 3408 Bellovacensi,
2718 3360 2866 3415 quas
2922 3344 3160 3416 quidem
3216 3343 3325 3400 hoc
3377 3360 3532 3399 anno

1881 3435 1995 3490 scri
2002 3440 2131 3507 ptas
2149 3433 2329 3489 fuisse
2343 3432 2552 3504 probat
2564 3448 2760 3487 rerum
2777 3434 3076 3503 gestarum
3094 3431 3531 3488 series.Etenim

1882 3523 2080 3593 Fulco,
2108 3523 2179 3577 de
2210 3538 2325 3593 quo
2345 3522 2471 3591 jam
2503 3536 2684 3593 supra
2739 3520 2993 3591 egimus,
3041 3519 3196 3591 apud
3226 3519 3529 3575 Urbanum

1882 3616 2191 3667 accusatus
2205 3610 2359 3681 quod
2374 3608 2525 3664 male
2536 3625 2628 3664 res
2640 3608 2732 3663 sui
2749 3607 3119 3680 episcopatus
3131 3607 3536 3665 administras-

1882 3700 2268 3773 set,quodque
2282 3698 2741 3753 facinorosorum
2763 3695 2987 3767 aliquot
3009 3695 3317 3752 hominum
3337 3695 3533 3753 crimi-

1883 3790 2061 3845 nibus
2088 3805 2217 3844 sese
2234 3786 2909 3852 immiscuisset,litteras
2938 3784 3071 3840 illas
3086 3785 3310 3858 accepit
3329 3801 3532 3844 mense

1884 3878 2216 3935 Februario.
2249 3875 2576 3947 Statimque
2606 3875 2852 3930 Romam
2884 3874 3029 3929 adiit
3057 3890 3228 3930 suam
3250 3875 3537 3947 approba-

1881 3972 2051 4023 turus
2081 3983 2276 4022 coram
2309 3964 2581 4038 pontiﬁce
2624 3963 3040 4034 innocentiam,
3072 3968 3131 4019 et
3179 3978 3532 4037 quocunque

1884 4057 2057 4112 modo
2084 4072 2260 4111 causa
2277 4053 2754 4122 verteret,sedem
2774 4068 2942 4107 suam
2956 4051 3250 4109 dimittere
3267 4056 3528 4124 paratus.

1882 4145 1953 4201 Et
1983 4144 2221 4216 quidem
2252 4158 2322 4198 ea
2361 4146 2483 4197 erat
2515 4141 2700 4197 sancti
2749 4139 3032 4210 Anselmi,
3059 4141 3189 4212 ejus
3234 4140 3373 4197 olim
3404 4156 3530 4198 ma-

1885 4233 2051 4307 gistri
2077 4235 2135 4287 et
2164 4230 2394 4287 abbatis
2424 4230 2578 4304 apud
2613 4230 2883 4295 Beccum,
2915 4230 3224 4298 sententia,
3256 4230 3413 4302 quod
3446 4230 3532 4286 fa-

1885 4322 1992 4378 cile
2022 4338 2091 4377 ex
2119 4322 2247 4392 ejus
2278 4319 2524 4391 epistola
2552 4318 2619 4373 34
2651 4317 2785 4373 libri
2818 4334 2857 4372 ιι
2891 4318 2961 4372 ad
3003 4318 3199 4390 ipsum
3230 4317 3532 4374 Urbanum
3622 4333 3633 4340 '

1886 4411 2123 4482 scripta,
2175 4408 2540 4481 intelligitur,
2575 4406 2839 4479 quamvis
2888 4405 3059 4479 paulo
3102 4410 3290 4475 antea,
3325 4423 3535 4479 nempe

105 4504 261 4575 quod
287 4519 324 4559 ει
353 4506 577 4558 Crucco
610 4502 966 4557 relatumest
995 4503 1056 4556 in
1087 4503 1341 4558 Historia
1369 4501 1775 4574 episc0porum
1807 4516 1852 4581 D
1885 4498 2131 4572 epistola
2158 4495 2524 4569 praecedenti,
2557 4511 2692 4551 eum
2726 4495 2985 4567 pontiﬁci
3036 4495 3530 4553 commendasset.

105 4593 585 4658 Caturcensium,
617 4596 675 4646 et
703 4590 905 4647 nullus
956 4607 1118 4647 error
1175 4591 1472 4663 irrepserit
1513 4592 1572 4645 in
1604 4596 1774 4647 notas
1886 4588 2044 4643 Idem
2073 4586 2383 4642 Anselmus
2416 4586 2603 4640 factus
2624 4589 2755 4657 post
2784 4584 3026 4640 modum
3057 4582 3534 4657 archiepiscopus

102 4682 233 4753 ejus
260 4682 603 4737 chronicas.
631 4680 843 4736 Datum
871 4697 1077 4753 nempe
1109 4680 1326 4736 dicitur
1354 4681 1637 4735 Lateranis
1666 4681 1774 4735 hoc

103 4788 259 4826 anno
290 4770 464 4837 1093,
501 4769 878 4842 pontiﬁcatus
931 4768 1143 4825 Urbani
1195 4768 1418 4840 quinto,
1447 4769 1540 4824 die
1569 4787 1605 4823 v
1637 4769 1776 4825 ldus

100 4858 439 4916 Februarii.
461 4858 599 4924 Sed,
625 4858 734 4912 etsi
764 4856 876 4912 illa:
910 4860 1056 4913 notze
1089 4858 1254 4913 bonae
1286 4857 1425 4929 sint,
1457 4856 1622 4913 locus
1653 4856 1773 4911 dati

98 4948 403 5021 privilegii
431 4946 685 5001 vitiosus
715 4952 823 5009 est,
860 4962 990 5001 cum
1041 4947 1303 5001 nondum
1335 4950 1475 5000 tunc
1509 4945 1777 5000 Urbanus

98 5037 512 5092 L‘ateranense
542 5034 827 5107 palatium
858 5034 1201 5099 obtinuerit,
1233 5038 1489 5101 coactus,
1509 5038 1573 5087 ut
1603 5034 1775 5088 modo

95 5138 164 5181 ex
183 5124 478 5181 Bertoldo
491 5122 1153 5191 dicebamus,Natalium
1175 5122 1385 5177 Christi
1406 5121 1779 5177 festivitatem

94 5214 511 5271 extra'urbem
530 5210 845 5277 celebrem,
871 5212 1087 5284 quippe
1115 5212 1450 5283 quiabsque
1474 5210 1779 5283 sanguinis

89 5302 425 5369 effusione,
458 5299 618 5372 quod
643 5315 874 5372 semper
916 5298 1225 5355 abhorruit
1256 5299 1389 5371 pius
1409 5299 1686 5371 pontifex,
1716 5299 1778 5354 in

89 5408 225 5449 eam
261 5388 511 5464 ingredi
544 5405 663 5443 non
695 5388 1000 5459 potuisset.
1033 5388 1104 5443 Et
1152 5387 1390 5460 quidem
1423 5386 1778 5444 Lateranum

87 5480 345 5539 permisi
403 5490 562 5535 anno
606 5476 877 5548 sequenti
925 5477 1289 5550 recuperavit
1347 5472 1640 5543 Urbanus,
1673 5490 1780 5549 cpe

88 5570 331 5635 Gofridi
386 5564 846 5624 Vindocinensi
870 5565 1122 5636 abbatis,
1154 5565 1257 5641 qui
1288 5566 1360 5625 ad
1400 5565 1481 5638 id,
1509 5565 1596 5625 uti
1626 5564 1780 5624 dice-

443 5694 717 5761 Ρηιιοι.
766 5691 906 5757 GLI.

1883 4675 2228 4743 Cantuariae,
2262 4674 2473 4729 iterum
2502 4674 2734 4744 supplex
2762 4688 2866 4744 pro
2894 4672 3144 4728 Fulcone
3172 4674 3351 4727 oravit
3377 4670 3533 4744 apud

1884 4765 2239 4838 pontiﬁcem,
2262 4762 2412 4816 libro
2432 4779 2518 4830 III,
2537 4762 2704 4832 epist.
2732 4762 2821 4829 37,
2855 4764 2920 4814 ut
2946 4759 2997 4815 ei
3020 4762 3342 4827 succurrat,
3370 4769 3536 4830 prout

1883 4851 2285 4925 ejusjudicabit
2310 4849 2625 4920 prudentia.
2644 4849 2757 4903 Nec
2773 4864 2924 4902 vana
2943 4846 3053 4902 fuit
3066 4846 3212 4902 tanti
3232 4846 3342 4902 viri
3373 4864 3533 4905 com-

1884 4938 2476 4998 mendatio.Urbanus
2498 4936 2714 5008 quippe
2742 4937 3046 5008 perspecta
3078 4934 3536 4994 Fulconisinno-

1884 5031 2096 5095 centia,
2129 5045 2243 5083 non
2276 5028 2468 5082 ferens
2496 5026 2837 5097 episcopum
2868 5024 3089 5096 injuste
3116 5026 3534 5099 opprimi,eum

1889 5118 2219 5175 Simoniaca
2248 5114 2474 5181 haeresi,
2508 5131 2633 5186 quae
2661 5113 2772 5185 ipsi
2804 5130 2839 5169 a
2882 5113 3181 5170 nonnullis
3211 5115 3536 5190 afﬁngeba-

1887 5212 2005 5276 tur,
2038 5210 2353 5278 purgatum
2384 5205 2443 5259 in
2478 5205 2613 5259 sede
2644 5203 3033 5259 Bellovacensi
3064 5204 3449 5273 conﬁrmavit,
3470 5223 3537 5262 ac

1889 5312 2187 5352 remanere
2210 5294 2410 5367 jussit.
2445 5294 2564 5349 Imo
2591 5309 2724 5348 cum
2756 5293 2913 5349 idem
2945 5293 3190 5349 antistes
3221 5294 3282 5348 in
3321 5293 3538 5350 Gallias

1888 5400 2155 5441 reversus
2184 5400 2338 5438 anno
2369 5382 2687 5456 sequentia
2708 5380 3294 5453 comprovincialibus
3321 5381 3545 5454 episco-

1888 5473 1981 5546 pis
2009 5472 2069 5527 in
2094 5472 2386 5543 judicium
2410 5486 2477 5525 ea
2507 5471 2578 5525 de
2608 5485 2668 5525 re
2691 5475 2932 5526 vocatus
2950 5468 3321 5539 fuisset,illos
3350 5470 3546 5542 objur-

1888 5561 2045 5636 gavit
2075 5559 2355 5636 pontifex,
2371 5558 2527 5632 quod
2549 5573 2847 5619 causama
2875 5557 3012 5616 sede
3041 5557 3361 5633 apostolica
3379 5557 3544 5636 judig

3183 5685 3224 5755 4i
