3958 6224
162 310 194 370 ἕ
226 326 325 390 109

312 458 718 517 CXXVII-VIII.
779 461 1055 517 Conradus
1084 464 1145 534 ﬁt
1198 480 1298 519 rea:
1328 464 1738 534 Longobayrdizc.

280 550 396 605 Una
426 554 621 605 tamen
646 550 874 606 occasio
907 551 1209 624 inopinata
1242 557 1325 607 tot
1354 570 1665 626 prosperos
1688 570 1855 608 even-

216 643 302 693 tus
328 638 500 693 ferme
548 637 938 707 labefactavit,
982 642 1287 713 captivitas
1336 660 1545 715 nempe
1603 641 1851 697 Conradi

213 726 496 799 principis,
533 743 714 799 quem
737 729 1017 785 [Ienricus
1040 729 1172 785 dolo
1190 731 1652 786 circumventum
1687 747 1849 802 cepe-

212 817 394 871 rat.At
420 815 517 871 ille
543 816 718 888 paulo
748 816 902 889 post,
938 823 1002 873 ut
1034 817 1338 874 Bertoldus
1370 818 1592 884 scribit,
1634 820 1848 873 miseri-

211 904 376 959 cordia
409 906 515 960 Dei
546 910 805 977 ereptus,
839 906 1062 962 luctum
1085 907 1253 963 illum
1279 908 1335 962 in
1354 908 1637 980 gaudium
1656 907 1844 963 vertit.

210 992 370 1048 Paulo
399 997 553 1064 post,
579 1000 876 1051 annuente
897 995 1224 1067 Welpbone
1247 997 1393 1051 duce
1416 996 1614 1059 Italia,
1638 1013 1702 1051 ac
1726 996 1850 1050 Ma-

208 1079 377 1136 thilda
404 1081 532 1153 ejus
567 1083 838 1155 conjuge,
870 1082 1131 1140 elevatus
1152 1084 1206 1139 in
1230 1101 1447 1155 regem,
1468 1088 1849 1139 concurrente

208 1169 272 1222 ad
300 1169 411 1224 hac
449 1169 885 1227 solemnitatem
920 1189 1135 1245 magna
1172 1172 1433 1228 ﬁdelium
1467 1172 1661 1228 Sancti
1694 1173 1846 1228 Petri

205 1258 539 1329 frequentia,
577 1276 611 1314 a
640 1259 1062 1317 Mediolanensi
1086 1261 1359 1333 episcopo
1380 1260 1721 1317 solemniter
1752 1279 1844 1316 co-

203 1351 428 1402 ronatus
447 1346 580 1401 fuit.
602 1351 827 1404 interea
839 1348 1089 1421 Welpho
1111 1351 1389 1421 Bajoaria
1411 1350 1602 1405 duxin
1626 1352 1846 1421 Lango-

202 1436 451 1491 bardiam
475 1435 734 1504 advenit,
768 1437 867 1492 ubi
902 1454 1034 1493 cum
1069 1456 1197 1494 sese
1227 1439 1442 1493 Urbani
1476 1438 1718 1494 asscclis
1750 1440 1844 1493 ad-

193 1524 489 1593 junxisset,
538 1524 621 1578 ita
674 1526 978 1597 repentino
1012 1526 1109 1581 illo
1142 1544 1278 1582 casu
1312 1526 1545 1581 IIenrici
1577 1526 1839 1582 animum

197 1612 409 1682 dejecit,
442 1617 503 1667 ut
562 1614 619 1666 in
679 1614 975 1683 quamdam
1036 1617 1421 1679 munitio-nem,
1482 1616 1656 1670 verba
1704 1622 1842 1671 sunt

198 1700 450 1768 Bertoldi,
482 1718 545 1757 se
566 1703 879 1769 contulerit,
914 1704 1127 1758 ubidiu
1154 1705 1354 1775 absque
1387 1705 1536 1774 regia
1566 1703 1839 1771 dignitate

194 1797 437 1858 moratus,
468 1792 759 1861 nimioque
787 1791 971 1847 dolore
994 1793 1242 1863 affectus,
1266 1808 1324 1847 se
1349 1795 1547 1864 ipsum,
1572 1795 1632 1846 ut
1658 1793 1835 1859 aiunt,

198 1882 345 1934 morti
372 1881 592 1935 tradere
620 1882 850 1937 voluerit
866 1899 886 1942 ;
918 1883 1027 1948 sed,
1060 1900 1094 1937 a
1122 1885 1242 1937 suis
1257 1885 1589 1953 praveutus,
1622 1881 1691 1935 ad
1724 1882 1841 1951 effe-

193 1977 326 2023 ctum
352 1970 540 2025 venire
576 1985 685 2025 non
711 1971 913 2041 potuit.
960 1972 1107 2026 Eum
1140 1976 1280 2026 tunc
1330 1971 1568 2025 Verona
1602 1969 1837 2040 aliquod

193 2061 405 2129 tempus
425 2057 697 2130 exegisse
719 2059 1001 2114 discimus
1026 2076 1093 2115 ex
1118 2058 1457 2115 Udalscalco
1481 2058 1538 2113 in
1558 2058 1691 2113 Vita
1714 2058 1839 2129 Egi-

193 2146 349 2201 nonis
375 2148 531 2219 apud
561 2146 863 2203 Canisium
886 2152 1044 2204 tomo
1076 2149 1122 2203 II
1155 2147 1423 2204 lectionis
1453 2147 1837 2219 antiqua,sed

192 2234 243 2288 in
268 2237 436 2291 tantis
467 2236 791 2308 angustiis,
816 2240 881 2291 ut
899 2237 950 2291 ei
975 2254 1043 2293 ex
1073 2238 1231 2292 omni
1258 2242 1420 2310 parte
1443 2236 1836 2293 circumvento

190 2339 284 2378 nec
297 2323 525 2397 Langob
534 2325 767 2380 ardiam
794 2325 1041 2398 ingredi,
1057 2327 1300 2383 obstante
1314 2328 1523 2382 damna
1544 2325 1832 2394 Mathilde,

186 2411 387 2479 liceret,
421 2431 525 2470 nec
566 2413 736 2469 Italia
764 2414 1062 2481 excedere,
1095 2416 1252 2486 quod
1285 2414 1585 2470 Teutonici
1621 2414 1834 2485 princi-

185 2517 277 2573 pes
291 2503 337 2557 ei
358 2502 417 2557 in
439 2503 829 2559 Germaniam
848 2503 1100 2559 reditum
1120 2504 1358 2559 omnino
1377 2502 1830 2574 praclusissent.

183 2589 336 2646 Haud
366 2593 521 2647 enim
568 2592 767 2647 minus
798 2591 857 2647 in
890 2591 1006 2646 illis
1056 2592 1327 2663 partibus
1371 2608 1549 2664 quam
1580 2591 1638 2646 in
1672 2590 1837 2647 Italia

186 2677 608 2736 Catholicorum
646 2697 739 2736 res
771 2682 1212 2752 prosperabant.

248 2768 465 2825 CXXIX.
507 2768 733 2842 Welpho
746 2778 908 2840 pater
936 2770 997 2840 ﬁt
1029 2771 1205 2825 miles.
1241 2769 1544 2825 Conventus
1570 2770 1757 2826 Ulma.

249 2856 415 2913 Paulo
446 2864 585 2931 post
638 2857 1024 2929 Welphonem
1070 2862 1296 2929 patrem
1347 2858 1408 2912 in
1459 2858 1833 2913 Germaniam

184 2946 811 3013 reversum,Gebehard
821 2964 888 3001 us
911 2947 1176 3014 antistes,
1196 2946 1280 3001 uti
1297 2950 1492 3002 narrat
1504 2946 1830 3018 Bertoldus,

177 3050 271 3104 per
294 3052 520 3091 manum
554 3038 620 3091 in
651 3037 885 3091 militem
915 3038 1138 3108 accepit,
1163 3037 1307 3091 sicut
1328 3040 1379 3090 et
1404 3037 1693 3107 proprium
1720 3038 1834 3107 fra-

179 3132 309 3178 trem
354 3124 718 3181 Bertholdum
747 3124 937 3180 ducem
965 3125 1311 3181 Alemannia:
1332 3124 1665 3195 jamdudum
1688 3126 1828 3195 fece-

1802 327 2012 398 VITA.

1879 464 1935 532 Α
1965 464 2110 533 loco,
2143 482 2256 537 quo
2288 464 2590 520 Danubius
2617 468 2672 521 et
2698 463 2864 521 Ilaris
2886 480 3089 523 omnes
3118 464 3179 522 in
3193 483 3379 523 unum
3401 480 3609 524 conve-

3491 333 3613 396 110

1964 554 2151 609 niunt.
2188 555 2311 619 Quo
2360 553 2498 609 item
2557 558 2819 626 tempore
2864 554 3101 609 tertium
3148 554 3305 611 haud
3346 554 3612 628 procula

1963 643 2312 715 praecedenti
2344 643 2619 698 dissitum
2653 644 2763 699 sub
2796 643 2982 700 sancti
3013 643 3241 716 Georgii
3273 644 3508 700 nomine
3536 643 3612 699 ab

1962 734 2163 787 eodem
2184 731 2455 803 pontiﬁce
2478 736 2880 787 consecratum
2914 736 3026 803 est,
3057 731 3116 788 in
3149 749 3263 805 quo
3293 731 3446 787 sicut
3473 737 3531 787 et
3550 732 3609 788 in

1961 819 2306 891 praecedenti
2366 820 2496 876 Otto
2557 822 2751 877 Sancti
2812 820 2989 877 Blasii
3040 822 3224 877 abbas
3283 819 3611 894 regularem

1960 909 2332 981 disciplinam
2366 909 2638 965 instituit.
2666 910 2875 966 Praeter
2905 927 2972 965 ea
2994 910 3319 983 Sigefridus
3350 908 3612 981 Scaphu-

1960 1016 2034 1053 sa
2068 999 2270 1065 abbas,
2304 999 2522 1053 veritus
2554 1016 2625 1053 ne
2656 1004 2891 1071 propter
2921 997 3434 1055 schismaticorum
3456 996 3609 1054 infe-

1958 1087 2239 1142 stationes
2258 1086 2380 1142 loco
2403 1088 2602 1142 cedere
2614 1092 2937 1160 cogeretur,
2963 1087 3302 1160 impetravit
3321 1086 3431 1144 hoc
3450 1103 3605 1144 anno

1956 1193 1990 1229 a
2014 1176 2299 1231 Richardo
2322 1176 2671 1231 Massiliensi
2690 1176 2885 1231 Sancti
2899 1176 3143 1233 Victoris
3165 1176 3374 1233 abbate
3396 1174 3604 1232 cellam

1955 1263 2321 1319 Nobiliacum
2346 1264 2583 1329 dictam,
2618 1264 2715 1319 ubi
2750 1282 2885 1319 cum
2918 1266 3064 1333 suis,
3090 1265 3140 1320 si
3171 1262 3488 1336 aliquando
3518 1263 3605 1319 in-

1954 1356 2134 1407 staret
2165 1352 2503 1407 monasterii
2537 1353 2627 1407 sui
2650 1353 2955 1408 deserendi
2987 1353 3326 1420 necessitas,
3351 1351 3602 1425 perfugii

1952 1440 2145 1495 locum
2168 1440 2427 1495 haberet.
2461 1441 2530 1495 Et
2552 1440 2766 1496 idcirco
2790 1441 2941 1496 hanc
2964 1442 3206 1497 domum
3227 1441 3503 1497 omnibus
3525 1441 3599 1497 ad

1956 1529 2279 1601 regularem
2342 1527 2711 1600 disciplinam
2774 1530 3197 1585 observandam
3254 1528 3601 1587 necessariis

1951 1619 2247 1673 instruxit.

2021 1724 2245 1779 CXXXI.
2299 1723 2605 1778 Concilium
2650 1726 2829 1850 Rfmz's
2870 1724 2936 1779 de
2977 1723 3333 1781 restaurando
3377 1723 3598 1780 Atreba-

2713 1812 2847 1850 ensz.
3512 1826 3533 1843 .

2713 1812 2847 1851 εηδῑ.
3512 1826 3533 1843 ρ

2024 1884 2085 1939 In
2116 1882 2315 1938 Galliis
2336 1884 2752 1940 Atrebatenses
2774 1887 3013 1956 accepta
3038 1884 3109 1940 ab
3142 1884 3372 1940 Urbano
3403 1882 3598 1955 ponti-

1951 1974 2073 2039 ﬁce,
2109 1973 2191 2027 uti
2224 1989 2376 2028 anno
2408 1973 2708 2044 superiore
2756 1973 3035 2039 diximus,
3085 1973 3340 2046 eligendi
3378 1970 3598 2044 proprii

1947 2062 2203 2133 episcopi
2228 2061 2522 2129 facultate,
2557 2062 2630 2117 ad
2664 2061 3030 2134 Raynaldum
3063 2060 3370 2134 provincia
3389 2064 3599 2117 metro-

1947 2149 2274 2221 politanum
2293 2151 2671 2221 scripsere,ut
2686 2151 2943 2222 aliquem
2964 2152 3220 2207 cleritum
3236 2150 3531 2206 discretum
3546 2158 3596 2206 et

1945 2240 2211 2306 nobilem,
2240 2256 2335 2294 seu
2369 2240 2616 2295 abbatem
2636 2256 2666 2294 e
2688 2256 2794 2295 suo
2815 2240 2993 2296 latere
3010 2241 3352 2295 Atrebatum
3375 2239 3591 2305 mittat,

1946 2329 2049 2399 qui
2080 2327 2347 2382 electioni
2398 2327 2757 2383 celebranda
2789 2344 2893 2399 pro
2947 2344 3008 2383 se
3049 2329 3292 2383 vicarius
3339 2326 3591 2382 intersit.

1942 2418 2014 2472 At
2042 2415 2139 2470 ille
2169 2415 2471 2487 rescripsit
2500 2431 2561 2469 se
2593 2415 3133 2482 Cameracensibus,
3166 2414 3266 2486 qui
3296 2413 3449 2469 hanc
3477 2412 3593 2469 ele-

1942 2504 2196 2559 ctionem
2230 2504 2513 2575 impedire
2544 2504 2927 2569 conabantur,
2953 2502 3025 2557 ad
3049 2501 3413 2558 Dominicam
3437 2501 3595 2558 Oculi

1942 2595 2051 2647 mei
2076 2609 2307 2663 semper,
2339 2591 2397 2646 id
2429 2596 2517 2647 est
2546 2591 2779 2647 tertiam
2811 2591 3304 2664 Quadragesima,
3334 2606 3464 2663 qua
3482 2590 3594 2648 hoc

1944 2698 2096 2736 anno
2129 2681 2189 2735 in
2221 2680 2373 2736 diem
2406 2681 2474 2734 20
2497 2680 2689 2735 Martii
2720 2680 3033 2749 incidebat,
3068 2679 3224 2736 diem
3255 2679 3495 2747 dixisse,
3526 2682 3595 2736 ut

1940 2770 2000 2825 in
2033 2769 2278 2826 concilio
2300 2769 2479 2825 totius
2497 2768 2827 2841 provincia,
2852 2770 3005 2841 quod
3029 2786 3094 2825 co
3114 2772 3377 2840 tempore
3397 2767 3596 2825 Remis

1942 2859 2353 2915 celebrandum
2380 2858 2695 2927 indixerat,
2722 2858 3163 2914 intercessionis
3186 2875 3304 2913 sua
3334 2857 3594 2914 rationes

1940 2948 2283 3019 proferrent.
2310 2948 2584 3018 Adeoque
2606 2947 2714 3002 hac
2736 2947 2911 3002 etiam
2934 2947 3239 3005 occasione
3257 2946 3596 3003 Atrebaten-

1940 3053 2033 3092 ses
2064 3040 2263 3091 monet
2294 3039 2359 3090 ut
2375 3040 2433 3089 et
2459 3035 2822 3108 ipsiquoque
2853 3037 2925 3091 ad
2948 3036 3164 3092 dictam
3187 3036 3343 3091 diem
3372 3034 3590 3103 adsint,

1939 3142 2177 3181 causam
2194 3141 2361 3180 suam
2377 3140 2570 3179 coram
2584 3124 3092 3180 conciliiPatribus
3105 3122 3590 3180 adversusCame-

178 3217 288 3279 rat;
314 3218 441 3269 tum
475 3214 663 3270 Ulma
700 3213 759 3268 in
791 3214 1081 3286 frequenti
1108 3194 1463 3269 Alemannia
1495 3194 1827 3285 principum
1858 3194 1901 3261 ί)
1940 3214 2270 3269 racensium
2292 3215 2535 3267 conatus
2565 3212 3010 3283 propugnaturi.
3033 3213 3361 3268 Adfuerunt
3388 3211 3588 3284 itaque

177 3306 476 3368 conventu,
512 3302 621 3358 ubi
670 3302 825 3358 idem
881 3302 1126 3359 antistes
1182 3319 1315 3357 cum
1365 3300 1676 3358 Bertholdo
1722 3317 1828 3356 suo

175 3389 342 3444 lratre
359 3391 639 3446 eteodem
661 3390 989 3462 \Velpbone
1008 3407 1262 3463 prasens
1285 3391 1505 3458 aderat,
1530 3388 1827 3444 communi

177 3477 431 3534 omnium
461 3495 721 3535 assensu
753 3479 1050 3534 decretum
1087 3478 1215 3546 fuit,
1251 3482 1310 3533 ot
1341 3495 1543 3534 omnes
1588 3477 1827 3533 omnino

176 3565 510 3624 Gebehardo
552 3566 792 3640 prasuli
831 3568 1143 3624 omnimode
1173 3568 1469 3623 secundum
1498 3570 1702 3622 statuta
1732 3583 1828 3621 ca-

176 3671 391 3725 nonum,
420 3655 744 3712 Bertholdo
773 3656 1074 3712 veroduci
1104 3660 1161 3712 et
1190 3655 1505 3712 comitibus
1533 3654 1829 3710 secundum

175 3744 339 3814 legem
364 3747 807 3801 Alamannorum
855 3746 1090 3801 obedire
1119 3748 1475 3801 tenerentur.
1513 3743 1731 3810 Deinde,
1764 3746 1831 3798 ut

175 3831 320 3887 idem
352 3839 565 3890 auctor
594 3833 995 3905 prosequitur,
1039 3834 1260 3903 ﬁrmam
1298 3850 1487 3905 pacem
1513 3836 1625 3887 tam
1670 3831 1828 3887 duces

174 3937 331 3991 quam
350 3926 603 3991 comites,
630 3926 743 3977 tam
761 3926 999 3995 majores
1030 3938 1195 3993 quam
1225 3923 1483 3989 minores,
1508 3937 1563 3976 se
1581 3921 1827 3976 observa-

174 4017 315 4065 turos
344 4029 378 4065 a
404 4014 637 4083 septimo
664 4012 933 4067 Kalendas
974 4012 1280 4066 Decembris
1307 4026 1474 4082 usque
1504 4013 1565 4066 in
1592 4008 1829 4077 Pascha,

171 4106 219 4152 et
245 4116 279 4153 α
306 4099 525 4155 Pascha
558 4101 617 4154 in
643 4101 777 4155 duos
807 4115 979 4154 annos
996 4101 1347 4171 juraverunt.
1378 4098 1449 4153 Ut
1477 4115 1609 4154 vero
1636 4097 1828 4153 omnis

174 4187 562 4261 infringenda
592 4188 751 4244 illius
774 4189 1094 4244 concordia
1120 4188 1297 4243 timor
1317 4204 1350 4241 a
1369 4186 1627 4242 fidelium
1664 4203 1827 4241 men-

167 4274 323 4331 tibus
346 4277 700 4345 auferretur,
733 4277 1049 4350 principes,
1072 4276 1170 4348 qui
1208 4270 1520 4332 conventui
1538 4275 1623 4330 illi
1648 4275 1827 4330 inter-

168 4361 414 4433 fuerant,
452 4366 526 4420 ad
562 4366 800 4438 propria
829 4365 1062 4432 reversi,
1116 4381 1321 4438 pacem
1366 4364 1519 4419 hanc
1551 4363 1827 4419 omnibus

168 4452 384 4525 quique
419 4455 535 4510 sub
570 4472 678 4510 sua
710 4458 994 4527 potestate
1026 4454 1364 4511 constitutis
1404 4455 1613 4509 viritim
1632 4454 1829 4525 jurare

162 4542 423 4610 fecerunt.

335 4628 556 4685 CXXX.
604 4632 927 4687 Monasteria
962 4636 1022 4687 in
1051 4634 1380 4689 Alemannia
1410 4631 1644 4687 condita.

178 4744 183 4747 τ
230 4719 530 4774 Nonnulla
565 4718 741 4775 etiam
775 4720 869 4775 bis
911 4722 1275 4794 temporibus
1305 4722 1374 4777 de
1406 4736 1550 4776 novo
1580 4718 1827 4775 excitata

161 4812 301 4862 eunt
331 4808 391 4861 in
426 4807 526 4862 bis
562 4808 899 4879 regionibus
933 4810 1309 4877 monasteria,
1333 4827 1478 4882 qua,
1505 4810 1587 4864 uti
1613 4806 1828 4863 Bertol-

158 4896 269 4952 dus
290 4897 491 4962 refert,
507 4913 545 4951 a
567 4894 912 4951 Gebehardo
936 4899 1263 4971 apostolica
1286 4898 1647 4968 sedislegato
1671 4894 1829 4951 dedi-

157 4990 287 5040 cata
320 4985 596 5041 fuerunt.
620 4984 882 5040 Primum
911 4986 968 5041 in
992 4987 1147 5043 Silva
1169 4988 1346 5060 Nigra
1372 5005 1406 5042 a
1430 4984 1828 5042 fundamentis

155 5074 338 5130 erexit
358 5074 643 5145 ejusdem
670 5073 953 5131 antistitis
969 5077 1145 5132 frater
1158 5078 1275 5131 dux
1288 5076 1653 5141 Bertholdus,
1671 5073 1827 5147 quod

154 5162 441 5218 abbatiali
462 5162 760 5235 dignitate
785 5169 1105 5235 auctum,et
1118 5167 1229 5221 sub
1244 5164 1483 5238 speciali
1498 5163 1827 5237 apostolica

153 5252 313 5308 sedis
342 5251 612 5307 tuitione
643 5252 1026 5310 constitutum
1059 5256 1343 5312 dedicavit
1373 5256 1499 5327 ipse
1529 5251 1829 5309 Gebehar-

150 5341 262 5396 dus
292 5341 410 5396 hoc
441 5356 634 5407 anno,
671 5339 767 5395 die
797 5341 983 5412 prima
1008 5344 1278 5417 Augusti.
1326 5343 1526 5398 Mense
1557 5340 1829 5414 sequenti

146 5431 305 5487 idem
354 5430 692 5503 episcopus
739 5427 981 5488 alterum
1032 5432 1389 5489 consecravit
1438 5431 1496 5485 in
1544 5430 1828 5485 honorem

149 5520 338 5576 sancti
376 5516 656 5586 Martini,
710 5519 863 5589 quod
906 5521 1299 5580 Hartmannus
1339 5537 1535 5576 comes
1566 5524 1623 5576 et
1653 5519 1831 5573 frater

148 5610 276 5691 ejus
326 5609 457 5670 Odo
511 5607 579 5666 in
630 5606 866 5683 proprio
914 5609 1120 5673 allodio
1159 5610 1566 5685 condiderant,
1602 5624 1669 5670 eo
1700 5606 1828 5685 ipso

1934 3302 2025 3358 die
2048 3301 2312 3357 condicto
2338 3300 2646 3371 utriusque
2660 3299 3403 3374 Ecclesialegati.Primum
3421 3301 3590 3355 Atre-

1932 3389 2470 3447 batenseslaudatis
2490 3388 2747 3459 antiquis
2770 3387 2965 3443 Gallia
2988 3388 3420 3460 provinciarum
3443 3387 3589 3442 noti-

1932 3481 2053 3545 tiis,
2078 3477 2437 3552 prolatisque
2450 3475 2655 3532 multis
2668 3476 3318 3542 veterumtestimoniis,
3341 3474 3580 3548 potissi-

1934 3584 2098 3623 mum
2116 3566 2317 3622 exV'ita
2334 3570 2391 3621 et
2408 3569 2753 3621 testamento
2767 3565 2954 3621 sancti
2967 3563 3214 3637 Remigii
3228 3563 3578 3636 desumptis,

1934 3659 2310 3713 asseruerunt
2340 3672 2509 3711 suam
2532 3655 2759 3721 urbem,
2782 3672 2962 3710 unam
2984 3653 3121 3710 olim
3146 3648 3177 3710 ὁ
3197 3651 3583 3711 nobilioribus

1935 3745 2176 3818 Beigica
2217 3746 2484 3801 secunda
2516 3743 2874 3813 civitatibus,
2906 3743 3210 3816 proprium
3241 3742 3583 3816 episcopum

1934 3833 2232 3904 quondam
2273 3832 2552 3887 habuisse
2578 3836 2755 3904 atque
2786 3833 2928 3888 adeo
2953 3832 3123 3904 juxta
3150 3830 3496 3905 pontiﬁcum
3527 3833 3586 3887 et

1934 3920 2314 3977 conciliorum
2366 3922 2614 3988 decreta,
2656 3921 2766 3977 hoc
2787 3922 2912 3992 jus,
2944 3922 2992 3977 ei
3019 3922 3148 3993 jam
3177 3920 3235 3975 in
3266 3919 3584 3993 pristinum

1935 4010 2306 4083 splendorem
2326 4014 2625 4076 revocata,
2650 4010 2858 4066 debere
2880 4011 3127 4080 restitui,
3151 4009 3405 4074 maxime
3425 4007 3585 4080 quod

1932 4100 1990 4154 id
2020 4099 2212 4171 ipsum
2251 4098 2521 4154 Urbanus
2550 4099 2810 4171 pontifex
2838 4099 2989 4156 datis
3010 4099 3221 4155 litteris
3250 4098 3377 4155 fieri
3395 4098 3588 4154 decre-

1932 4188 2129 4244 visset.
2166 4186 2319 4241 Nihil
2342 4188 2412 4242 ad
2447 4205 2513 4243 ea
2545 4188 3036 4260 respondentibus
3062 4185 3583 4243 Cameracensibus

1933 4276 2163 4349 legatis,
2198 4292 2302 4329 nec
2351 4275 2674 4347 quidquam
2707 4276 2765 4331 in
2807 4294 2924 4333 sua
2956 4292 3142 4331 causa
3191 4272 3583 4347 patrocinium

1936 4363 2385 4438 proferentibus,
2447 4364 2923 4437 archiepiscopus
2996 4364 3141 4420 dixit
3205 4379 3331 4418 eam
3389 4361 3584 4433 reipsa

1935 4453 2338 4509 Atrebatensis
2367 4453 2735 4525 episcopatus
2784 4455 3214 4510 restitutionem
3247 4469 3281 4508 a
3309 4449 3584 4524 pontiﬁce

1858 4562 1906 4626 D
1934 4540 2115 4597 fuisse
2147 4542 2515 4613 imperatam.
2541 4541 3110 4615 Statimquelitteras
3125 4540 3343 4597 Urbani
3358 4544 3487 4595 tum
3508 4538 3581 4594 ad

1937 4647 2018 4697 se,
2051 4634 2180 4685 tum
2215 4631 2284 4684 ad
2315 4631 2724 4686 Atrebatenses
2755 4647 2821 4686 ea
2852 4631 2921 4685 de
2969 4647 3147 4686 causa
3170 4628 3418 4700 scriptas
3448 4642 3585 4697 pro-

1940 4720 2075 4775 ferri
2096 4719 2276 4789 jussit
2294 4718 2349 4772 in
2381 4718 2660 4783 medium,
2684 4735 2810 4790 qua
2832 4720 3031 4773 omnia
3051 4718 3134 4772 ita
3148 4732 3276 4772 esse
3298 4713 3584 4770 Burcbar-

1935 4809 2048 4864 dus
2070 4805 2265 4861 Sancti
2299 4803 2491 4860 Basoli
2515 4806 2701 4873 abbas
2718 4810 2775 4861 et
2803 4806 2969 4861 Dudo
2992 4804 3351 4878 capellanus,
3382 4819 3584 4859 recens

1938 4913 1967 4952 (δ
1998 4895 2161 4951 curia
2184 4893 2445 4948 Romana
2476 4894 2709 4961 reversi,
2733 4893 2927 4966 palam
2948 4894 3143 4950 testati
3175 4896 3331 4950 sunt.
3365 4892 3587 4949 Deinde

1940 4982 2432 5054 archiepiscopus,
2464 4982 2684 5055 rogatis
2700 4984 3107 5057 episcoporum
3125 4986 3181 5039 et
3210 4979 3589 5054 aliorum,qui

1939 5072 2018 5128 ibi
2034 5076 2349 5143 prasentes
2373 5071 3197 5146 aderant,consiliis,quamvis
3218 5070 3301 5126 illi
3319 5069 3589 5127 inducias

1936 5159 2325 5233 postularent,
2346 5162 2819 5218 Atrebatensium
2836 5163 2983 5218 votis
3005 5177 3314 5219 assensum
3333 5159 3590 5232 prabere

1938 5253 2179 5322 paratus
2204 5254 2488 5319 erat,cum
2512 5252 3291 5324 Cameracenses,desperata
3312 5245 3588 5314 causa,ad

1938 5337 2322 5411 apostolicam
2348 5341 2545 5395 sedem
2562 5340 2950 5412 appellarunt.
2966 5341 3125 5397 Hanc
3137 5335 3588 5411 appellationem

1939 5426 2161 5491 statim,
2189 5433 2484 5484 annuente
2527 5429 2797 5485 universo
2829 5424 3366 5496 concilio,\admisit
3394 5422 3591 5479 archi-

1938 5514 2271 5587 episcopus,
2305 5533 2368 5572 ac
2427 5518 2663 5589 utrique
2692 5518 2845 5590 parti
2895 5518 3051 5572 diem
3098 5514 3263 5583 dixit,
3314 5513 3389 5568 ad
3431 5512 3587 5567 diem

1936 5601 2304 5664 Dominicam
2335 5609 2469 5665 ante
2493 5606 2931 5682 Ascensionem,
2956 5607 3058 5664 aut
3071 5604 3224 5662 certe
3245 5600 3319 5659 ad
3343 5613 3591 5677 sequens
