3958 6224
430 334 560 420 in
1743 336 1813 402 Β.
1860 337 2082 437 uasa:

2207 336 2253 402 ιι
2295 336 2549 403 Ρλριε.
3705 343 3805 428 iis

448 476 567 530 tem
615 468 1065 544 hebdomadam,
1116 489 1234 547 qua
1279 491 1475 533 coram
1507 475 1777 550 pontiﬁce
1807 477 2086 542 Romano,
2115 477 2173 543 Α
2198 478 2448 532 claritate
2475 474 2868 544 interdicimus,
2911 491 2982 530 ne
3028 474 3340 548 impositam
3382 473 3488 554 sibi
3521 476 3805 538 electionem

446 561 544 636 cui
573 579 642 620 ea
671 563 742 620 de
771 579 834 620 re
859 562 1086 620 litteras
1107 564 1438 637 scripturus
1463 570 1636 636 esset,
1659 583 1900 623 causam
1921 581 2090 622 suam
2197 563 2636 620 dissimulatione
2666 565 2854 636 aliqua
2895 565 3060 637 hujus
3109 579 3267 632 nova
3311 561 3660 623 ordinationis
3692 571 3810 624 sub-

445 647 907 728 propuguarent,
937 655 1112 726 atque
1142 654 1224 712 ita
1241 654 1554 712 concilium
1585 655 1845 712 solutum
1875 659 1983 712 est.

443 751 448 760 '
625 741 884 801 CXXXII.
917 743 1019 808 Res
1045 759 1232 800 coram
1257 745 1512 816 pontiﬁce
1540 747 1728 814 agitur
1748 747 1911 812 episc.

520 829 656 889 Post
675 832 802 890 dies
830 849 1050 906 paucos
1069 834 1322 892 Joannes
1353 838 1410 890 et
1439 833 1627 906 Drogo
1649 835 1722 890 ab
1752 832 2090 888 Atrebaten-

449 921 616 980 sibus
635 921 710 980 ad
731 939 903 980 suam
924 939 1126 982 eorum
1152 939 1392 980 causam
1409 939 1604 979 coram
1635 921 1910 995 pontiﬁce
1926 937 2096 995 agen-

452 1012 590 1072 dam
619 1011 786 1070 electi
824 1011 1069 1070 Romam
1103 1012 1572 1086 proﬁciscuntur,
1626 1028 1774 1083 quos
1823 1011 2094 1067 Urbanus

449 1090 703 1178 benigne
715 1103 1354 1178 exceptos,exspectatis
1368 1100 1935 1158 frustraCameracen
1943 1100 1990 1158 si
1999 1117 2098 1156 um

451 1189 676 1266 legatis,
692 1197 824 1266 post
844 1191 1109 1265 elapsum
1130 1209 1165 1248 a
1184 1191 1428 1250 concilio
1451 1191 1722 1248 Remensi
1744 1190 2098 1264 praeﬁnitum

451 1283 783 1356 tempus,ad
807 1279 1172 1355 Raynaldum
1195 1281 1698 1354 archiepiscopum
1711 1280 2098 1349 remisit,cum

450 1369 681 1442 litteris,
711 1371 925 1444 quibus
953 1370 1006 1427 ei
1036 1369 1409 1444 principiebat
1440 1375 1505 1427 ut
1543 1369 1793 1426 electum
1833 1369 1904 1426 ab
1935 1370 2098 1424 Atre-

450 1459 791 1518 batensibus
824 1460 1165 1534 episcopum
1199 1464 1566 1518 consecraret
1593 1477 1606 1528 ;
1640 1464 1742 1516 aut
1779 1463 1932 1515 certe
1961 1459 2010 1514 si
2039 1457 2097 1513 id
2148 1535 2150 1537 b

451 1549 654 1624 nollet,
685 1549 883 1625 ipsum
914 1551 985 1606 ad
1015 1549 1395 1624 apostolicam
1428 1549 1626 1606 sedem
1657 1548 2098 1617 transmitteret,

451 1643 489 1696 'a
517 1656 604 1710 se,
635 1637 792 1697 salvo
815 1638 1122 1696 Remensis
1147 1637 1414 1695 Ecclesiae
1441 1638 1592 1710 jure,
1617 1637 2097 1695 consecrandum.

457 1729 553 1784 Has
580 1727 810 1806 litterae,
826 1727 979 1784 sicut
999 1731 1056 1784 et
1078 1727 1224 1796 aliae,
1251 1744 1396 1800 quas
1419 1727 1620 1782 eadem
1641 1724 1941 1782 occasione
1963 1741 2102 1798 pon-

2199 656 2492 725 terfugiat:
2525 671 2592 711 ac
2641 655 2724 712 sic
2773 671 2978 712 omnes
3026 653 3297 712 electioni
3337 654 3498 712 facta:
3540 656 3808 730 acquieve-

2204 749 2362 798 runt.

2273 831 2569 905 Scriptum
2601 833 2802 890 statim
2831 837 2921 891 est
2949 834 3021 891 ad
3057 833 3422 909 Raynaldum
3451 834 3808 908 metropolita-

2204 939 2369 991 num,
2393 926 2460 978 ut
2489 922 2644 979 diem
2665 939 2782 996 qua
2797 927 2952 980 esset
2972 923 3105 980 novi
3135 922 3393 997 episcopi
3417 921 3670 980 facienda
3697 941 3813 980 con-

2205 1011 2453 1068 secratio
2479 1011 2763 1068 indicaret
2785 1031 2799 1081 ;
2824 1016 2882 1069 at
2905 1011 3024 1082 ille,
3059 1011 3224 1068 nulla
3243 1011 3337 1068 die
3353 1015 3588 1080 statuta,
3615 1028 3817 1086 respou-

2205 1099 2294 1156 dit
2324 1118 2384 1157 se
2415 1117 2537 1156 rem
2569 1117 2704 1156 cum
2725 1101 2948 1157 caeteris
2969 1098 3558 1174 comprovincialibus
3588 1115 3816 1158 commu-

2209 1188 2544 1246 nicaturum
2576 1190 2636 1244 in
2663 1206 2860 1261 magno
2892 1192 3268 1262 episcoporum
3293 1197 3346 1246 et
3374 1190 3689 1249 clericorum
3712 1206 3818 1248 con-

2206 1288 2388 1344 ventu,
2411 1295 2570 1350 quem
2589 1281 2648 1334 in
2666 1281 2797 1352 festo
2817 1284 3022 1338 sanctae
3048 1279 3258 1346 Maria,
3281 1278 3554 1336 mediante
3588 1279 3818 1351 Augusto,

2209 1369 2386 1422 Remis
2417 1367 2660 1425 haberet.
2693 1367 2910 1424 Verum
2955 1386 3088 1426 cum
3119 1368 3214 1424 die
3244 1367 3462 1425 indicto
3507 1367 3822 1424 Atrebaten-

2210 1456 2364 1512 sium
2397 1457 2570 1530 legati
2603 1457 3074 1530 comparuissent
3103 1473 3170 1513 ea
3194 1457 3266 1513 de
3294 1474 3354 1514 re
3383 1456 3824 1530 rogaturi,indu—

2210 1547 2330 1602 cias
2346 1547 2555 1602 iterum
2578 1546 2895 1620 postulavit
2915 1546 3394 1619 archiepiscopus
3407 1547 3481 1604 ad
3501 1546 3705 1604 festum
3723 1561 3825 1602 om-

2211 1636 2375 1690 nium
2397 1641 2764 1692 Sanctorum.
2788 1636 2894 1692 Tot
2914 1636 3356 1692 cunctationum
3373 1635 3600 1709 portasi
3616 1635 3827 1692 Atreba-

2211 1729 2424 1790 tenses,
2457 1724 2678 1798 legatos
2701 1725 2828 1798 jam
2875 1726 3046 1782 tertia
3084 1726 3204 1782 vice
3237 1725 3484 1784 Romam
3516 1725 3743 1781 mittunt
3768 1723 3826 1779 ad

459 1815 600 1874 tifex
627 1817 702 1874 ad
742 1810 1152 1874 Atrebatenses
1183 1815 1438 1887 scripsit,
1469 1814 1908 1912 nullas‘habent
1933 1812 2101 1870 cbro-
2133 1847 2182 1912 Β
2212 1814 2534 1912 Urbanum,
2579 1813 2838 1871 Odonem
2887 1813 3107 1872 scilicet
3136 1819 3458 1884 cautorem,
3491 1817 3548 1872 et
3573 1817 3826 1871 Joannem

459 1906 622 1964 nicas
643 1909 812 1964 notas
831 1910 922 1978 ;at
933 1923 1002 1964 ex
1013 1906 1187 1962 rebus
1207 1906 1388 1979 gestis
1411 1904 1577 1960 facile
1599 1903 2105 1978 colligitur,utras-

460 1995 576 2070 que
605 2013 726 2054 una
754 1999 854 2054 aut
883 1995 1064 2053 altera
1093 1994 1186 2052 die
1214 1999 1348 2070 post
1376 1994 1736 2050 Dominicam
1768 1992 1920 2050 infra
1947 1997 2104 2050 octa-

461 2101 595 2142 vam
605 2084 1066 2156 Ascensionis,id
1087 2088 1176 2142 est
1195 2083 1406 2141 ultima
1420 2087 1522 2139 aut
1543 2081 1867 2156 penultima
1884 2081 2104 2140 mensis

461 2171 600 2231 Maii
631 2175 796 2231 datas
827 2173 1028 2231 fuisse.
1060 2173 1256 2247 Legati
1287 2171 1482 2244 itaque
1506 2172 1566 2227 in
1607 2171 1825 2229 Gallias
1868 2171 2102 2240 reversi,

460 2264 674 2322 Remos
686 2264 884 2321 statim
905 2262 1175 2321 adierunt
1184 2261 1476 2336 pontiﬁcis
1491 2260 1716 2318 litteras
1741 2261 1814 2318 ad
1826 2259 2108 2334 archiepi-

457 2369 702 2426 800pum
733 2351 1003 2422 deleturi,
1037 2353 1254 2425 quibus
1283 2351 1380 2408 ille
1411 2349 1684 2424 acceptis,
1717 2350 1928 2424 legatis
1958 2349 2105 2424 ipsis

456 2441 751 2502 consuluit
780 2447 862 2512 ut,
886 2441 1049 2499 nulla
1069 2439 1412 2515 interposita
1441 2458 1626 2508 mora,
1653 2441 1991 2497 Atrebatum
2016 2457 2104 2496 re-

453 2530 605 2588 versi
635 2529 978 2588 electionem
1013 2535 1318 2604 urgerent;
1341 2530 1444 2586 sed
1475 2528 1722 2598 litteras,
1749 2546 1895 2601 quas
1913 2527 1999 2584 illi
2032 2529 2104 2586 ab

456 2619 523 2676 eo
535 2617 1035 2692 efﬁagitabant,ad
1049 2619 1272 2675 clerum
1285 2623 1344 2674 et
1355 2617 2103 2690 populumAtrebatensem,

457 2705 680 2766 veritus
709 2707 909 2780 procul
941 2706 1120 2764 dubio
1151 2724 1224 2764 ne
1267 2707 1376 2763 hoc
1415 2707 1566 2763 facto
1599 2707 2104 2764 Cameracensium

463 2795 694 2854 animos
742 2796 801 2851 in
850 2811 913 2854 se
961 2799 1372 2864 commoveret,
1422 2795 1672 2852 scribere
1701 2796 2005 2864 recusavit,
2038 2813 2107 2854 ea

464 2884 657 2958 specie
687 2884 842 2958 quod
869 2885 1236 2941 necessarium
1264 2901 1378 2940 non
1410 2887 1582 2954 esset,
1608 2900 1713 2940 nec
1735 2883 2008 2953 idoneum,
2041 2890 2106 2942 ut

464 2977 666 3034 litteris
689 2989 858 3048 papae
887 2972 1228 3030 electionem
1262 2972 1392 3029 novi
1417 2971 1674 3047 episcopi
1697 2973 1824 3044 jam
1845 2973 2026 3030 semel
2046 2979 2106 3032 et

461 3063 676 3122 iterum
691 3063 1157 3138 praecipientibus,
1173 3079 1238 3117 su
1247 3078 1310 3118 as
1323 3077 1570 3134 quoque,
1580 3061 1734 3134 quod
1748 3065 1944 3120 tamen
1958 3080 2101 3136 prae-

413 3225 418 3228 _
458 3158 691 3228 ceperat
717 3152 994 3226 pontifex,
1027 3149 1302 3224 epistolas
1331 3151 1695 3224 adjungeret.

2215 1903 2548 1973 diaconum,
2577 1903 2677 1975 qui
2710 1903 2973 1977 pontiﬁci
3019 1919 3216 1960 rerum
3261 1904 3534 1960 omnium
3576 1904 3827 1959 rationem

2215 1993 2543 2058 redderent,
2570 1994 2818 2066 ejusque
2839 2009 3008 2065 opem
3032 1992 3244 2049 iterum
3265 1991 3644 2064 implorarent
3663 1991 3826 2049 adver-

2215 2099 2318 2138 sus
2332 2081 2966 2154 archicpiscopum,qui
2978 2082 3267 2153 ejusmodi
3279 2080 3826 2154 tergiversationibus

2216 2171 2494 2226 mandata
2523 2169 2840 2243 apostolica
2859 2169 3002 2227 velle
3023 2169 3254 2228 eludere
3284 2171 3612 2228 videbatur.
3637 2171 3827 2226 Littera

2215 2277 2362 2332 quas
2394 2276 2462 2316 ea
2489 2259 2794 2315 occasione
2822 2259 3234 2316 Atrebatenses
3255 2259 3328 2316 ad
3353 2260 3688 2333 pontiﬁcem
3713 2257 3830 2314 scri-

2215 2353 2477 2422 pserunt,
2511 2348 2810 2405 dabuntur
2839 2365 2946 2405 suo
2977 2353 3254 2422 tempore,
3290 2348 3448 2405 sicut
3494 2353 3552 2405 et
3581 2347 3686 2404 illae
3704 2363 3830 2420 quas

2213 2437 2338 2510 ipse
2367 2437 2644 2510 pontifex,
2678 2437 2932 2510 exceptis
2963 2437 3232 2512 benigne,
3268 2442 3332 2494 ut
3361 2437 3610 2507 solebat,
3633 2437 3833 2494 Atreba-

2212 2527 2470 2584 tensium
2501 2525 2731 2600 legatis,
2785 2526 2858 2582 ad
2907 2525 3274 2599 Raynaldum
3306 2543 3374 2584 ea
3415 2528 3489 2584 de
3519 2543 3580 2583 re
3609 2525 3830 2598 scripsit,

2215 2617 2432 2688 quibus
2452 2615 2537 2672 illi
2570 2615 2940 2689 praecipiebat
2973 2619 3036 2672 ut
3065 2617 3216 2688 infra
3245 2617 3478 2690 triginta
3507 2617 3713 2674 dierum
3737 2630 3832 2688 spa-

2214 2708 2374 2772 tium,
2407 2710 2720 2778 postquam
2752 2721 2891 2761 suas
2935 2703 3122 2779 ipsius
3165 2703 3390 2762 litteras
3431 2703 3724 2778 receperit,
3751 2706 3830 2760 aut

2215 2795 2589 2852 Lambertum
2620 2794 2743 2867 ipse
2763 2797 3144 2864 consecraret,
3167 2797 3268 2851 aut
3283 2799 3440 2852 certe
3459 2811 3596 2852 eum
3617 2795 3828 2851 Romam

2213 2885 2638 2941 transmitteret
2668 2881 2728 2938 in
2761 2883 3024 2942 Romana
3052 2883 3216 2940 curia
3242 2883 3722 2942 consecrandum.
3743 2881 3827 2937 Ea-

2213 2975 2345 3031 dem
2377 2974 2558 3030 ferme
2605 2971 2814 3046 repetit
2841 2971 2903 3027 in
2935 2970 3050 3028 alia
3105 2971 3374 3047 epistola,
3427 2989 3606 3046 quam
3651 2970 3824 3028 eadem

2212 3061 2637 3135 occasioueipsi
2655 3061 2966 3118 Lamberto
2986 3060 3166 3119 electo
3184 3061 3554 3138 conscripsit,
3578 3077 3700 3135 quae
3714 3074 3823 3118 cum

2209 3171 2247 3210 ν
2273 3153 2398 3209 Idus
2429 3151 2672 3208 Octobris
2702 3151 2838 3207 data
2867 3149 3116 3220 dicatur,
3142 3149 3276 3206 inde
3321 3137 3658 3225 colligimus
3702 3162 3824 3222 pre-

452 3215 740 3328 CJEXXIII:
769 3215 1088 3318 Lambertus
1110 3260 1356 3329 eligitur.
1381 3215 1826 3330 drchiepiscopus
1861 3261 2082 3318 Remen-

2209 3241 2534 3308 cedentem,
2548 3257 2676 3314 qua:
2698 3238 2919 3296 nullam
2940 3215 3172 3313 praefert
3187 3243 3410 3310 notam,
3433 3215 3604 3298 initio
3625 3215 3824 3313 quoque

873 3334 948 3388 sis
982 3331 1166 3404 dilfert
1192 3332 1664 3388 consecrationem.

513 3421 664 3481 Solis
693 3422 892 3495 itaque
923 3419 1140 3478 Urbani
1169 3419 1381 3476 litteris
1411 3419 1666 3476 contenti
1715 3418 1892 3492 legati
1928 3421 2090 3477 Atre-

420 3512 644 3584 batum
661 3511 981 3579 redierunt,
996 3509 1317 3581 statimque
1342 3507 1563 3564 indicta
1583 3512 1674 3564 est
1692 3506 1990 3566 electionis
2012 3509 2092 3565 fa-

436 3599 654 3660 ciendae
683 3600 807 3658 dies
827 3599 900 3658 ad
920 3616 975 3658 Vl
997 3599 1138 3654 Idus
1157 3596 1319 3665 Julii,
1354 3613 1481 3668 quae
1503 3595 1806 3653 Dominica
1827 3601 1968 3654 erat.
2001 3598 2087 3654 Ad

423 3681 616 3764 quam
641 3706 758 3746 non
789 3688 963 3745 modo
991 3685 1413 3752 Atrebatensis,
1441 3685 1540 3742 sed
1570 3683 1748 3741 etiam
1763 3685 2086 3744 vicinarum

438 3778 664 3851 aliquot
693 3777 1082 3835 Ecelesiarum
1113 3773 1326 3842 clerici,
1361 3780 1535 3846 atque
1558 3773 1712 3829 inter
1739 3773 1884 3832 alios
1915 3775 2085 3833 Insu-

438 3863 624 3942 lensis
653 3863 926 3922 Ecclesia
946 3863 1259 3936 collegiatae
1281 3861 1564 3930 canonici,
1586 3861 1674 3920 vel
1697 3863 1769 3920 ob
1801 3864 2084 3936 majorem

437 3953 898 4022 solemnitatem,
921 3951 1010 4010 vel
1036 3952 1108 4008 ob
1131 3951 1430 4024 antiquam
1455 3951 1958 4023 consuetudinem,
1983 3959 2084 4012 aut

435 4043 588 4102 inter
611 4045 894 4116 utrosque
923 4040 1256 4098 societatem
1287 4039 1580 4096 convocati
1611 4045 1766 4097 sunt.
1802 4041 2082 4102 Convenit

436 4149 506 4190 ea
534 4131 628 4188 die
658 4123 720 4186 in
752 4131 1036 4204 majorem
1057 4129 1282 4186 Sancta
1309 4128 1499 4186 Mariis
1520 4129 1825 4188 ecclesiam
1848 4131 2080 4190 inﬁnita

434 4220 861 4296 propemodum
900 4217 1243 4276 clericorum
1289 4222 1346 4275 et
1402 4217 1682 4276 laicorum
1737 4219 2073 4292 multitudo,

428 4310 630 4386 ibique
649 4309 960 4367 celebratis
986 4307 1298 4367 missarum
1331 4307 1654 4378 solemniis,
1686 4325 1752 4366 ac
1773 4311 2078 4383 prmmissa

429 4399 616 4457 sancti
645 4399 898 4473 Spiritus
925 4398 1306 4468 invocatione,
1341 4397 1572 4471 publice
1599 4415 1630 4454 e
1658 4397 1885 4471 pulpito
1913 4399 2073 4457 lecta:

425 4493 568 4548 sunt
595 4487 813 4546 Urbani
838 4487 1128 4561 pontiﬁcis
1150 4486 1350 4544 litterae
1367 4488 1436 4544 de
1457 4487 1820 4544 restituenda
1839 4489 2075 4546 Atreba-

2203 3330 2470 3389 Octobris
2493 3329 2773 3404 scriptam
2797 3328 2999 3385 fuisse.

2270 3418 2758 3492 Arcbiepiscopus
2781 3416 2998 3491 itaque,
3033 3416 3278 3490 receptis
3328 3416 3488 3475 circa
3514 3413 3823 3478 Novembris

2199 3509 2461 3566 medium
2481 3507 2700 3565 Urbani
2717 3506 2947 3573 litteris,
2966 3505 3274 3564 Lamberto
3291 3505 3476 3565 electo
3486 3501 3822 3564 AtrebatenSi

2197 3597 2453 3672 scripsit,
2483 3602 2548 3654 ut
2581 3597 2654 3654 ad
2679 3613 2742 3653 se
2761 3597 2999 3668 legatum
3021 3595 3276 3668 aliquem
3299 3597 3456 3669 infra
3487 3599 3698 3656 octavas
3723 3609 3822 3650 san-

2194 3691 2268 3746 cti
2292 3688 2518 3745 Andreae
2549 3687 2822 3754 mitteret,
2855 3702 2960 3759 per
2989 3701 3166 3758 quem
3192 3685 3332 3758 quid
3365 3686 3440 3742 de
3471 3685 3635 3743 illius
3655 3696 3823 3741 conse-

2193 3776 2451 3834 cratione
2481 3792 2614 3832 cum
2644 3775 2776 3832 aliis
2807 3775 3114 3848 provinciae
3147 3791 3265 3830 suae
3305 3774 3696 3850 suﬁragancis
3723 3776 3822 3830 sta-

2192 3867 2373 3925 tuerit
2401 3867 2451 3923 ei
2483 3865 2927 3922 renuntiaturus
2957 3868 3131 3921 esset.
3165 3864 3236 3920 Et
3264 3863 3509 3936 quidem
3549 3863 3820 3938 assignato

2190 3961 2451 4028 tempore
2473 3953 2785 4010 adfuerunt
2813 3951 2989 4025 legati
3003 3951 3506 4023 Atrebatensium,
3531 3952 3636 4010 sed
3657 3962 3821 4021 neque

2189 4049 2330 4102 tunc
2359 4046 2584 4100 certum
2625 4057 2973 4114 responsum
3019 4041 3091 4096 ab
3139 4039 3584 4115 archiepiscopo
3629 4039 3820 4097 habere

2189 4136 2522 4208 potuerunt.
2556 4132 2743 4198 Quare
2766 4131 3198 4199 Atrebatenses,
3219 4132 3306 4186 tot
3328 4146 3636 4188 morarum
3654 4128 3820 4201 impa-

2186 4223 2420 4290 tientes,
2447 4219 2698 4278 electum
2729 4219 2924 4291 ipsum
2957 4219 3170 4276 Remos
3201 4218 3437 4275 tandem
3483 4217 3818 4276 mittendum

2185 4327 2314 4369 esse
2329 4313 2685 4368 censuerunt
2704 4308 2776 4366 ad
2795 4307 3325 4382 archiepiscopum,
3347 4311 3414 4364 ut
3433 4325 3574 4366 eum
3593 4311 3696 4366 aut
3711 4305 3821 4380 ipso

2183 4401 2413 4476 praﬁxo
2446 4417 2548 4472 per
2569 4399 2763 4472 ipsum
2787 4397 3120 4471 pontiﬁcem
3149 4401 3412 4472 tempore
3440 4397 3817 4463 consecraret,

2183 4495 2249 4546 ut
2271 4492 2392 4562 jam
2423 4489 2638 4562 saepius
2665 4489 2736 4544 ab
2767 4503 2833 4544 eo
2860 4487 3341 4560 efﬂagitaverant,
3376 4491 3482 4544 aut
3514 4491 3670 4544 certe
3698 4495 3818 4540 eum

417 4576 604 4641 tensis
655 4575 920 4634 Ecclesia:
962 4576 1266 4651 dignitate,
1297 4580 1354 4632 et
1383 4575 1661 4632 electione
1691 4575 1948 4649 episcopi
1978 4576 2063 4632 fa-
2093 4587 2139 4653 D
2171 4581 2380 4638 litteris
2411 4575 2906 4634 commendatitiis
2945 4575 3192 4633 Romam
3226 4576 3403 4648 juxta
3443 4575 3818 4649 apostolicum

417 4666 642 4724 cienda.
694 4666 960 4740 Cumque
989 4684 1024 4724 a
1073 4666 1386 4724 Gualberto
1421 4665 1750 4738 praeposito,
1785 4665 2061 4722 Guiberto

414 4755 630 4813 decano
679 4756 1017 4828 ceterisque
1065 4755 1342 4812 omnibus
1389 4753 1686 4810 canonicis
1716 4752 1775 4808 in
1806 4754 2061 4828 capitulo

411 4862 528 4902 uno
551 4861 841 4902 consensu
857 4845 1202 4902 Lambertus
1225 4841 1550 4900 Insulensis
1571 4841 1838 4899 Ecclesiae
1861 4849 2063 4902 cantor

410 4933 472 4989 in
501 4934 844 5008 episcopum
866 4935 1208 5008 designatus
1230 4932 1457 5000 fuisset,
1481 4933 1680 4989 statim
1702 4934 1762 4988 in
1776 4937 2062 5005 conspectu

2172 4671 2518 4728 mandatum
2549 4666 2826 4735 mitteret,
2851 4665 2952 4721 ubi
2977 4665 3052 4722 ab
3082 4665 3208 4738 ipso
3231 4664 3511 4739 pontiﬁce
3531 4675 3820 4722 consecra-

2173 4763 2350 4817 retur.
2386 4757 2736 4814 Lambertus
2765 4755 2962 4827 itaque
3003 4754 3216 4810 Remos
3245 4753 3570 4826 profectus,
3603 4753 3686 4810 ibi
3735 4749 3817 4806 die

2171 4847 2494 4916 Dominica,
2527 4861 2654 4918 quae
2685 4861 2760 4900 xv
2793 4860 2898 4901 seu
2927 4843 3124 4916 potius
3151 4859 3226 4900 xv
3254 4841 3559 4900 Kalendas
3593 4843 3814 4899 Decem-

2169 4939 2292 4996 bris
2323 4939 2465 5002 erat,
2499 4939 2557 4991 et
2595 4933 2844 4990 ultimus
2876 4931 3148 5005 praeﬁniti
3179 4949 3214 4989 a
3239 4931 3516 5005 pontiﬁce
3565 4931 3815 4988 Romano

408 5023 575 5079 totius
619 5023 860 5081 ecclesia
887 5026 1269 5096 manifestatus
1297 5030 1393 5090 est,
1431 5038 1496 5078 ac
1522 5022 1598 5077 sic
1628 5039 1662 5076 α
1691 5021 1838 5077 clero
1863 5023 2060 5080 electus

408 5115 460 5168 et
489 5113 649 5169 tertio
678 5114 1012 5170 acclamatus
1040 5130 1104 5170 ac
1125 5111 1384 5169 laudatus
1403 5129 1438 5166 a
1463 5113 1684 5182 populo,
1715 5111 2062 5168 licctinvitus

2170 5029 2240 5082 ad
2273 5027 2400 5098 ejus
2447 5022 2947 5081 consecrationem
3003 5021 3288 5094 temporis
3349 5021 3670 5088 terminus,
3719 5029 3814 5074 suo

2166 5113 2563 5172 Atrebatensis
2585 5112 2721 5168 eleri
2743 5130 2808 5168 ac
2820 5111 3023 5185 populi
3047 5111 3282 5168 nomine
3299 5109 3532 5167 litteras
3549 5101 3816 5178 archiepi-

405 5200 648 5273 eligitur,
691 5204 926 5276 capitur,
961 5207 1011 5259 et
1045 5204 1103 5258 in
1127 5200 1250 5258 sede
1271 5199 1584 5272 pontiﬁcali
1625 5198 2050 5257 inthronizatur.
2163 5221 2338 5276 scopo
2361 5204 2734 5276 praesentavit,
2755 5201 2970 5276 quibus
2988 5199 3180 5270 illum,
3201 5205 3269 5257 ut
3297 5199 3544 5257 tandem
3569 5198 3711 5255 huic
3729 5209 3815 5250 ne-

401 5289 536 5364 Ipso
566 5307 720 5361 vero,
755 5309 890 5349 cum
923 5291 1055 5349 aliis
1091 5288 1380 5347 Insulana:
1427 5286 1694 5344 Ecclesiae
1733 5287 2050 5360 canonicis,
2159 5292 2316 5367 gotio
2349 5291 2625 5349 alterutro
2676 5291 2871 5361 modo,
2905 5295 2971 5348 ut
3007 5289 3270 5364 pontifex
3297 5291 3616 5358 statuerat,
3649 5287 3815 5344 ﬁnem

398 5379 498 5454 qui
528 5383 759 5438 tantum
787 5382 978 5438 virum
1009 5379 1122 5437 sibi
1170 5376 1319 5448 eripi
1368 5392 1519 5448 (egre
1548 5376 1831 5445 ferebant,
1870 5377 2050 5436 recla-
2158 5383 2516 5454 imponeret:
2537 5404 2563 5431 α
2583 5380 2824 5451 Vestrae,
2849 5379 3128 5453 inquiunt
3147 5379 3208 5435 in
3229 5379 3339 5436 hoc
3355 5371 3810 5451 supplicilibello

393 5473 612 5540 mante,
645 5469 878 5544 publice
900 5471 1053 5526 lecta
1073 5471 1163 5524 est
1189 5465 1408 5522 Urbani
1440 5466 1733 5523 sententia
1760 5481 1830 5522 ex
1860 5467 2049 5538 prima
2155 5470 2588 5537 Atrebatenses,
2620 5468 2968 5526 excellentiae
3014 5467 3286 5542 dignitati
3335 5463 3704 5540 multiplices
3737 5476 3813 5519 re-

387 5559 518 5632 ejus
543 5558 816 5631 epistola,
847 5575 975 5630 quae
1007 5557 1092 5614 sic
1123 5553 1330 5612 habet:
1357 5555 1426 5612 Ei
1453 5570 1598 5623 vero,
1649 5571 1746 5627 qui
1787 5558 2046 5618 canonico
2154 5559 2400 5620 ferimus
2429 5559 2672 5633 gratias,
2703 5558 2843 5632 quia
2875 5561 3161 5620 hactenus
3187 5557 3492 5632 gratanter
3523 5553 3721 5624 nobis,
3749 5551 3812 5608 ut

379 5640 650 5718 Fomenta
697 5647 833 5707 cieri
861 5654 915 5708 et
937 5643 1364 5728 poputietectus
1389 5645 1580 5726 fuerit,
1612 5645 1910 5724 apostolica
1937 5664 2042 5710 αα.
2160 5649 2296 5730 pius
2355 5652 2522 5728 pater
2565 5649 2846 5724 juvamen
2903 5646 3364 5712 exhibuistis.....
3416 5646 3526 5706 sed
3566 5639 3812 5726 paternis
