3958 6224
157 304 276 375 H3

1775 293 1986 377 Vm.

3467 288 3586 383 m‘

156 447 332 504 tatem
359 446 629 502 vestram
665 440 954 501 miramur
983 439 1306 518 plurimum
1346 441 1404 500 in
1439 440 1594 501 calce
1626 445 1809 502 nostri
1840 449 1895 516 Α
1926 446 2449 522 ρνωάθοθεεονίὺυε
2466 448 2591 522 jam
2634 448 2978 516 habuerant,
3013 450 3084 508 ab
3117 464 3182 508 eo
3212 450 3578 526 impetraret.

159 534 376 609 negotii
407 528 826 609 infrigidatam
854 534 1122 602 existere,
1155 551 1287 591 cum
1322 534 1477 591 infra
1505 534 1825 592 terminum

157 625 229 682 ει)
285 624 617 698 apostolico
668 628 873 681 vestrae
926 625 1378 696 magniﬁcentia:
1428 624 1592 680 electi
1640 626 1824 680 nostri

153 714 626 771 consecrationis
678 713 1032 784 injunctum,
1080 729 1185 768 nec
1230 713 1569 769 solemniter
1617 713 1826 768 litteris

146 804 470 869 vestris,ut
492 803 1034 872 arbitrabamur,ad
1054 802 1550 858 consecrationem
1574 802 1824 858 electum

147 896 425 948 nostrum
441 891 702 947 vocastis
726 909 739 959 ;
761 908 865 947 nec
896 891 1050 946 diem
1085 895 1308 946 certum
1331 891 1482 946 infra
1505 891 1824 946 terminum

164 981 546 1055 designastis.
566 980 734 1036 Nunc
766 985 961 1036 autem
993 997 1127 1035 cum
1160 981 1518 1036 consecratio
1549 981 1824 1052 deinceps

153 1072 312 1141 infra
327 1069 688 1125 triennalem
713 1074 928 1124 metam
958 1068 1163 1142 nequit
1184 1069 1330 1135 ﬁeri,
1367 1069 1573 1124 saltem
1600 1068 1823 1124 litteras

152 1165 364 1216 vestrae
413 1158 783 1214 auctoritatis
833 1175 960 1229 quae
1017 1157 1335 1229 apostolico
1367 1158 1722 1222 deferantur,
1758 1161 1823 1213 ut

150 1250 278 1322 ipse
303 1247 510 1319 jussit,
543 1264 650 1319 pro
700 1247 1140 1303 consecratione
1198 1246 1381 1301 nostri
1432 1247 1598 1302 electi
1651 1247 1820 1302 nobis

149 1339 293 1395 dare
319 1335 520 1392 velitis
556 1336 811 1407 plurima
840 1351 982 1408 pace
1014 1351 1341 1407 precamur.
1380 1357 1407 1382 ››
1448 1339 1587 1389 Cum
1627 1336 1819 1407 itaque

153 1427 366 1483 nullus
398 1430 735 1497 superesset
767 1426 1029 1480 subterfu
1039 1424 1233 1497 giendi
1252 1424 1435 1489 locus,
1457 1423 1713 1497 Raynald
1726 1442 1814 1493 us,

148 1516 476 1573 Lamberto
493 1514 699 1578 electo,
737 1515 981 1569 Romam
1005 1515 1253 1569 adeundi
1281 1518 1626 1586 potestatem
1661 1514 1813 1584 fecit,

146 1604 308 1660 datis
335 1604 389 1658 ei
412 1604 486 1658 ad
509 1603 813 1660 Urbanum
846 1602 1078 1669 litteris,
1101 1603 1317 1675 quibus
1341 1602 1434 1658 ille
1457 1603 1728 1675 acceptis,
1757 1602 1812 1656 in

144 1694 278 1767 ipso
311 1692 543 1748 Natalis
573 1691 786 1747 Christi
821 1691 1121 1764 pervigilio
1154 1693 1351 1748 Remis
1381 1708 1655 1764 egressus
1687 1695 1808 1758 est;

143 1799 210 1840 ac
235 1787 374 1855 post
403 1781 568 1836 varia
601 1780 861 1853 pericula
890 1784 947 1836 et
975 1780 1204 1836 itineris
1235 1781 1635 1847 difficultates,
1670 1781 1807 1836 anni

144 1871 454 1943 sequentis
487 1869 676 1937 initio,
713 1875 777 1924 ut
803 1869 884 1925 ibi
920 1869 1204 1939 dicemus,
1244 1871 1489 1925 Romam
1525 1870 1808 1941 pervenit.

146 1961 382 2016 Litterae
408 1976 560 2031 quas
593 1959 930 2031 Raynaldus
962 1959 1034 2014 ad
1061 1960 1442 2015 Lambertum
1474 1959 1808 2030 scripserat,

151 2054 211 2106 et
232 2049 347 2104 illae
373 2065 522 2120 quas
549 2048 788 2104 tandem
810 2048 919 2104 hac
941 2049 1245 2104 occasione
1279 2049 1348 2102 ad
1380 2049 1680 2104 Urbanum
1714 2050 1810 2104 de-

150 2139 586 2205 ferendas,tum
608 2138 765 2192 idem
787 2136 1281 2210 archiepiscopus,
1302 2154 1436 2192 cum
1467 2138 1812 2192 Atrebatem-

150 2228 236 2284 sis
267 2226 534 2283 Ecclesia
558 2225 930 2298 scripsere,in
964 2226 1397 2299 pontiﬁciarum
1432 2226 1808 2298 epistolarum

149 2317 500 2375 collectione
521 2317 870 2384 referentur,
903 2321 1036 2388 post
1065 2333 1164 2372 eas
1195 2334 1342 2388 quas
1368 2315 1639 2372 Urbanus
1665 2316 1810 2388 ipse,

149 2410 216 2463 ut
250 2423 390 2461 mox
414 2405 782 2471 dicebamus,
816 2405 1083 2476 utrisque
1105 2405 1278 2478 paulo
1301 2409 1434 2460 ante
1457 2405 1812 2477 conscripse-

148 2501 259 2552 rat.
300 2497 382 2551 Ex
429 2495 526 2550 his
580 2511 754 2566 porro
803 2511 952 2566 quas
1001 2493 1210 2549 ultimo
1236 2492 1361 2549 loco
1408 2495 1477 2548 ad
1511 2494 1811 2549 Urbanum

152 2583 503 2658 Raynaldus
526 2599 630 2655 per
647 2583 1091 2639 Atrebatensem
1114 2583 1360 2638 electum
1385 2583 1639 2654 scripsit,
1660 2582 1813 2638 sicut

146 2679 204 2731 et
223 2691 295 2730 ex
305 2673 696 2746 responsione
709 2669 1418 2744 pontiﬁcis,intelligimus
1432 2689 1546 2743 quo
1566 2671 1810 2728 concilio

142 2764 196 2820 is
227 2763 482 2819 antistes
512 2761 644 2816 novi
677 2760 935 2833 episcopi
976 2759 1472 2816 consecrationem
1531 2766 1656 2816 tam
1711 2761 1811 2816 diu

148 2851 492 2916 distulerat,
517 2866 716 2921 quaeve
738 2866 916 2905 causa
935 2849 1109 2905 fuerit
1125 2853 1212 2904 tot
1232 2850 1361 2919 ejus
1383 2849 1810 2921 tergiversatio-

149 2957 298 2997 num
320 2939 511 3012 :quod
534 2937 1813 3009 scilicetvereretur,ne,siAtrebatensisepis-

146 3034 400 3103 copatus
447 3027 807 3084 restitutioni
849 3026 1078 3082 facilem
1121 3027 1808 3099 praebuissetassensum,

147 3120 289 3175 inde
320 3135 534 3174 ansam
566 3115 889 3188 arriperent
919 3116 1387 3180 Cameracenses,
1433 3115 1534 3186 qui
1567 3115 1810 3170 Henrico

1936 538 2278 611 Apostolicaa
2311 538 2465 596 sedis
2520 539 2940 612 protcctionem
2982 539 3262 597 adversus
3292 533 3581 599 bonorum

1937 628 2201 684 Ecclesiae
2234 629 2530 686 invasores
2581 629 2733 685 ultro
2785 630 3074 686 concessit
3103 629 3396 697 Urbanus,
3430 632 3581 688 datis

1937 734 2004 773 ea
2034 719 2103 773 de
2124 736 2184 773 re
2215 719 2425 775 litteris
2457 720 2526 774 ad
2560 719 2883 792 principem
2915 724 2972 775 et
3001 719 3286 791 populum
3317 719 3584 776 Dolensis

1937 807 2100 862 urbis
2144 826 2156 874 ;
2193 812 2249 862 at
2280 808 2339 862 in
2377 809 2748 863 concedendo
2769 807 2931 880 pallii
2978 825 3113 876 usu,
3145 808 3299 880 quod
3333 807 3585 864 maxime

1933 895 2290 968 efﬂagitabat
2332 897 2671 966 Rollandus,
2708 897 2807 970 qui
2836 901 2990 969 se,ut
3022 897 3112 952 sui
3141 898 3213 952 ab
3246 897 3417 953 annis
3449 896 3582 969 plus

1933 1000 2108 1054 quam
2134 987 2402 1041 ducentis
2424 985 3416 1058 praedecessores,archiepiscopum
3435 1004 3584 1042 nun-

1932 1075 2201 1144 cupabat,
2237 1091 2297 1129 se
2330 1076 2716 1131 difﬁciliorem
2765 1075 3030 1130 exhibuit
3055 1091 3067 1129 :
3093 1076 3403 1130 verebatur
3421 1075 3578 1131 enim

1931 1178 2132 1232 mquus
2177 1163 2454 1234 pontifex,
2501 1182 2572 1218 ne
2616 1164 2675 1218 id
2736 1164 3187 1234 faciendo,jura
3217 1163 3578 1220 Turonensis

1930 1251 2397 1323 Ecclesiae,quam
2430 1253 2662 1308 unicam
2691 1252 3003 1324 provinciae
3028 1253 3440 1324 Lugdunensis
3469 1257 3580 1308 ter-

1927 1339 2019 1394 tia:
2043 1357 2239 1395 veram
2271 1346 2328 1396 et
2381 1343 2685 1413 antiquam
2740 1359 2868 1398 esse
2921 1341 3287 1412 metropolim
3332 1341 3573 1408 sciebat,

1927 1428 2308 1484 convelleret:
2344 1447 2448 1485 nec
2493 1431 2815 1503 quidquam
2864 1431 3177 1501 impetrare
3224 1430 3413 1502 potuit
3441 1429 3574 1485 Rol-

1923 1516 2156 1585 landus,
2177 1519 2379 1586 donec,
2429 1520 2672 1590 prolatis
2693 1518 2954 1591 Gregorii
2980 1519 3077 1573 VII
3097 1518 3327 1584 litteris,
3360 1519 3573 1590 proba-

1921 1606 2104 1661 visset
2134 1624 2304 1662 usum
2339 1607 2500 1679 pallii
2534 1626 2597 1663 ac
2631 1608 3020 1680 provisionem
3063 1605 3573 1679 archiepiscopalis

1913 1695 2068 1765 juris
2120 1695 2178 1750 in
2214 1696 2513 1752 Britannia
2543 1697 2753 1752 minori
2799 1697 2963 1752 Ireno
3013 1695 3423 1767 prmdecessori
3467 1713 3574 1751 suo

1920 1784 2102 1839 fuisse
2134 1801 2492 1840 concessam.
2543 1786 2652 1841 Sed
2687 1786 2825 1857 quia
2873 1784 3138 1857 exempla
3166 1785 3572 1841 tantummodo

1923 1873 2131 1928 harum
2154 1873 2481 1930 litterarum
2506 1876 2855 1947 proferebat,
2889 1876 2961 1930 ab
2994 1890 3060 1930 eo
3091 1873 3363 1929 Urbanus
3395 1873 3574 1946 exigit

1921 1967 1986 2017 ut
2015 1967 2376 2018 sacramento
2409 1964 2664 2035 praestito
2703 1965 2928 2035 juraret
2966 1962 3112 2018 nihil
3172 1961 3425 2034 amplius
3470 1967 3573 2018 aut

1923 2051 2118 2107 minus
2142 2053 2198 2106 in
2247 2052 2506 2124 Gregorii
2540 2052 2924 2125 autographis
2962 2051 3171 2108 litteris
3205 2067 3383 2123 quam
3415 2052 3569 2122 quod

1922 2141 2046 2213 ipse
2065 2143 2495 2213 protestabatur
2525 2143 2841 2197 continere.
2877 2141 3000 2206 Quo
3024 2141 3174 2195 facto
3219 2138 3477 2212 pontifex
3497 2137 3567 2208 ei,

1921 2230 2442 2303 salvoImetropolis
2463 2230 2824 2286 Turonensis
2841 2228 3166 2302 jure,pallii
3188 2229 3470 2284 honorem
3501 2245 3568 2285 ac

1923 2319 2444 2392 archiepiscopales
2476 2320 2746 2384 honores,
2778 2318 2931 2374 sicut
2968 2318 3279 2388 Gregorius
3310 2317 3567 2388 pontifex

1923 2409 2088 2464 Ireno
2107 2408 2341 2476 fecerat,
2376 2408 2639 2477 indulsit,
2672 2407 2825 2462 datis
2853 2423 2920 2461 ea
2964 2407 3034 2460 de
3052 2423 3111 2460 re
3131 2403 3360 2473 litteris,
3396 2421 3564 2477 quas,

1922 2497 2056 2553 licet
2085 2496 2308 2553 nullam
2340 2497 2596 2552 habeant
2633 2495 2968 2551 chronicam
3001 2498 3221 2564 notam,
3274 2510 3342 2550 ex
3374 2493 3447 2549 iis
3477 2497 3565 2549 ta-

1923 2604 2078 2655 men,
2133 2604 2258 2659 quae
2300 2603 2452 2642 anno
2508 2586 2778 2659 sequenti
2832 2585 2902 2640 de
2932 2585 3136 2640 eadem
3171 2581 3566 2640 controversia

1921 2679 2068 2732 datae
2091 2680 2250 2747 sunt,
2285 2680 2506 2732 certum
2539 2679 2628 2731 est
2645 2676 2714 2730 ad
2747 2675 2902 2730 hunc
2925 2690 3146 2730 annum
3180 2671 3436 2729 revocari
3466 2673 3564 2728 de-

1919 2768 2075 2823 bere.

2028 2869 2306 2926 CXXXVI.
2344 2871 2610 2942 Radulfus
2658 2872 2938 2941 episcOpus
2967 2869 3231 2942 Tui-onem
3279 2875 3466 2925 contra

2349 2943 2621 2998 Dolenses.
2656 2943 2902 2997 Pallium
2921 2941 3142 2998 obtinet.

1994 3028 2192 3085 Adhuc
2212 3029 2269 3084 in
2302 3031 2596 3102 pontiﬁcis
2619 3030 2900 3086 comitatu
2919 3033 3042 3085 erat
3064 3028 3404 3101 Rollandus,
3438 3045 3573 3085 cum

1921 3118 2209 3174 Radulfus
2241 3120 2544 3174 Turonum
2579 3118 3288 3191 archiepiscopus,contra
3317 3133 3451 3173 eum
3484 3117 3573 3172 in-

144 3206 496 3280 imperatori
533 3205 914 3262 schismatico
941 3205 1242 3276 parebant,
1271 3221 1304 3259 a
1333 3221 1443 3259 sua
1472 3209 1528 3260 et
1546 3203 1810 3260 Ecclesiae
1844 3193 1887 3260 C
1926 3213 2291 3264 tercessurus
2315 3209 2707 3263 Beneventum
2732 3208 2981 3275 advenit,
3013 3206 3114 3260 ubi
3146 3211 3287 3260 tunc
3317 3205 3576 3278 pontifex

147 3297 465 3354 Remensis
496 3293 830 3350 obedientia
859 3293 1156 3349 discedere
1182 3311 1194 3348 :
1235 3310 1415 3364 quare
1445 3291 1653 3348 maluit
1683 3309 1810 3348 eam

150 3386 593 3444 ordinationem
619 3401 654 3439 a
683 3383 955 3456 pontiﬁce
987 3399 1164 3454 quam
1207 3399 1239 3437 a
1271 3399 1333 3437 se
1352 3382 1479 3454 ipso
1509 3381 1810 3447 celebrari,

147 3479 221 3534 ut
249 3475 417 3531 nulla
449 3473 825 3546 querelarum
848 3472 1075 3528 occasio
1098 3473 1377 3527 adversus
1403 3487 1465 3526 se
1496 3475 1597 3526 aut
1627 3471 1814 3527 Eccle-

147 3565 302 3622 siam
333 3580 510 3620 suam
566 3561 1086 3618 Cameracensibus
1118 3561 1492 3632 praeberetur.
1530 3560 1650 3615 Huc
1684 3576 1814 3632 spe-

151 3657 319 3710 ctant
347 3651 479 3707 aliae
512 3650 840 3722 peculiares
873 3651 1003 3722 ejus
1032 3650 1235 3705 litteris
1268 3650 1338 3704 ad
1373 3649 1726 3720 pontiﬁcem,
1747 3649 1819 3703 de

151 3738 892 3807 rebusCameracensibus,
909 3739 980 3794 ad
1003 3755 1150 3809 quas
1165 3737 1454 3805 Urbanus,
1477 3742 1541 3794 ut
1557 3738 1819 3794 dicemus

157 3847 330 3886 num.
349 3830 475 3893 145,
501 3827 824 3900 respondit.

198 3918 482 3975 CXXXIV.
496 3917 764 3972 Gervinus
785 3919 846 3972 in
863 3917 1072 3988 episcop
1079 3917 1131 3970 io
1142 3916 1494 3971 Ambianensi
1515 3917 1802 3985 ﬁrmatus..

242 4007 378 4062 Jam
409 4023 616 4078 supra,
657 4005 686 4077 §
730 4007 853 4071 104,
905 4005 1134 4077 egimus
1166 4006 1237 4060 de
1267 4005 1512 4060 Gervino
1553 4006 1824 4077 episcopo

168 4095 584 4160 Ambianensi,
645 4093 744 4164 qui
797 4093 869 4148 ab
917 4093 1148 4149 Urbano
1180 4093 1422 4164 insuper
1451 4093 1669 4150 habitis
1698 4095 1826 4165 ejus

171 4182 526 4238 aemulorum
571 4181 1066 4248 accusationibus,
1098 4182 1156 4236 in
1200 4182 1412 4237 throno
1451 4182 1825 4238 Ambianensi

168 4273 562 4328 conﬁrmatus
603 4271 735 4326 fuit.
767 4273 840 4326 At
859 4275 1060 4343 postea
1075 4288 1109 4325 a
1130 4271 1254 4325 suis
1276 4270 1488 4326 iterum
1503 4270 1831 4342 exagitatus

169 4361 516 4434 pontiﬁcem
569 4376 774 4415 rursus
821 4359 980 4415 adire
1013 4363 1246 4415 coactus
1283 4364 1392 4429 est,
1425 4377 1459 4414 a
1489 4375 1623 4430 quo,
1654 4359 1830 4415 etiam

168 4450 284 4506 hac
312 4450 441 4505 vice
472 4450 726 4522 benigne
757 4454 1054 4521 exceptus,
1097 4448 1386 4504 secundas
1428 4447 1653 4504 litteras
1685 4449 1832 4504 obti-

1920 3297 2282 3352 versabatur.
2326 3296 2511 3351 Multa
2557 3296 2634 3350 ibi
2686 3297 2966 3351 adversus
3014 3293 3298 3351 Dolenses
3330 3293 3573 3366 protulit

1922 3403 2117 3442 coram
2152 3386 2425 3457 pontifice
2473 3383 2775 3451 Radulfus,
2812 3388 2877 3438 ut
2907 3383 3173 3438 Ecclesiae
3196 3399 3316 3438 suae
3341 3383 3477 3453 jura
3507 3383 3566 3438 in

1923 3474 2225 3531 Dolensem
2274 3478 2327 3529 et
2379 3473 2523 3527 alias
2577 3472 2882 3527 Britanniae
2933 3470 3218 3526 Ecclesiae
3259 3469 3563 3536 stabiliret,

1925 3564 2286 3637 quibuscum
2310 3562 2627 3617 Rollandus
2650 3559 2797 3616 nihil
2812 3560 2968 3615 aliud
2993 3559 3374 3632 responderet
3392 3574 3571 3630 quam

1927 3671 1989 3711 se
2010 3671 2114 3709 non
2160 3653 2434 3721 agendum
2461 3653 2689 3719 livenisse,
2725 3649 2994 3722 quamvis
3035 3653 3263 3720 paratus
3291 3655 3424 3704 esset
3455 3663 3578 3705 cum

1927 3745 2189 3815 episCOpis
2216 3742 2520 3813 provincia?
2540 3756 2659 3796 suae
2703 3755 2940 3809 congruo
2965 3746 3202 3810 tempore
3242 3735 3582 3809 respondere,

1930 3833 2200 3888 Urbanus
2260 3848 2326 3887 ex
2369 3829 2624 3902 partium
2695 3844 2984 3884 consensu
3033 3832 3269 3899 tempus
3319 3825 3587 3898 utrisque

1933 3919 2236 3976 constituit
2260 3920 2329 3974 ad
2348 3919 2606 3973 medium
2627 3917 3095 3990 Quadragesima:
3118 3915 3439 3988 sequentis,
3473 3931 3587 3986 quo

1935 4027 2027 4065 res
2050 4009 2337 4064 ﬁniretur.
2375 4009 2502 4062 Haec
2555 4009 2684 4062 fuse
2729 4006 2907 4061 refert
2942 4005 3069 4078 ipse
3091 4005 3354 4078 pontifex
3375 4002 3435 4058 in
3459 4018 3592 4060 sen-

1935 4099 2119 4154 tentia
2137 4114 2315 4169 quam
2336 4098 2616 4153 adversus
2630 4093 2908 4151 Dolenses
2930 4111 3082 4150 anno
3106 4092 3397 4165 sequenti,
3423 4095 3490 4146 ut
3509 4090 3592 4146 ibi

1939 4186 2223 4254 dicemus,
2257 4185 2412 4241 tulit.

2013 4277 2089 4330 Eo
2120 4276 2177 4330 in
2210 4276 2415 4330 itinere
2439 4272 2686 4329 Radulfo
2721 4273 2985 4345 contigit,
3021 4271 3176 4343 quod
3199 4271 3269 4326 de
3291 4287 3357 4326 eo
3377 4269 3593 4342 legitur

1943 4366 2000 4420 in
2061 4365 2253 4420 Gestis
2301 4365 2706 4436 episcoporum
2754 4360 3181 4418 Turonensium
3217 4363 3274 4415 et
3311 4359 3589 4415 abbatum

1944 4452 2560 4525 Majoris-Monasterii.
2598 4451 2805 4506 Narrat
2825 4449 3036 4506 horum
3051 4449 3360 4505 Gestorum
3393 4451 3595 4504 auctor
3685 4518 3702 4535 ο

172 4538 520 4630 nuit,_clero
549 4542 610 4593 et
631 4538 848 4630 populo
877 4537 1278 4630 Ambianensi,
1313 4537 1396 4591 uti
1412 4537 1630 4630 primae
1649 4541 1832 4604 erant,
1865 4565 1912 4630 D
1947 4542 2233 4598 Radulfus
2255 4543 2327 4596 ab
2352 4541 2581 4596 Urbano
2603 4538 2847 4612 pallium
2875 4537 3031 4610 quod
3053 4536 3217 4630 enixe
3239 4536 3594 4630 postulabat,

173 4628 520 4700 inscriptas,
547 4627 763 4699 quibus
794 4627 1054 4699 praecipit
1078 4626 1326 4682 utilium
1359 4625 1666 4682 aSimonia
1696 4643 1833 4697 pur-

170 4720 379 4790 gatum
414 4733 518 4788 pro
547 4733 681 4772 vero
712 4720 769 4772 et
816 4715 1076 4788 legitimo
1126 4719 1360 4786 pastore
1405 4715 1830 4769 Ambianenses

169 4806 483 4862 haberent.
516 4805 675 4860 Date
695 4809 834 4861 sunt
868 4803 1222 4860 xvKatemias
1235 4805 1487 4874 Augusti,
1523 4803 1632 4859 hoc
1654 4820 1827 4872 anno,

170 4894 225 4952 si
256 4895 409 4950 bene
439 4893 712 4965 conjicio,
746 4910 927 4965 quare
957 4910 1057 4950 eas
1088 4911 1122 4948 a
1143 4893 1216 4948 cl.
1247 4893 1369 4947 viro
1401 4892 1696 4964 Stephano
1727 4894 1829 4948 Ba-

166 4984 340 5041 luzio
349 4987 624 5056 acceptas
643 4985 854 5040 referet
867 4982 1302 5055 pontiﬁciarum
1315 4981 1698 5054 epistolarum
1721 4981 1833 5038 col-

170 5073 383 5131 lector.

317 5162 573 5217 CXXXV.
597 5163 844 5217 Dolensis
868 5164 1147 5233 epiSCOpus
1167 5159 1410 5231 pallium
1441 5160 1715 5230 impetrat.

243 5250 415 5307 Circa
443 5249 716 5322 ejusdem
747 5249 998 5316 anni,uti
1027 5249 1278 5316 videtur,
1312 5248 1571 5304 medium
1597 5249 1844 5304 accessit

165 5335 244 5396 ad
262 5340 574 5396 Urbanum
593 5337 917 5396 Rollandus
933 5337 1202 5394 Dolensis
1225 5337 1286 5392 in
1309 5334 1520 5391 mino’ri
1544 5336 1844 5392 Britannia

166 5431 444 5497 antistes,
469 5428 773 5501 pontiﬁcis
785 5445 953 5500 opem
977 5428 1259 5483 adversus
1283 5425 1595 5481 Dolensem
1627 5427 1841 5498 princi-

169 5535 325 5591 pem,
357 5519 464 5592 qui
499 5519 630 5589 ejus
675 5513 944 5573 E'cclesiae
967 5517 1122 5571 bona
1152 5515 1466 5582 invaserat,
1497 5513 1843 5586 imploratu-

175 5626 310 5678 rus;
347 5615 479 5667 tum
505 5608 706 5674 etiam,
743 5610 808 5662 ut
836 5605 1104 5680 pallium,
1131 5605 1285 5677 quod
1320 5601 1590 5660 nonnulli
1626 5620 1694 5660 ex
1721 5605 1844 5662 suis

1946 4647 2248 4703 nunquam
2269 4630 2345 4684 im
2354 4634 2578 4701 petrare
2600 4628 2883 4700 potuisse,
2916 4627 3056 4698 quin
3082 4624 3244 4698 prius
3262 4625 3335 4679 ab
3355 4623 3593 4678 infesta-

1944 4721 2102 4777 tione
2124 4719 2362 4789 Majoris
2385 4716 2720 4774 Monasterii
2770 4733 2833 4771 se
2863 4717 3257 4780 cessaturum,
3292 4710 3594 4783 privilegio

1940 4808 2204 4879 ejusdem
2251 4805 2362 4860 loci
2413 4818 2860 4867 consensurum,
2913 4805 2970 4855 et
3036 4797 3299 4871 pontiﬁci
3349 4813 3594 4869 prorsus

1941 4896 2314 4953 obediturum
2339 4890 2938 4964 spopondisset.Quod
2964 4901 3098 4943 cum
3120 4902 3315 4943 coram
3328 4886 3597 4959 ejusdem

1941 4983 2285 5042 monasterii
2316 4981 2540 5053 aliquot
2579 4978 2906 5047 monachis,
2952 4977 3053 5050 qui
3086 4975 3306 5032 ibidem
3336 4976 3598 5043 aderant,

1946 5073 2334 5146 praestitisset,
2390 5068 2551 5143 pallii
2603 5069 2791 5123 honor
2823 5085 2855 5122 a
2886 5066 3162 5140 pontifice
3201 5066 3457 5122 donatus
3488 5069 3599 5122 est.

1947 5163 2112 5218 Haud
2143 5165 2340 5216 tamen
2372 5159 2533 5214 stetit
2564 5156 2870 5230 promissis
2900 5156 3047 5224 suis,
3080 5171 3187 5212 nec
3213 5154 3438 5212 destitit
3468 5170 3601 5210 mo-

1949 5251 2170 5308 nachos
2200 5245 2809 5322 Majoris-Monasterii
2854 5245 3146 5319 persequi,
3198 5247 3264 5300 ut
3303 5242 3427 5300 suis
3456 5242 3600 5299 locis

1951 5341 2234 5397 dicemus.

2130 5426 2431 5482 CXXXVII.
2465 5428 2759 5481 Pausensis
2777 5426 3100 5481 monasterii
3127 5421 3418 5478 dedicatio.

2023 5515 2306 5587 Ughellus
2357 5519 2514 5570 tomo
2548 5514 2641 5571 VII
2690 5513 2863 5568 Italiae
2897 5530 3096 5580 sacrae,
3128 5513 3187 5567 in
3215 5508 3478 5581 catalogo
3509 5526 3600 5564 ar-

1956 5602 2461 5675 chiepiscoporum
2511 5601 3043 5659 Acheruntinorum
3089 5601 3160 5656 ad
3190 5599 3348 5654 hunc
3377 5612 3598 5654 annum
