3958 6224
365 345 488 426 ω

1664 343 1736 412 Β.
1783 342 2084 413 URBANI
2124 343 2180 412 ll
2221 345 2474 411 ΡΛΡΕ.

3661 344 3790 416 ιω

362 489 584 563 profert
611 489 798 564 vetus,
829 491 892 544 ut
939 484 1061 560 ipse
1091 491 1276 560 putat,
1311 484 1772 542 instrumentum
1805 483 1875 538 de
1904 483 2002 538 dc-
2033 482 2091 550 Α
2119 481 2314 538 clesiis
2372 483 2658 540 concessit
2709 481 2996 540 Urbanus.
3061 481 3254 539 Unum
3300 497 3368 540 ex
3407 481 3501 539 bis
3539 487 3632 538 est
3671 501 3778 557 pro

364 577 660 637 dicatione
695 575 948 636 ecclesia
1021 574 1358 632 monasterii
1424 574 1634 630 Sancta?
1701 573 1894 629 Maria?
1947 571 2012 627 de

362 670 564 735 Pauso,
586 669 888 736 uulgariter
907 667 1208 736 nuncupati
1229 667 1580 730 Dcz'cntuum,
1611 679 1785 734 quem
1817 660 2012 716 locum

361 758 489 830 ipse
514 755 794 827 pontifex,
833 754 881 810 si
914 754 1050 808 huic
1086 755 1475 810 instrumento
1509 750 1707 822 aliqua
1736 750 1814 806 sit
1844 750 2010 816 fides,

364 842 541 918 paulo
572 847 708 900 ante
737 846 1196 910 consecraverat,
1250 841 1599 912 magnisque
1631 837 2014 912 indulgentiis

365 929 786 1000 cumulaverat,
831 936 1006 1002 atque
1053 932 1173 986 hac
1223 931 1420 986 omnia
1451 929 1799 984 conﬁrmata
1831 927 2014 982 fuisse

367 1019 646 1075 dicuntur
665 1019 827 1075 bulla
866 1019 1185 1092 pontificis,
1219 1019 1328 1074 hoc
1365 1035 1516 1073 anno
1531 1031 1668 1072 xvm
1697 1015 1820 1072 Kal.
1845 1016 2012 1070 Octo-

367 1108 491 1164 bris
523 1108 678 1180 apud
699 1108 1005 1164 Salernum
1029 1108 1184 1162 data.
1219 1107 1329 1162 Sed
1356 1107 1497 1171 hac,
1531 1109 1595 1159 ut
1608 1106 1734 1175 jam
1758 1104 2013 1160 diximus

369 1197 443 1252 ad
475 1213 698 1252 annum
726 1197 878 1264 1088,
929 1195 1152 1251 nullius
1183 1201 1323 1251 sunt
1365 1193 1747 1264 auctoritatis,
1783 1209 1909 1264 qua
1940 1193 2012 1247 ob

370 1285 432 1340 id
464 1284 655 1341 solum
677 1285 772 1341 hic
793 1302 1192 1342 memoramus
1209 1289 1274 1340 ut
1305 1283 1449 1340 nulli
1474 1285 1671 1338 fucum
1704 1282 1939 1337 faciant.

371 1374 704 1434 CXXXVIII.
753 1377 1000 1433 Urbanus
1041 1375 1291 1430 collectas
1333 1375 1458 1445 ﬁeri
1496 1381 1650 1442 rogat
1709 1371 2012 1426 Concilium

987 1446 1400 1515 Burdigalense.

445 1537 610 1595 Circa
636 1537 757 1594 hac
785 1539 1051 1608 tempore.
1097 1551 1230 1590 cum
1288 1533 1694 1606 recuperanda
1742 1531 2013 1586 Romana

373 1627 540 1684 urbis
589 1643 722 1699 spes
770 1625 967 1696 aliqua
987 1622 1314 1696 effulgeret,
1348 1623 1504 1695 quod
1536 1620 1844 1693 sanguinis
1871 1620 2013 1674 etl'u-

374 1715 538 1770 sione
549 1729 853 1785 nunquam
867 1713 992 1770 fieri
1016 1711 1280 1768 voluerat
1297 1709 1814 1767 mansuetissimus
1830 1706 2018 1780 ponti-

370 1802 530 1870 tifex,
563 1801 812 1875 pecunia
854 1805 912 1857 et
931 1801 1276 1856 muneribus
1304 1801 1360 1855 id
1395 1817 1456 1855 se
1486 1797 1722 1870 assequi
1753 1814 1922 1869 posse
1955 1796 2012 1850 in

372 1891 638 1948 animum
654 1889 902 1946 induxit.
935 1891 1120 1954 Quare
1139 1888 1372 1961 scriptis
1394 1889 1452 1942 in
1470 1887 1661 1943 varias
1686 1885 2015 1960 provincias

370 1978 582 2036 litteris
624 1979 927 2051 episcopos
977 1982 1034 2034 et
1078 1976 1620 2047 abbatesinvitavit,
1655 1980 1719 2030 ut
1738 1975 2013 2031 Romana

369 2067 640 2124 Ecclesia
667 2066 792 2122 suis
813 2067 982 2123 bonis
1012 2083 1080 2123 ea
1109 2067 1411 2122 occasione
1443 2065 1744 2137 suppetias
1785 2063 2015 2136 aliquas

371 2156 520 2212 ferre
540 2172 657 2212 non
688 2156 1032 2212 abnuerent.
1059 2155 1235 2212 Binas
1259 2173 1327 2211 ea
1347 2155 1417 2210 de
1441 2172 1499 2209 re
1529 2153 1806 2226 epistolas
1836 2152 2014 2208 habe-

371 2259 528 2313 mus,
561 2259 810 2316 quarum
834 2245 993 2317 prior
1011 2244 1103 2300 die
1123 2262 1179 2300 ιν
1203 2245 1398 2300 Nonas
1427 2241 1768 2299 Novembris
1799 2246 1855 2296 et
1885 2240 2015 2312 qui-

371 2333 506 2389 dem
536 2333 648 2390 hoc
704 2350 878 2402 anno,
926 2337 992 2389 ut
1041 2334 1249 2406 probat
1295 2349 1488 2388 rerum
1529 2330 1729 2398 series,
1762 2331 1897 2385 data
1926 2333 2016 2384 est

371 2424 636 2495 episcopis
676 2431 729 2480 et
769 2425 1054 2479 abbatibus
1095 2440 1197 2495 per
1240 2423 1613 2494 Aquitaniam,
1658 2421 2017 2476 Guasconiam

371 2519 426 2568 et
467 2513 786 2583 inferiorem
833 2511 1210 2584 Burgundiam
1251 2511 1557 2566 constitutis
1578 2527 1598 2570 ,θ
1647 2507 1831 2564 altera
1881 2524 2014 2563 vero

371 2599 670 2673 Baynaldo
721 2600 916 2656 abbati
967 2600 1164 2656 Sancti
1199 2599 1468 2672 Cypriani
1518 2615 1694 2670 prope
1725 2597 2010 2663 Pictavos,

371 2705 550 2761 quem
593 2689 853 2761 pontifex
905 2689 978 2743 ad
1026 2688 1317 2758 ejusmodi
1348 2685 1626 2760 pecunias
1657 2685 2012 2757 colligendas

371 2794 508 2834 cum
549 2777 821 2834 Gervasio
862 2777 1059 2833 Sancti
1109 2776 1302 2832 Savini
1353 2777 1562 2831 abbate
1599 2773 2008 2830 destinaverat.

368 2867 536 2924 Forte
550 2865 732 2938 hujus
756 2865 1112 2922 collectionis
1134 2864 1432 2922 occasione
1463 2863 1727 2919 habitum
1759 2867 1849 2919 est
1873 2879 2011 2918 con-

368 2954 571 3012 cilium
598 2952 924 3028 Burdigala
947 2955 1256 3022 abAmato,
1273 2953 1538 3025 ejusdem
1551 2953 1716 3008 urbis
1729 2950 2013 3022 archiepi-
2054 2991 2064 2999 ,

367 3060 545 3117 scopo
570 3048 628 3100 et
657 3043 985 3117 apostolica
1035 3043 1192 3099 sedis
1238 3042 1449 3116 legato,
1492 3045 1895 3106 convocatum,
1940 3039 2012 3095 de

370 3151 488 3207 quo
517 3133 578 3189 in
609 3133 894 3190 Chronico
926 3131 1286 3188 Malleacensi
1319 3131 1600 3204 leguntur
1628 3131 1751 3185 hac
1789 3129 1966 3184 verba
1993 3147 2006 3184 ε

369 3224 527 3280 Anno
556 3223 762 3278 1093...
795 3223 1090 3277 concilium
1138 3220 1435 3291 Burdigale
1479 3221 1608 3290 fuit.
1643 3217 1818 3272 Plura
1847 3218 1918 3273 de
1949 3234 2014 3273 eo
2045 3219 2089 3288 C

371 3309 618 3370 concilio
638 3311 948 3377 habentur,
981 3309 1038 3365 in
1061 3309 1360 3366 Chartario
1402 3307 1601 3364 Sancti
1628 3305 1780 3360 Petri
1803 3306 1872 3360 de
1909 3305 2018 3362 Re-

375 3401 534 3474 gula,
569 3401 629 3456 in
658 3416 774 3473 quo
803 3399 1106 3456 exhibetur
1136 3400 1597 3455 instrumentum
1631 3394 2018 3450 restitutionis

377 3490 610 3547 camabii
655 3490 841 3545 Sancti
887 3490 1138 3562 Caprasii
1182 3487 1441 3543 Pontonis
1488 3483 1842 3541 monasterio
1886 3483 2017 3538 Flo-

365 3577 633 3649 riacensi,
682 3596 716 3634 a
767 3595 884 3652 quo
918 3577 1243 3650 Regulense
1275 3574 1507 3647 pendet,
1541 3572 1598 3626 in
1632 3571 1741 3627 hoc
1773 3571 2014 3628 consilio

361 3669 526 3726 facta
543 3685 646 3742 per
663 3668 1028 3726 Bernardum
1060 3666 1403 3738 episcopum
1428 3663 1784 3733 Aquensem,
1809 3666 2014 3732 agente

361 3757 598 3831 Osgerio
618 3757 831 3832 priore.
855 3754 1202 3828 Complures
1224 3751 1528 3824 episcopos
1551 3753 1606 3804 et
1618 3749 1856 3805 abbates
1876 3749 2011 3804 huic

357 3845 598 3903 concilio
646 3845 986 3902 interfuisse
1035 3859 1104 3898 ex
1153 3840 1266 3894 hac
1296 3838 1498 3893 charta
1528 3836 1841 3904 discimus;
1875 3838 2010 3892 huic

355 3936 570 4010 quippe
596 3933 1000 4006 subscripsere
1021 3931 1268 3986 Amatus
1299 3925 1776 3998 archiepiscopus
1804 3926 2008 3981 Burdi-

349 4025 494 4098 gula
521 4028 581 4080 et
609 4023 767 4081 sedis
816 4017 1150 4094 apostolica
1196 4014 1468 4084 vicarius,
1512 4013 1842 4071 Willelmus
1871 4015 2007 4072 Ber-

350 4113 522 4176 nardi
579 4109 893 4170 Auxiensis
933 4127 946 4176 ;
999 4103 1280 4178 episcopi,
1331 4103 1532 4159 Simon
1573 4103 1816 4176 Agenni,
1859 4105 2004 4177 Rey-

351 4203 568 4261 naldus
613 4194 1013 4269 Petragorica,
1062 4193 1390 4248 Ademarus
1459 4191 1784 4265 Egolismac,
1839 4193 2002 4249 Hodo

347 4293 620 4366 Bigorra,
667 4284 972 4343 Berandus
1019 4285 1445 4351 Convenarum,
1506 4281 1710 4338 Petrus
1770 4283 2000 4352 Adura,

347 4381 650 4454 Stphanus
678 4373 978 4429 ‘Vasatum
1030 4374 1088 4426 et
1137 4370 1466 4426 Bernardus
1496 4370 1807 4444 Aquensis.
1852 4370 2000 4436 Quid

346 4485 484 4526 vero
521 4482 592 4522 ex
607 4463 703 4519 his
739 4459 998 4517 collectis
1044 4458 1349 4533 profecerit
1399 4459 1685 4529 Urbanus,
1727 4477 1844 4515 non
1875 4465 1996 4515 tra-

295 4605 302 4614 .
347 4551 500 4615 dunt
519 4554 806 4618 auctores,
840 4549 954 4604 nisi
996 4548 1110 4605 huc
1153 4549 1455 4617 referatur,
1488 4550 1644 4622 quod
1677 4550 1786 4605 sub
1821 4550 1997 4614 ﬁnem

346 4643 530 4714 hujus
559 4639 698 4696 anni
728 4638 973 4695 Romam
1019 4638 1322 4711 ingressus
1370 4643 1480 4706 est,
1531 4641 1596 4694 ut
1624 4654 1759 4694 mox
1788 4637 1999 4694 dicturi

2124 571 2478 629 monasterio
2502 590 2646 630 novo
2668 572 3037 642 Pictaviensi,
3053 590 3169 646 quo
3191 571 3562 646 privilegium
3583 572 3796 631 eidem-

2120 659 2245 717 loco
2293 679 2327 716 a
2374 663 2648 735 Gregorio
2689 663 2810 726 VII,
2840 662 3136 719 indultum
3167 663 3552 719 confirmatur
3595 663 3781 720 simul

2122 767 2256 804 cum
2273 751 2519 807 ecclesia
2553 752 2741 806 Sancti
2772 751 3010 821 Nicolai,
3037 769 3188 824 qua,
3217 751 3407 824 pulsis
3441 753 3653 808 exinde
3679 770 3786 810 ca-

2122 840 2348 895 nonicis
2408 840 2558 896 male
2612 841 2962 907 viventibus,
3024 842 3082 897 in
3135 840 3380 898 consilio
3429 841 3776 914 provinciali

2121 927 2307 983 eidem
2342 931 2696 985 monasterio
2746 931 2937 986 fuerat
2993 930 3294 986 attributa.
3357 931 3487 986 Hac
3511 930 3679 987 bulla
3707 949 3780 988 ex

2122 1017 2355 1072 archivo
2408 1019 2676 1088 ejusdem
2717 1018 2826 1074 loci
2885 1019 3204 1092 descripta,
3263 1019 3401 1074 data
3439 1024 3528 1074 est
3555 1019 3650 1074 die
3681 1037 3778 1076 xvr

2123 1104 2513 1162 Kalendarum
2550 1107 2989 1173 Novembrium,
3023 1107 3323 1180 Ceperani,
3357 1107 3457 1178 qui
3483 1107 3654 1164 locus
3686 1113 3780 1165 est

2122 1192 2181 1246 in
2205 1192 2340 1250 latio
2368 1195 2652 1250 dioeccesis
2691 1195 2993 1250 Verulana
3016 1197 3088 1251 ad
3131 1195 3326 1268 Lyrim
3373 1195 3642 1250 ﬂuvium.
3675 1199 3779 1250 Ce-

2122 1297 2338 1352 perano
2361 1283 2662 1355 digressus
2684 1284 2940 1355 pontifex
2962 1284 3289 1356 Anagniam
3317 1283 3604 1350 venit,ubi
3633 1301 3774 1340 cum

2123 1370 2362 1441 aliquod
2402 1375 2634 1444 tempus
2660 1372 2849 1444 egisse
2883 1389 2952 1427 ex
2971 1372 3146 1428 variis
3165 1371 3588 1445 diplomatibus
3601 1372 3778 1429 colli-

2121 1459 2337 1532 gimus.
2370 1460 2632 1516 Primum
2665 1477 2732 1516 ex
2753 1461 2846 1517 his
2882 1462 3084 1517 datum
3108 1466 3197 1517 est
3225 1460 3285 1516 in
3312 1461 3560 1534 gratiam
3595 1479 3782 1518 cano-

2123 1546 2385 1603 nicorum
2419 1549 2773 1621 regularium
2808 1550 3004 1606 Sancti
3033 1549 3295 1616 Quintini
3357 1566 3536 1622 prope
3586 1547 3781 1606 Bello-

2121 1653 2352 1704 vacum,
2403 1637 2494 1692 die
2539 1656 2600 1692 m
2654 1639 2790 1694 Idus
2838 1637 3180 1694 Novembris
3226 1657 3239 1707 ;
3295 1637 3546 1694 alterum
3582 1639 3678 1694 die
3707 1641 3784 1694 2O

2123 1725 2387 1795 ejusdem
2437 1727 2659 1783 mensis
2709 1743 2812 1799 pro
2846 1727 3200 1784 monasterio
3231 1726 3608 1799 Burguliensi
3640 1727 3786 1784 diae-

2123 1815 2274 1869 cesis
2301 1815 2758 1887 Andegavensis,
2789 1815 2885 1871 cui
2920 1815 3046 1870 loco
3079 1820 3219 1870 tunc
3251 1819 3498 1888 praeerat
3526 1815 3782 1874 celebris

2125 1901 2656 1976 Baldricus,postea
2685 1903 2949 1960 Dolensis
2978 1904 3252 1972 antistes;
3313 1905 3554 1960 tertium
3587 1905 3784 1979 Roge-

2125 1989 2212 2045 rio
2270 1994 2646 2063 Syracusana
2693 1992 2958 2048 Ecclesia
3011 1992 3070 2048 in
3129 1991 3327 2049 Sicilia
3377 1991 3656 2067 episcopo
3687 1994 3784 2050 in-

2126 2079 2432 2152 scriptum,
2453 2082 2544 2136 cui
2569 2099 2603 2136 a
2623 2099 2683 2136 se
2702 2098 2902 2138 recens
2927 2085 3262 2138 consecrato
3282 2080 3556 2140 Urbanus
3575 2082 3785 2139 omnia

2125 2167 2364 2222 omnino
2394 2169 2702 2223 confirmat
2751 2185 2875 2240 qua
2931 2167 3212 2240 Rogerius
3269 2184 3467 2225 comes
3505 2169 3782 2226 Ecclesia

2125 2256 2501 2328 Syracusana
2532 2256 2876 2312 contulerat.
2937 2257 3110 2311 Error
3165 2256 3398 2328 irrepsit
3441 2258 3598 2329 apud
3631 2259 3784 2314 Roc-

2125 2344 2303 2398 chum
2319 2344 2606 2417 Pyrrhum
2634 2345 2688 2400 in
2707 2344 2905 2400 Sicilia
2925 2361 3111 2412 sacra,
3145 2344 3245 2400 ubi
3294 2345 3414 2400 hac
3458 2345 3622 2402 bulla
3643 2347 3786 2403 data

2125 2432 2340 2488 dicitur
2381 2433 2694 2488 indictione
2743 2451 2847 2502 xv;
2889 2451 3026 2489 nam
3052 2437 3268 2489 caetera
3300 2438 3452 2488 nota
3483 2435 3782 2492 chronica

2125 2521 2393 2593 prasenti
2409 2539 2584 2590 anno,
2611 2540 2786 2595 quem
2811 2523 3027 2578 diserte
3049 2521 3500 2595 reipsaindicat,
3533 2524 3782 2581 omnino

2124 2610 2494 2666 conveniunt.
2532 2612 2598 2666 Et
2643 2611 2881 2684 quidem
2916 2611 3199 2684 Rogerius
3230 2615 3368 2666 tunc
3395 2613 3453 2666 in
3476 2618 3784 2685 conquestu

2123 2699 2330 2755 Sicilia
2350 2701 2674 2772 episcopales
2711 2701 2963 2756 ecclesias
2982 2700 3278 2767 ordinavit,
3313 2702 3378 2755 ut
3396 2698 3496 2756 ille
3525 2701 3784 2773 ipsemet

2121 2791 2374 2844 testatur
2397 2789 2456 2843 in
2479 2789 2708 2845 duabus
2731 2789 2952 2845 chartis
2998 2789 3266 2860 ejusdem
3295 2787 3544 2857 anni,ab
3567 2791 3782 2848 eodem

2122 2876 2350 2932 Boccho
2382 2877 2558 2950 Pyrro
2613 2878 2834 2947 relatis,
2885 2893 3138 2950 quarum
3189 2893 3308 2932 una
3363 2893 3466 2949 pro
3515 2878 3782 2938 Ecclesia

2073 2989 2076 2991 λ
2117 2966 2516 3038 Agrigentina,
2549 2966 2731 3024 altera
2759 2984 2862 3040 pro
2894 2966 3150 3023 Ecclesia
3172 2965 3541 3036 Mazariensi,
3566 2984 3780 3027 mense

2121 3055 2352 3111 Octobri
2379 3055 2658 3112 datatuit.

2127 3161 2281 3217 CXL.
2317 3162 2624 3219 Christiani
2671 3165 2733 3218 in
2756 3164 3039 3238 _Hispania
3064 3164 3390 3236 pravalent.
3433 3165 3784 3238 Rescriplum

2617 3251 2720 3306 pro
2744 3235 2938 3291 Sancto
2952 3235 3271 3291 Saturnino.

2200 3340 2360 3406 Quod
2415 3341 2697 3415 Rogerius
2727 3342 2785 3397 in
2817 3342 3038 3411 Sicilia,
3066 3342 3176 3398 hoc
3205 3341 3403 3414 ipsum
3433 3344 3580 3400 varii
3613 3345 3782 3416 prin-

2129 3429 2286 3502 cipes
2315 3429 2624 3486 Christiani
2657 3432 2811 3504 apud
2857 3431 3168 3504 Hispanias
3207 3431 3269 3487 in
3313 3431 3617 3489 catholica
3651 3433 3786 3490 reli-

2125 3517 2318 3589 gionis
2365 3525 2746 3592 augmentum
2792 3520 3166 3592 prastabant,
3214 3537 3281 3576 eo
3313 3518 3540 3577 scilicet
3569 3522 3785 3580 intenti

2127 3611 2208 3672 ut,
2242 3608 2460 3664 Mauris
2491 3608 2703 3680 pulsis,
2735 3608 2913 3664 simul
2957 3626 3090 3665 cum
3117 3626 3296 3683 regno
3335 3613 3568 3667 terreno
3600 3611 3786 3670 etiam

2123 3695 2336 3752 Christi
2358 3697 2670 3769 imperium
2695 3698 2753 3753 in
2777 3697 2869 3754 his
2887 3699 3224 3771 regionibus
3255 3697 3783 3772 redintegraretur.

2120 3784 2308 3841 Testis
2329 3789 2420 3841 est
2461 3787 2589 3856 ejus
2616 3787 2696 3842 rei
2733 3786 3014 3860 locuples,
3049 3786 3354 3843 Bertoldus
3379 3787 3450 3842 ad
3486 3787 3650 3846 hunc
3679 3807 3785 3846 an-

2121 3891 2285 3941 num,
2308 3877 2404 3946 qui
2423 3875 2614 3931 scribit
2641 3875 3045 3944 Aldel‘onsum,
3079 3892 3272 3949 regem
3316 3875 3578 3933 Castella
3609 3882 3670 3935 et
3699 3879 3781 3935 le-

2117 3961 2328 4035 gionis,
2364 3979 2539 4034 quem
2587 3963 2682 4020 ille
2731 3970 2934 4021 auctor
2984 3964 3358 4022 Cluniacensis
3398 3966 3615 4023 abbatis
3645 3969 3778 4025 obe-

2114 4051 2476 4106 dicntiarium
2527 4052 2800 4125 appellat,
2847 4053 3093 4126 paganis
3125 4069 3277 4126 sape
3335 4055 3650 4126 prostratis
3717 4061 3773 4113 et

2112 4139 2350 4212 fugatis,
2383 4139 2601 4196 multas
2631 4140 2929 4210 ecclesias,
2953 4157 3082 4213 qua
3113 4142 3187 4198 ab
3218 4141 3335 4197 illis
3366 4142 3641 4201 barbaris
3671 4145 3770 4202 de-

2113 4233 2348 4284 structa
2379 4230 2628 4300 fuerant,
2685 4230 2774 4286 his
2827 4231 3160 4303 temporibus
3217 4247 3548 4303 reparasse.
3599 4233 3768 4290 Haud

2111 4317 2324 4374 minori
2345 4316 2540 4374 animo
2566 4319 2775 4393 agebat
2795 4319 2854 4374 in
2883 4319 3118 4376 Mauros
3147 4319 3396 4376 Saucius
3425 4320 3772 4394 Aragonen-

2110 4403 2264 4461 sium
2309 4423 2426 4473 rex,
2460 4423 2636 4479 quem
2669 4407 2938 4464 Urbanus
2981 4409 3039 4463 in
3071 4407 3353 4480 rescripto
3385 4409 3458 4465 ad
3489 4409 3772 4470 abbatem

2108 4494 2304 4550 Sancti
2319 4495 2568 4553 Joannis
2585 4496 2657 4553 de
2677 4497 2894 4566 Penna,
2917 4497 3305 4554 charissimam
3319 4499 3565 4556 amicum
3585 4517 3769 4558 suum

2027 4587 2074 4652 1)
2105 4582 2378 4655 appellat.
2434 4584 2556 4648 Quo
2605 4589 2801 4643 autem
2841 4591 3103 4660 tempore
3161 4587 3366 4642 datum
3425 4587 3607 4646 fuerit
3655 4589 3808 4648 b'oc-

2108 4672 2459 4745 rescriptum
2472 4673 2629 4730 haud
2653 4674 2840 4747 liquet
2864 4693 2877 4743 ;
2903 4680 2961 4730 at
2981 4692 3114 4732 cum
3135 4692 3292 4732 anno
3309 4677 3586 4748 sequenti
3617 4679 3768 4736 San-

344 4731 661 4801 sumus;et
680 4727 836 4802 quod
864 4726 1158 4796 Gofridus,
1193 4727 1300 4784 hoc
1330 4727 1460 4800 ipso
1503 4744 1656 4783 anno
1692 4727 1997 4782 institutus

345 4820 530 4878 abbas
566 4816 899 4886 Vindocini,
951 4817 1052 4889 qui
1099 4817 1492 4890 quatriduana
1534 4816 1693 4872 febre
1723 4815 1997 4872 detentus

345 4909 610 4970 nondum
628 4907 900 4964 accedere
925 4907 998 4962 ad
1020 4906 1354 4977 pontificem
1374 4909 1663 4978 potuerat,
1680 4911 1740 4960 ut
1771 4921 1839 4960 ex
1867 4905 1996 4976 ejus

342 4996 594 5072 epistola
612 4999 664 5066 1,
696 4995 800 5052 lib.
823 5013 842 5050 1
864 4995 936 5050 ad
955 4995 1149 5068 ipsum
1194 4995 1495 5052 Urbanum
1536 4996 1672 5050 data
1692 4996 1868 5064 patet,
1903 4992 1996 5048 his

343 5084 576 5153 litteris,
610 5088 678 5140 ut
713 5083 942 5138 videtur
983 5083 1265 5142 excitatus
1297 5084 1410 5139 sub
1439 5082 1620 5153 hujus
1645 5080 1782 5136 anni
1817 5081 1996 5136 ﬁnem

341 5178 446 5233 aut
471 5173 640 5230 initio
691 5171 988 5244 sequentis
1035 5191 1170 5230 cum
1217 5187 1432 5243 magna
1459 5169 1717 5241 pecunia
1761 5185 1996 5223 summa

343 5264 592 5320 Romam
624 5260 940 5330 advenerit,
994 5259 1275 5335 pontiﬁci,
1309 5262 1376 5312 ut
1423 5257 1685 5312 dicemus
1718 5274 1870 5313 anno
1903 5274 1994 5313 se-

341 5350 568 5426 quenti,
600 5365 816 5423 magno
836 5351 1177 5422 adjumento
1204 5348 1460 5402 futurus.

340 5441 621 5498 CXXXIX.
689 5441 991 5512 Privilegia
1051 5453 1167 5512 pro_
1205 5434 1992 5512 {nonastei'iis_novo__Picla-

410 5513 606 5580 viensi,
637 5511 693 5569 S.
719 5505 1086 5580 Quintinianb
1135 5506 1528 5564 Bcllovacensi.
1561 5505 1919 5574 Burguliensi
1945 5513 1997 5562 et

409 5585 649 5641 Ecclesia
687 5584 1056 5654 Syracusana.

407 5670 701 5730 Nonnulla
723 5665 1025 5742 privilegia
1043 5665 1151 5721 hoc
1176 5682 1326 5722 anno
1352 5664 1583 5722 labente
1609 5664 1851 5722 diversis
1881 5666 1991 5723 Ec-

2107 4760 2234 4818 cius
2255 4778 2372 4832 rex,
2406 4780 2581 4835 quem
2607 4763 2878 4822 Urbanus
2906 4764 2964 4819 in
2988 4780 3054 4821 eo
3085 4765 3301 4838 scripto
3319 4763 3544 4822 salvere
3567 4768 3764 4840 jubet,

2106 4848 2272 4906 initio
2299 4852 2522 4908 mensis
2562 4853 2724 4908 Junii
2774 4853 3112 4910 occubuerit
3140 4854 3200 4910 in
3222 4854 3381 4911 Osca
3412 4855 3584 4912 urbis
3612 4858 3766 4915 obsi-

2107 4939 2298 5009 dione,
2330 4941 2423 4996 vix
2453 4941 2609 4998 ultra
2639 4946 2990 5015 prasentem
3035 4960 3259 5000 annum
3292 4948 3488 5016 potest
3517 4945 3762 5003 differri.

2107 5028 2169 5084 In
2224 5045 2292 5085 eo
2335 5030 2606 5087 abbatem
2667 5033 3022 5090 Pinnensem
3069 5033 3445 5106 reprehendit
3475 5037 3758 5108 pontifex,

2106 5118 2260 5188 quod
2312 5119 2570 5177 decimas
2614 5121 2869 5178 ecclesia
2897 5122 3093 5178 Sancti
3136 5123 3437 5179 Saturnini
3487 5124 3762 5184 Tolosani

2104 5206 2404 5263 canonicis
2420 5208 2646 5266 debitas
2676 5209 3006 5268 invasisset.

2211 5311 2730 5402 CXLIchcretalis
2772 5318 3226 5402 adpgminicuni
3265 5322 3656 5402 patriarcham

2387 5385 2732 5444 Gradensem.
2764 5389 3130 5460 Privilegium
3157 5385 3467 5448 Lirinense.

2174 5489 2339 5546 Haud
2370 5491 2645 5551 dissimili
2675 5495 2898 5550 ratione
2953 5496 3024 5552 ad
3056 5496 3212 5552 hunc
3246 5515 3481 5570 quoque
3531 5517 3753 5557 annum

2102 5579 2355 5636 revocari
2379 5585 2566 5653 potest
2581 5581 2887 5639 decretalis
2909 5582 3125 5640 Urbani
3147 5587 3394 5659 epistola
3411 5588 3483 5644 ad
3500 5589 3754 5646 Domini-

2103 5682 2238 5724 cum
2266 5669 2623 5727 Gradensem
2647 5671 3062 5744 patriarcham,
3095 5676 3160 5732 de
3179 5675 3534 5734 excludendis
3563 5697 3598 5735 α
3627 5695 3751 5735 suo-
3795 5701 3810 5708 υ
