3958 6224
176 299 287 371 91³1

1754 303 1971 377 νινε.

3442 301 3575 380 HO

176 436 565 512 rumgraduum
593 437 866 514 dignitate
888 438 1235 501 subdiacom‘s
1263 441 1315 500 si
1334 442 1668 501 continentes
1690 459 1801 501 esse
1829 446 1885 513 Α
1914 462 1982 502 ex
2033 442 2301 503 Bertoldo
2351 448 2586 504 auctore
2634 445 2841 522 aequali
2892 450 2949 507 et
2993 448 3257 508 accurato
3308 451 3555 519 constat,

176 529 519 603 noluntEjus
548 529 811 603 epistolae
841 531 1239 607 fragmentum
1270 531 1583 590 Gratianus
1614 532 1813 590 retulit

176 619 230 677 in
257 620 477 677 decreto
500 620 637 676 dist.
670 622 761 690 32,
795 638 920 695 cap.
956 639 1020 692 ιι,
1050 623 1405 679 Erubescant.
1438 623 1809 679 Dominicum

177 710 473 778 autem,cui
506 710 852 767 inscribitur
883 711 1005 767 haec
1035 712 1429 784 epistola,sub
1462 713 1643 785 hujus
1673 712 1811 768 anni

178 799 358 869 ﬁnem,
389 802 489 855 aut
516 799 688 855 initio
720 801 1018 873 sequentis
1049 800 1266 857 obiisse
1293 801 1625 875 colligimus
1647 818 1715 858 ex
1743 819 1810 857 eo

180 889 339 961 quod,
365 892 510 944 teste
541 888 787 961 Ughello
818 890 876 944 in
910 889 1078 945 Italia
1117 908 1301 947 sacra.
1333 891 1585 947 Joannes
1617 895 1673 946 et
1702 892 1810 946 Pe-

177 980 311 1043 trus,
341 994 493 1033 unus
524 981 661 1049 post
693 977 948 1033 alterum
995 979 1046 1033 ei
1078 996 1231 1035 anno
1266 980 1400 1034 1094
1434 979 1495 1035 in
1526 980 1811 1036 Gradensi

178 1065 412 1121 Ecclesia
438 1066 859 1122 successerint.
887 1066 1149 1140 Denique
1175 1068 1247 1124 ad
1279 1067 1436 1124 hunc
1467 1087 1687 1125 annum
1722 1086 1809 1124 re-

176 1154 396 1211 ferimus
424 1153 802 1228 privilegium
822 1157 1163 1213 monasterii
1177 1156 1493 1214 Lirinensis
1505 1158 1811 1214 Aldeberto

174 1242 350 1299 abbati
380 1242 763 1316 inscriptum,
794 1246 969 1316 quod,
1003 1246 1110 1301 etsi
1156 1246 1213 1301 in
1246 1247 1497 1319 vulgatis
1530 1246 1809 1319 exemplis

175 1332 379 1388 nullam
410 1332 805 1407 chronologiaa
837 1337 1035 1390 notam
1068 1336 1353 1408 praeferat,
1388 1353 1423 1391 a
1472 1336 1691 1391 Barrali
1730 1341 1814 1391 ta-

171 1436 311 1488 men,
344 1421 438 1492 qui
469 1425 671 1478 vetera
701 1422 831 1493 ejus
865 1424 1208 1479 monasterii
1249 1424 1644 1480 instrumenta
1675 1442 1809 1480 con-

172 1513 436 1581 spexerat,
496 1510 611 1566 hoc
671 1528 824 1566 anno
887 1511 1265 1585 consignetur
1321 1512 1378 1566 in
1437 1512 1812 1586 chronologia

170 1598 453 1654 Lirinensi.
485 1600 579 1655 Ad
631 1601 909 1657 eumdem
962 1617 1206 1669 annum,
1244 1600 1295 1656 si
1346 1602 1492 1657 bene
1543 1602 1811 1673 conjicio,

165 1687 402 1744 revocari
429 1689 609 1744 debet
639 1688 805 1745 bulla
833 1707 937 1761 pro
965 1690 1327 1763 parthenone
1363 1691 1586 1747 Sancta
1618 1691 1810 1747 Mariae

166 1774 219 1834 in
243 1775 450 1850 Campo
487 1778 707 1834 Martio
757 1778 981 1835 ordinis
1028 1779 1389 1835 Benedictini
1441 1780 1662 1848 Roma,
1696 1798 1810 1853 qua

166 1864 412 1921 Urbanus
452 1867 616 1922 duos
665 1867 908 1923 abbates
956 1868 1250 1924 Romanos
1293 1874 1350 1924 et
1383 1885 1568 1924 unum
1598 1869 1810 1925 Arimi-

165 1969 387 2011 nensem
414 1960 870 2012 conservatores
901 1957 1029 2027 ejus
1078 1957 1188 2013 loci
1229 1958 1677 2030 possessionum
1711 1960 1807 2014 de-

166 2043 433 2115 signat,ut
462 2044 656 2100 habet
683 2044 1005 2101 Chronicon
1035 2046 1164 2117 ejus
1195 2045 1305 2102 loci
1332 2047 1488 2119 apud
1522 2047 1816 2102 Martinel-

165 2129 293 2187 lum.
325 2133 470 2189 Data
502 2131 739 2187 dicitur
780 2134 935 2206 apud
982 2138 1251 2190 sanctum
1301 2135 1534 2191 Petrum
1580 2137 1649 2190 28
1699 2137 1813 2192 No-

163 2221 422 2290 vembris,
456 2238 624 2277 anno
657 2239 713 2277 v1
746 2223 1121 2295 pontiﬁcatus
1154 2223 1393 2292 Urbani,
1437 2241 1610 2297 quem
1662 2224 1814 2282 male

168 2308 569 2382 interpretatur
627 2327 851 2367 annum
904 2312 1040 2367 1094
1090 2312 1451 2385 Hiacynthus
1503 2314 1574 2369 de
1621 2314 1812 2369 Nobili

168 2398 417 2455 Chronici
467 2403 703 2457 auctor.
740 2400 801 2455 Id
852 2405 1047 2457 tamen
1102 2401 1458 2458 incommodi
1507 2407 1614 2468 est,
1659 2404 1813 2475 quod

170 2504 232 2543 ex
257 2488 412 2545 bulla
443 2506 551 2562 pro
583 2489 850 2546 Ecclesia
880 2490 1247 2562 Syracusana
1277 2491 1546 2564 superius
1575 2491 1815 2548 laudata

169 2576 420 2634 Urbanus
449 2578 739 2635 Kalendis
771 2577 915 2651 ipsis
935 2578 1274 2636 Decembris
1306 2580 1500 2637 adhuc
1530 2580 1813 2654 Anagniae

164 2667 510 2723 versabatur.

204 2773 400 2830 CXLII.
431 2775 690 2830 Anselmi
719 2774 1119 2847 archiepiscopi
1147 2776 1569 2833 Mediolanensis
1597 2794 1761 2834 mors.

674 2847 940 2918 Amat/"us
967 2849 1021 2903 ei
1047 2848 1303 2903 succedit.

222 2934 426 2991 Amisit
455 2936 570 2992 sub
596 2934 785 3006 huius
815 2935 952 2990 anni
982 2936 1159 2991 ﬁnem
1198 2936 1466 2992 Urbanus
1496 2954 1648 3010 papa
1676 2940 1817 2993 stre-

162 3024 508 3080 nuissimum
542 3023 813 3097 partium
829 3041 1068 3080 suarum
1097 3025 1818 3099 propugnatorem,Ansel-

163 3129 318 3169 mum
366 3114 879 3172 Mediolanensem
926 3114 1454 3187 archiepiscopum,
1502 3133 1536 3171 a
1584 3132 1719 3188 quo,
1753 3119 1819 3170 ut

1918 550 2033 593 non
2062 536 2132 593 ab
2163 551 2305 607 uno,
2337 552 2680 610 quanquam
2712 538 2769 596 id
2802 544 2933 612 post
2952 552 3139 597 unum
3170 556 3389 596 annum
3420 542 3565 596 inte-

1882 630 1888 635 ’
1919 641 2090 699 grum
2124 643 2159 681 a
2186 644 2294 683 sta
2324 626 2604 684 electione
2650 629 2867 686 factum
2916 630 3110 697 fuerit,
3146 629 3249 685 sed
3299 646 3334 685 a
3375 629 3564 686 tribus

1920 715 2210 788 episcopis
2241 716 2562 786 catholicis,
2596 735 2848 789 quorum
2891 719 3133 776 nomina
3183 717 3339 775 idem
3371 721 3568 774 auctor

1920 809 2199 871 recenset,
2248 810 2624 862 consecratus
2676 808 2805 873 fuit,
2839 811 2905 863 ut
2952 825 3079 865 suo.
3106 806 3233 865 loco
3282 806 3566 864 dicemus.

1920 893 2048 948 Haec
2082 894 2381 949 occasione
2413 896 2607 952 obitus
2635 898 2915 952 Anselmi.

1920 999 2153 1055 CXLIII.
2187 1001 2472 1057 Anselmus
2497 1002 2555 1073 ﬁt
2585 1004 2864 1080 episcopus
2908 1005 3244 1061 Cantuariw.
3280 1004 3415 1060 Cum
3443 1020 3570 1080 rege

2623 1075 2865 1130 dissidet.
2962 1138 2997 1165 ἢ

1990 1160 2310 1227 Jaeturam,
2354 1179 2531 1234 quam
2580 1168 2765 1219 morte
2803 1160 3062 1221 Anselmi
3116 1164 3567 1222 Mediolanensis

1919 1267 2197 1323 perpessa
2243 1254 2332 1304 est
2374 1251 2632 1307 Ecclesia
2682 1254 2962 1322 Romana,
2990 1254 3219 1326 egregie
3268 1252 3569 1310 resarcivit

1920 1338 2160 1396 alterius
2190 1338 2447 1394 Anselmi
2479 1341 2537 1395 in
2564 1341 3040 1399 Cantuariensem
3063 1342 3565 1415 archiepiscopum

1920 1425 2231 1493 ordinatio,
2267 1443 2393 1497 qua:
2427 1426 2535 1481 hac
2567 1428 2694 1499 ipsa
2724 1428 2815 1483 die
2850 1430 3139 1485 celebrata
3178 1434 3284 1495 est,
3315 1429 3374 1485 id
3406 1433 3496 1485 est
3525 1445 3566 1483 ιι

1920 1516 2114 1571 Nonas
2146 1515 2503 1585 Decembris,
2551 1533 2667 1587 qua
2710 1517 3164 1574 Mediolanensis
3192 1517 3505 1575 Anselmus
3536 1533 3567 1572 e

1918 1603 2064 1659 vivis
2121 1603 2382 1659 excessit.
2445 1604 2606 1660 Hanc
2651 1609 2850 1660 tamen
2916 1622 3122 1677 graves
3169 1605 3567 1662 dissensiones

1920 1693 2243 1749 subsecutae
2302 1696 2441 1748 sunt
2498 1693 2652 1749 inter
2699 1694 2894 1766 ipsum
2946 1698 3215 1750 sanctum
3262 1693 3455 1749 virum
3512 1697 3571 1750 et

1921 1782 2231 1837 Henricum
2299 1797 2495 1854 regem
2558 1783 2794 1847 obortae,
2852 1799 2979 1854 quae
3037 1783 3138 1839 diu
3198 1782 3570 1855 multumque

1920 1870 2300 1943 Anglicanam
2334 1870 2652 1926 Ecclesiam
2685 1870 3039 1928 afflixerunt.
3059 1873 3443 1928 Remanserat
3469 1873 3572 1927 Ec-

1922 1960 2099 2039 clesia
2130 1960 2567 2017 Cantuariensis
2583 1960 2852 2032 episcopo
2870 1960 3075 2017 orbata
3099 1965 3232 2033 post
3260 1960 3571 2017 Lanfranci

1922 2052 2170 2105 mortem
2201 2053 2320 2104 toto
2353 2049 2903 2121 quadriennio,cum
2934 2050 3121 2121 pridie
3150 2049 3345 2105 Nonas
3377 2048 3571 2106 Martii

1921 2139 2099 2210 hujus
2128 2139 2286 2205 anni,
2319 2139 2624 2195 Dominica
2642 2139 2833 2211 prima
2851 2138 3570 2211 Quadragesimas,electus

1922 2232 2012 2284 est
2042 2228 2099 2282 in
2131 2230 2259 2298 ejus
2290 2226 2505 2296 locum,
2540 2245 2774 2283 summo
2823 2227 3004 2283 totius
3052 2228 3219 2300 regni
3268 2244 3335 2283 ac
3381 2226 3570 2299 ipsius

1922 2316 2076 2389 regis
2109 2315 2393 2389 applausu
2425 2316 2906 2384 Anselmus,tunc
2938 2315 3247 2370 Beccensis
3261 2314 3571 2386 abbas,qui

1923 2406 1996 2462 ob
2030 2405 2296 2477 quaedam
2322 2405 2662 2461 monasterii
2692 2404 2783 2459 sui
2815 2403 3047 2475 negotia
3064 2403 3210 2458 forte
3229 2401 3571 2475 inAngliam

1920 2494 2347 2563 transmiserat,
2380 2493 2527 2548 nihil
2559 2493 2675 2549 tale
2704 2492 2987 2566 cogitans.
3017 2491 3263 2547 Omnem
3312 2490 3572 2563 lapidem

1922 2585 2104 2640 movit
2129 2582 2219 2638 vir
2249 2586 2584 2650 sanctus,ut
2614 2600 2649 2638 a
2679 2598 2740 2638 se
2768 2585 3000 2637 tantum
3031 2598 3181 2637 onus
3212 2578 3572 2648 amoliretur,

1923 2674 1997 2730 ad
2023 2673 2179 2745 quod
2213 2689 2275 2729 se
2306 2672 2505 2728 minus
2534 2676 2741 2744 aptum
2773 2686 2901 2727 esse
2932 2670 3160 2727 sincero
3192 2669 3387 2725 animo
3409 2685 3578 2742 repu-

1921 2763 2104 2819 tabat.
2134 2763 2275 2818 Visa
2306 2765 2396 2817 est
2425 2762 2474 2817 ei
2509 2765 2840 2835 opportuna
2888 2759 3246 2816 declinandis
3275 2758 3459 2831 hujus
3488 2757 3577 2814 di—

1923 2850 2165 2925 gnitatis
2220 2850 2469 2918 occasio,
2523 2849 2787 2905 schisma
2846 2849 3004 2920 quod
3061 2851 3201 2903 tunc
3258 2845 3577 2903 Ecclesiam

1924 2941 2249 2996 Romanam
2282 2939 2622 2995 afﬂictabat.
2649 2938 2873 3011 Quippe
2901 2953 3035 2993 cum
3068 2936 3331 2992 nondum
3363 2934 3423 2990 in
3461 2936 3582 2991 An-

1924 3028 2061 3101 glia,
2096 3028 2177 3084 sic
2202 3044 2335 3101 rege
2360 3027 2609 3095 volente,
2639 3027 2772 3098 quis
2807 3044 2909 3099 pro
2956 3043 3091 3082 vero
3122 3024 3396 3098 pontiﬁce
3421 3027 3578 3080 esset

1928 3115 2255 3181 habendus,
2288 3115 2647 3171 declaratum
2680 3115 2907 3182 fuisset,
2939 3115 3063 3186 ipse
3105 3114 3298 3187 palam
3351 3113 3577 3168 denun~

162 3202 427 3271 diximus,
488 3202 805 3260 Conradus
862 3206 997 3259 ante
1066 3202 1291 3276 aliquot
1348 3219 1581 3260 menses
1646 3204 1809 3276 regni
1840 3191 1883 3259 Ο
1920 3205 2086 3260 tiavit
2138 3221 2199 3260 se
2248 3221 2498 3276 semper,
2549 3220 2899 3276 quocunque
2949 3204 3122 3258 modo
3172 3220 3265 3258 res
3304 3204 3571 3269 verteret,

163 3289 572 3364 Langobardiae
602 3307 822 3347 corona
846 3292 1164 3365 insignitus
1195 3293 1404 3348 fuerat.
1434 3294 1576 3364 Ejus
1607 3292 1811 3347 mortis

162 3396 371 3439 annum
399 3380 635 3438 indicat
666 3380 991 3449 Bertoldus,
1027 3380 1182 3436 diem
1230 3398 1363 3437 vero
1415 3380 1700 3437 discimus
1743 3398 1811 3437 ex

158 3470 327 3526 veteri
358 3471 636 3549 catalogo
666 3469 1239 3542 archiepiscoporum
1262 3470 1344 3527 Me
1356 3469 1808 3539 diolanensium,

158 3575 317 3630 quem
350 3564 557 3617 noster
587 3558 966 3615 Mabillonius
995 3562 1153 3614 tomo
1185 3561 1205 3614 Ι
1238 3559 1439 3615 Μυεωί
1471 3559 1652 3615 Italici
1686 3558 1809 3614 vul-

156 3649 322 3720 gavit,
372 3649 473 3705 ubi
526 3646 851 3705 Anselmus
913 3648 1137 3704 sedisse
1189 3648 1403 3705 dicitur
1452 3666 1638 3705 annos
1686 3666 1807 3715 VIII,

154 3752 374 3794 menses
403 3755 441 3794 v
488 3742 552 3794 et
604 3737 734 3793 dies
777 3754 853 3805 ιν,
887 3754 953 3792 ac
984 3737 1202 3793 obiisse
1246 3737 1432 3810 pridie
1463 3737 1657 3794 Nonas
1703 3737 1809 3793 De-

155 3825 713 3900 cembris,sepultus
739 3826 798 3881 in
830 3825 1072 3882 basilica
1093 3826 1812 3899 apostolorum.Substitu-

150 3918 241 3970 tus
270 3921 355 3973 est
386 3917 439 3973 ei
485 3914 780 3972 Arnulfus
816 3931 917 3971 seu
948 3916 1245 3983 Arnolfus,
1280 3933 1455 3989 quem
1505 3916 1810 3972 Bertoldus

151 4005 446 4062 Arnoldum
481 4006 553 4062 de
576 4008 751 4060 Porta
774 4013 1035 4075 argentea
1068 4008 1389 4078 nuncupat.
1412 4004 1588 4060 Plura
1616 4006 1687 4060 de
1717 4005 1810 4060 bis

150 4091 361 4151 habent
390 4093 1032 4166 Puricellus,Sigonius
1052 4093 1112 4149 in
1141 4094 1396 4150 Historia
1408 4094 1569 4168 regni
1601 4092 1806 4160 Italici,

150 4186 202 4238 et
230 4182 679 4255 Papebrochius
728 4183 789 4237 in
820 4182 1083 4255 catalogo
1130 4182 1656 4239 Mediolanensium
1689 4182 1807 4255 epi-

150 4286 456 4343 scoporum
476 4277 644 4328 temo
656 4270 754 4327 VII
770 4271 904 4326 Maii
918 4269 1435 4343 Bollandiani,quaa
1449 4272 1520 4327 ad
1540 4274 1808 4327 nostrum

150 4359 486 4416 institutum
522 4377 645 4416 non
675 4359 1232 4416 attinent.Arnulfus
1246 4359 1545 4416 nonnullis
1561 4360 1808 4415 fortasse

150 4448 538 4517 videbitur,ut
559 4448 804 4521 quidem
835 4448 1094 4521 plerique
1125 4448 1441 4515 censent,is
1474 4449 1599 4520 ipse
1629 4447 1811 4504 fuisse

1918 3293 2173 3360 Urbano,
2219 3292 2391 3347 sicuti
2443 3309 2632 3364 usque
2682 3309 2838 3347 nunc
2885 3291 3118 3361 fecerat,
3171 3289 3567 3346 obediturum.

1920 3382 2101 3454 quue
2130 3384 2492 3437 contestatus
2542 3384 2653 3445 est,
2686 3379 2839 3451 quod
2885 3394 3084 3435 revera
3130 3377 3213 3433 sic
3262 3377 3324 3433 in
3372 3378 3567 3433 animo

1917 3471 2181 3535 haberet,
2212 3474 2340 3524 tum
2372 3468 2510 3540 quia
2539 3484 2607 3523 ex
2638 3466 3028 3523 declarations
3072 3466 3347 3538 sperabat
3384 3481 3446 3521 se
3492 3464 3565 3520 ab

1917 3559 2122 3633 Anglis
2173 3559 2454 3630 rejectum
2499 3558 2589 3612 iri.
2626 3560 2697 3612 At
2726 3554 2875 3611 nihil
2907 3555 3147 3611 omnino
3177 3553 3440 3627 profecit.
3473 3552 3565 3607 llli

1918 3649 2072 3706 enim
2109 3650 2446 3705 constanter
2475 3646 2536 3701 in
2585 3644 2880 3719 proposito
2910 3646 3372 3716 perseverarunt.
3402 3641 3566 3707 Quod

1919 3738 2045 3812 ipse
2076 3741 2328 3794 testatur
2356 3736 2417 3791 in
2443 3735 2691 3809 epistola
2718 3736 2810 3802 24,
2842 3733 2977 3791 libri
3012 3748 3097 3802 III,
3131 3733 3216 3788 sic
3257 3732 3328 3789 ad
3372 3731 3568 3805 Hugo-

1919 3845 2054 3884 nem
2086 3827 2537 3899 Lugdunensem
2569 3825 2834 3881 scribens
2866 3841 2880 3879 :
2921 3825 3227 3895 Antequam
3267 3823 3569 3894 praeberem

1919 3933 2219 3984 assensum,
2247 3917 2441 3988 palam
2476 3915 2599 3970 dixi
2646 3931 2731 3970 me
2776 3917 2961 3986 favere
3007 3913 3225 3968 domino
3268 3928 3426 3984 papae
3472 3911 3569 3967 Ur-

1921 4007 2057 4062 bano
2097 4010 2147 4060 et
2189 4003 2444 4060 Guiberto
2489 4003 2789 4059 adversari.
2824 4003 2887 4057 Et
2932 4002 3040 4072 feci
3075 4008 3125 4056 et
3166 4000 3289 4055 dixi
3332 4016 3432 4072 per
3476 4015 3573 4055 sea:

1918 4111 2131 4152 menses
2161 4094 2300 4166 quod
2321 4094 2480 4165 potui
2505 4095 2627 4147 sine
2654 4094 2958 4164 peccato,ut
2986 4090 3312 4146 dimitterer.
3344 4088 3574 4144 Illustre

1919 4183 2094 4257 paulo
2128 4188 2260 4255 post
2291 4188 2348 4238 et
2378 4181 2679 4254 publicum
2712 4197 2831 4236 suae
2864 4196 3001 4252 erga
3030 4178 3332 4235 Urbanum
3382 4176 3573 4249 ponti-

1922 4274 2088 4329 ﬁcem
2122 4271 2451 4327 reverentia:
2483 4275 2541 4326 et
2573 4269 2839 4342 obsequii
2871 4272 3285 4341 argumentum
3302 4264 3571 4338 praebuit,

1921 4379 2055 4420 cum
2088 4361 2137 4417 ei
2171 4360 2387 4416 librum
2421 4361 2493 4415 de
2525 4360 2771 4426 fide,seu
2795 4356 3196 4413 Incarnatione
3214 4352 3572 4426 Verbi,quod

1922 4454 2125 4507 contra
2156 4448 2527 4505 Roscelinum
2573 4447 2911 4517 haereticum
2943 4442 3390 4516 conscripserat,
3421 4458 3574 4498 nun-

147 4537 461 4623 Mediolani
495 4537 1000 4611 archiepiscopus,
1035 4538 1157 4611 qui,
1191 4543 1257 4594 ut
1305 4539 1365 4593 in
1411 4538 1629 4593 Urbani
1680 4537 1816 4591 Vita
1844 4557 1890 4623 ι)
1921 4540 2157 4613 cupavit
2187 4557 2253 4595 eo
2283 4542 2545 4611 pacto,ut
2576 4538 2772 4608 ipsum
2801 4537 2932 4607 ejus
2960 4550 3221 4590 censura:
3255 4531 3575 4623 committe-

145 4622 458 4700 Iegitur,ab
489 4644 616 4684 uno
647 4630 880 4683 tantum
906 4628 1178 4701 episcopo
1209 4624 1495 4683 catholico
1509 4625 1814 4682 ordinatus
1844 4618 1881 4623 ”
1924 4635 2031 4688 ret.
2068 4630 2194 4685 Non
2228 4629 2331 4683 abs
2352 4644 2412 4683 re
2428 4627 2540 4683 erit
2559 4626 2674 4681 huc
2694 4625 2951 4698 proferre
2968 4623 3098 4695 ipsa
3117 4618 3374 4677 Anselmi
3400 4619 3577 4674 verba

143 4715 271 4785 fuit,
300 4716 518 4774 multis
546 4715 684 4773 aliis
715 4716 1101 4788 praesentibus
1134 4716 1374 4789 quidem
1406 4720 1462 4772 et
1490 4715 1814 4772 assentien-

141 4803 319 4871 tibus,
367 4806 474 4862 sed
527 4822 800 4871 manum,
834 4806 988 4877 quod
1037 4804 1399 4863 schismatici
1438 4809 1658 4871 essent,
1693 4820 1811 4859 non

140 4894 646 4967 imponentibus:
708 4895 928 4967 quique
985 4893 1393 4951 investituram
1441 4895 1513 4952 ab
1565 4891 1812 4949 Henrico

140 4985 433 5055 recepisse
482 4983 728 5048 dicitur,
796 4983 869 5038 ob
931 4983 1106 5057 idque
1154 5002 1187 5040 a
1243 4984 1433 5057 legato
1493 4982 1812 5057 apostolico

140 5076 572 5130 exauctoratus
630 5073 692 5127 in
751 5072 1173 5129 monasterium
1221 5072 1556 5139 secessisse,
1615 5074 1814 5144 ibique

140 5177 585 5233 perseverasse,
619 5177 812 5233 usque
844 5161 982 5216 dum
1032 5163 1104 5218 ab
1136 5162 1368 5219 Urbano
1400 5150 1665 5219 Ecclesia;
1697 5180 1814 5218 suae

138 5251 459 5307 restitutus
491 5266 564 5307 ac
592 5248 774 5323 pallio
805 5249 1055 5305 donatus
1085 5251 1296 5318 fuerit;
1332 5251 1432 5307 sed
1465 5250 1574 5307 hoc
1606 5250 1817 5308 melius

131 5337 417 5396 Anselmo
452 5338 592 5411 ejus
624 5337 1571 5411 praedecessoriconveniuntznam
1587 5344 1820 5396 constat

128 5427 494 5486 Anselmum
530 5427 605 5484 ab
638 5425 890 5482 Henrico
920 5425 1057 5483 huic
1086 5428 1211 5484 sedi
1232 5428 1577 5501 impositum
1606 5429 1812 5495 fuisse;

133 5516 417 5590 quamvis
467 5519 704 5589 postea,
736 5518 803 5570 ut
850 5514 1123 5585 diximus,
1166 5517 1238 5573 ad
1288 5534 1512 5573 annum
1559 5517 1697 5573 1088
1745 5518 1817 5573 ad

1927 4718 2144 4792 quibus
2174 4717 2329 4773 hunc
2352 4717 2400 4771 ei
2430 4715 2646 4771 librum
2680 4712 2999 4784 rescripsit.
3026 4732 3053 4758 «
3076 4706 3323 4764 Domino
3344 4708 3402 4761 et
3419 4704 3575 4760 Patri

1924 4807 2206 4865 universae
2250 4803 2519 4860 Ecclesiae
2572 4802 2631 4856 in
2679 4806 2835 4857 terra
2880 4793 3310 4871 peregrinantis
3342 4810 3575 4851 summo

1921 4894 2186 4970 pontiﬁci
2234 4893 2466 4949 Urbano
2522 4891 2697 4947 frater
2749 4886 3085 4953 Anselmus,
3121 4884 3241 4941 vita
3287 4886 3575 4957 peccator,

1921 4984 2131 5041 habitu
2180 4981 2528 5047 monachus,
2563 4978 2682 5035 sive
2723 4978 2991 5050 jubente,
3034 4974 3154 5031 sive
3201 4971 3579 5047 permittente

1923 5075 2063 5141 Deo,
2097 5071 2422 5129 Cantuaria:
2468 5067 2811 5141 metropolis
2839 5068 3079 5122 vocatus
3116 5063 3446 5136 episcopus,
3480 5061 3579 5119 de-

1924 5163 2110 5220 bitam
2140 5160 2559 5233 subjectionem
2596 5174 2730 5214 cum
2761 5154 2974 5213 humili
3007 5152 3239 5210 servitio
3268 5156 3327 5207 et
3357 5151 3581 5207 devotis

1927 5250 2312 5309 orationibus.
2362 5251 2491 5304 Tum
2551 5248 2757 5303 librum
2816 5260 2982 5301 suum
3039 5241 3322 5315 pontiﬁcis
3367 5238 3581 5309 judicio

1925 5340 2217 5398 committit
2247 5339 2332 5395 his
2362 5338 2539 5394 verbis
2568 5355 2586 5391 :
2619 5334 2928 5405 Quoniam,
2970 5332 3170 5402 inquit,
3202 5327 3398 5384 divina
3443 5342 3578 5398 pro-

1926 5428 2190 5485 videntia
2217 5430 2473 5484 vestram
2492 5425 2678 5498 elegit
2725 5422 3120 5488 sanctitatem,
3151 5415 3246 5473 cui
3293 5414 3475 5470 vitam
3523 5416 3580 5468 et

1931 5517 2106 5574 ﬁdem
2120 5516 2514 5574 Christianam
2527 5512 3056 5576 custodiendam,et
3069 5504 3388 5563 Ecclesiam
3406 5518 3578 5557 suam

129 5605 355 5669 Urbani
387 5608 604 5681 partes
649 5602 982 5663 accesserit.
1020 5605 1088 5661 Et
1138 5605 1377 5679 quidem
1416 5606 1721 5677 Arnulfus,
1756 5610 1823 5662 ut
1931 5606 2249 5677 regendam
2280 5603 2688 5671 committeret,
2732 5601 2803 5659 ad
2855 5597 3085 5656 nullum
3131 5594 3313 5651 alium
3361 5590 3576 5648 rectius
