3958 6224
162 271 278 364 ωε

1662 288 1663 291 “
1775 298 1987 365 Vl'l‘A.

3469 265 3595 374 ιεέ

156 438 501 510 praesentem
531 452 763 493 annum
795 432 1014 494 ditl‘erri
1044 450 1158 494 non
1198 450 1371 510 posse
1400 449 1469 492 ex
1496 450 1562 491 eo
1593 431 1815 508 colligi-
1846 439 1903 505 Α
1930 433 2097 509 rique
2127 449 2229 508 pro
2261 449 2369 493 sua
2416 434 2746 495 conditione
2790 436 2886 496 vix
2942 455 3007 497 ac
3067 458 3139 500 ne
3193 443 3289 503 vix
3343 445 3587 519 quidam

158 543 309 595 mus,
332 525 494 599 quod
524 524 872 583 Willelmus
905 525 965 582 in
1009 525 1265 599 quadam
1316 522 1538 594 charta,
1572 542 1639 581 ea
1670 524 1741 582 de
1771 539 1832 580 re
1937 522 2120 581 vitare
2170 527 2453 597 poterant,
2487 542 2618 584 eam
2666 528 3149 603 tranquillitatem
3200 537 3586 608 perturbaret,

156 616 333 681 edita,
385 619 645 672 testatur
695 633 757 672 se
808 616 917 672 has
963 615 1181 671 Urbani
1241 614 1465 671 litteras
1517 614 1829 686 accepisse,

1938 612 2021 669 ita
2084 615 2703 675 excommunicationis
2765 621 3112 678 sententiam
3169 627 3429 698 Gregorii
3490 629 3592 686 VII

155 705 507 778 priusquam
569 704 674 761 ille
732 704 791 760 in
844 704 1066 761 Gallias
1126 703 1376 760 concilia
1434 702 1837 759 celebraturus
1941 702 2205 775 exemplo
2247 706 2594 777 temperavit
2649 708 3150 780 prudentissimus
3197 714 3474 786 pontifex,
3505 723 3589 786 ut,

157 794 517 861 advenisset,
568 810 751 867 quam
801 793 1038 866 quidem
1086 793 1349 849 chartam
1403 809 1535 847 cum
1581 791 1836 846 multum
1942 795 2089 847 teste
2121 793 2324 848 eodem
2356 794 2646 866 Bertoldo,
2668 797 2938 868 viatores,
2973 802 3196 869 rustici,
3230 805 3378 861 servi
3410 810 3467 862 et
3496 825 3596 863 an-

160 883 419 939 conferat
451 884 527 938 ad
584 882 941 939 illustranda
986 882 1201 938 Urbani
1252 882 1446 948 Gesta,
1478 885 1536 936 et
1581 879 1836 952 comple-

158 977 352 1029 ctatur
376 975 567 1028 totam
610 970 792 1044 h’ujus
824 971 1255 1037 controversiae,
1289 988 1416 1043 quas
1460 987 1609 1042 saape
1650 985 1839 1025 recru"

159 1062 307 1128 duit,
342 1060 581 1128 seriem,
608 1062 737 1133 jam
793 1061 981 1116 habes
1027 1062 1182 1133 apud
1216 1059 1473 1116 Beslium
1522 1059 1583 1114 in
1631 1058 1839 1131 proba-

154 1151 433 1205 tionibus
465 1150 728 1206 historia)
772 1150 1053 1205 comitum
1096 1149 1548 1216 Pictavensium,
1581 1148 1681 1202 sed
1713 1164 1840 1201 rur-

156 1256 261 1295 sus
282 1240 357 1294 ad
382 1242 612 1295 veteres
624 1238 1077 1294 Vindocinensis
1097 1238 1442 1294 monasterii
1466 1237 1840 1293 membranas

162 1326 382 1384 collata
423 1328 693 1393 dabitur;
728 1332 1046 1399 utrumque
1098 1343 1235 1382 vero
1286 1326 1579 1399 pontificis
1632 1324 1839 1381 rescri-

162 1420 335 1488 ptum
368 1433 440 1472 ex
470 1417 737 1488 eiusdem
762 1415 871 1473 loci
894 1415 1157 1472 archivio
1184 1415 1510 1489 proferetur
1532 1415 1682 1471 inter
1710 1416 1838 1487 ejus

162 1504 474 1577 epistolas.

214 1594 388 1651 CLII.
428 1594 713 1667 Goffridus
742 1594 811 1650 ab
845 1594 1059 1651 Urbano
1088 1594 1152 1663 ﬁt
1177 1595 1477 1665 presbyter.
1509 1594 1567 1648 S.
1591 1595 1797 1651 Priscae

887 1685 1134 1739 ecclesia.

235 1772 539 1840 Urbanus,
566 1772 769 1845 itaque
800 1772 1009 1846 adepta
1038 1772 1449 1828 Lateranensis
1480 1771 1676 1843 palatii
1709 1788 1840 1842 pos-

164 1862 459 1931 sessione,
507 1861 862 1927 Gotl‘ridum,
915 1861 1014 1934 qui
1073 1877 1225 1917 anno
1281 1860 1652 1933 praecedenti,
1707 1876 1840 1914 cum

164 1952 463 2008 diaconus
520 1950 713 2007 solum
778 1955 953 2019 esset,
1006 1951 1078 2005 ab
1115 1954 1289 2005 Ivone
1321 1948 1660 2005 Carnotensi
1717 1949 1839 2020 epi-

166 2057 345 2113 sc0po
407 2040 471 2096 in
535 2040 811 2095 abbatem
869 2038 1214 2094 benedictus
1271 2039 1477 2105 fuerat,
1520 2039 1630 2095 hoc
1688 2054 1840 2094 anno

164 2130 587 2203 presbyterum
647 2127 974 2193 ordinavit,
1032 2127 1202 2200 eique
1259 2126 1564 2184 ecclesiam
1620 2131 1842 2182 Sancta:

166 2218 403 2285 Prisce,
437 2235 510 2275 ex
540 2234 663 2291 qua
694 2217 1158 2274 Vindocinenses
1187 2216 1458 2272 monachi
1490 2233 1523 2271 a
1552 2214 1839 2272 Guiberti-

166 2310 258 2365 nis
291 2308 468 2380 ejecti
502 2308 759 2377 fuerant,
794 2306 1072 2364 restituit.
1106 2306 1321 2362 Haecin
1350 2306 1527 2361 variis
1557 2304 1691 2360 libri
1724 2305 1841 2377 pri-

168 2398 249 2454 mi
282 2395 561 2470 epistolis
593 2397 820 2470 passim
856 2399 1108 2452 testatur
1149 2395 1274 2467 ipse
1311 2394 1624 2461 Goﬂ'ridus,
1658 2395 1844 2466 potis-

164 2486 389 2543 simum
421 2485 675 2559 epistola
705 2487 773 2541 14
805 2486 877 2541 ad
911 2484 1239 2540 Honorium
1272 2500 1520 2556 papam;
1552 2483 1691 2539 item
1723 2483 1842 2555 epi-

162 2574 317 2632 stola
346 2592 390 2632 ιι
423 2574 624 2631 Calixo
678 2575 729 2630 II
782 2574 1024 2647 scripta,
1076 2589 1139 2629 se
1188 2574 1259 2627 ab
1308 2572 1541 2629 Urbano
1588 2581 1848 2644 tanquam

160 2667 395 2721 unicum
423 2665 611 2735 ﬁlium
644 2664 923 2720 dilectum
957 2663 1152 2720 fuisse
1184 2661 1488 2735 gloriatur.
1520 2662 1680 2727 Quod
1713 2676 1848 2717 vero

160 2755 239 2819 ad
269 2752 588 2811 ecclesiam
620 2754 846 2810 Sancta:
870 2752 1091 2807 Priscaa
1124 2751 1353 2819 attinet,
1376 2750 1583 2806 titulus
1604 2754 1693 2806 est
1721 2748 1846 2823 pre“

162 2843 393 2915 sbyteri
420 2840 771 2910 cardinalis,
795 2858 969 2914 quem
992 2840 1455 2896 Vindocinenses
1476 2840 1717 2896 abbates
1743 2839 1843 2896 diu

169 2932 572 2999 retinuerunt,
606 2931 892 3003 locusque
915 2932 1043 3002 ejus
1073 2947 1108 2985 a
1128 2928 1434 2985 monachis
1454 2927 1844 2985 Vindocinen-

170 3020 346 3076 sibus
379 3019 847 3088 inhabitabatur,
874 3020 975 3075 sed
1008 3019 1080 3074 de
1110 3017 1202 3073 his
1252 3017 1417 3073 locus
1464 3016 1560 3072 hic
1610 3034 1725 3074 non
1758 3023 1848 3074 est

166 3109 367 3165 fusius
396 3108 752 3165 disserendi.
776 3107 953 3164 Plura
982 3108 1054 3163 de
1079 3106 1171 3162 his
1200 3106 1377 3162 habet
1403 3105 1752 3162 Sirmondus
1782 3107 1841 3162 in

1946 880 2111 945 cillai,
2161 898 2486 955 uxoresque
2544 901 2609 939 ac
2668 885 2771 941 ﬁlii
2828 891 3465 951 excommunicatorum
3522 895 3594 953 iis

1944 970 2434 1027 communicando
2464 971 2523 1028 in
2555 991 2682 1030 eam
2713 974 2903 1032 labem
2928 994 3043 1034 non
3083 980 3598 1053 incurrerent,nisi

1948 1057 2095 1112 forte
2137 1057 2218 1112 illi
2265 1076 2440 1131 prava
2492 1079 2599 1117 sua
2630 1063 2927 1121 voluntate
2977 1084 3105 1125 sese
3158 1069 3318 1145 ipsos
3346 1074 3595 1132 vinculis

1948 1149 2567 1205 excommunicationis
2596 1154 3003 1227 astringerent.

2363 1237 2522 1292 CLV.
2557 1240 2805 1311 Synodus
2837 1242 3182 1302 Constantia.

2019 1328 2149 1379 Haec
2173 1325 2404 1397 publica
2425 1328 2821 1400 tranquillitas
2853 1333 3191 1405 przeclaram
3217 1338 3597 1397 resarciendm

1949 1412 2008 1468 in
2033 1412 2125 1469 his
2146 1414 2457 1497 provinciis
2473 1416 2874 1476 ecclesiasticae
2892 1421 3033 1477 disci
3040 1423 3212 1496 plinas
3233 1428 3597 1486 occasionem

1951 1501 2198 1575 praebuit
2248 1503 2588 1561 Gebehardo
2640 1509 2988 1566 Constantia:
3034 1513 3304 1585 antistiti,
3336 1520 3394 1573 et
3440 1518 3597 1575 sedis

1950 1590 2276 1664 apostolicae
2296 1593 2532 1665 vicario,
2548 1594 2647 1667 qui
2669 1613 2735 1653 eo
2757 1598 2975 1668 animo,
2989 1604 3053 1655 ut
3074 1602 3250 1658 refert
3269 1605 3596 1675 Bertoldus,

1951 1681 2041 1734 cui
2067 1680 2173 1736 soli
2196 1680 2375 1753 hujus
2396 1689 2716 1741 conventus
2738 1685 3001 1744 notitiam
3025 1690 3602 1768 debemus,magnam

1949 1769 2215 1840 synodum
2227 1774 2476 1826 Constan
2486 1774 2596 1840 tiae,
2612 1774 2981 1833 hebdomada
2997 1781 3215 1851 majore
3231 1786 3365 1839 ante
3375 1784 3604 1841 Pascha

1947 1873 2071 1911 cum
2099 1859 2382 1914 abbatibus
2411 1866 2462 1916 et
2490 1863 2704 1919 clericis
2740 1866 3066 1936 innumeris,
3089 1886 3154 1925 ac
3197 1871 3422 1930 ducibus
3442 1874 3599 1930 Wel-

1948 1946 2141 2018 phone
2199 1949 2495 2019 Bajoariaa,
2545 1952 2812 2010 Bertoldo
2861 1952 3237 2026 Alamanniae,
3270 1969 3323 2018 et
3370 1964 3603 2035 reliquis

1947 2035 2290 2092 Alamanniae
2339 2040 2686 2112 principibus
2739 2048 2998 2101 canonice
3051 2049 3360 2118 celebravit,
3418 2053 3604 2125 ibique

1948 2125 2141 2195 multa,
2179 2142 2301 2198 quae
2329 2130 2651 2200 corrigenda
2691 2140 2867 2200 erant,
2897 2139 3151 2192 correxit.
3186 2142 3252 2194 In
3284 2156 3353 2196 ea
3381 2142 3602 2211 synodo

1951 2215 2421 2286 presbyterorum
2468 2218 2892 2278 incontinentia
2919 2228 2977 2279 et
3004 2228 3266 2283 violentia
3312 2228 3603 2287 Simonia-

1952 2318 2153 2357 corum
2177 2304 2464 2360 damnatae
2488 2308 2744 2377 fuerunt,
2760 2314 3165 2384 statutumque
3185 2320 3275 2371 est
3295 2320 3360 2371 ut
3380 2320 3602 2375 mensis

1952 2391 2140 2446 Martii
2157 2393 2439 2463 jejunium
2460 2395 2631 2464 juxta
2660 2402 2995 2455 sanctorum
3027 2400 3264 2458 Patrum
3291 2409 3513 2463 statuta
3539 2406 3599 2463 in

1954 2480 2145 2552 prima
2167 2480 2534 2539 hebdomada
2555 2486 3043 2560 Quadragesimaa,
3058 2496 3115 2547 et
3125 2493 3422 2564 jejunium
3438 2495 3601 2552 Junii
3622 2482 3625 2485 ’

1954 2569 2013 2624 in
2044 2569 2173 2642 ipsa
2201 2572 2568 2630 hebdomada
2589 2575 2957 2634 Pentecostes
2981 2580 3601 2643 celebrarentur.Certe

1952 2658 2123 2713 variae
2172 2665 2433 2717 eranteo
2464 2666 2725 2736 tempore
2770 2666 2830 2721 in
2877 2669 3054 2725 variis
3102 2671 3373 2729 Ecclesiis
3402 2674 3602 2731 obser-

1952 2747 2274 2803 vandorum
2319 2747 2554 2806 illorum
2592 2752 2955 2824 jejuniorum
2986 2761 3460 2830 consuetudines,
3486 2780 3606 2837 qua

1953 2836 2025 2893 de
2065 2852 2126 2893 re
2173 2837 2410 2910 scripsit
2458 2839 2795 2913 Sigebertus
2850 2849 3168 2904 tractatum
3219 2836 3578 2924 singularem
3624 2839 3632 2846 “

1955 2942 2130 2998 quem
2161 2943 2231 2982 ex
2261 2945 2371 2984 ms.
2404 2929 2601 2986 codice
2638 2931 3018 3006 descriptum,
3044 2936 3091 2993 si
3127 2937 3444 3011 aliquando
3476 2959 3605 2999 sese

1953 3020 2282 3087 opportuna
2311 3017 2587 3074 obtulerit
2617 3022 2865 3088 occasio,
2899 3025 2957 3079 in
2996 3024 3188 3081 lucem
3220 3029 3604 3101 proferemus.

1951 3105 2154 3161 Exstat
2182 3106 2358 3161 etiam
2388 3107 2459 3162 de
2488 3108 2693 3164 eadem
2723 3127 2785 3166 re
2815 3112 3043 3168 concilii
3066 3115 3610 3175 Claromontanide-

171 3199 335 3255 notis
367 3199 439 3254 ad
474 3197 718 3255 Goﬂ‘ridi
765 3196 1063 3270 epistolas.
1085 3198 1247 3253 Certe
1281 3196 1409 3268 jam
1441 3213 1476 3251 a
1506 3194 1708 3251 multis
1738 3212 1838 3251 an-
1867 3180 1912 3249 C
1951 3198 2196 3260 cretum,
2221 3199 2279 3249 at
2308 3194 2479 3266 plura
2507 3196 2800 3254 habentur
2824 3202 2979 3272 apud
3006 3203 3385 3262 Sirmondum
3415 3207 3476 3263 in
3507 3220 3635 3264 no-'

169 3289 266 3343 nis
296 3287 769 3344 Vindocinenses
801 3286 1071 3342 monachi
1120 3301 1248 3341 eam
1288 3284 1632 3353 amiserunt,
1662 3289 1840 3357 atque

163 3375 349 3433 hodie
394 3377 813 3433 nominetenus
864 3376 1104 3432 abbates
1150 3373 1460 3429 Vindocini
1510 3373 1839 3430 cardinales

166 3470 617 3539 nuncupantur,
640 3482 760 3538 qua
790 3481 1001 3521 nomen
1029 3462 1311 3536 dignitate
1337 3479 1437 3518 eos
1469 3463 1662 3519 adhuc
1694 3467 1839 3518 tem-

163 3572 307 3628 pore
337 3555 811 3612 Constantiensis
840 3553 1067 3611 concilii
1089 3555 1326 3609 ornatos
1357 3552 1541 3609 fuisse
1568 3553 1839 3608 observat

164 3644 329 3701 idem
358 3644 737 3701 Sirmondus.
1066 3706 1071 3713 ί

415 3733 610 3790 CLIII.
646 3735 900 3805 Episcopi
928 3731 1263 3788 Ravetlensis
1293 3730 1588 3786 ordinatio.

241 3824 424 3879 Porro
455 3838 592 3879 cum
623 3839 694 3878 ex
723 3822 963 3878 Gotfridi
992 3817 1360 3877 ordinatione
1391 3821 1620 3874 constet
1649 3817 1838 3873 Urba-

166 3928 319 3968 num
350 3928 417 3967 eo
462 3914 729 3984 tempore
756 3912 817 3965 in
852 3912 1134 3966 Laterano
1183 3907 1400 3980 palatio
1447 3906 1681 3962 ordines
1730 3923 1836 3979 pu-

164 3999 323 4056 blice
355 3999 698 4067 contulisse,
731 3999 847 4055 huc
878 4000 1024 4055 forte
1055 3997 1308 4054 revocari
1339 4000 1528 4068 potest
1555 4000 1837 4053 Constan-

169 4089 284 4144 tini
319 4088 683 4146 Ravellensis
715 4088 973 4162 episcopi
1004 4086 1386 4152 consecratio,
1412 4085 1511 4158 qui
1543 4085 1653 4141 hoc
1684 4102 1838 4141 anno

170 4177 388 4235 Ursoni
419 4178 801 4247 successisse,
834 4181 892 4234 et
921 4178 994 4233 ab
1024 4176 1279 4245 Urbano,
1312 4176 1467 4246 quod
1500 4175 1621 4229 haec
1651 4174 1839 4230 eccle-

170 4266 264 4323 sia
294 4267 558 4323 Romano
587 4266 851 4340 pontiﬁci
872 4267 1095 4339 absque
1116 4264 1309 4320 medio
1333 4263 1597 4335 subjecta
1627 4263 1725 4331 sit,
1750 4280 1840 4319 or-

169 4355 422 4411 dinatus
453 4355 630 4413 fuisse
659 4356 876 4412 dicitur
898 4356 1054 4430 apud
1083 4352 1397 4428 Ughellum
1423 4352 1625 4409 tomoI
1658 4351 1836 4409 Italia;

170 4461 380 4501 sacrm.
482 4460 483 4463 “

346 4532 531 4590 CLIV.
567 4535 776 4593 Urbani
800 4551 931 4607 pars
962 4536 1024 4590 in
1052 4533 1349 4589 Germania
1375 4531 1663 4603 praevalet.

244 4622 415 4679 Haud
446 4623 646 4680 minus
675 4640 771 4681 res
801 4622 1020 4680 Urbani
1052 4639 1119 4679 eo
1144 4626 1406 4693 tempore
1434 4618 1495 4676 in
1526 4619 1841 4676 Germania

168 4727 357 4784 quam
384 4713 541 4784 apud
575 4711 753 4770 Italos
778 4729 1055 4786 prospere
1081 4710 1493 4775 succedebant,
1518 4710 1673 4781 quod
1708 4725 1842 4764 con-

167 4800 383 4874 tigisse
412 4802 687 4858 observat
711 4802 1022 4859 Bertoldus
1044 4803 1116 4858 ob
1148 4816 1444 4857 summam
1470 4797 1839 4855 concordiam

168 4906 303 4962 qua
332 4890 489 4947 inter
516 4891 908 4963 Welphonem
951 4890 1230 4963 Bajoariae
1276 4888 1505 4954 ducem,
1529 4892 1589 4944 et
1619 4886 1840 4943 Bertol-

167 4979 318 5034 dum
348 4980 563 5036 ducem
594 4979 954 5037 Alemanniae
987 4979 1242 5053 vigebat,
1274 4977 1357 5033 ita
1396 4980 1461 5033 ut
1500 4977 1637 5032 inde
1664 4992 1779 5048 pax
1806 4993 1842 5031 α

162 5070 431 5138 Francia,
487 5070 779 5127 Teutonico
823 5078 875 5126 et
922 5071 1154 5133 Atsatia,
1186 5081 1359 5141 usque
1402 5065 1472 5122 ad
1521 5066 1842 5137 Bajoariam

167 5160 283 5215 imo
322 5167 377 5216 et
412 5161 765 5230 Hungariam
806 5163 1112 5232 propagata
1153 5157 1346 5225 fuerit,
1372 5171 1550 5227 quam
1597 5153 1839 5225 quidem

160 5265 372 5321 pacem
404 5249 538 5311 ideo
580 5249 817 5305 ﬁrmam
848 5265 915 5304 ac
944 5251 1310 5304 constantem
1356 5245 1538 5300 fuisse
1570 5244 1840 5299 observat

161 5338 323 5394 idem
374 5342 606 5406 auctor,
642 5338 799 5409 quod
836 5336 1134 5410 principes
1162 5330 1392 5407 quisque
1436 5336 1499 5388 in
1543 5349 1647 5388 sua
1685 5338 1838 5403 pote-

160 5434 300 5483 state
327 5428 617 5499 justitiam
642 5428 827 5498 facere
865 5443 975 5483 non
1004 5427 1312 5487 cessarent;
1344 5424 1496 5479 inter
1520 5436 1669 5495 quos
1699 5420 1838 5475 Ber-

160 5515 387 5573 toldum
419 5517 638 5574 ducem
687 5532 806 5588 prae
855 5516 1078 5573 caeteris
1126 5512 1446 5571 eminuisse
1495 5510 1719 5568 scribit.
1755 5508 1839 5564 Ne

162 5623 291 5666 vero
321 5605 764 5667 commercium
798 5607 954 5679 quod
996 5622 1131 5661 cum
1162 5599 1684 5661 excommunicatis
1715 5598 1837 5670 ple-

1946 3283 2023 3338 tis
2070 3283 2140 3338 ad
2192 3283 2519 3339 Gotl'ridum
2550 3286 3043 3346 Vindocinensem
3075 3291 3177 3348 lib.
3213 3311 3298 3362 III,
3319 3296 3490 3369 epist.
3511 3299 3603 3366 23,
3630 3304 3633 3311 ‘

1948 3387 2078 3442 quae
2107 3370 2437 3429 Hildeberto
2466 3374 2932 3433 Cenomannensi
2967 3379 3251 3453 inscripta
3279 3389 3388 3440 est.
3438 3376 3441 3383 ’

2019 3460 2298 3516 Resecata
2322 3478 2556 3534 quoque
2584 3463 2695 3519 fuit
2724 3465 2785 3520 in
2813 3466 3015 3523 eadem
3045 3471 3263 3542 synodo
3296 3472 3605 3543 peculiaris

1946 3549 2217 3604 diaecesis
2246 3550 2715 3608 Constantiensis
2746 3556 3110 3613 consuetudo
3158 3558 3489 3617 celebrandi
3523 3563 3605 3619 fe-
3632 3547 3640 3555 μ

1946 3638 2091 3693 stive
2119 3642 2303 3694 totam
2345 3640 2651 3697 Paschatis
2692 3642 3141 3715 hebdomadam,
3177 3647 3234 3703 in
3269 3636 3637 3708 Pentecoste.

1947 3730 2143 3782 autem
2187 3726 2418 3784 unicam
2464 3733 2694 3787 tantum
2728 3732 2903 3802 diem,
2938 3739 3141 3792 contra
3167 3737 3515 3810 vicinarum,
3549 3746 3633 3797 et'

1947 3829 2093 3886 pene
2123 3816 2388 3872 omnium
2436 3818 2595 3873 orbis
2637 3818 2953 3876 Christiani
3007 3823 3400 3882 Ecclesiarum
3451 3844 3603 3884 rece-

1947 3907 2113 3974 ptum
2159 3919 2400 3971 morem,
2436 3905 2865 3981 deﬁnitumque
2914 3910 3025 3966 fuit
3070 3916 3134 3966 ut
3181 3918 3302 3969 tam
3352 3914 3412 3970 in
3457 3917 3639 3975 festo

1948 3991 2315 4049 Pentecostes
2355 4011 2534 4066 quam
2589 3995 2645 4051 in
2701 3998 2979 4059 Paschate
3021 4001 3145 4057 dies
3193 4003 3431 4061 omnino
3486 4011 3606 4064 tres

1950 4080 2418 4138 observarentur.
2449 4087 2659 4140 Actum
2690 4086 2943 4160 denique
2984 4090 3055 4146 de
3102 4090 3353 4149 Praxede
3380 4095 3603 4169 regina,
3638 4086 3643 4091 ’

1949 4187 2077 4242 quae
2123 4171 2368 4229 dimisso
2416 4173 2567 4230 clam
2629 4176 2873 4233 Henrico
2931 4177 3299 4252 imperatore,
3335 4183 3436 4254 qui
3475 4188 3603 4240 tum

1948 4261 2183 4317 Veronae
2216 4262 2575 4331 morabatur,
2610 4264 2682 4319 ad
2724 4265 3068 4322 Mathildem
3113 4267 3293 4339 hujus
3325 4270 3462 4324 anni
3494 4271 3606 4326 ini-

1947 4349 2050 4418 tio,
2083 4354 2148 4405 ut
2175 4350 2353 4407 habet
2380 4350 2538 4408 idem
2569 4353 2897 4423 Bertoldus,
2923 4355 3282 4429 confugerat.
3316 4357 3447 4414 Haec
3476 4358 3608 4433 ipsa

1947 4437 2164 4494 dicitur
2190 4439 2420 4523 venisse
2462 4443 2533 4497 ad
2577 4442 2728 4499 hanc
2761 4445 3074 4517 synodum,
3107 4445 3208 4501 ubi
3240 4463 3373 4504 cum
3407 4450 3605 4505 coram

1865 4545 1917 4613 Β
1948 4528 2224 4584 omnibus
2259 4528 2529 4586 universa
2567 4547 2695 4605 quae
2727 4549 2761 4588 a
2788 4549 2894 4590 suo
2926 4535 3136 4591 marito
3176 4552 3453 4608 perpessa
3482 4538 3605 4595 fue-

1950 4620 2041 4672 rat
2088 4619 2474 4692 exposuisset,
2528 4637 2735 4678 omnes
2782 4621 2843 4678 in
2893 4624 2984 4679 sui
3034 4624 3607 4683 commiserationem

1951 4705 2119 4762 facile
2144 4708 2447 4779 permovit.
2468 4709 2609 4780 Ejus
2632 4710 2828 4783 fugam
2853 4712 3164 4784 descripsit
3184 4708 3419 4785 quoque
3441 4718 3610 4771 Dom-

1950 4795 2080 4850 nizo
2112 4795 2171 4850 in
2205 4795 2328 4851 suis
2358 4797 2646 4865 versibus,
2671 4803 2728 4854 at
2759 4800 2829 4854 de
2860 4799 3017 4856 illius
3050 4800 3121 4855 ad
3146 4801 3435 4874 synodum
3457 4803 3608 4861 Con-

1952 4884 2339 4941 stantiensem
2368 4902 2606 4942 accessu
2638 4886 2786 4942 nihil
2816 4887 3009 4944 habet.

2047 4974 2227 5030 CLVI.
2259 4974 2452 5039 Clades
2480 4977 2541 5030 in
2574 4975 2887 5033 Germania.
2918 4979 3075 5035 Multi
3099 4986 3509 5040 convertuntur.

2020 5062 2203 5119 Multa
2242 5063 2551 5138 subjungit
2597 5064 2903 5122 Bertoldus
2935 5068 3008 5124 de
3038 5068 3305 5128 cladibus
3337 5088 3465 5145 quae
3497 5073 3607 5131 hoc

1950 5168 2104 5208 anno
2135 5156 2318 5208 totam
2360 5154 2543 5211 ferme
2573 5154 2885 5228 Europam,
2921 5158 3024 5214 sed
3063 5160 3438 5231 potissimum
3465 5162 3604 5219 Ger—

1950 5241 2208 5297 maniam
2241 5242 2792 5300 afﬂixerunt.Tanta
2815 5246 2925 5301 fuit
2948 5246 3381 5320 Ratisponae,ut
3408 5254 3608 5306 narrat

1949 5326 2047 5384 ille
2079 5334 2300 5400 auctor,
2325 5334 2657 5401 mortalitas,
2680 5337 2746 5390 ut
2775 5334 2930 5390 intra
2952 5336 3260 5392 duodecim
3291 5337 3608 5395 hebdoma-

1948 5418 2055 5474 das
2077 5417 2383 5477 hominum
2407 5425 2535 5478 octo
2568 5422 2756 5478 millia
2777 5440 2911 5479 cum
2933 5424 3268 5497 quingentis
3290 5425 3348 5480 in
3373 5441 3439 5482 ea
3463 5429 3604 5484 urbe

1949 5506 2297 5564 interierint.
2329 5513 2395 5565 In
2440 5527 2558 5565 una
2594 5509 2752 5582 villa,
2778 5512 2947 5583 cujus
2977 5528 3189 5568 nomen
3224 5512 3377 5570 idem
3404 5518 3608 5571 auctor

1951 5594 2205 5666 reticuit,
2231 5598 2499 5659 homines
2530 5598 2691 5656 mille
2720 5604 2777 5655 et
2804 5603 3039 5656 centum
3069 5600 3225 5658 intra
3255 5618 3355 5659 sex
3382 5600 3601 5660 hebdo-
