3958 6224
359 328 477 398 137

1665 333 1738 397 Β.
1783 334 2078 400 URBANI
2121 335 2178 402 II
2217 335 2470 403 ΡΑΡιΕ.

355 469 580 539 madas,
614 473 672 526 et
701 471 759 525 in
803 468 986 526 altera
1029 469 1423 544 quadraginta
1468 469 1734 529 homines
1765 487 1884 528 una
1915 472 2009 529 die
2039 471 2094 541 Α
2122 475 2318 545 Fulco,
2350 475 2508 534 idem
2537 477 2794 551 pontifex
2840 478 2904 537 in
2936 479 3339 556 Langobardia
3370 499 3572 542 mense
3623 485 3779 544 Maio

354 558 647 616 obierunt.
681 562 754 616 At
784 559 906 614 haec
948 560 1509 633 corporumfclades':
1531 562 1690 618 salus
1738 566 1863 618 erat
1890 561 2012 648 ani:

2124 563 2293 639 longe
2315 567 2388 623 ab
2417 567 2569 624 Urbe
2598 570 2958 627 morabatur.
2985 571 3159 630 Porro
3190 572 3300 630 hac
3342 573 3651 632 occasione
3684 575 3780 633 Ivo

350 649 749 715 marumf'Qui
796 649 952 704 enim
986 648 1086 706 illo
1119 651 1322 706 morbo
1355 651 1808 722 impetebantur,
1845 655 2015 724 quas1
2123 654 2495 712 Carnotensis
2517 657 3227 734 episcopus,quiepist.30
3243 664 3557 722 Fulconem
3578 665 3780 737 ipsum

348 737 490 794 certi
523 741 724 794 essent
754 753 815 792 se
847 739 1002 794 brevi
1059 739 1393 810 morituros,
1416 741 1495 796 ita
1534 742 2015 813 praeparabantur
2123 750 2452 813 monuerat,
2475 755 2536 804 ut
2561 750 2650 802 sui
2678 750 2849 819 ofﬁcii
2869 767 3079 808 memor
3096 753 3435 809 mundanam
3463 756 3784 826 superbiam

345 828 418 882 a’d
451 827 783 897 exitum,ut
813 827 869 882 id
922 833 1060 883 tunc
1106 828 1258 884 ultro
1299 833 1663 901 praestarent,
1689 831 1844 902 quod
1897 831 2010 886 alio

343 922 627 990 tempore,
659 917 854 989 inquit
883 917 1210 986 Bertoldus,
1233 918 1323 972 vix
1366 937 1399 974 a
1443 918 1834 974 sanctioribus
1867 919 2005 974 viris

342 1008 668 1081 exspectari
699 1007 1016 1081 potuisset;
1050 1008 1150 1080 qui
1181 1024 1312 1062 vero
1344 1008 1689 1080 superstites
1716 1014 1904 1079 erant,
1929 1010 2010 1065 ita

339 1097 814 1170 percellebantur
843 1102 1003 1153 metu
1037 1097 1407 1152 imminentis
1446 1097 1658 1165 morbi,
1692 1103 1757 1153 ut
1788 1115 1822 1153 a
1850 1098 2006 1153 vitiis

340 1191 396 1243 et
455 1186 708 1259 peccatis
763 1187 1001 1242 omnino
1059 1186 1440 1253 abstinerent,
1484 1187 1686 1258 sicque
1735 1187 1906 1242 multi
1939 1205 2007 1243 ea

335 1276 639 1332 occasione
685 1277 756 1330 ad
809 1275 1110 1331 meliorem
1162 1275 1399 1331 adducti
1455 1277 1680 1348 frugem
1731 1277 2000 1345 fuerunt;

331 1365 472 1432 imo,
505 1365 763 1436 plerique
793 1365 862 1419 ad
908 1364 1130 1436 seipsos
1149 1363 1384 1428 reversi,
1417 1383 1449 1419 a
1479 1365 1874 1421 schismaticis
1905 1367 2002 1423 de-

338 1457 620 1511 fecerunt.
647 1454 903 1511 Celebris
933 1460 1073 1510 tunc
1120 1459 1243 1511 erat
1274 1455 1332 1510 in
1365 1454 1584 1510 Alsatia
1625 1456 2004 1527 Manegoldus

343 1545 411 1601 de
431 1545 769 1600 Lutenbach
789 1545 1132 1600 monasterii
1159 1545 1562 1600 Murbocensis
1585 1546 2000 1601 canonicorum

335 1633 700 1706 regularium
725 1633 1047 1690 institutor.
1073 1634 1128 1690 Is
1150 1633 1498 1690 auctoritate
1520 1634 1630 1690 sibi
1665 1635 1738 1690 ab
1770 1635 2001 1689 Urbano

334 1722 547 1780 c‘ollata
581 1721 823 1790 multos,
850 1723 1024 1778 etiam
1060 1740 1127 1780 ex
1158 1723 1461 1794 provincias
1487 1723 1894 1789 nobilioribus,
1927 1725 1999 1779 ad

2119 849 2226 887 non
2276 838 2447 890 armis
2475 837 2774 896 mumlancz'
2820 841 3074 907 malitiae,
3110 843 3266 915 quod
3317 842 3548 899 videtur
3596 843 3784 902 fuisse

2119 923 2510 980 accusationis
2540 925 2598 980 in
2631 943 2767 982 eum
2820 928 3118 985 intentatis
3167 931 3524 1003 praecipuum
3577 938 3778 1004 caput,

2115 1009 2205 1064 sed
2255 1014 2427 1067 armis
2476 1014 2801 1072 Christiane
2849 1019 3072 1072 militia:
3121 1035 3379 1090 superare
3427 1021 3778 1088 decertaret,

2117 1100 2317 1156 audita
2339 1107 2469 1172 post
2493 1105 2732 1159 modum
2751 1107 2879 1176 ejus
2905 1123 3007 1177 per
3026 1107 3361 1179 pontiﬁcem
3382 1109 3776 1182 absolutione,

2115 1188 2262 1244 ferre
2292 1208 2407 1245 non
2442 1193 2648 1264 potuit,
2676 1198 2739 1249 ut
2768 1193 2928 1251 illius
2957 1213 3135 1252 causa
3166 1214 3199 1251 a
3220 1197 3459 1270 Belgicae
3480 1199 3776 1272 episcopis

2115 1277 2173 1332 in
2223 1284 2510 1336 conventu
2562 1283 2899 1353 provinciali
2951 1289 3381 1342 retractaretur.
3417 1287 3477 1341 Id
3526 1303 3594 1342 ex
3640 1290 3776 1360 ejus

2113 1366 2282 1438 epist.
2316 1370 2350 1422 3
2383 1387 2539 1424 novae
2587 1371 2860 1429 editionis
2907 1372 3315 1446 intelligimus,
3363 1375 3420 1430 in
3469 1392 3587 1447 qua
3638 1382 3791 1447 post.

2115 1459 2588 1514 commendatum
2637 1460 2890 1527 Urbano,
2947 1463 3038 1517 cui
3091 1463 3401 1532 scribebat,
3429 1464 3774 1530 Fulconem,

2112 1544 2197 1599 sic
2228 1546 2297 1600 de
2327 1548 2528 1602 eodem
2556 1551 2929 1621 prosequitur
2955 1569 2966 1606 :
2991 1552 3124 1606 Mihi
3153 1569 3260 1608 non
3292 1554 3504 1608 videtur
3523 1557 3777 1610 rationa—

2113 1634 2294 1688 biliter
2317 1652 2472 1707 posse
2501 1638 2624 1706 ﬁeri
2657 1643 2716 1692 ut
2767 1657 2800 1693 a
2831 1641 3037 1694 minori
3080 1657 3314 1711 persona
3360 1642 3547 1698 debeat
3592 1651 3776 1699 retra-

2109 1726 2268 1794 ctari,
2301 1725 2440 1794 quod
2484 1729 2584 1781 sub
2627 1730 2794 1783 vestri
2812 1729 3018 1800 judicii
3046 1732 3300 1785 examine
3358 1732 3521 1800 ﬁnem
3578 1734 3781 1788 sortiri

331 1814 529 1886 ipsum
571 1812 910 1869 catervatim
955 1812 1360 1868 convenientes
1389 1812 1794 1868 ecclesiasticae
1843 1829 1994 1868 com-
2025 1843 2082 1907 Β,
2109 1815 2334 1868 meruit.
2369 1815 2437 1868 Et
2476 1814 2736 1886 quidem,
2769 1822 2835 1872 ut
2884 1818 3039 1873 idem
3072 1822 3168 1873 Ivo
3221 1819 3396 1890 paulo
3446 1825 3576 1876 ante
3624 1823 3772 1878 scri-

332 1902 598 1959 munioni
631 1901 906 1970 restituit,
941 1903 1040 1974 qui
1094 1906 1333 1974 accepta
1382 1901 1602 1957 salubri
1653 1903 1994 1974 pmnitentia

336 1992 634 2065 deinceps,
657 1992 1123 2047 Simoniacorum
1151 1996 1208 2046 et
1228 1992 1719 2047 incontinentium
1753 1993 1990 2064 presby-

332 2087 595 2138 terorum
637 2083 1018 2138 contubernia
1047 2081 1228 2149 exosi,
1252 2081 1452 2137 ﬁdeles
1497 2082 1657 2136 fuere
1688 2081 1745 2136 in
1779 2087 1992 2136 sanctas

335 2171 492 2229 sedis
523 2176 581 2229 et
608 2170 854 2244 legitimi
887 2171 1179 2244 pontificis
1211 2170 1562 2226 obedientia.
1600 2170 1764 2237 Hinc,
1795 2174 1860 2224 ut
1889 2171 1990 2226 ob-

331 2266 523 2319 servat
565 2261 720 2318 idem
767 2261 1090 2326 Bertoldus,
1114 2261 1480 2316 ecclesiastica
1530 2260 1726 2328 religio
1765 2260 1989 2331 jamdu-

327 2351 458 2407 dum
490 2353 550 2407 in
581 2351 698 2408 illis
738 2352 993 2422 partibus
1023 2352 1294 2405 exstincta
1321 2350 1659 2404 mirabiliter
1705 2365 1992 2405 reacccnsa

333 2449 433 2505 est,
489 2438 862 2496 monasteriis
914 2439 1088 2494 etiam
1149 2438 1512 2509 restauratis,
1555 2442 1658 2493 aut
1714 2439 1785 2493 de
1844 2455 1990 2493 novo

333 2529 604 2587 conditis.
637 2530 783 2586 Nam
817 2534 1025 2602 praeter
1054 2528 1435 2584 Murbacense
1465 2543 1500 2582 a
1526 2525 1890 2599 Manegoldo,
1927 2531 1991 2582 ut

333 2637 468 2688 mox
506 2619 870 2685 dicebamus,
915 2621 1342 2681 constructum,
1373 2621 1430 2672 et
1477 2615 1612 2681 alia,
1655 2616 1724 2671 de
1772 2615 1988 2687 quibus

335 2725 518 2782 supra
545 2707 826 2774 diximus,
847 2705 1271 2762 monasterium
1293 2705 1488 2760 Sancti
1513 2703 1690 2760 Blasii
1722 2703 1780 2759 in
1813 2704 1990 2774 Nigra

334 2798 484 2854 silva
512 2797 622 2853 hoc
653 2813 828 2861 anno,
860 2811 921 2850 ιιι
966 2795 1106 2850 Idus
1137 2793 1501 2866 Septembris
1531 2811 1565 2848 a
1592 2793 1990 2849 fundamentis

335 2885 608 2942 aediﬁcari
641 2889 894 2956 coeptum
916 2887 1006 2939 est
1035 2883 1144 2939 sub
1165 2883 1372 2939 Ottone
1394 2883 1631 2950 abbate;
1664 2900 1781 2955 qua
1809 2883 1988 2939 etiam

334 2975 466 3048 ipsa
513 2974 627 3040 die,
659 2973 814 3029 idem
867 2973 1050 3029 abbas
1107 2973 1506 3028 Ilarmannum
1566 2973 1818 3045 priorem
1851 2989 1986 3028 cum

334 3063 559 3136 aliquot
613 3062 790 3119 sociis
848 3065 909 3118 in
964 3063 1233 3118 orientale
1288 3079 1534 3133 regnum,
1595 3065 1656 3117 in
1705 3061 1990 3118 marcham

333 3145 610 3224 Hungaris
637 3153 1069 3207 collimiianeam
1119 3152 1324 3208 direxit
1359 3151 1429 3206 ad
1481 3167 1680 3206 novam
1711 3151 1989 3206 abbatiam

2100 1906 2318 1971 pserat,
2349 1905 2406 1957 et
2435 1905 2743 1959 confirmat
2799 1906 2924 1977 ipse
2968 1906 3239 1962 Urbanus
3298 1907 3356 1962 in
3415 1907 3631 1964 litteris
3690 1911 3768 1966 ad

2099 1990 2447 2046 Anselmum
2494 2009 2601 2048 suo
2647 1993 2770 2050 loco
2802 1994 3074 2051 laudatis.
3108 1995 3305 2063 Fulco,
3340 1995 3442 2066 qui
3495 1997 3644 2054 alias
3673 1999 3770 2054 vir

2099 2083 2223 2134 erat
2264 2079 2424 2134 miras
2457 2080 2880 2153 simplicitatis,
2912 2101 3016 2140 nec
3065 2086 3304 2140 omnino
3353 2085 3655 2143 sufficiens
3686 2089 3760 2143 ad

2100 2171 2271 2222 tanta:
2328 2169 2594 2225 dioecesls
2657 2170 2915 2243 regimen
2971 2173 3328 2239 obeundum,
3381 2190 3415 2229 a
3465 2174 3767 2247 plerisque

2099 2259 2294 2311 tamen
2327 2257 2719 2328 impetebatur
2744 2277 2854 2316 non
2881 2264 2996 2316 tam
3026 2262 3138 2317 zelo
3160 2264 3421 2333 justitiae,
3448 2280 3617 2335 quam
3644 2268 3762 2320 vir-

2098 2348 2282 2400 tutum
2333 2349 2702 2404 aemulatione.
2747 2351 2966 2406 Tamen
3019 2351 3287 2407 Ecclesia
3335 2367 3454 2408 suae
3502 2356 3765 2410 auctori-

2098 2437 2216 2490 tate
2245 2435 2547 2507 pontificia
2598 2438 2882 2507 redditus,
2915 2456 3042 2495 eam
3092 2457 3279 2512 usque
3308 2441 3380 2496 ad
3418 2442 3549 2497 vita:
3580 2444 3762 2500 ﬁnem

2099 2523 2266 2580 rexit.

2133 2630 2372 2687 CLVIII.
2406 2631 2497 2687 Lis
2527 2633 2672 2688 inter
2702 2633 3171 2709 archiepiscopum
3200 2637 3413 2692 Viennae
3437 2641 3490 2693 et
3520 2639 3730 2709 episco-

2627 2722 2764 2776 pum
2791 2706 3219 2779 Gratianopolis.

2168 2793 2421 2848 Emersit
2475 2795 2680 2850 eodem
2739 2795 2855 2850 fere
2913 2800 3175 2868 tempore
3205 2795 3264 2852 in
3303 2795 3508 2852 Galliis
3561 2799 3758 2870 gravis

2097 2883 2492 2939 controversia
2522 2883 2676 2940 inter
2697 2884 3023 2942 Guidonem
3051 2885 3555 2958 archiepiscopum
3586 2887 3761 2944 Vien-

2096 2986 2338 3028 nensem
2363 2977 2417 3027 et
2446 2973 2750 3045 Hugonem
2781 2974 3388 3048 Gratianopolitanum
3410 2975 3758 3049 episcopum

2097 3059 2168 3115 de
2196 3076 2344 3133 pago
2403 3061 2877 3129 Salmoriaeensi,
2922 3079 3098 3134 quem
3156 3068 3402 3135 uterque
3459 3065 3532 3120 ad
3587 3082 3759 3122 suam

2096 3149 2396 3207 diceeesim
2426 3152 2716 3223 pertinere
2754 3153 3157 3209 contendebat.
3182 3153 3262 3208 Ea
3291 3153 3364 3208 de
3389 3169 3450 3209 re
3490 3153 3759 3211 libellam

331 3244 394 3297 in
422 3213 734 3314 episcopatu
771 3242 1108 3307 Pataoiensi,
1143 3241 1201 3295 in
1240 3241 1385 3309 loco,
1421 3241 1522 3313 qui
1553 3239 1814 3296 Cotheric
1845 3239 1986 3295 dici-
2015 3213 2281 3306 aedidit
2309 3213 2444 3311 ipse
2461 3241 2647 3314 Hugo,
2671 3257 2849 3312 quem
2894 3241 3199 3314 inscripsit
3223 3260 3235 3297 :
3257 3243 3341 3298 De,
3360 3244 3591 3314 injuriis
3622 3259 3760 3315 quas

331 3338 429 3388 tur
475 3331 914 3387 instituendam.
943 3329 1046 3396 Ibi,
1081 3334 1146 3385 ut
1187 3330 1361 3386 habet
1395 3329 1722 3397 Bertoldus,
1756 3328 1983 3384 habita-

331 3422 474 3478 bant
521 3420 797 3495 primitus
847 3419 1037 3476 clerici
1086 3419 1404 3493 regulares,
1437 3419 1539 3475 sed
1587 3417 1672 3473 illi
1719 3422 1922 3490 postea
1950 3435 1985 3473 a

332 3512 591 3570 Romano
634 3509 906 3584 pontifice
938 3513 996 3566 et
1024 3527 1128 3582 per
1156 3525 1290 3564 eum
1340 3526 1375 3564 a
1422 3508 1656 3582 proprio
1711 3507 1982 3580 episcopo

328 3601 739 3674 impetrarunt,
768 3604 834 3656 ut
855 3599 1121 3671 deposito
1143 3597 1396 3655 clericali
1418 3597 1620 3652 habitu
1651 3597 1830 3651 vitam
1862 3612 1982 3650 mo-

328 3690 615 3748 nasticam
647 3690 1080 3762 proﬁterentur.
1104 3687 1337 3743 Celebre
1373 3691 1466 3742 est
1501 3685 1646 3740 illud
1689 3688 1981 3739 monaste-

328 3779 505 3845 rium,
528 3778 900 3835 Gotwicense
925 3777 1172 3843 dictum,
1194 3775 1351 3846 quod
1385 3791 1418 3828 a
1449 3778 1650 3828 sancto
1669 3771 1982 3827 Altmanno

327 3871 604 3944 episcopo
646 3864 995 3928 Pataviensi,
1028 3869 1095 3920 ut
1142 3864 1202 3918 in
1252 3863 1378 3933 ejus
1411 3861 1538 3918 Vita
1582 3860 1812 3934 legitur,
1845 3878 1980 3916 con-

329 3960 642 4023 structum,
675 3953 1103 4024 hodieque-sub
1149 3950 1353 4024 regula
1384 3949 1759 4006 Benedictina
1781 3966 1980 4022 perse-

325 4050 510 4104 verat.
539 4041 1088 4102 Nominatissimum
1135 4039 1312 4095 etiam
1365 4044 1506 4094 tunc
1564 4044 1688 4094 erat
1731 4037 1792 4094 in
1848 4039 1979 4096 istis

328 4133 596 4209 parti-bus
647 4131 760 4187 sub
808 4134 1012 4185 sancto
1041 4129 1335 4201 Theogero
1367 4128 1594 4195 abbate,
1629 4131 1828 4199 postea
1856 4127 1979 4199 epi-

329 4239 505 4295 scopo
531 4219 798 4287 Metensi,
827 4218 1254 4274 monasterium
1281 4218 1474 4274 Sancti
1495 4217 1724 4290 Georgii
1756 4217 1815 4272 in
1846 4217 1981 4273 Her-

328 4312 484 4370 cinia
513 4310 677 4376 silva,
697 4308 868 4365 hodie
899 4307 1224 4379 Villengam
1249 4306 1622 4373 translatum,
1653 4307 1808 4378 quod
1840 4323 1980 4378 pon-

324 4403 492 4467 tifex,
511 4399 662 4456 datis
693 4398 902 4455 litteris
944 4397 1052 4453 hoc
1097 4413 1272 4462 anno,
1300 4397 1410 4452 sub
1460 4395 1697 4468 speciali
1747 4399 1976 4467 aposto-

325 4491 450 4548 licae
481 4489 636 4547 sedis
665 4487 956 4544 tutamine
984 4485 1218 4558 recepit.
1236 4488 1400 4540 Certe
1425 4484 1694 4541 Urbanus
1723 4483 1978 4556 Theoge-

2093 3330 2222 3399 fecit
2252 3329 2423 3384 Guido
2447 3331 2881 3402 archiepiscopus
2906 3333 3226 3387 Viennensis
3249 3332 3500 3387 Ecclesiae
3533 3331 3756 3389 Gratia-

2091 3418 2686 3488 n0politame,ete.,in
2738 3434 2854 3492 quo
2884 3419 3033 3476 libro
3061 3420 3150 3476 vir
3202 3426 3444 3476 sanctus
3494 3422 3752 3493 particu-

2093 3505 2260 3562 latim
2294 3507 2544 3579 explicat
2573 3512 2756 3564 totam
2787 3509 2966 3582 hujus
2999 3510 3402 3566 controversia
3429 3509 3668 3577 seriem,
3693 3529 3757 3568 ac

2093 3596 2266 3652 refert
2293 3597 2622 3668 pontiﬁcias
2662 3597 2908 3665 litteras,
2933 3615 3060 3671 quae
3103 3601 3230 3672 ejus
3272 3599 3580 3655 occasione
3613 3602 3756 3656 scri-

2092 3689 2202 3756 ptae
2231 3685 2488 3740 fuerunt.
2514 3687 2584 3741 Et
2609 3686 2845 3759 quidem
2868 3687 3014 3742 illud
3037 3688 3408 3760 opusculum,
3435 3703 3555 3744 non
3577 3691 3756 3747 modo

2091 3789 2159 3829 ea
2183 3775 2592 3848 complectitur
2610 3793 2738 3848 quae"
2757 3777 2829 3832 ad
2853 3777 3033 3848 hujus
3054 3778 3456 3835 controversia
3479 3778 3754 3836 notitiam

2090 3862 2423 3919 habendam
2454 3866 2788 3921 necessaria
2831 3870 2990 3933 sunt,
3021 3883 3223 3922 verum
3256 3867 3436 3922 etiam
3489 3867 3754 3926 multum

2091 3952 2351 4008 conferre
2383 3957 2573 4024 potest
2601 3955 2671 4008 ad
2724 3953 3074 4011 illustranda
3123 3954 3238 4010 alia
3285 3955 3503 4011 Urbani
3551 3958 3751 4025 Gesta,

2089 4057 2273 4112 eaque
2301 4042 2428 4098 suis
2461 4059 2706 4114 quaeque
2735 4044 3100 4116 temporibus
3131 4045 3554 4118 consignanda.
3585 4045 3754 4103 Unde

2090 4146 2225 4186 cum
2256 4129 2403 4186 nihil
2436 4130 2555 4186 fere
2584 4131 2880 4188 contineat
2926 4134 3078 4204 quod
3129 4134 3201 4189 ad
3251 4133 3597 4190 institutum
3648 4153 3754 4191 nn-

2091 4222 2278 4274 strum
2338 4235 2450 4274 non
2511 4219 2719 4276 debeat
2775 4222 3050 4291 revocari,
3084 4221 3276 4278 visum
3333 4227 3424 4278 est
3475 4222 3626 4279 illud
3686 4241 3758 4282 ex

2089 4305 2284 4363 codice
2316 4323 2427 4363 ms.
2457 4307 2528 4363 ad
2567 4307 2771 4365 Jacobi
2802 4309 2969 4365 Petiti
3018 4310 3334 4366 editionem
3384 4309 3661 4368 collatam
3695 4313 3757 4368 in

2086 4395 2419 4469 Appendice
2448 4396 2740 4470 integrum
2785 4399 3019 4468 referre,
3053 4399 3320 4472 epistolis
3352 4400 3596 4468 Urbani,
3623 4417 3758 4474 quas

2087 4484 2145 4540 in
2204 4501 2270 4540 eo
2328 4485 2642 4556 habentur,
2702 4487 2996 4542 collectori
3065 4488 3305 4544 relictis.
3366 4489 3495 4544 Haec
3553 4494 3758 4548 autem

325 4597 479 4648 rum,
511 4584 578 4636 ut
621 4579 681 4633 in
727 4579 852 4650 ejus
882 4576 1014 4632 Vita
1044 4576 1276 4648 legitur,
1301 4573 1582 4648 apostolis
1613 4578 1671 4630 et
1701 4573 1976 4646 apostoli-
2007 4577 2210 4655 Dtota
2253 4590 2489 4630 summa
2537 4579 2629 4630 est
2671 4575 2919 4633 celebris
2968 4576 3129 4633 illius
3180 4577 3323 4633 litis.
3373 4577 3757 4650 Pagum-seu

323 4671 410 4728 cis
437 4669 578 4725 viris
607 4667 1067 4740 comparandum
1093 4680 1222 4721 esse
1251 4663 1546 4720 censebat.

428 4776 637 4834 CLVII.
663 4777 954 4834 Fulconem
983 4773 1291 4898 612353701313
1315 4771 1591 4828 Bellovaci
1622 4769 1870 4828 Urbanus

1025 4845 1276 4916 protegit.

394 4939 460 4994 In
487 4937 674 4992 Gallia
713 4935 895 5008 hujus
949 4934 1087 4990 anni
1137 4931 1304 4988 initio
1361 4931 1621 5004 episcopi
1670 4931 1977 4988 Remensis

321 5025 631 5100 provinciis
664 5022 933 5080 Fulconis
963 5021 1222 5095 episcopi
1257 5019 1683 5077 Bellovacensis
1711 5037 1972 5088 causam,

323 5131 474 5188 quae,
532 5117 600 5168 ut
651 5129 803 5168 anno
861 5111 1207 5185 praecedenti
1270 5109 1547 5176 diximus,
1611 5109 1684 5165 ab
1742 5109 1974 5165 Urbano

313 5203 580 5276 judicata
631 5202 838 5266 fuerat,
871 5204 1182 5256 retractare
1214 5199 1342 5256 ausi
1393 5199 1465 5254 ab
1523 5200 1649 5271 ipso
1703 5197 1974 5268 pontifice

323 5289 660 5365 reprehensi
692 5295 852 5357 sunt,
883 5288 1035 5345 datis
1081 5305 1148 5345 ea
1193 5289 1263 5346 de
1295 5305 1354 5344 re
1384 5287 1598 5344 litteris
1627 5286 1698 5341 ad
1733 5285 1976 5357 Raynol-

323 5382 464 5438 dum
490 5379 1004 5452 metropolitanum
1029 5380 1273 5452 ejusque
1295 5378 1697 5448 sulfraganeos
1719 5377 1977 5431 Laterani

321 5487 378 5527 iv
409 5470 533 5525 ldus
587 5471 736 5538 Maii,
793 5469 1153 5542 proindeque
1212 5468 1321 5522 hoc
1382 5481 1554 5531 anno,
1607 5478 1744 5516 nam
1803 5463 1974 5520 annis

322 5559 782 5631 przecedentibus
813 5559 1167 5615 Lateranum
1200 5555 1257 5608 in
1291 5553 1512 5608 Urbani
1542 5553 1827 5622 potestate
1856 5569 1972 5610 non

322 5652 472 5717 erat;
536 5666 685 5706 anno
744 5654 940 5706 autem
1001 5642 1292 5716 sequenti,
1343 5655 1458 5713 quo
1514 5637 1824 5696 defunctu
1885 5646 1975 5700 est

2087 4662 2629 4720 archidiaconatum
2664 4664 3189 4722 Salmoriaeensem
3240 4665 3582 4738 possidebat
3608 4671 3758 4724 Gra-

2084 4752 2515 4825 tianopolitana-
2559 4753 2833 4822 Ecclesia,
2874 4756 3109 4827 quando
3138 4755 3326 4812 Guido
3365 4754 3606 4812 Vienna
3655 4775 3757 4814 ar-

2087 4840 2494 4914 chiepiscopus
2515 4843 2871 4899 contendens
2892 4859 3026 4899 eum
3059 4844 3130 4898 ad
3162 4860 3281 4900 sua;
3311 4842 3585 4901 Ecclesiae
3608 4846 3756 4917 jura

2085 4929 2414 5004 antiquitus
2445 4931 2818 5004 pertinuisse,
2842 4931 3004 4989 litem
3036 4948 3103 4989 ea
3134 4932 3205 4988 de
3238 4949 3299 4990 re
3329 4933 3512 4990 movit
3540 4934 3755 4991 adver-

2085 5037 2188 5076 sus
2218 5021 2521 5094 Hugonem
2551 5021 3156 5094 Gratianopolitanum
3199 5022 3563 5095 episcopum.
3597 5023 3755 5081 Cum

2082 5125 2216 5165 vero
2246 5126 2359 5165 nec
2382 5109 2639 5177 Viennae,
2669 5126 2776 5166 nec
2819 5111 2974 5184 apud
3009 5112 3326 5178 Romanos,
3349 5116 3485 5184 post
3513 5112 3758 5171 diversa

2083 5198 2542 5255 concertationes
2574 5215 2666 5255 res
2696 5201 2969 5273 componi
3004 5202 3315 5274 potuisset,
3347 5200 3546 5258 Guido
3561 5203 3620 5257 vi
3653 5220 3754 5275 pa-

2082 5302 2223 5360 gum
2256 5287 2487 5343 invasit.
2511 5289 2592 5345 Ea
2613 5291 2685 5345 de
2712 5305 2774 5346 re
2802 5289 3081 5347 commoti
3104 5289 3636 5363 Gratianopolitani
3661 5309 3752 5349 ca-

2084 5375 2278 5433 nonici
2307 5378 2379 5432 ad
2409 5378 2608 5434 sedem
2653 5379 3034 5450 apostolicam
3074 5380 3465 5454 appellarunt,
3487 5395 3761 5452 quorum

2081 5464 2352 5537 querelas
2373 5467 2596 5539 excepit
2616 5467 2907 5537 Urbanus,
2924 5468 3244 5542 statimque
3259 5468 3491 5542 Hugoni
3514 5469 3757 5544 Lugdu.

2081 5555 2249 5610 nensi
2281 5553 2618 5628 suojlegato
2657 5555 3044 5628 dijudicandae
3075 5558 3256 5631 hujus
3288 5575 3480 5615 causai
3507 5561 3751 5630 provin-

2081 5641 2233 5701 ciam
2259 5643 2576 5701 commisit.
2602 5645 2705 5702 Hic
2735 5647 2890 5719 apud
2920 5647 3176 5706 Baonem
3200 5647 3415 5706 auditis
3435 5649 3744 5720 partibus,
