3958 6224
175 299 277 368 129

1717 342 1720 346 ~
1772 298 1981 366 VITA.

3461 305 3584 380 i30

175 435 1826 514 provisionemGratianopolitanisadjudicavit,pollicitus
1849 440 1909 506 Α
1938 453 2147 493 norum
2207 437 2536 510 episcopus,
2600 442 2658 495 et
2705 439 2944 498 abbates
2992 441 3340 504 Guillelmus
3383 445 3583 506 Sancti

175 546 225 585 se
256 528 405 584 hanc
435 527 607 584 litem
641 529 703 584 in
739 527 1005 602 proximo
1037 528 1302 596 concilio,
1337 529 1491 600 quod
1523 528 1581 583 in
1612 527 1818 584 Galliis

1933 526 2235 594 Florentii,
2297 528 2630 584 Bernardus
2704 529 2944 602 Majoris
3027 537 3378 605 Monasterii,
3442 539 3588 596 alter

176 617 570 674 celebraturus
617 622 799 682 esset,
830 617 1001 690 plane
1047 618 1500 690 dirempturum.
1531 619 1603 672 At
1632 617 1817 672 Guido
1927 615 2264 672 Bernardus
2316 617 2667 674 Sanctorum
2721 619 2904 691 Sergii
2953 626 3011 676 et
3041 622 3273 693 Bacchi,
3305 625 3585 685 Girardus

174 706 255 762 his
277 707 698 779 praetermissis
715 723 934 780 pagum
973 706 1235 772 retinuit,
1265 706 1544 778 misitque
1575 706 1820 762 Romam
1929 704 2126 760 Sancti

176 795 408 868 legatos,
437 796 541 868 qui
589 798 663 852 ab
703 795 830 869 ipso
871 797 1166 869 pontifice,
1189 795 1352 853 nulla
1387 797 1564 868 hujus
1597 800 1822 851 contro-

175 885 361 942 versia
410 887 714 942 mentione
757 887 924 954 facta,
979 885 1311 961 generalem
1383 885 1653 941 Ecclesiae
1702 901 1824 940 suae

176 974 610 1047 privilegiorum
631 979 690 1030 et
711 975 1156 1047 possessionum
1189 974 1692 1036 confirmationem
1720 990 1821 1045 po-

177 1064 474 1120 stularent.
511 1064 678 1127 Quod
715 1064 883 1120 facile
910 1065 984 1120 ab
1006 1064 1238 1121 Urbano
1271 1063 1418 1120 nihil
1447 1062 1591 1119 mali
1635 1062 1826 1133 suspi-

175 1157 336 1210 cant-8
395 1153 756 1226 impetravit.
787 1155 856 1209 Et
915 1153 1154 1226 quidem
1213 1154 1268 1208 id
1331 1153 1527 1225 ipsum
1575 1155 1665 1207 est
1708 1151 1824 1206 for-

172 1248 344 1309 tasse,
410 1243 570 1314 quod
631 1242 923 1299 Goffridus
997 1241 1309 1299 Vindocini
1381 1243 1562 1298 abbas
1631 1239 1827 1296 innuit

168 1330 266 1388 lib.
300 1349 341 1399 ι,
405 1331 577 1404 epist.
614 1334 675 1388 11
736 1332 808 1388 ad
867 1331 1063 1404 ipsum
1111 1331 1440 1387 Guidonem
1491 1331 1618 1402 jam
1677 1330 1824 1385 Pon-

171 1421 388 1476 tiﬁcem
419 1420 536 1476 sub
586 1419 788 1476 Calixti
819 1421 868 1476 II
899 1420 1137 1478 nomine
1186 1420 1444 1492 scripta;
1495 1419 1596 1475 ubi
1657 1418 1709 1473 ei
1765 1418 1825 1472 in

169 1509 517 1572 memoriam
588 1514 819 1566 revocat
871 1514 1178 1581 quantum,
1237 1526 1371 1565 cum
1436 1507 1576 1564 olim
1631 1507 1828 1563 Romae

167 1605 344 1667 esset,
407 1615 513 1670 pro
570 1615 637 1656 eo
696 1600 945 1670 ejusque
1019 1598 1230 1670 legatis
1304 1598 1459 1670 apud
1527 1597 1827 1652 Urbanum

166 1686 542 1744 laboraverit.
588 1688 752 1744 Certe
806 1687 1090 1742 Guidonis
1149 1685 1380 1758 legatus
1459 1684 1830 1757 privilegium

171 1776 346 1849 quale
371 1779 674 1848 optaverat
701 1776 859 1832 brevi
892 1780 1240 1832 consecutus
1273 1778 1380 1840 est,
1415 1777 1590 1845 atque
1636 1773 1694 1827 in
1741 1789 1828 1836 eo,
1857 1812 1862 1836 ρ

174 1866 334 1938 quod
365 1864 517 1922 forte
546 1863 806 1935 pontifex
834 1862 1293 1920 controversiam
1325 1861 1488 1918 illam
1510 1862 1581 1917 de
1612 1860 1834 1917 Salmo-

174 1955 426 2012 riacensi
487 1970 636 2026 pago
667 1958 770 2009 aut
799 1953 1048 2008 nesciret
1078 1968 1339 2024 prorsus,
1372 1956 1474 2008 aut
1504 1956 1658 2007 certe
1693 1950 1832 2021 quid

173 2045 244 2102 de
293 2061 429 2108 eaa
459 2043 649 2116 legato
705 2046 992 2099 statutum
1050 2041 1244 2108 fuerit,
1279 2041 1329 2097 ei
1387 2039 1832 2096 dissimulatum

173 2133 412 2204 fuisset,
474 2132 627 2188 inter
677 2137 882 2188 caetera
944 2130 1288 2187 Viennensis
1358 2129 1629 2186 Ecclesiae
1693 2129 1834 2199 jura

172 2221 449 2280 interseri
465 2221 711 2289 curavit,
736 2237 968 2276 omnem
996 2221 1057 2276 in
1086 2219 1501 2275 archidiaconia
1528 2218 1833 2274 Salmoria-

176 2313 329 2378 censi
352 2312 694 2382 potestatem.
722 2307 919 2381 Neque
942 2309 999 2364 id
1030 2308 1346 2366 Viennensi
1376 2307 1567 2379 legato
1600 2304 1837 2362 difﬁcile

177 2405 326 2468 erat,
364 2399 521 2471 quod
558 2398 956 2458 Warmundus
987 2396 1271 2454 Guidonis
1317 2397 1609 2464 decessor,
1644 2395 1838 2451 simile

178 2505 433 2560 prorsus
450 2486 823 2560 privilegium
848 2504 881 2546 a
902 2486 1176 2559 Gregorio
1199 2484 1320 2541 VIII
1339 2485 1608 2558 apposita
1640 2489 1836 2540 tamen

178 2577 546 2644 conditione,
567 2593 697 2648 quae
730 2576 790 2632 in
812 2575 923 2632 isto
957 2575 1395 2646 reticetur,jam
1446 2575 1834 2646 impetrasset.

179 2666 339 2732 Quin
361 2669 418 2722 et
436 2665 597 2721 idem
621 2663 992 2737 privilegium
1023 2680 1139 2718 non
1186 2662 1366 2718 semel
1415 2666 1615 2735 postea
1645 2680 1678 2718 a
1708 2662 1842 2718 sub-

179 2755 578 2827 sequentibus
601 2752 976 2826 pontiﬁcibus
1008 2753 1429 2809 conﬁrmatum
1451 2752 1564 2807 fuit
1605 2751 1840 2823 potissi-

183 2861 357 2900 mum
405 2862 442 2902 a
478 2842 746 2905 Guidone
795 2842 943 2915 ipso,
993 2857 1127 2898 cum
1174 2858 1325 2913 papa
1382 2841 1491 2896 sub
1543 2839 1743 2896 Calixti
1793 2840 1843 2896 II

185 2934 432 2990 nomine
453 2933 642 2990 factus
673 2934 781 2986 est.
813 2931 971 2996 Quod
1010 2928 1248 3001 quidem
1300 2929 1518 2984 mirum
1565 2933 1675 2996 est,
1707 2945 1843 2985 cum

185 3021 616 3095 Urbanusipse
638 3021 700 3075 in
739 3019 915 3076 variis
938 3019 1156 3092 passim
1191 3018 1474 3092 epistolis,
1500 3018 1699 3074 fucum
1731 3018 1843 3075 sibi

2213 704 2428 773 Albini,
2484 706 2752 764 Nualdus
2821 710 3000 779 Vorte,
3053 711 3298 784 Natalis]
3389 715 3587 772 Sancti

1931 793 2172 858 Nicolai,
2206 794 2514 850 Buldrious
2546 796 2807 868 Burgulii
2840 804 2896 854 et
2925 799 3220 856 Gotl‘ridus
3252 801 3584 874 Vindocini,

1932 882 2033 954 qui
2066 898 2271 938 omnes
2293 900 2409 939 uno
2441 884 2635 940 animo
2667 893 3024 943 censuerunt
3055 888 3366 946 Fulconem
3392 893 3589 948 absol-

1932 971 2188 1026 vendum
2220 989 2349 1029 esse
2369 974 2480 1029 sub
2511 973 2686 1030 certis
2707 976 3168 1045 conditionibus,
3187 997 3438 1052 quarum
3471 999 3590 1052 una

1933 1065 2077 1122 erat,
2106 1065 2170 1118 ut
2200 1062 2424 1134 absque
2454 1062 2628 1135 legati
2651 1065 2894 1120 consilio
2930 1084 3169 1122 uxorem
3191 1085 3306 1125 non
3331 1070 3587 1140 duceret,

1934 1150 2001 1205 de
2030 1167 2264 1220 quarum
2292 1155 2683 1209 numerositate
2711 1156 3058 1225 culpabatur.
3086 1157 3146 1212 Id
3179 1162 3376 1214 actum
3410 1159 3594 1217 fuisse

1939 1238 2049 1294 hoc
2080 1256 2233 1296 anno
2269 1241 2409 1295 1094
2440 1240 2567 1313 ipso
2617 1242 2710 1296 die
2743 1243 3072 1301 Nativitatis
3104 1246 3302 1302 Sancti
3348 1247 3592 1306 Joannis

1936 1327 2234 1399 Baptistae,
2287 1329 2493 1400 probat
2536 1334 2702 1386 vetus
2762 1332 3225 1390 instrumentum
3275 1353 3342 1391 ea
3399 1339 3471 1394 de
3529 1356 3590 1396 re

1938 1417 2288 1485 confectum,
2309 1417 2401 1472 cui
2419 1421 2956 1492 omnessupradicti
2988 1423 3244 1496 episcopi
3266 1429 3324 1480 et
3352 1425 3593 1483 abbates

1938 1505 2435 1578 subscripserunt.
2484 1507 2716 1563 Editum
2755 1514 2845 1564 est
2889 1527 2922 1564 a
2983 1511 3293 1568 Sirmondo
3325 1514 3384 1568 in
3443 1531 3594 1586 prae-

1940 1594 2140 1650 missis
2173 1596 2244 1650 ad
2279 1595 2518 1651 Goil‘ridi
2553 1597 3002 1654 Vindocinensis
3025 1600 3254 1656 abbatis
3288 1603 3591 1676 opuscula.

1940 1685 2100 1738 Tunc
2153 1683 2428 1742 Urbanus
2483 1686 2675 1740 Roma:
2727 1686 2920 1741 adhuc
2965 1693 3106 1757 erat,
3141 1690 3356 1746 etenim
3403 1693 3496 1748 die
3524 1695 3596 1748 29

1942 1773 2209 1843 ejusdem
2269 1775 2490 1829 mensis
2546 1775 2724 1844 Junii,
2760 1792 2889 1847 quae
2921 1777 3069 1833 beati
3103 1778 3256 1835 Petri
3315 1783 3595 1855 martyrio

1944 1866 2284 1917 consecrata
2339 1868 2452 1928 est,
2485 1863 2702 1918 ibidem
2735 1865 3104 1938 privilegium
3154 1870 3442 1928 concessit
3470 1887 3596 1927 mo-

1943 1950 2197 2006 nasterio
2218 1951 2432 2007 Montis
2464 1952 2600 2006 Belli
2637 1970 2813 2025 prope
2845 1954 3224 2023 Placentiam,
3246 1962 3312 2013 ut
3340 1963 3498 2030 patet
3528 1975 3598 2016 ex

1945 2039 2198 2095 Historia
2227 2040 2623 2097 ecclesiastica
2653 2043 2918 2110 ejusdem
2946 2045 3129 2112 urbis,
3151 2063 3185 2102 a
3216 2047 3382 2104 Petro
3413 2049 3597 2105 Maria

1944 2129 2148 2200 Campi
2165 2130 2444 2186 canonico
2462 2129 2796 2187 Placentino
2820 2133 2993 2188 edita.
3021 2136 3132 2190 Hoc
3163 2153 3297 2193 vero
3313 2143 3598 2194 monaste-

1945 2218 2121 2285 rium,
2140 2219 2296 2290 quod
2315 2219 2455 2274 olim
2481 2220 2550 2274 ad
2582 2225 2848 2276 nostrum
2873 2223 3313 2281 Benedictinum
3328 2228 3594 2284 ordinem

1947 2307 2539 2378 pertinebat,unitum
2560 2309 2794 2364 tandem
2813 2315 2899 2366 est
2924 2329 3016 2366 an.
3046 2313 3182 2366 1484
3214 2316 3288 2369 ab
3319 2317 3597 2372 Innocen-

1946 2395 2027 2450 tio
2041 2395 2166 2451 VIII
2178 2397 2612 2468 congregationi
2630 2398 3016 2454 Eremitarum
3031 2402 3217 2456 sancti
3239 2403 3592 2480 Hieronymi,

1949 2483 2034 2538 uti
2061 2483 2388 2538 observavit
2412 2483 2676 2540 Lubinus
2701 2485 2759 2540 in
2780 2487 2986 2541 notitia
3007 2488 3376 2546 abbatiarum
3397 2491 3591 2549 Italiae.

1950 2598 2104 2676 CL_X.
2153 2598 2402 2676 Philippi
2455 2603 2600 2676 regis
2629 2601 2954 2676 adulterinae
3009 2606 3239 2676 nuptiae.
3294 2605 3596 2663 Comitium

2021 2672 2294 2726 Remense.
2355 2673 2627 2742 Professio
2684 2674 2957 2730 Lamberti
3013 2672 3396 2734 Atrebatensis.
3459 2679 3596 2734 Con-

2020 2743 2242 2824 ﬁrmata.
2269 2742 2467 2799 divisio
2516 2745 2885 2800 Atrebatensis
2940 2748 3199 2806 Ecclesiae
3253 2766 3289 2805 a
3341 2749 3595 2808 Camera-

2019 2829 2187 2869 εεήδι.

2023 2929 2238 2984 Graves
2297 2935 2494 2985 autem
2550 2931 2734 2987 turbae
2780 2935 2920 2988 tunc
2952 2933 3170 2991 Gallias
3226 2937 3598 3010 exagitabant

1952 3018 2256 3074 occasione
2282 3018 2532 3091 Philippi
2563 3020 2716 3093 regis
2748 3021 3155 3093 qui,pulsa,ut
3171 3025 3298 3095 jam
3317 3025 3593 3096 diximus,

179 3115 331 3172 eoin
344 3112 577 3185 negotio
596 3111 816 3166 factum
832 3109 1012 3165 fuisse
1029 3113 1388 3165 contestatus
1407 3107 1597 3164 fuerit.
1614 3109 1841 3164 Etenim
1879 3181 1911 3188 _
1953 3123 2128 3162 uxore
2151 3123 2276 3173 sua,
2301 3107 2638 3164 Bertradam
2663 3109 2989 3165 adulterino
3003 3112 3272 3184 conjugio
3289 3113 3401 3169 sibi
3423 3131 3596 3188 copu.

177 3181 714 3273 Gratianopolitani
744 3199 971 3255 detecta
999 3199 1222 3265 fraude,
1244 3199 1488 3255 Romam
1524 3198 1721 3254 statim
1765 3181 1912 3254 ad-C
1951 3196 2152 3264 latam,
2185 3196 2430 3268 insuper
2459 3195 2676 3252 habitis
2732 3198 3137 3270 episcoporum
3178 3181 3244 3256 ac
3299 3181 3594 3274 pontificis

182 3289 736 3362 Urbanumlegatos
760 3289 1066 3355 miserunt,
1091 3288 1191 3359 qui
1225 3287 1296 3343 de
1342 3287 1449 3343 hac
1477 3287 1840 3360 ﬁandutenta

169 3382 472 3454 privilegii
527 3379 892 3450 subreptione,
926 3377 1081 3448 apud
1142 3393 1276 3432 eum
1323 3379 1836 3448 conquererentur,

177 3471 498 3541 eidemque
556 3466 962 3525 renuntiarent
1013 3466 1168 3536 quod
1237 3465 1445 3532 Guido,
1506 3469 1840 3537 contempta

175 3557 520 3632 apostolica:
544 3556 701 3614 sedis
721 3554 896 3628 legati
929 3555 1441 3624 auctoritate,ejus
1457 3553 1680 3625 judicio
1721 3572 1836 3610 non

175 3647 501 3722 paruisset.
530 3646 632 3702 His
683 3643 922 3709 auditis,
947 3642 1203 3716 pontifex
1259 3643 1456 3698 statim
1497 3642 1722 3700 litteras
1764 3645 1836 3700 ad

173 3742 495 3810 Hugonem
525 3735 1000 3807 Lugdunensem,
1036 3737 1162 3787 tum
1201 3731 1348 3788 alias
1403 3733 1475 3788 ad
1533 3733 1837 3807 Hugonem

172 3824 797 3898 Gratianopolitanum
816 3822 1153 3894 episcopum
1177 3821 1433 3893 scripsit,
1466 3821 1668 3894 eisque
1700 3840 1840 3896 prae-

172 3914 341 3987 cepit
391 3918 480 3979 ut,
539 3911 706 3968 nulla
758 3910 959 3977 habita
1018 3911 1240 3966 ratione
1312 3909 1619 3983 privilegii,
1681 3913 1836 3983 quod

174 4003 362 4076 paulo
403 4006 577 4060 antea
633 3999 820 4057 Guido
877 4000 1232 4067 obtinuerat,
1292 4003 1417 4054 tota
1463 3998 1563 4055 illa
1611 4004 1837 4056 contro-

170 4091 375 4149 versia
397 4093 468 4148 de
489 4108 636 4164 pago
659 4089 1105 4146 Salmoriacensi
1127 4089 1518 4144 dirimeretur.
1552 4089 1833 4146 Caeterum

173 4182 352 4254 Hugo
410 4179 842 4252 Lugdunensis,
868 4178 1116 4250 receptis
1173 4176 1392 4233 Urbani
1447 4177 1676 4246 litteris,
1711 4195 1832 4235 rem

172 4275 373 4326 totam
407 4269 478 4326 ad
529 4267 846 4324 concilium
903 4268 1212 4332 lEduense,
1246 4267 1402 4338 quod
1449 4271 1582 4338 post
1613 4266 1836 4339 aliquot

175 4374 425 4415 menses
453 4362 576 4414 erat
597 4356 1021 4424 celebraturus,
1048 4355 1416 4411 referendum
1439 4372 1567 4412 esse
1584 4356 1829 4412 censuit:

173 4447 343 4521 quod
375 4447 454 4503 ita
483 4447 703 4505 factum
729 4445 908 4501 fuisse
930 4444 1175 4500 inferius
1205 4443 1553 4500 videbimus.

1948 3285 2136 3358 ipsius
2171 3284 2428 3351 monitis,
2464 3285 2710 3341 retinere
2752 3289 3174 3358 perseverabat.
3207 3289 3381 3346 Plura
3426 3309 3496 3348 ea
3523 3294 3594 3349 de

1950 3392 2012 3430 re
2045 3374 2266 3446 passim
2301 3372 2591 3428 habentur
2622 3373 2681 3428 in
2715 3375 2905 3430 Ivonis
2937 3376 3308 3434 Carnotensis
3335 3380 3594 3453 episcopi

1949 3463 2158 3518 litteris
2213 3478 2317 3517 nec
2373 3461 2619 3517 dubium
2680 3461 2822 3533 quin
2882 3477 2951 3518 ea
2980 3465 3284 3520 occasione
3321 3466 3591 3524 habitum

1948 3553 2024 3608 sit
2041 3549 2355 3607 concilium
2375 3551 2659 3607 Remense
2681 3551 2837 3624 quod
2858 3551 2967 3608 hoc
2991 3569 3145 3608 anno
3172 3571 3266 3610 xxv
3305 3555 3612 3614 Kalendas

1947 3640 2210 3698 Octobris
2238 3644 2617 3696 convocatum
2677 3645 2784 3696 est.
2821 3641 2891 3695 Et
2918 3641 3154 3714 quidem
3207 3660 3342 3699 cum
3399 3645 3589 3714 Berta,

1948 3731 2212 3803 legitima
2265 3729 2517 3802 Philippi
2573 3747 2735 3798 uxor,
2771 3729 2881 3786 hoc
2938 3748 3112 3798 anno,
3146 3731 3230 3787 uti
3279 3733 3504 3791 Clarius
3530 3735 3591 3791 in

1946 3821 2232 3877 Chronico
2262 3821 2457 3875 Sancti
2511 3820 2662 3876 Petri
2708 3821 2835 3875 Vivi
2884 3821 3078 3890 habet,
3109 3826 3342 3878 mortua
3393 3824 3588 3894 fuerit,

1948 3911 2220 3983 sperabat
2248 3910 2392 3965 forte
2423 3909 2755 3982 Philippum
2787 3910 3090 3984 episcopos
3113 3912 3185 3968 de
3215 3929 3324 3968 sua
3369 3913 3426 3968 in
3459 3919 3592 3970 Ber-

1945 4000 2172 4054 tradam
2207 3998 2688 4071 superinductam
2721 4000 3026 4056 severitate
3056 4001 3283 4074 aliquid
3321 4019 3470 4059 esse-
3502 4019 3591 4059 re-

1947 4089 2250 4144 missuros.
2276 4088 2431 4142 Nihil
2453 4088 2610 4144 enim
2660 4105 2774 4144 non
2801 4090 3088 4158 movebat,
3123 4091 3436 4165 omniaque
3465 4091 3592 4167 pol-

1945 4177 2247 4243 licebatur,
2283 4183 2347 4232 ut
2393 4177 2505 4232 sibi
2567 4177 2688 4233 haec
2747 4178 2958 4235 mulier
3014 4179 3220 4236 saltem
3253 4181 3324 4236 ad
3355 4181 3591 4254 aliquod

1943 4273 2196 4340 tempus,
2222 4270 2286 4322 ut
2317 4267 2374 4321 in
2398 4267 2571 4338 epist.
2596 4267 2780 4322 471νο
2814 4267 2884 4323 ad
2920 4267 3229 4325 Widonem
3261 4268 3591 4341 dapiferum

1943 4356 2167 4426 scribit,
2202 4356 2650 4427 relinqueretur.
2683 4356 2838 4413 Nihil
2873 4363 3065 4412 tamen
3101 4358 3158 4411 in
3218 4357 3312 4413 his
3368 4374 3492 4430 quae
3524 4374 3593 4414 ex

1943 4444 2188 4501 concilio
2211 4444 2834 4517 Remensisupersunt,
2851 4445 3161 4518 legitur,de
3182 4443 3593 4519 Philippinup-

175 4555 369 4610 CLIX.
400 4555 562 4609 Fulco
617 4568 792 4607 comes
840 4552 1237 4623 Andegavensis
1286 4551 1559 4607 absolutus
1607 4553 1668 4606 in
1710 4568 1797 4608 con

1975 4536 2042 4590 iis
2065 4553 2077 4604 ;
2102 4535 2215 4590 nisi
2241 4536 2384 4590 forte
2406 4535 2561 4606 quod
2588 4535 2658 4591 ad
2683 4535 2832 4589 hanc
2875 4535 3164 4607 synodum
3195 4534 3476 4590 invitatus
3499 4536 3590 4590 Ivo

247 4630 422 4683 ventu
450 4624 596 4697 apud
625 4627 669 4680 F
668 4626 980 4680 torrentium.
1000 4625 1367 4692 Privitegium
1388 4625 1580 4680 Montis
1601 4625 1760 4678 Belli.

246 4715 413 4772 Idem
447 4713 611 4786 Hugo
645 4712 911 4784 Lugduni
939 4712 1183 4768 antistes
1206 4713 1548 4768 mandatum
1582 4711 1743 4767 aliud
1769 4730 1834 4768 eo

168 4809 442 4876 tempore
501 4803 573 4860 ab
637 4801 869 4857 Urbano
912 4800 1146 4872 recepit,
1179 4816 1390 4872 nempe
1417 4805 1482 4856 ut
1519 4800 1834 4858 F-ulconem

171 4891 508 4949 Rechinum
543 4890 992 4963 Andegavorum
1020 4889 1294 4944 comitem
1347 4889 1445 4960 qui
1475 4889 1832 4960 jamdudum

165 4983 246 5038 ob
279 4987 521 5053 captum
565 4980 626 5035 in
659 4978 811 5034 bello
835 4984 890 5033 et
915 4978 1130 5033 carceri
1161 4977 1561 5050 mancipatum
1594 4980 1831 5034 fratrem

163 5087 347 5127 suum
381 5069 758 5134 Gaufridum,
779 5067 1319 5123 excommunicatus
1353 5067 1558 5136 fuerat,
1593 5067 1642 5123 si
1673 5067 1831 5125 salva

153 5159 402 5232 justitia
460 5159 587 5215 fieri
641 5160 860 5230 posset,
923 5156 1324 5212 communioni
1383 5156 1730 5213 restitueret.
1762 5159 1835 5213 At

157 5250 309 5306 illud
338 5248 652 5323 negotium
676 5263 793 5300 non
814 5245 956 5300 levis
981 5262 1109 5301 esse
1144 5245 1426 5301 momenti
1458 5249 1620 5302 ratus
1641 5246 1828 5318 Hugo,

1946 4626 2028 4680 ire
2053 4623 2263 4691 renuit,
2285 4628 2349 4679 ut
2371 4628 2529 4696 patet
2556 4640 2624 4678 ex
2648 4624 2776 4693 eius
2797 4622 3041 4695 epistola
3057 4625 3127 4676 35
3148 4623 3218 4679 ad
3256 4622 3589 4678 Richerium

1945 4714 2340 4768 Senonensem
2400 4716 2457 4766 et
2515 4710 2660 4766 alios
2717 4712 2916 4766 Patres
2976 4712 3034 4764 in
3092 4727 3160 4765 ea
3212 4717 3590 4784 congregatos

1943 4801 2164 4875 scripta
2184 4803 2560 4874 potissimum
2583 4802 2654 4856 ob
2677 4801 2758 4868 id,
2782 4800 2937 4872 quod
2965 4799 3319 4871 praevidebat
3339 4815 3454 4855 non
3477 4799 3590 4856 sibi

1943 4893 2031 4947 fas
2054 4891 2316 4945 futurum
2341 4889 2532 4944 hacin
2567 4889 2789 4960 synodo
2820 4888 3122 4944 veritatem
3156 4887 3406 4944 dicendi.
3427 4888 3591 4946 Unde

1939 4984 2163 5034 caeteris
2186 4979 2478 5050 episcopis
2513 4976 2759 5031 nimiam
2792 4993 2992 5032 eorum
3026 4976 3453 5051 indulgentiam
3493 4995 3589 5035 ex-

1940 5069 2198 5140 probrat,
2221 5067 2340 5139 regi
2379 5066 2488 5138 ipsi
2532 5065 2708 5120 nimis
2732 5065 3035 5123 exitiosam
3069 5081 3278 5140 :quem
3304 5068 3591 5142 nempe,si

1943 5157 2199 5213 remedio
2229 5157 2356 5228 ejus
2389 5155 2542 5212 malo
2597 5156 3002 5212 convenientia
3032 5161 3090 5212 et
3122 5157 3397 5223 cauteria,
3419 5159 3591 5229 juxta

1941 5264 2164 5303 morem
2194 5247 2513 5320 peritorum
2541 5246 2901 5303 medicorum
2934 5247 3211 5304 adhibere
3240 5246 3584 5316 voluissent,

153 5339 390 5414 aliquot
419 5338 739 5410 episcopos
770 5338 828 5390 et
857 5335 1094 5391 abbates
1125 5335 1408 5402 invitavit,
1436 5339 1500 5390 ut
1530 5352 1731 5391 secum
1763 5351 1831 5391 ea
1933 5336 2320 5408 perduxissent
2375 5335 2446 5390 ad
2497 5340 2794 5408 per/cctam
2841 5338 3154 5392 sanitatem.
3189 5335 3402 5392 Multos
3452 5353 3588 5392 vero

151 5431 226 5487 de
253 5447 320 5488 re
355 5429 714 5486 tractarent.
748 5423 1152 5480 Convenerunt
1178 5424 1375 5497 itaque
1407 5441 1541 5481 cum
1572 5441 1639 5481 eo
1672 5426 1828 5497 apud
1937 5426 2240 5498 episcopos
2253 5426 2618 5498 etprincipes
2647 5425 2719 5482 ad
2740 5424 2884 5481 illud
2941 5425 3233 5481 Remense
3275 5424 3588 5482 concilium

148 5520 494 5579 omnobium
519 5514 730 5573 Sancti
767 5511 1042 5569 Florentii
1067 5514 1415 5571 Aldebertus
1444 5514 1828 5588 archiepisco-
1937 5513 2276 5572 convenisse
2297 5515 2465 5572 testis
2486 5518 2576 5572 est
2597 5514 2722 5588 ipse
2744 5512 3081 5588 Raynoldus
3110 5512 3588 5588 archiepiscopus

141 5628 258 5698 pus
285 5604 724 5682 Bituriceusis,
759 5599 1078 5678 Ouveldus,
1119 5619 1223 5662 seu
1262 5601 1471 5664 Ivellus
1511 5604 1829 5666 Cenoman-
1936 5606 2256 5666 Remorum
2310 5605 2370 5663 in
2426 5603 2676 5682 epistola
2705 5605 2777 5666 ad
2808 5604 3086 5671 comitem
3111 5601 3396 5664 Flandrits
3430 5619 3448 5680 ;
3478 5619 3588 5669 nec
