3958 6224
344 403 362 422 ρ
401 356 512 420 131

1701 352 1776 420 Β.
1819 353 2111 418 URBANI
2129 376 2138 385 ·
2156 354 2206 416 Il
2251 351 2504 415 PAP/E.

3644 351 3805 417 1'82

397 493 616 548 mirum
673 507 808 547 cum
840 490 892 547 ei
921 489 1047 565 ipse
1099 503 1196 547 rex
1242 489 1592 556 interfuerit,
1625 494 1682 545 et
1738 489 2041 562 episcopos
2067 489 2127 558 Α
2155 487 2595 545 Suessionensis
2643 490 2924 555 mortem,
2983 491 3186 561 utpote
3245 504 3496 560 quorum
3547 490 3804 560 primum

397 580 779 654 quamplures
827 580 942 636 huc
997 580 1202 637 adesse
1259 579 1524 644 voluerit,
1563 584 1627 635 ut
1663 579 1946 635 discimus
1979 594 2047 633 ex

389 671 517 742 jam
537 670 774 726 laudato
797 668 1008 736 Clario,
1032 671 1133 742 qui
1167 671 1239 726 ad
1272 670 1432 726 hunc
1463 685 1685 725 annum
1705 670 1840 723 1094
1872 669 2046 723 refert

396 758 735 832 Philippum
793 774 992 832 regem
1047 775 1434 832 congregasse
1497 758 1926 830 archiepiscopos
1993 760 2044 811 et

393 849 666 920 episcopos
695 849 856 916 regni
883 849 973 903 sui
1012 849 1073 904 in
1128 849 1348 904 civitate
1398 849 1668 914 Rcmensi,
1699 861 1953 917 eumque
2009 862 2045 900 a

397 935 667 992 Rioherio
717 935 1167 1009 metropolitano
1226 935 1572 1000 Senonensi,
1619 951 1770 1007 aegre
1828 934 2044 990 ferente

395 1023 546 1082 illud
573 1025 884 1084 concilium
917 1031 1081 1082 extra
1105 1043 1276 1082 suam
1333 1024 1693 1098 provinciam
1739 1022 2042 1092 celebrari,

396 1114 763 1188 impetrasse,
783 1118 850 1170 ut
871 1114 1082 1170 Remos
1101 1130 1335 1187 quoque
1357 1129 1491 1169 cum
1509 1113 1732 1170 caeteris
1753 1111 2043 1184 episcopis

396 1203 748 1272 conveniret,
769 1203 923 1276 quod
978 1202 1313 1276 Raynoldus
1335 1202 1625 1276 podagrico
1673 1201 1856 1257 dolore
1909 1217 2042 1255 con-

395 1296 603 1349 tractus
627 1291 890 1364 progredi
919 1308 1030 1348 non
1067 1295 1246 1362 posset
1277 1310 1306 1348 e
1336 1309 1438 1348 sua
1480 1291 1621 1347 sede.
1656 1292 1798 1346 Tres
1855 1289 2043 1345 archi-

391 1381 648 1454 episcopi
677 1383 735 1435 et
763 1381 1020 1452 episcopi
1054 1385 1278 1453 septem
1302 1381 1403 1453 qui
1445 1380 1584 1436 huic
1614 1381 1836 1453 synodo
1865 1379 2042 1434 inter-

393 1471 572 1538 fuere,
597 1474 978 1526 recensentur
995 1469 1056 1525 in
1078 1469 1276 1526 codice
1297 1487 1410 1528 ms.
1431 1486 1607 1546 quem
1639 1487 1752 1542 pra)
1771 1469 2044 1524 manibus

393 1559 701 1615 habemus.
726 1559 770 1612 li
802 1562 970 1616 erant
997 1557 1336 1630 Raynoldus
1380 1557 1707 1624 Remensis,
1740 1556 2044 1612 Richerius

392 1647 772 1712 Senonensis,
805 1651 864 1702 et
895 1646 1140 1703 Raulfus
1171 1647 1532 1702 Turonensis
1564 1644 2001 1718 metropolitani
2027 1663 2039 1712 ;

390 1735 646 1808 episcopi
671 1751 804 1790 vero
831 1734 1149 1791 Gaufridus
1173 1734 1534 1803 Parisiensis,
1559 1734 1868 1790 Gauterius
1902 1733 2040 1789 Mel-

392 1823 612 1891 densis,
634 1825 796 1897 [Iugo
824 1824 1284 1891 Suessionensis,
1305 1823 1663 1880 Helinandus
1686 1823 2040 1879 Laudunen-
2067 1859 2118 1925 Β

394 1913 496 1980 sis,
530 1913 806 1970 Rabodus
835 1912 1262 1980 Noviomensis,
1289 1913 1572 1970 Gervinus
1602 1911 2037 1980 Ambianensis,

393 2007 451 2059 et
474 2002 640 2074 Hugo
689 2001 1157 2057 Silvanectensis.
1191 2001 1339 2066 Quid
1399 2007 1596 2058 autem
1629 2003 1702 2057 ab
1734 2001 1821 2057 eis
1851 2005 2040 2056 statu-

393 2094 522 2147 tum
552 2089 746 2158 fuerit,
772 2105 878 2146 nec
907 2091 968 2145 in
999 2091 1110 2147 isto
1169 2089 1366 2146 codice
1395 2089 1664 2156 habetur,
1697 2107 1802 2145 nec
1860 2089 2042 2162 liquet

395 2195 465 2235 ex
522 2178 643 2236 ullo
699 2178 811 2235 alio
864 2183 1264 2235 monumento.
1294 2181 1368 2234 At
1423 2177 1696 2234 nonnihil
1739 2177 1809 2233 de
1838 2178 2039 2234 eadem

393 2269 615 2341 synodo
673 2267 926 2324 dicimus
977 2285 1046 2326 ex
1075 2267 1256 2340 gestis
1315 2267 1611 2324 Lamberti
1641 2267 2040 2322 Atrebatensis

391 2356 670 2432 episcopi,
702 2373 876 2429 quem
923 2356 1246 2413 antistitem
1278 2356 1328 2412 ei
1377 2355 1714 2413 interfuisse
1772 2360 2035 2424 constat;

390 2447 548 2502 unde
568 2445 786 2502 mirum
809 2449 898 2502 est
917 2444 1080 2501 illum
1107 2445 1259 2502 inter
1291 2449 1548 2514 caeteros,
1583 2461 1730 2517 quos
1761 2461 1940 2517 supra
1971 2460 2040 2500 ex

389 2534 517 2595 cod.
533 2550 644 2591 ms.
661 2534 1087 2603 recensuimus,
1107 2533 1299 2590 locum
1314 2551 1430 2590 non
1454 2533 1686 2590 habere.
1704 2533 1806 2588 Hic
1824 2533 2038 2605 quippe

357 2609 521 2698 “post
533 2623 804 2696 adeptam
821 2624 913 2679 die
941 2624 1326 2692 Pentecostes,
1355 2627 1420 2678 ut
1438 2621 1716 2689 diximus,
1740 2622 1897 2678 sedis
1918 2640 2038 2678 sua:

388 2712 842 2786 possessionem,
857 2729 993 2768 cum
1007 2712 1220 2769 Remos
1235 2729 1350 2768 non
1370 2712 1625 2767 venisset
1638 2710 1871 2767 solitam
1889 2727 2040 2767 com-

389 2800 837 2874 provincialium
865 2799 1103 2872 Belgicae
1135 2799 1404 2856 secundae
1421 2799 1830 2871 episcoporum
1862 2798 2039 2855 matri

394 2886 648 2944 ecclesiae
703 2891 761 2942 et
814 2887 943 2958 ejus
982 2886 1397 2942 archiantistiti
1429 2887 1852 2958 subjectionem
1865 2888 2038 2958 juxta

391 2991 645 3032 canones
668 2975 1062 3048 professurus,
1097 2980 1454 3048 conquestus
1482 2981 1572 3032 est
1599 2993 1668 3032 ea
1693 2977 1764 3031 de
1796 2993 1856 3031 re
1889 2976 2036 3049 Bay-

397 3063 610 3121 noldus
629 3065 1018 3138 metropolita,
1053 3069 1119 3121 ut
1142 3069 1298 3138 patet
1319 3081 1453 3122 cum
1474 3082 1539 3120 ex
1562 3063 1770 3121 litteris
1794 3081 2035 3121 excusa-

2154 578 2390 633 illustris
2438 582 2487 632 ct
2541 577 2872 634 venerandae
2947 579 3250 648 memoriae,
3308 577 3561 635 alterum
3631 579 3807 650 digna

2153 669 2428 722 memoria:
2457 667 2716 723 damnum
2737 665 3014 738 appellat,
3034 667 3257 724 caeteris
3279 684 3412 724 vero
3432 667 3663 740 absque
3693 668 3807 726 ullo

2153 756 2349 811 addito
2372 761 2650 822 recenset,
2688 754 2803 810 nisi
2829 756 2982 828 quod
3018 755 3322 830 Hugonem
3365 757 3680 826 gloriosum
3703 757 3806 813 Sil-

2151 853 2522 901 vanectensem
2546 846 2860 916 episcopum
2888 846 3264 918 nuncupavit.

2225 933 2287 989 In
2313 935 2518 990 eadem
2548 933 2769 1006 synodo
2791 935 3231 1006 comprobatam
3254 935 3434 991 fuisse
3456 933 3804 992 divisionem

2153 1022 2483 1095 utriusque,
2525 1021 2962 1079 Cameracensis
3021 1023 3245 1079 scilicet
3286 1027 3346 1078 et
3398 1024 3800 1080 Atrebatensis

2153 1111 2443 1179 Ecclesiae,
2477 1110 2672 1166 innuit
2726 1109 2852 1184 ipse
2912 1113 3254 1168 Lambertus
3313 1112 3372 1167 in
3430 1112 3685 1186 epistola
3733 1115 3802 1170 ad

2154 1200 2415 1256 Odonem
2441 1199 2779 1272 episcopum
2803 1199 3303 1269 Cameracensem,
3337 1201 3440 1273 qui
3469 1201 3619 1258 velle
3646 1201 3802 1258 vide-

2152 1289 2326 1344 batur
2351 1289 2634 1345 terminos
2665 1288 2816 1346 inter
2847 1294 3160 1362 utramque
3207 1289 3526 1346 Ecclesiam
3583 1291 3800 1348 consti-

2153 1382 2314 1432 tutos
2365 1377 2711 1433 auctoritate
2769 1378 3140 1450 imperatoris
3189 1377 3533 1435 convellere.
3569 1380 3636 1434 In
3696 1379 3802 1435 hac

2153 1465 2400 1538 epistola
2412 1467 2552 1521 Lam
2561 1467 2758 1521 bertus
2773 1469 3019 1522 testatur
3029 1467 3378 1523 divisionem
3399 1467 3801 1524 Atrebatensis

2155 1554 2418 1611 Ecclesiae
2450 1572 2484 1610 a
2529 1555 2928 1611 Cameracensi
2977 1556 3191 1612 factam
3236 1556 3442 1624 fuisse,
3470 1573 3572 1628 per
3624 1559 3801 1613 consi-

2155 1646 2295 1699 lium
2323 1647 2373 1698 ct
2404 1645 2684 1699 auxilium
2729 1646 2941 1701 Roberti
2993 1647 3230 1714 comitis,
3265 1647 3325 1702 in
3344 1647 3499 1718 cujus
3543 1649 3804 1718 potestate

2153 1735 2466 1790 Atrebatum
2514 1739 2668 1799 erat;
2704 1751 2913 1790 necnon
2965 1752 3066 1806 per
3120 1737 3401 1791 licentiam
3437 1739 3486 1792 et
3517 1752 3802 1792 assensum

2152 1824 2402 1894 Philippi
2426 1825 2758 1878 Francorum
2802 1825 2944 1894 regis
2983 1823 3047 1878 de
3075 1826 3230 1896 cujus
3263 1839 3430 1894 regno
3481 1825 3801 1882 Atrebatum

2147 1929 2258 1968 esse
2307 1911 2666 1981 dignoscitur,
2689 1920 2740 1966 et
2767 1929 2868 1983 per
2923 1914 3156 1968 concilia
3205 1913 3308 1968 sub
3367 1913 3658 1986 Raynaldo
3709 1930 3799 1969 ar-

2147 2003 2479 2073 chiepiscopo
2511 2002 2687 2056 Remis
2711 2001 2918 2069 habita,
2944 2010 2995 2057 et
3035 2019 3136 2073 per
3160 2005 3544 2058 auctoritatem
3587 2010 3800 2075 aposto-

2148 2091 2275 2148 licae
2290 2089 2430 2145 sedis
2450 2098 2499 2145 et
2531 2091 2742 2147 Urbani
2774 2091 3008 2146 Romani
3027 2093 3301 2163 pontiﬁcis
3337 2093 3407 2148 II.
3445 2091 3612 2148 Unde
3644 2095 3801 2164 patet

2149 2179 2298 2234 hanc
2341 2177 2689 2252 episcopalis
2752 2179 3008 2252 antiquae
3094 2180 3251 2236 sedis
3305 2180 3798 2238 restaurationem

2148 2268 2371 2340 absque
2399 2266 2678 2340 legitimis
2707 2268 3162 2335 conditionibus,
3194 2270 3349 2341 quod
3381 2269 3568 2342 aliqui
3599 2285 3798 2327 recen-

2147 2357 2324 2412 tiores
2355 2354 2786 2424 existimarunt,
2818 2356 2976 2412 haud
3009 2361 3484 2414 consummatam
3517 2357 3728 2414 fuisse.

2220 2444 2409 2500 Unum
2440 2449 2717 2517 praeterea
2745 2460 2814 2499 ex
2842 2450 3062 2514 nostro,
3099 2445 3236 2502 item
3277 2447 3404 2502 cod.
3437 2464 3578 2513 ms.,
3612 2447 3800 2504 disci-

2148 2551 2282 2589 mus
2303 2534 2362 2589 in
2384 2535 2588 2590 eadem
2610 2535 2830 2606 synodo
2855 2535 3092 2602 factum,
3117 2535 3448 2592 Manassem
3477 2535 3708 2592 scilicet
3723 2535 3796 2592 ad

2146 2623 2622 2678 Cameracensem
2674 2621 2993 2678 Ecclesiam
3051 2623 3321 2692 electum,
3349 2623 3546 2680 nescio
3577 2623 3801 2696 quibus

2147 2709 2372 2766 occulte
2421 2727 2555 2766 eum
2604 2711 3009 2779 incitantibus,
3039 2711 3277 2784 petiisse
3332 2715 3398 2768 ut
3443 2713 3799 2769 Atrebatum

2148 2799 2552 2854 restitueretur
2582 2797 2846 2854 Ecclesiae
2868 2799 3292 2856 Cameracensi.
3319 2801 3644 2858 Referenda
3657 2805 3800 2858 sunt

2147 2887 2402 2942 auctoris
2415 2887 2598 2942 nostri
2619 2887 2813 2943 verba.
2835 2911 2861 2938 «
2887 2888 3037 2943 Dum
3055 2905 3212 2962 ergo,
3237 2889 3448 2961 inquit,
3471 2894 3797 2947 Remorum

2145 2974 2494 3031 venerabilis
2523 2974 2998 3048 archiepiscopus
3039 2976 3373 3051 Raynoldus
3435 2978 3794 3048 Manassem,

2145 3062 2624 3120 archidiaconum
2667 3067 3037 3132 Remensem,
3067 3065 3470 3122 Cameracensi
3523 3067 3797 3124 Ecclesiae

391 3153 556 3210 toriis
585 3153 875 3210 Lamberti
900 3154 974 3210 ad
995 3153 1189 3226 ipsum
1234 3153 1607 3228 Raynoldum
1627 3197 1641 3220 ,
1675 3157 1802 3209 tum
1855 3154 2034 3209 etiam
2079 3225 2106 3228 ι
2139 3155 2266 3224 jam
2288 3152 2658 3225 designatum
2678 3151 3042 3225 episcopum,
3065 3155 3608 3223 commonefaceret,
3633 3161 3703 3212 ut
3722 3157 3797 3213 ad

391 3260 461 3300 ex
489 3241 622 3300 aliis
651 3242 724 3300 ad
756 3225 1220 3316 metropolitanaa
1265 3225 1523 3300 ecclesiae
1583 3243 1803 3299 clerum
1859 3243 2035 3311 datis,
2066 3225 2110 3292 (ἶ
2148 3241 2387 3298 titulum
2409 3241 2850 3297 Cameracensis
2881 3241 3144 3297 Ecclesia:
3175 3260 3374 3300 sacros
3401 3243 3640 3301 ordines
3670 3245 3796 3318 epi-

392 3333 604 3406 quibus
633 3335 992 3405 protestatur
1021 3331 1132 3389 sibi
1163 3333 1426 3390 nondum
1457 3331 1694 3388 licuisse
1731 3331 1841 3386 iter
1888 3330 2030 3387 illud

391 3421 647 3496 aggredi,
681 3421 834 3494 quod
866 3437 928 3477 se
957 3424 1076 3477 toto
1108 3421 1306 3478 animo
1354 3421 1647 3478 facturum
1705 3419 2032 3492 pollicetur,

390 3510 830 3584 quamprimum
851 3509 904 3566 ei
929 3509 1176 3566 facultas
1192 3510 1329 3566 data
1350 3510 1526 3566 fuerit
1550 3513 1635 3577 ;et
1656 3508 2035 3582 reipsapaulo

387 3603 590 3673 postea
619 3599 832 3656 Remos
858 3599 1018 3654 venit
1068 3615 1136 3654 ac
1188 3597 1610 3670 professionem
1667 3596 1822 3664 fecit,
1853 3613 2036 3654 mense

387 3689 685 3761 Septembri
735 3705 814 3754 χι,
873 3686 1141 3743 Kalendas
1197 3686 1455 3754 Octobris,
1507 3686 1597 3741 die
1652 3687 1840 3741 Natali
1894 3687 2038 3742 beati

375 3772 632 3834 'Matthsei
687 3775 920 3847 apostoli
949 3783 999 3830 et
1045 3775 1414 3844 evangelista,
1448 3773 1746 3830 indictione
1796 3788 1861 3840 ιι,
1889 3791 2035 3831 anno

391 3865 534 3920 1094
578 3868 636 3920 et
679 3863 918 3936 quidem
977 3862 1036 3918 in
1095 3861 1222 3934 ipso
1255 3861 1518 3930 concilio,
1551 3862 1706 3934 quod
1742 3863 1870 3934 jam
1902 3880 1937 3919 a
1961 3882 2036 3921 xv

389 3951 679 4010 Kalendas
737 3951 1003 4022 ejusdem
1035 3951 1256 4008 mensis
1313 3950 1633 4024 inemptum
1673 3955 1816 4020 erat,
1850 3957 1917 4008 ut
1967 3971 2036 4010 ex

389 4038 674 4119 Reynoldi
703 4037 952 4112 epistola
979 4039 1052 4094 ad
1086 4038 1406 4095 Robertum
1437 4041 1707 4097 comitem
1751 4039 2034 4099 Flandriaa

377 4133 574 4203 patet.
603 4127 899 4185 Lamberti
930 4132 1126 4184 autem
1156 4130 1485 4187 consecratio
1515 4134 1649 4202 post
1695 4135 2034 4204 susceptam

388 4219 519 4291 ejus
551 4233 713 4273 more
755 4215 1148 4273 ecclesiastico
1197 4217 1640 4290 professionem,
1671 4237 1705 4274 a
1737 4219 2034 4293 Raynaldo

388 4305 838 4386 metropolitano
855 4305 1192 4380 caeterisquc
1223 4307 1528 4380 provinciae
1551 4309 1860 4382 episcopis,
1869 4311 2038 4381 juxta

387 4395 578 4453 damni
612 4411 772 4468 papa
832 4395 1040 4452 Urbani
1075 4404 1348 4470 praecepta
1399 4396 1744 4454 conﬁrmata
1801 4397 1933 4464 fuit,
1969 4401 2036 4454 ut

387 4487 638 4540 testatur
658 4483 815 4540 idem
838 4482 962 4556 ipse
994 4483 1330 4558 Raynoldus
1360 4484 1419 4540 in
1447 4485 1697 4558 epistola
1728 4503 1863 4543 mox
1903 4487 2029 4542 lau-

2146 3329 2554 3404 scopalemque
2579 3329 3076 3386 consecrationem
3096 3332 3390 3406 suscipere
3428 3339 3795 3406 procuraret,

2126 3422 2378 3502 hortatu
2396 3419 2786 3492 quorumdam
2813 3436 3058 3476 suorum
3080 3422 3190 3478 ait:
3208 3422 3449 3478 Reddite
3467 3421 3616 3478 mihi
3638 3425 3801 3480 Atre-

2142 3512 2368 3577 batum,
2392 3508 2484 3564 cui
2507 3507 2782 3580 providus
2803 3512 2861 3563 et
2873 3508 3107 3580 sapiens
3129 3509 3607 3584 archiepiscopus
3621 3511 3798 3586 quasi

2143 3599 2422 3656 invective
2465 3597 2769 3669 respondit
2800 3597 3078 3654 :Domine
3108 3599 3430 3668 Manasses,
3452 3600 3636 3656 vultis
3659 3615 3792 3658 esse

2144 3688 2369 3763 primus
2390 3685 2932 3742 excommunicatus
2952 3687 3025 3742 ab
3048 3686 3368 3759 apostolica
3389 3688 3546 3756 sede,
3571 3693 3635 3745 et
3661 3691 3796 3762 ejus

2143 3781 2507 3835 decretorum
2530 3779 2588 3830 et
2606 3775 3092 3831 constitutionum
3113 3775 3358 3832 violator
3383 3777 3674 3834 existere?
3691 3796 3798 3852 pro

2143 3868 2252 3924 hac
2282 3881 2418 3938 ergo
2449 3866 2916 3936 praesumptuosa
2950 3864 3207 3920 Atrebati
3267 3865 3686 3924 reclamatione
3739 3873 3800 3925 et

2142 3954 2511 4014 oblocutione
2538 3953 2610 4008 ad
2629 3952 3084 4024 increpationem
3098 3954 3519 4028 archiepiscOpi
3552 3954 3796 4029 culpam

2142 4041 2495 4117 recognovit,
2517 4041 2745 4097 veniam
2765 4041 2950 4114 petiit,
2981 4046 3038 4098 et
3067 4043 3127 4098 in
3156 4043 3403 4100 concilio
3461 4044 3799 4103 absolutio-

2143 4149 2280 4188 nem
2299 4129 2666 4187 satisfaciens
2683 4130 2963 4202 suscepit.
2981 4153 3010 4179 ››
3030 4131 3146 4187 Nec
3170 4131 3340 4204 plura
3355 4133 3427 4188 de
3440 4132 3550 4188 hoc
3569 4134 3801 4206 synodo

2141 4222 2319 4278 habet
2349 4219 2446 4287 ille
2475 4221 2702 4290 auctor,
2734 4219 2848 4274 nisi
2899 4219 3056 4291 quod
3088 4220 3437 4276 Lambertus
3469 4225 3798 4295 antequam

2141 4309 2342 4366 Remio
2363 4306 3048 4382 egrederetur,invitatus
3068 4309 3140 4364 ad
3164 4309 3480 4366 concilium
3503 4310 3806 4370 [Eduense

2142 4399 2321 4454 fuerit
2366 4399 2439 4454 ab
2480 4397 2720 4469 Hugone
2751 4397 3126 4468 Lugdunensi
3167 4397 3632 4472 archiepiscopo,
3697 4401 3807 4473 qui

2141 4487 2290 4542 illud
2319 4487 2387 4542 ad
2423 4485 2578 4542 diem
2610 4485 2819 4540 Iduum
2849 4485 3113 4542 Octobris
3169 4487 3588 4544 celebrandum
3627 4490 3810 4562 juxta

389 4574 526 4630 data
584 4573 656 4629 ad
719 4572 998 4628 Flandriaz
1056 4574 1351 4641 comitem,
1415 4573 1661 4647 ideoque
1735 4576 2038 4634 referenda
2066 4593 2114 4658 Ι)
2146 4575 2362 4632 Urbani
2382 4573 3058 4630 mandatumindixerat.
3076 4575 3377 4632 Manasses
3403 4593 3536 4632 vero
3559 4579 3806 4636 nonnisi

388 4663 540 4719 inter
577 4661 792 4718 Urbani
826 4661 1072 4718 litteras.
1096 4661 1426 4719 Recitatum
1477 4678 1710 4736 quoque
1745 4663 1824 4718 ibi
1856 4664 2037 4722 fuisse

383 4751 750 4809 Atrebatensi
767 4749 1032 4806 Ecclesia:
1057 4749 1427 4824 privilegium
1452 4752 1740 4809 discimus
1760 4770 1828 4808 ex
1840 4759 2038 4810 nostro

377 4841 504 4914 jam
519 4840 764 4896 laudato
788 4856 897 4895 ms.
923 4839 1074 4906 cod.,
1103 4838 1202 4894 ubi
1226 4838 1442 4912 legitur
1461 4840 1518 4896 id
1539 4843 1597 4896 in
1616 4844 2039 4914 metropolitano

387 4930 615 4984 basilica
639 4929 804 4984 beata
833 4929 1024 4984 Mariae
1051 4943 1267 5000 semper
1294 4930 1530 4999 virginis
1561 4930 1803 4988 dominae
1831 4942 2038 4991 nostra?

387 5017 608 5073 factum
641 5016 844 5085 fuisse,
877 5017 943 5071 in
965 5019 1298 5088 provinciali
1325 5027 1376 5074 et
1406 5019 1608 5075 celebri
1661 5021 1914 5088 concilio,
1946 5023 2039 5077 cui

387 5107 641 5176 interfuit
669 5105 955 5178 Philippus
1006 5121 1107 5161 rex
1152 5107 1510 5172 Francorum,
1544 5108 1686 5178 quod
1741 5109 2039 5164 celebravit

387 5194 738 5267 Rayiwldus,
799 5194 1210 5251 consedentibus
1236 5197 1354 5268 ejus
1412 5197 1641 5252 concilio
1691 5197 1900 5252 duobus
1943 5215 2036 5253 ar-

384 5285 739 5356 chiepiscopis
766 5291 817 5340 et
843 5285 1105 5356 episcopis
1133 5293 1354 5357 septem,
1387 5300 1536 5354 quos
1594 5301 1777 5356 supra
1813 5301 2036 5341 memo-

385 5372 687 5441 ravimus;
719 5373 1121 5431 archidiaconis
1173 5386 1384 5444 quoque
1411 5375 1463 5426 et
1491 5370 1778 5426 abbatibus
1812 5375 2035 5444 provin-

383 5464 491 5520 cia
513 5463 793 5519 Remensis
823 5465 883 5518 in
911 5463 1096 5519 eodem
1122 5459 1354 5516 concilio
1380 5474 1506 5514 cum
1543 5459 1764 5516 honesto
1792 5461 1935 5517 clero
1983 5468 2037 5520 et

380 5552 584 5626 populo
611 5551 1052 5611 consistentibus.
1081 5549 1214 5604 Haec
1262 5545 1556 5602 scribebat
1603 5552 1768 5605 vetus
1828 5555 2037 5608 auctor

384 5639 560 5736 paulo
587 5645 723 5726 post
748 5637 1034 5720 Reynoldi
1061 5633 1369 5696 Remensis
1398 5637 1455 5698 et
1482 5633 1744 5714 Hugonis
1773 5637 2036 5720 episcopi

2149 4669 2280 4738 post
2297 4663 2540 4737 longum
2561 4667 2796 4736 tempus
2817 4663 3123 4720 ordinatus
3143 4663 3250 4720 fuit
3264 4665 3336 4720 ob
3351 4665 3809 4723 schismaGual-

2147 4753 2328 4810 cherii
2354 4752 2788 4808 Cameracensis
2830 4751 3248 4821 archidiaconi,
3283 4753 3385 4826 qui
3433 4771 3467 4809 a
3524 4755 3806 4813 factionis

2145 4860 2265 4900 sua:
2297 4841 2638 4898 hominibus
2685 4841 2904 4897 electus
2931 4845 3412 4900 Cameracensem
3471 4842 3802 4902 Ecclesiam

2145 4932 2415 4988 invadere
2443 4931 2756 4986 nitebatur.

2146 5020 2324 5078 CLXI.
2357 5019 2662 5075 Concilium
2721 5019 3034 5075 Ostionense
3077 5035 3172 5076 seu
3226 5021 3515 5077 Educase.
3560 5022 3802 5078 Excant-

2217 5094 2537 5146 municatur
2564 5091 2858 5162 Philippus
2887 5107 3003 5146 rex.
3028 5092 3391 5161 Privilegium
3421 5095 3799 5150 Atrebatense.

2217 5162 2620 5232 Archiepiscopi
2686 5163 3012 5218 Turonensis
3085 5179 3248 5218 causa
3324 5181 3450 5218 cum
3511 5165 3804 5220 monachis

2216 5234 2434 5315 Majoris
2493 5236 2835 5300 Monasterii,
2895 5237 2945 5288 ct
3005 5233 3074 5291 lis
3147 5250 3244 5305 pro
3292 5252 3436 5308 pago
3486 5235 3804 5292 Salmoria-

2213 5321 2468 5432 famam
2499 5375 3053 5448 Augustodunensis
3088 5377 3296 5448 synodi
3329 5376 3600 5434 notitiam
3623 5379 3804 5435 debe-

2145 5479 2279 5521 mus
2298 5463 2590 5530 Bertoldo,
2616 5463 2894 5521 scribenli
2921 5467 3176 5536 generale
3224 5467 3520 5523 consilium
3568 5468 3630 5523 in
3671 5467 3812 5524 Gal-

2146 5555 2352 5610 liarum
2403 5555 2644 5624 civitate,
2693 5569 2858 5626 quam
2913 5554 3184 5612 Ostionem
3228 5557 3530 5629 uulgariter
3583 5555 3806 5628 dicunt,

2146 5641 2256 5704 hoc
2329 5658 2481 5703 anno
2539 5658 2643 5706 VIII
2699 5641 2969 5708 Kalendas
3026 5644 3360 5716 Novembris,
3405 5649 3815 5726 congregatum
