3958 6224
214 304 317 368 1’33

1777 300 1983 368 VITA.

3468 302 3587 368 134

207 441 358 512 fuisse
380 439 446 494 ab
492 437 711 509 Hugone
767 434 1114 509 Lugdunensz
1153 433 1554 510 archiepiscopo
1594 445 1644 494 et
1690 453 1820 509 apo-
1849 439 1906 505 Α
1936 436 2154 493 exitum
2185 435 2245 493 in
2276 436 2386 492 hac
2416 435 2692 493 Eduensi
2724 436 2966 509 synodo,
2995 437 3045 492 si
3078 433 3363 494 Rodulfus
3393 438 3586 495 archi-

205 529 387 585 stclicw
419 526 557 583 sedis
610 526 809 596 legato,
840 542 967 581 cum
993 527 1408 599 archiepiscopis
1436 534 1488 583 et
1539 527 1827 583 abbatibus

202 618 518 673 diversarum
530 616 1099 687 provinciarum,quae
1127 615 1365 687 quidem
1384 615 1559 671 verba
1578 615 1825 671 Baronio

201 708 423 777 ejusque
471 704 826 776 sequacibus
882 720 1089 760 ansam
1158 704 1441 777 prebuere
1510 704 1825 760 concilium

203 794 435 860 Ostiense,
466 793 611 849 alias
643 792 884 848 omnino
906 792 1173 865 ignotum
1214 791 1648 849 intrudendi.At
1678 792 1822 848 illud

199 884 264 939 ab
286 880 793 955 Augustodunensi
826 879 1092 949 concilio,
1126 882 1281 953 quod
1314 880 1422 937 hoc
1453 898 1604 937 anno
1653 881 1825 937 habi-

202 976 317 1027 tum
337 969 509 1026 fuisse
541 987 610 1025 ex
639 969 980 1026 auctoribus
1001 969 1324 1043 aequalibus
1355 973 1601 1037 constat,
1663 969 1823 1027 aliud

197 1077 296 1116 non
316 1076 437 1117 esse
466 1059 868 1115 certissimum
900 1062 1025 1116 est:
1059 1060 1214 1131 quod
1241 1059 1481 1132 quidem
1513 1059 1825 1116 Ostionense

193 1147 726 1217 Bertholdus,homo
743 1152 996 1216 exterus,
1011 1146 1331 1220 appellavit
1352 1163 1421 1203 ex
1440 1148 1604 1204 urbis
1622 1151 1823 1222 Augu-

187 1238 541 1295 stodunensis
568 1237 800 1309 vulgari
829 1236 1110 1293 vocabulo
1138 1238 1450 1304 Autun,seu
1477 1240 1542 1293 ut
1573 1255 1825 1311 pronun-

187 1326 302 1382 tiari
331 1326 494 1393 solet,
524 1327 720 1394 0stun,
754 1325 841 1381 vel
891 1325 1084 1398 potius
1116 1324 1277 1391 Otun,
1309 1343 1378 1380 ex
1431 1342 1547 1397 quo
1605 1325 1688 1380 illi
1722 1327 1822 1398 qui

185 1420 371 1487 postea
391 1416 449 1471 in
474 1416 636 1471 hunc
660 1431 917 1470 errorem
936 1415 1308 1488 impegerunt
1323 1416 1595 1470 0stionem
1614 1416 1821 1471 urbem

188 1504 462 1561 effinxere.
494 1505 670 1577 Hugo
718 1502 1173 1560 Flaviniacensis
1206 1505 1262 1558 in
1298 1504 1425 1577 ipsa
1453 1506 1825 1577 Angustodu-

180 1594 332 1649 nensi
379 1593 619 1649 dioecesi
674 1592 876 1661 abbas,
935 1598 1140 1649 auctor
1197 1592 1431 1649 illorum
1491 1599 1822 1665 temporum

180 1681 354 1753 gravis
385 1686 441 1738 et
468 1681 1355 1754 accuratus,Angustodinensis
1377 1698 1479 1737 seu
1511 1682 1823 1739 fEduensis

177 1769 321 1826 illius
349 1771 553 1843 synodi
586 1770 864 1826 meminit
892 1770 949 1825 in
982 1770 1266 1826 Chronico
1295 1769 1821 1838 Virdunensis,ubi

183 1859 401 1933 triginta
417 1860 570 1916 duos
602 1860 913 1933 episcopos
942 1876 1077 1915 cum
1109 1859 1380 1930 pluribus
1421 1859 1734 1916 abbatibus
1765 1864 1823 1916 et

178 1946 306 2004 viris
325 1947 620 2022 religiosis
643 1949 716 2004 ad
740 1964 869 2004 eam
894 1948 1237 2004 convenisse
1265 1952 1502 2017 narrat;
1537 1949 1636 2004 sed
1670 1948 1818 2004 nihil

178 2036 337 2092 habet
365 2037 433 2093 de
464 2037 560 2093 his
596 2053 730 2109 quas
750 2053 784 2092 a
816 2036 1085 2093 Patribus
1114 2036 1196 2092 ibi
1226 2040 1447 2093 statuta
1475 2036 1653 2092 fuere.
1674 2036 1824 2092 Non-

179 2122 329 2180 nulla
355 2129 552 2182 tamen
586 2142 661 2180 ex
704 2125 834 2201 ejus
863 2125 1114 2181 decretis
1162 2130 1433 2197 excerpta
1480 2125 1656 2181 refert
1686 2125 1820 2182 Ber-

175 2213 374 2284 toldus,
406 2215 508 2288 qui
555 2214 646 2271 ait
674 2217 995 2270 renovatum
1026 2213 1208 2270 fuisse
1254 2215 1315 2269 in
1346 2230 1415 2270 ea
1469 2214 1694 2287 synodo
1724 2231 1820 2270 ex-

175 2303 763 2361 communicationem
814 2303 873 2359 in
904 2303 1222 2359 Henricum
1254 2319 1470 2376 regem,
1500 2307 1557 2359 et
1585 2302 1647 2358 in
1678 2302 1820 2359 Gui-

173 2392 385 2449 bertum
415 2409 751 2465 eorumque
802 2391 1156 2464 complices;
1192 2390 1527 2464 Philippum
1588 2408 1821 2464 quoque

173 2497 350 2553 regem
381 2483 682 2555 ibi,quod,
711 2482 937 2537 vivente
969 2499 1075 2538 sua
1106 2481 1293 2554 ipsius
1322 2497 1521 2547 uxore,
1575 2480 1819 2536 alteram

179 2572 703 2644 superinduxisset,
762 2570 1333 2627 excommunicatum
1397 2570 1617 2639 fuisse;
1676 2570 1819 2626 item

175 2660 497 2717 damnatam
523 2662 634 2719 sub
658 2661 1217 2716 excommunicatione
1228 2658 1411 2715 fuisse
1424 2659 1819 2715 Simoniacam

171 2747 443 2816 haeresim,
476 2754 537 2806 et
568 2749 1054 2823 presbyterorum
1076 2748 1561 2804 incontinentiam
1587 2767 1601 2817 ;
1625 2764 1692 2804 ac
1723 2748 1819 2804 de-

170 2836 333 2909 nique
358 2838 613 2896 vetitum
640 2836 945 2894 monachis
975 2854 1048 2893 ne
1072 2835 1427 2910 parochialia
1446 2837 1816 2893 sacerdotum

173 2925 349 2984 ofﬁcia
390 2927 451 2984 in
501 2927 808 3002 parochiis
839 2931 1156 2999 usurpant;
1188 2940 1314 2998 qua
1355 2928 1563 2997 omnia,
1624 2927 1819 2999 inquit

170 3014 313 3071 idem
342 3023 567 3084 auctor,
608 3017 692 3072 ibi
716 3021 845 3072 sunt
875 3018 1162 3072 constituta
1194 3018 1245 3070 et
1273 3016 1568 3087 apostolica
1599 3016 1819 3087 legatio-

166 3119 229 3159 ne
250 3104 487 3174 ﬁrmata.

1934 526 2247 599 episcopus
2304 525 2647 594 concordiae,
2709 525 2802 581 cui
2859 524 3171 581 videbatur
3190 528 3585 599 consensisse,

1937 621 2094 672 stare
2147 614 2449 672 voluisset.
2510 614 2741 672 Etenim
2799 631 2935 670 cum
2974 630 3043 669 ex
3090 632 3210 670 una
3240 620 3406 687 parte
3460 617 3588 690 ipse

1936 704 2241 771 Rodulfus,
2274 708 2331 760 et
2358 703 2582 760 Joellus
2626 703 3125 759 Cenomannensis
3178 704 3488 776 episcopus
3519 722 3589 761 ex

1933 793 2114 849 altera
2142 810 2275 849 vero
2308 793 2639 849 Bernardus
2671 792 2978 849 Remensis
3009 791 3170 865 prior
3198 792 3589 865 Maioris-Mo-

1934 882 2196 949 nastcrii,
2238 882 2521 955 Hilgodus
2580 880 3023 938 Suessionensis
3081 881 3391 955 episcopus
3446 886 3589 938 tunc

1932 971 2198 1042 ejusdem
2210 970 2320 1026 loci
2336 970 2791 1042 monachus,qui
2808 970 3001 1043 ipsum
3018 970 3589 1045 privilegiumRomm

1931 1058 2401 1131 impetraverant,
2436 1065 2494 1115 et
2523 1060 2788 1131 ejusdem
2829 1060 3059 1132 Hilgodi
3091 1060 3272 1116 frater
3323 1061 3589 1118 Andreas

1933 1148 2186 1205 multum
2216 1148 2370 1205 ultro
2400 1149 2663 1221 citroque
2708 1149 3126 1217 decertassent,
3186 1165 3300 1222 pax
3348 1151 3588 1207 tandem

1932 1237 2088 1292 inter
2125 1254 2223 1293 eos
2280 1237 2427 1293 inita
2480 1244 2588 1304 est,
2645 1238 2744 1293 sed
2799 1255 2925 1309 qua:
2980 1237 3137 1294 brevi
3172 1241 3376 1310 postea
3405 1239 3591 1295 fracta

1932 1327 2061 1397 fuit,
2096 1331 2161 1381 ut
2188 1344 2255 1381 ex
2286 1325 2573 1398 colloquio
2606 1326 2835 1382 Dolensi
2901 1326 3252 1399 colligimus.
3286 1327 3369 1382 lbi
3431 1328 3587 1383 enim

1932 1432 2127 1471 coram
2161 1417 2366 1471 eodem
2400 1416 2660 1487 Hugone,
2693 1433 2757 1470 ac
2789 1418 2995 1471 Amato
3028 1416 3467 1489 Burdegalensi,
3500 1434 3591 1472 ar-

1933 1504 2321 1577 chiepiscopis
2343 1507 2399 1561 et
2430 1504 2763 1577 apostolicae
2794 1505 2951 1560 sedis
2972 1504 3182 1577 legatis
3202 1505 3589 1577 praesentibus

1933 1593 2279 1650 Pictaviensi
2336 1599 2394 1650 et
2423 1593 2913 1660 Cenomannensi,
2950 1593 3198 1665 aliisque
3231 1592 3435 1650 multis
3465 1595 3588 1667 epi-

1933 1682 2127 1754 scopis
2156 1684 2359 1739 eadem
2391 1700 2569 1739 causa
2599 1699 2732 1738 cum
2767 1680 2955 1738 multa
2971 1682 3589 1739 contentionerursum

1933 1772 2152 1845 agitata
2180 1772 2612 1839 fuit,Bernardo
2644 1772 2855 1829 abbate
2887 1787 3022 1827 cum
3054 1770 3179 1827 suis
3196 1771 3500 1828 monachis
3521 1787 3592 1827 ex

1930 1876 2049 1915 una
2078 1864 2263 1931 parte,
2295 1864 2352 1915 et
2383 1860 2630 1917 Rodulfo
2676 1859 3091 1933 archiprsesule
3121 1877 3258 1916 cum
3294 1876 3400 1917 suo
3433 1858 3587 1917 clero

1929 1965 1997 2004 ex
2028 1947 2211 2005 altera
2241 1949 2557 2005 stantibus.
2593 1949 2703 2006 Sed
2738 1949 2881 2004 nihil
2914 1948 3244 2021 quoqucibi
3261 1950 3590 2022 profectum
3625 1941 3634 1949 ’

1930 2042 2037 2106 est,
2071 2037 2262 2110 lisque
2318 2028 2581 2094 ind‘ecisa
2613 2039 2831 2094 mansit
2861 2039 2933 2093 ad
2967 2055 3190 2094 annum
3222 2042 3589 2111 sequentem,

1931 2132 2145 2198 quo,ut
2175 2127 2255 2183 ibi
2280 2127 2494 2183 dicturi
2517 2144 2748 2196 sumus,
2780 2127 2839 2182 in
2873 2127 3117 2184 concilio
3138 2126 3592 2207 Claromontano

1934 2215 2176 2272 omnino
2208 2216 2317 2272 fuit
2373 2216 2660 2273 absoluta.
2715 2220 2847 2272 Haec
2899 2217 3091 2272 fusius
3148 2217 3479 2273 referuntur
3526 2217 3587 2271 in

1930 2304 2127 2360 libello
2152 2305 2222 2361 de
2251 2305 2427 2362 rebus
2448 2305 2703 2377 Majoris-
2721 2305 3060 2361 Monasterii
3092 2321 3195 2376 per
3247 2304 3589 2361 Bochellum

1930 2394 2082 2449 edito
2112 2395 2183 2450 ad
2207 2393 2426 2450 calcem
2449 2393 2713 2450 Historias
2735 2393 2997 2466 Gregorii
3019 2394 3587 2464 Turonensis,quem

1928 2481 2146 2538 librum
2177 2481 2283 2555 qui
2315 2482 2485 2555 plura
2514 2483 2675 2556 cupit
2703 2480 2990 2538 consulat.
3022 2480 3101 2537 De
3150 2480 3355 2537 eadem
3384 2496 3446 2536 re
3477 2480 3595 2536 Ra-

1928 2570 2091 2627 dulfo
2120 2571 2447 2629 Turonensi
2468 2572 2706 2645 scripsit
2732 2571 2825 2627 lvo
2856 2574 3215 2628 Carnotenus
3269 2569 3440 2643 epist.
3456 2570 3586 2638 235,

1934 2678 2003 2716 ex
2034 2678 2151 2733 qua
2180 2660 2528 2734 intelligitur
2558 2661 2618 2717 id
2650 2660 3025 2734 potissimum
3060 2660 3119 2716 in
3151 2660 3260 2715 hac
3291 2676 3472 2716 causa
3500 2675 3591 2715 ar-

1927 2750 2303 2823 chiepiscopo
2335 2750 2732 2823 displicuisse,
2766 2751 2920 2823 quod
2954 2750 3005 2806 ei
3039 2748 3373 2806 Bernardus
3403 2748 3590 2805 abbas

1928 2839 2316 2911 subjectionis
2340 2840 2764 2913 professionem
2793 2839 2978 2895 facere
3000 2839 3372 2894 detractaret.

1996 2928 2404 2985 Convenerant
2432 2929 2607 2984 etiam
2637 2929 2708 2985 ad
2732 2926 2897 2983 illam
2928 2927 3219 3001 synodum
3242 2927 3593 2984 Eduensem

1927 3016 2116 3072 Guido
2145 3017 2497 3073 Viennensis
2528 3017 3004 3089 archiepiscopus
3026 3021 3082 3072 et
3103 3016 3270 3088 Hugo
3290 3015 3595 3072 Gratiano-

1926 3104 2246 3177 politanus,
2276 3123 2531 3178 quorum
2562 3104 2637 3161 lis
2696 3107 2767 3162 de
2797 3104 3254 3163 Salmoriacensi
3306 3120 3455 3177 pago
3509 3102 3592 3160 ibi

228 3195 307 3250 Ad
335 3196 612 3252 eamdem
645 3195 937 3267 synodum
974 3193 1273 3263 invitatus,
1303 3199 1368 3252 ut
1387 3197 1516 3268 jam
1542 3193 1819 3261 diximus,
1849 3181 1892 3247 C
1932 3211 2164 3267 quoque
2196 3211 2397 3251 coram
2429 3193 2637 3266 synodi
2667 3194 2940 3250 Patribus
2966 3193 3246 3249 ventilata
3302 3192 3431 3260 fuit,
3478 3193 3582 3248 sed

174 3280 510 3359 Lambertus
534 3283 947 3340 Atrebatensis
969 3283 1237 3351 antistes,
1271 3283 1323 3339 ei
1352 3283 1635 3352 interfuit,
1671 3287 1737 3339 ut
1757 3299 1826 3339 ex

174 3377 361 3430 nostro
391 3390 507 3431 ms.
542 3373 679 3428 cod.
708 3372 1092 3438 discimus,in
1124 3388 1241 3444 quo
1273 3372 1489 3445 legitur
1513 3389 1649 3430 eum
1679 3371 1759 3427 ibi
1791 3390 1826 3428 a

163 3460 376 3518 Dommo
406 3464 642 3535 Hugone
673 3462 904 3530 benigne
931 3471 1261 3533 susceptum,
1291 3464 1544 3517 recitasse
1593 3462 1823 3533 privile-

157 3552 301 3619 gium
326 3552 678 3609 venerabilis
703 3554 993 3607 Remorum
1021 3551 1435 3623 archiepiscopi,
1470 3551 1528 3607 id
1558 3554 1647 3607 est
1665 3551 1821 3623 quod

100 3656 116 3672 ·
159 3639 223 3694 ab
250 3656 315 3696 eo
342 3640 619 3697 antistite
652 3640 1075 3712 impetraverat
1106 3640 1178 3696 ad
1214 3640 1372 3697 sedis
1419 3638 1824 3697 Atrebatensis

157 3729 590 3786 restitutionem
630 3728 1119 3797 conﬁrmandam,
1179 3745 1366 3786 coram
1412 3745 1702 3786 numerosa
1722 3746 1822 3784 ar-

153 3817 628 3890 chiepiscoporum
685 3822 737 3874 et
793 3819 1184 3890 episcoporum,
1248 3822 1299 3874 et
1350 3818 1629 3887 abbatum,
1688 3820 1824 3874 cleri

153 3922 355 3978 quoque
378 3915 431 3964 et
458 3908 668 3980 populi
694 3923 809 3962 non
848 3924 1031 3979 parva
1058 3907 1414 3964 multitudine
1450 3909 1818 3964 consistensis.

152 3994 335 4057 Quare
361 3997 576 4054 statim
634 3996 801 4069 Hugo
863 3995 1085 4052 Urbani
1144 3996 1381 4052 nomine
1414 4002 1487 4052 ad
1544 3996 1820 4052 comitem

156 4082 433 4142 Flandrize
456 4084 799 4157 scripsit,ut
812 4085 1185 4141 Lambertum
1207 4102 1311 4157 pro
1332 4101 1466 4142 vero
1487 4090 1544 4142 et
1558 4084 1820 4158 legitimo

154 4171 493 4229 Atrebatum
527 4173 808 4247 episcopo
847 4173 1128 4241 haberet;
1161 4189 1414 4247 eumque
1469 4175 1819 4232 adhortatus

156 4263 239 4316 est
268 4266 335 4317 ut
361 4261 479 4334 ipsi
514 4263 593 4318 ad
640 4263 1038 4335 recuperanda
1086 4262 1356 4320 Ecclesia:
1412 4264 1819 4321 Atrebatensis

156 4348 326 4417 bona,
360 4350 733 4423 adjutorium
783 4351 1184 4423 impenderet;
1218 4351 1328 4408 hac
1369 4351 1635 4424 epistola,
1667 4352 1820 4408 inter

150 4435 382 4507 Urbani,
414 4441 595 4512 cujus
612 4439 853 4496 nomine
884 4439 1103 4513 scripta
1130 4439 1470 4507 est,litteras
1492 4441 1821 4513 proferetur

147 4526 216 4581 ad
246 4534 521 4585 nostrum
545 4529 810 4585 codicem
843 4545 954 4586 ms.
989 4528 1221 4587 collata.

215 4619 432 4674 Actum
465 4619 655 4674 etiam
689 4622 779 4673 est
811 4618 867 4673 in
898 4619 1101 4675 eadem
1133 4620 1355 4691 synodo
1388 4620 1459 4674 de
1488 4619 1647 4693 gravi
1679 4638 1819 4676 con-

144 4708 447 4776 troversia,
466 4723 605 4779 quae
614 4707 972 4778 jamdudum
988 4708 1321 4764 vertebatur
1334 4707 1486 4763 inter
1500 4708 1709 4765 Roduli
1720 4725 1818 4764 um

144 4792 561 4851 Turonensem
589 4795 1184 4868 archiepiscopum,et
1213 4796 1537 4854 monachos
1554 4797 1820 4869 Majoris-

148 4882 523 4952 Monasterii,
591 4884 895 4941 occasione
952 4886 1259 4959 privilegii,
1308 4904 1423 4959 quo
1475 4887 1593 4958 isti,
1652 4891 1719 4942 ut
1748 4887 1821 4943 ad

146 4987 376 5029 annum
406 4974 561 5028 1090
615 4972 893 5043 diximus,
928 4975 999 5030 ab
1028 4974 1261 5032 Urbano
1321 4975 1519 5031 donati
1571 4976 1820 5032 fuerant.

142 5059 278 5117 Hec
302 5079 494 5118 causa
517 5062 649 5134 jam
670 5062 843 5134 paulo
871 5067 1041 5121 antea
1068 5063 1347 5121 ventilata
1369 5064 1561 5121 fuerat
1589 5063 1649 5121 in
1680 5081 1820 5121 con-

140 5149 272 5205 cilio
304 5149 656 5206 Brivatensi
688 5165 885 5207 coram
913 5153 1115 5208 eodem
1148 5152 1392 5226 Hugone
1423 5152 1635 5227 legato,
1670 5154 1820 5211 assi-

143 5238 433 5295 dentibus
471 5238 528 5296 ei
567 5238 804 5294 duobus
832 5239 959 5296 aliis
1019 5241 1497 5315 archiepisc0pis,
1555 5243 1826 5301 Λαπίθηδί

143 5326 378 5384 scilicet
408 5331 467 5385 et
496 5326 869 5395 Narbonensi,
916 5346 1045 5386 cum
1070 5331 1266 5387 multis
1314 5331 1656 5388 diversarum
1692 5350 1827 5405 pro-

144 5418 475 5474 vinciarum
504 5416 780 5487 episcopis
808 5418 859 5472 et
885 5419 1213 5483 abbatibus;
1243 5421 1621 5477 assistentibus
1648 5422 1825 5480 etiam

138 5504 496 5561 diversorum
527 5503 813 5574 graduum
843 5522 905 5561 ac
927 5508 1262 5580 dignitatum
1279 5510 1668 5582 personis.Sed
1700 5528 1827 5583 qua:

1933 3282 2174 3339 minime
2205 3284 2548 3357 composita.
2572 3283 2719 3338 Nam
2750 3300 2885 3339 cum
2917 3282 3106 3338 Guido
3152 3280 3394 3354 prolatis
3424 3280 3590 3337 falsis

1930 3371 2144 3428 litteris
2166 3373 2417 3445 jamjam
2444 3375 2602 3427 esset
2634 3371 3140 3437 condemnandus,
3164 3368 3460 3442 pollicitus
3499 3374 3590 3426 est

1932 3478 1996 3517 se
2029 3461 2256 3535 HugOni
2290 3461 2734 3533 quamprimum
2764 3460 2993 3517 Viennae
3033 3457 3474 3515 satisfacturum
3499 3474 3591 3514 es-

1933 3567 2033 3620 se;
2068 3551 2170 3606 sed
2201 3567 2306 3607 nec
2336 3550 2461 3622 ipse
2490 3548 2617 3606 suis
2648 3548 2957 3622 promissis
2980 3547 3160 3615 stetit,
3193 3551 3260 3603 ut
3280 3546 3475 3613 videre
3500 3549 3591 3602 est

1932 3642 1990 3697 in
2022 3640 2285 3714 Hugonis
2320 3639 2536 3711 libello,
2571 3639 2673 3712 qui
2726 3638 2787 3694 in
2818 3637 3158 3711 Appendice
3209 3636 3391 3708 hujus
3421 3634 3591 3693 volu-

1933 3729 2109 3787 minis
2138 3729 2411 3785 habetur.

2141 3818 2352 3875 CLXII.
2387 3817 2580 3875 Turbae
2608 3819 2889 3874 occasione
2917 3816 3177 3889 Philippi
3203 3816 3371 3886 regis.

2001 3909 2167 3965 Haud
2217 3907 2465 3963 dubium
2519 3906 2661 3979 quin
2720 3905 3248 3963 excommunicatio
3304 3905 3589 3961 adversus

1930 3997 2265 4071 Philippum
2299 4013 2495 4069 regem
2526 3995 2587 4051 in
2617 3996 2821 4053 eadem
2852 3996 3074 4067 synodo
3100 3992 3588 4050 Eduensiinten-

1928 4092 2051 4143 tata
2080 4087 2304 4159 aliquot
2322 4087 2381 4141 in
2413 4084 2600 4141 Gallia
2624 4089 2822 4141 motus
2852 4083 3377 4140 excitaverit.Certe
3400 4083 3592 4139 mode-

1930 4178 2176 4233 ratiores
2228 4176 2467 4231 fuerunt
2522 4175 2725 4230 Patres
2763 4173 2997 4231 concilii
3052 4172 3384 4241 Remensis,
3434 4171 3592 4244 quod

1929 4267 2075 4323 forte
2105 4265 2372 4337 Philippo
2420 4264 2611 4338 magis
2663 4262 2882 4320 addicti
2940 4268 3169 4320 essent:
3242 4265 3301 4317 et
3349 4260 3593 4332 quidem

1931 4354 2266 4428 Raynoldus
2288 4353 2596 4410 Remensis
2613 4349 3219 4425 archiepiscopus,qui
3240 4349 3324 4405 illi
3357 4349 3579 4423 synodo

1929 4444 2181 4518 praefuit,
2214 4430 2429 4516 magna
2460 4441 2618 4516 apud
2650 4458 2844 4514 regem
2903 4440 3163 4514 pollebat
3217 4438 3587 4507 auctoritate,

1850 4552 1897 4618 D
1929 4531 2085 4587 unde
2099 4530 2370 4586 Urbanus
2392 4529 2622 4602 Hugoni
2646 4528 3026 4602 Lugdunensi
3044 4528 3306 4585 scribens
3327 4529 3397 4583 de
3409 4543 3591 4618 causa

1929 4620 2065 4694 pagi
2099 4618 2612 4685 Salmorianensis,
2628 4634 2763 4674 eum
2781 4621 3073 4685 monet,ut
3088 4633 3191 4689 pro
3218 4615 3591 4673 conservanda

1925 4724 2063 4780 pace
2090 4715 2141 4763 et
2172 4709 2396 4779 negotio
2431 4707 2656 4778 facilius
2710 4705 3038 4778 peragendo,
3089 4708 3293 4762 utatur
3345 4702 3591 4760 concilio

1934 4796 2243 4854 Remensis
2268 4794 2709 4867 archiepisc0pi,
2744 4796 2883 4866 quod
2914 4798 2974 4852 in.
3002 4795 3119 4868 ejus
3145 4811 3320 4850 manu
3346 4792 3594 4865 familia-

1934 4888 2049 4942 rius
2077 4901 2241 4940 causa
2270 4886 2416 4955 regis
2445 4894 2803 4951 versaretur;
2866 4885 2940 4941 ob
2970 4883 3194 4941 scilicet
3250 4884 3380 4955 ejus
3431 4881 3592 4940 sedis

1933 4973 2304 5047 dignitatem,
2354 4976 2412 5028 et
2466 4971 2613 5027 forte
2661 4973 2900 5045 propria
2945 4972 3194 5029 merita:
3255 4988 3392 5029 nam
3427 4970 3592 5030 hunc

1935 5063 2259 5121 antistitem
2292 5063 2416 5135 ipse
2446 5061 2741 5127 Urbanus,
2800 5066 2858 5117 et
2886 5061 2986 5117 alii
3038 5078 3275 5136 quoque
3305 5063 3435 5135 ejus
3484 5060 3591 5115 aevi

1932 5152 2039 5209 Viri
2069 5152 2332 5209 illustres
2364 5151 2572 5207 multis
2603 5150 2881 5207 laudibus
2911 5155 3052 5207 sunt
3079 5152 3391 5225 prosecuti.
3416 5150 3594 5206 Crete-

1933 5260 2086 5311 rum,
2121 5242 2170 5298 si
2200 5243 2346 5299 bene
2369 5241 2497 5313 conj
2508 5240 2638 5309 icio,
2671 5240 2975 5297 occasione
2994 5240 3174 5313 hujus
3196 5238 3595 5297 excommuni-

1935 5332 2184 5389 cationis
2215 5331 2438 5388 indicta
2490 5330 2603 5387 fuit
2658 5331 2921 5404 synodus
2976 5329 3307 5396 Trecensis,
3346 5344 3498 5398 quae,
3529 5330 3596 5383 ut

1933 5421 2112 5478 habet
2142 5421 2260 5493 lvo,
2309 5420 2478 5492 epist.
2513 5421 2604 5487 46,
2662 5421 2735 5475 ad
2770 5418 3074 5474 Urbanum
3129 5419 3267 5473 data
3311 5413 3595 5472 celebrari

1936 5510 2194 5567 debebat
2214 5509 2516 5567 Dominica
2538 5508 2731 5580 prima
2766 5512 2902 5579 post
2922 5506 3293 5564 festivitatem
3323 5503 3592 5562 omnium

131 5592 232 5665 ibi
249 5592 548 5674 componi
571 5608 693 5653 non
707 5596 1315 5671 potuerat,feliciorem
1333 5603 1603 5662 assecuta
1620 5599 1830 5664 fuisset
1943 5600 2319 5670 Sanctorum,
2377 5598 2450 5658 ad
2494 5611 2674 5675 quam
2703 5596 3003 5669 ﬂammis,
3056 5599 3109 5653 et
3146 5590 3491 5673 $enonensis,
3541 5593 3595 5654 et
