3958 6224
370 299 488 362 135

1665 296 1734 363 Β.
1780 301 2079 366 URBANI
2122 300 2175 364 II
2219 300 2471 365 PAP/E.

3660 298 3781 387 {se

369 434 691 489 Turonensis
739 431 1135 505 archiepiscopi
1187 446 1312 488 suos
1358 434 1730 505 suffragancos
1770 436 2007 489 invitav-
2039 435 2095 502 Α
2123 433 2492 502 'l‘recensi,ct
2512 432 2698 487 eidem
2728 430 2986 487 Waltero
3018 428 3297 487 Meldensi
3323 429 3639 503 episcopis,
3673 432 3776 502 qui

362 525 543 579 erant.
574 521 723 579 Cum
780 526 978 578 tamen
1026 520 1253 578 nullam
1312 526 1456 577 tunc
1487 522 1776 594 synodum
1821 522 2019 578 Trecis
2124 523 2495 595 praevaricati,
2520 524 2586 577 ut
2605 519 2703 576 ille
2728 525 2933 576 auctor
2951 520 3173 588 scribit,
3200 521 3582 587 fuerant,non
3598 520 3778 575 modo

367 610 716 669 celebratam
763 608 1154 679 inveniamus,
1200 611 1323 667 haec
1370 611 1500 684 ipsa
1547 611 1693 667 forte
1740 614 1851 678 est,
1888 628 2016 683 quas

352 700 524 772 apud
546 703 757 756 Remos
778 698 888 756 hoc
909 716 1061 755 anno
1084 716 1285 755 mense
1299 698 1647 772 Septembri,
1661 705 1727 755 ut
1741 699 2014 766 vidimus,

362 789 440 849 ab
488 788 636 860 ipsis
681 787 873 843 tribus
921 786 1376 861 archiepiscopis
1433 788 1633 843 habita
1679 787 1808 853 fuit,
1856 788 2013 843 haud

362 877 616 936 dubium
637 876 698 933 in
718 876 869 934 hanc
888 877 1092 933 urbem
1116 876 1419 944 translata,
1438 876 1614 948 quod,
1636 878 1699 931 ut
1727 893 1795 932 ex
1824 875 2013 931 Clario

358 965 824 1034 observavimus,
846 964 1180 1037 Raynoldus
1214 964 1520 1021 Remensis
1549 964 1814 1032 antistes,
1847 965 2014 1019 infir-

367 1053 567 1113 mitate
622 1054 916 1118 detentus,
942 1057 1106 1109 extra
1138 1053 1343 1109 urbem
1390 1070 1560 1109 suam
1591 1052 1863 1126 progredi
1894 1070 2010 1109 non

356 1142 809 1215 valeretzatque
845 1158 912 1199 eo
950 1145 1119 1214 pacto
1153 1140 1301 1197 illud
1323 1140 1658 1209 concilium,
1694 1158 1810 1197 non
1842 1157 2011 1197 occa-

360 1232 528 1291 sione
540 1232 667 1303 jam
688 1230 816 1287 latae
838 1230 1485 1298 excommunicationis,
1502 1247 1638 1286 nam
1656 1230 2009 1287 Eduensem

358 1321 648 1392 synodum
700 1319 1016 1392 praecessit,
1062 1318 1271 1375 fuisset
1320 1318 1607 1375 indictum
1644 1336 1658 1387 ;
1704 1320 1807 1375 sed
1856 1320 2009 1391 quod

359 1409 667 1482 Philippus
721 1409 779 1465 id
840 1412 905 1464 ut
935 1410 1100 1464 fleret
1150 1408 1209 1463 in
1244 1409 1465 1480 synodo
1518 1408 1819 1475 ﬁduensi,
1853 1408 2009 1480 quod

352 1514 556 1557 revera
592 1497 857 1569 contigit,
885 1500 1200 1553 vereretur.
1235 1496 1309 1552 Ut
1349 1499 1415 1552 ut
1443 1496 1639 1564 fuerit,
1674 1513 1743 1552 ex
1773 1496 2011 1553 laudata

356 1586 552 1644 Ivonis
579 1585 828 1659 epistola
856 1584 1163 1651 discimus,
1196 1583 1531 1657 Philippum
1572 1584 1681 1641 hac
1720 1585 2010 1642 sententia

355 1679 769 1747 exasperatum
820 1672 1044 1746 legatos
1110 1673 1184 1729 ad
1232 1673 1534 1729 Urbanum
1589 1674 1845 1742 misisse,
1905 1674 2007 1746 qui

358 1765 744 1835 impuru'tatem
772 1763 939 1834 hujus
966 1763 1197 1835 ﬂagitii,
1230 1762 1315 1818 sic
1354 1761 1615 1834 loquitur
1656 1762 1771 1831 Ivo,
1797 1779 1831 1817 a
1867 1779 2005 1834 pon-

358 1854 501 1924 tiﬁce
528 1851 916 1925 postularent,
945 1852 1137 1907 minas
1167 1851 1532 1918 intentaturi,
1550 1855 1615 1907 ut
1642 1851 1757 1907 nisi
1788 1852 1908 1924 regi
1930 1851 2006 1908 ab

358 1940 728 2001 anathemate
749 1938 940 1997 soluto
959 1956 1177 2007 corona,
1202 1939 1261 1994 id
1292 1944 1402 2005 est,
1427 1941 1772 1996 caeremonia
1791 1957 1924 1996 eum
1943 1941 2001 1995 in

359 2030 670 2104 praeipuis
717 2028 1134 2087 festivitatibus
1155 2029 1472 2084 coronandi
1502 2028 1560 2084 in
1594 2028 1853 2086 Ecclesia
1910 2046 2003 2086 re-

357 2120 716 2188 stitueretur,
745 2135 879 2177 cum
910 2117 1067 2174 brevi
1099 2118 1173 2174 ab
1202 2118 1333 2189 ejus
1363 2117 1694 2174 obedientia
1715 2118 2004 2175 discessu-

357 2226 511 2267 rum.
528 2209 627 2267 Ivo
645 2208 885 2276 interea,
909 2208 1009 2279 qui
1037 2206 1173 2262 huic
1191 2206 1435 2264 concilio
1466 2206 1749 2264 interesse
1793 2206 1999 2274 noluit,

356 2300 556 2357 timens
584 2313 655 2355 ne
682 2297 816 2369 quid
851 2304 1041 2352 contra
1061 2294 1361 2367 justitiam,
1385 2303 1481 2351 aut
1521 2295 1701 2351 sedem
1743 2297 2000 2367 apostoli,-

354 2404 476 2445 βοτη
520 2387 807 2445 moliretur
860 2387 958 2441 ille
996 2392 1310 2451 conventus,
1361 2383 1580 2457 quique
1638 2383 1999 2441 adulterinas

353 2475 607 2550 Philippi
629 2473 864 2547 nuptias
882 2473 1073 2547 palam
1096 2479 1154 2531 et
1164 2472 1703 2547 privatim,scriptis
1721 2478 1776 2530 et
1787 2474 1998 2541 verbis,

352 2566 699 2639 impugnare
711 2580 827 2620 non
849 2564 1138 2630 cessabat,
1160 2563 1235 2619 ab
1256 2562 1458 2618 eodem
1479 2578 1615 2634 rege
1635 2562 1706 2617 ad
1720 2562 1999 2634 placitum

353 2656 658 2721 invitatus,
707 2655 792 2711 ire
848 2653 1160 2718 recusavit,
1213 2652 1286 2708 ob
1334 2652 1734 2718 interdictum,
1767 2657 1834 2707 ut
1887 2651 2001 2724 ipsi

353 2742 885 2816 regiscribitepist.
909 2743 998 2810 28,
1023 2740 1077 2796 ei
1098 2740 1172 2796 ab
1203 2740 1435 2795 Urbano
1480 2744 1675 2795 torum
1734 2739 1998 2796 mulieris

355 2832 654 2899 adulteris,
675 2846 851 2903 quam
904 2830 1103 2886 uxoris
1136 2828 1261 2885 loco
1282 2827 1584 2901 illegitime
1609 2829 1859 2886 habebat
1892 2848 1904 2885 :
1936 2831 1995 2885 in

355 2923 527 2994 cujus
556 2919 639 2978 rei
656 2919 862 2976 odium
882 2918 1034 2975 idem
1059 2918 1308 2975 antistes
1327 2918 1386 2974 in
1404 2934 1696 2974 carcerem
1720 2919 1997 2975 inductus

355 3015 466 3079 est,
480 3013 539 3066 et
566 3009 695 3080 eius
730 3006 994 3065 Ecclesiae
1012 3007 1164 3064 bona
1188 3007 1419 3079 direpta
1448 3012 1605 3075 sunt,
1632 3011 1697 3063 ut
1725 3025 1793 3064 ex
1819 3008 1997 3064 variis

356 3101 487 3171 ejus
506 3095 772 3170 epistolis
792 3099 970 3169 patet,
996 3112 1112 3152 non
1133 3095 1370 3168 quidem
1403 3096 1557 3170 regis
1565 3097 1763 3167 jussu,
1778 3100 1881 3153 sed
1895 3096 1995 3169 qui

2124 612 2359 684 culpam
2408 610 2674 677 remisit;
2706 626 2908 667 verum
2969 608 3144 665 etiam
3178 607 3483 683 Hugonem
3513 607 3777 681 legatum

2125 717 2299 756 suum
2321 717 2388 756 eo
2410 699 2624 772 adegit,
2641 699 2794 755 datis
2816 698 3012 754 Romae
3043 690 3273 764 litteris,
3298 701 3366 753 ut
3391 713 3493 754 eos
3523 696 3583 752 in
3619 686 3779 753 com-

2124 789 2404 845 munione
2422 793 2480 844 et
2502 788 2661 860 pacis
2678 787 2881 844 osculo
2902 787 3202 860 reciperet.
3234 788 3416 843 Nemo
3441 790 3641 843 tamen
3662 786 3777 842 sibi

2122 879 2476 950 persuadeat
2505 877 2805 933 Urbanum
2830 893 3090 949 unquam
3122 875 3243 932 illis
3273 875 3529 949 Philippi
3551 875 3779 948 nuptiis

2121 967 2514 1032 consensisse,
2538 970 2637 1021 aut
2663 965 2875 1022 saltem
2898 966 3203 1037 cupiditati
3234 965 3427 1038 regie,
3459 966 3534 1019 ob
3562 964 3780 1019 buma-

2121 1072 2231 1111 nos
2286 1056 2529 1112 timores
2590 1072 2706 1111 non
2766 1054 2910 1110 satis
2963 1053 3211 1109 viriliter
3252 1052 3562 1124 restitisse,
3595 1056 3662 1108 ut
3694 1052 3775 1108 ibi

2116 1145 2359 1201 innuero
2386 1146 2617 1200 videtur
2672 1144 2837 1217 Hugo
2896 1143 3371 1199 Flaviniacensis.
3397 1142 3438 1197 E
3467 1142 3770 1198 contrario

2119 1238 2344 1290 certum
2365 1238 2451 1289 est
2473 1250 2607 1290 eum
2641 1232 2749 1288 hac
2779 1232 2839 1287 in
2872 1249 2931 1288 re
2963 1249 3267 1305 nunquam
3300 1249 3335 1288 a
3360 1247 3494 1288 vero
3526 1235 3584 1287 et
3615 1234 3775 1286 recto

2118 1323 2442 1391 deﬂexisse,
2469 1327 2534 1378 ut
2562 1326 2722 1396 patet
2750 1339 2818 1377 ex
2848 1323 2978 1394 ejus
3008 1320 3259 1395 epistola
3286 1322 3357 1377 ad
3398 1319 3775 1393 Raynoldum

2120 1410 2468 1469 Remensem
2502 1411 3005 1484 archiepiscopum
3037 1428 3101 1466 ac
3131 1412 3260 1483 ejus
3281 1409 3688 1482 suﬂ‘raganeos
3705 1423 3780 1465 ea

2118 1502 2189 1557 de
2218 1518 2276 1557 re
2304 1502 2460 1557 data.
2496 1502 2616 1557 Imo
2670 1501 2794 1573 ipse
2854 1502 2966 1569 Ivo,
2994 1516 3169 1573 quem
3201 1513 3378 1555 nemo
3423 1497 3635 1554 dixerit
3664 1497 3779 1554 hac

2116 1590 2175 1646 in
2206 1607 2267 1645 re
2297 1590 2677 1656 Urbano,aut
2718 1589 2994 1661 cuiquam
3046 1588 3361 1644 hominum
3418 1587 3773 1660 pepercisse.

2116 1678 2287 1751 epist.
2327 1679 2400 1733 30
2430 1678 2502 1734 ad
2560 1677 2868 1734 Fulconem
2901 1676 3368 1733 Bellovacensem
3400 1676 3773 1749 episcopum,

2114 1767 2253 1823 talia
2284 1767 2530 1823 fortasse
2586 1766 2961 1839 cogitantem,
3009 1767 3081 1821 ad
3113 1766 3612 1839 perseverantiam
3665 1764 3779 1820 ad-

2114 1855 2404 1923 hortatur,
2426 1856 2595 1927 eique
2622 1855 2923 1927 exemplar
2950 1854 3278 1911 litterarum
3302 1853 3604 1927 pontiﬁcis
3635 1858 3775 1927 post

2112 1943 2439 2017 legatorum
2464 1944 2616 2016 regis
2637 1944 2964 2000 discessum
2978 1945 3442 2016 conscripturum
3462 1942 3774 1998 transmit—

2110 2034 2201 2099 tit,
2230 2039 2294 2089 ut
2341 2034 2563 2101 sciatis,
2595 2034 2813 2106 inquit,
2843 2036 2976 2104 quia
3016 2034 3244 2089 domnus
3291 2048 3453 2105 papa,
3498 2033 3603 2087 etsi
3654 2047 3771 2088 non

2110 2123 2397 2188 antecedit,
2432 2140 2542 2179 non
2567 2126 2751 2178 tamen
2778 2131 2925 2179 retro
2955 2122 3115 2178 cedit.
3150 2125 3221 2177 At
3268 2122 3367 2194 qui
3426 2121 3547 2195 regi
3611 2114 3771 2177 fave-

2112 2212 2253 2267 bant
2274 2211 2332 2267 id
2360 2213 2713 2285 spargebant
2742 2211 2800 2266 in
2829 2211 3063 2284 vulgus,
3088 2211 3246 2283 quod
3277 2227 3483 2267 ansam
3516 2210 3771 2283 praebuit

2114 2301 2337 2374 Hugoni
2367 2300 2787 2357 Flaviniacensi
2819 2304 2875 2356 et
2905 2300 3049 2356 forte
3075 2299 3207 2356 aliis
3254 2298 3555 2356 nonnullis
3587 2298 3769 2372 paulo
3793 2339 3809 2347 -

2110 2390 2353 2446 liberius
2408 2390 2517 2445 hac
2571 2389 2874 2446 occasione
2931 2390 3004 2445 de
3045 2390 3278 2446 Urbano
3323 2388 3627 2462 loquendi,
3661 2389 3767 2445 sed

2110 2477 2402 2535 immerito
2426 2478 2614 2550 plane.
2638 2478 2752 2533 Nec
2792 2478 3105 2534 defuerunt
3133 2478 3310 2534 etiam
3338 2478 3442 2551 qui
3474 2493 3761 2533 conaren-

2108 2572 2205 2621 tur
2227 2566 2457 2621 lvonem
2476 2566 2547 2621 ad
2590 2566 2743 2638 regis
2764 2570 2958 2637 partes
2989 2565 3300 2633 attrahere,
3326 2570 3428 2621 aut
3456 2563 3671 2621 saltem
3703 2566 3760 2620 ei

2108 2654 2457 2727 persuadere
2478 2658 2543 2708 ut
2557 2670 2679 2709 rem
2702 2652 3121 2710 dissimularet.
3143 2654 3202 2709 Id
3222 2653 3618 2726 probantduaa
3631 2655 3766 2726 ejus

2108 2742 2367 2816 epistolis
2399 2743 2470 2797 23
2494 2742 2717 2798 scilicet
2746 2747 2803 2798 et
2837 2744 2903 2796 47
2932 2743 3004 2797 ad
3036 2743 3348 2797 Widonem
3380 2741 3535 2814 regis
3591 2742 3762 2815 dapi-

2109 2831 2434 2903 ferum,qui
2466 2847 2599 2886 eum
2621 2831 2694 2886 ad
2716 2832 3085 2887 concordiam
3109 2832 3219 2888 sub
3261 2831 3370 2887 hac
3396 2832 3590 2903 specie
3621 2848 3760 2887 cum

2107 2937 2239 2993 rege
2270 2921 2584 2976 ineundam
2637 2920 2997 2988 invitaverat,
3033 2922 3132 2976 sed
3180 2920 3505 2976 incassum.
3534 2919 3762 2993 Cceptis

2106 3009 2322 3082 quippe
2380 3009 2613 3065 fortiter
2669 3009 2839 3065 haesit
2879 3009 3206 3081 intrepidus
3237 3010 3508 3079 antistes,
3536 3008 3761 3065 Urbani

2104 3098 2335 3167 litteris,
2359 3114 2507 3170 quas
2527 3115 2595 3154 ea
2614 3099 2687 3154 de
2711 3116 2772 3155 re
2792 3099 2864 3153 ad
2883 3097 3350 3170 archiepiscopos
3373 3102 3429 3154 et
3450 3099 3763 3171 episcopos

353 3188 464 3245 hoc
489 3187 564 3244 ab
592 3185 725 3243 aliis
781 3186 1002 3243 factum
1059 3184 1490 3241 dissimulabat.
1522 3185 1644 3240 Imo
1674 3201 1831 3251 vero,
1862 3202 1997 3242 cum
2028 3173 2072 3239 C
2111 3187 2431 3245 Galliarum
2450 3187 2603 3242 idem
2618 3186 2876 3259 pontifex
2893 3187 3766 3259 scripseratcommunitus;un~

354 3294 454 3334 cex
474 3276 747 3335 eumdem
769 3275 1001 3332 lvonem
1029 3275 1102 3331 ad
1124 3273 1434 3330 concilium
1456 3274 1779 3343 invitasset,
1798 3281 1997 3332 tamen

353 3384 471 3424 non
531 3365 722 3423 solum
771 3368 846 3433 ei,
878 3380 997 3437 qua
1041 3363 1112 3420 de
1170 3380 1232 3419 re
1288 3361 1461 3435 epist.
1494 3363 1565 3418 35
1595 3364 1994 3435 conqueritur,

354 3460 749 3513 commeatum
797 3454 1098 3528 providere
1144 3452 1359 3519 renuit,
1393 3451 1497 3507 sed
1555 3452 1734 3507 etiam
1792 3452 1995 3521 vetuit,

352 3551 418 3602 ut
436 3547 688 3620 ipsemet
706 3548 957 3601 testatur
979 3543 1095 3609 Ivo,
1116 3543 1290 3614 epist.
1312 3543 1405 3608 28,
1438 3556 1511 3597 ne
1540 3541 1720 3597 ullum
1750 3541 1824 3609 ei,
1839 3543 1994 3613 quod

351 3640 547 3693 nmen
585 3636 939 3707 prmceperat
982 3631 1262 3703 pontifex,
1290 3637 1699 3686 sacramentum
1743 3629 1809 3685 de
1845 3647 1998 3686 secu-

351 3727 516 3782 ritate
546 3722 878 3795 fieret.Hinc
898 3722 991 3775 Ivo
1011 3718 1181 3774 tmdio
1202 3718 1468 3784 affectus,
1494 3722 1551 3773 et
1578 3722 1663 3773 tot
1690 3719 1996 3775 turbarum

353 3822 634 3886 pertzssus
687 3810 919 3865 Urbano
979 3824 1095 3862 non
1148 3805 1329 3862 semel
1383 3805 1637 3877 scripsit,
1699 3811 1763 3862 ut
1815 3808 1865 3864 ei
1925 3809 1997 3864 ab

353 3898 791 3975 episcopalibus
821 3896 980 3953 curis
996 3894 1288 3960 absoluto,
1312 3894 1599 3966 privatam
1620 3894 1799 3953 vitam
1829 3913 1998 3970 agere

352 3990 733 4065 permitteret.

533 4075 768 4134 CLXIII.
805 4075 1056 4132 Urbanus
1086 4090 1211 4129 cum
1240 4088 1365 4144 rege
1389 4073 1662 4132 moderate
1680 4079 1815 4147 agit.

424 4169 706 4224 Caetérum
751 4164 1022 4221 Urbanus
1052 4166 1185 4235 post
1222 4162 1533 4219 concilium
1564 4166 1872 4234 Eduense,
1905 4183 1997 4222 re-

355 4261 524 4331 cepta
554 4253 808 4327 Philippi
837 4252 1148 4326 legatione,
1172 4268 1347 4324 quam
1377 4268 1447 4309 ex
1476 4253 1667 4310 Ivonis
1696 4254 1867 4327 epist.
1926 4257 1997 4311 46

353 4364 537 4421 supra
563 4342 1040 4413 memoravimus,
1060 4341 1368 4398 remissius
1396 4358 1532 4398 cum
1552 4359 1617 4398 eo
1638 4344 1997 4416 egissevide-

353 4442 485 4505 tur;
514 4434 670 4509 quod
730 4433 876 4490 forte
931 4432 1082 4489 hanc
1121 4447 1380 4500 causam,
1410 4448 1537 4504 quas
1568 4449 1708 4489 sane
1735 4433 1997 4491 difﬁcilis

2108 3278 2180 3332 de
2202 3276 2315 3345 Ivo,
2339 3275 2512 3331 sicuti
2550 3291 2781 3347 semper
2800 3276 3031 3338 fecerat,
3057 3275 3248 3332 invehi
3290 3292 3408 3331 non
3441 3276 3675 3332 destitit
3704 3276 3762 3332 in

2107 3382 2205 3423 eos
2234 3365 2559 3437 episcopos,
2583 3382 2732 3437 quos
2753 3364 3025 3421 credebat
3042 3365 3196 3437 regis
3218 3364 3763 3437 pravitatinimium

2108 3454 2428 3527 indulgere.

2108 3561 2343 3633 CLXIV.
2378 3561 2598 3617 Litterae
2656 3560 2861 3617 Urbani
2905 3559 2974 3633 ad
3023 3561 3273 3633 comitem
3309 3560 3635 3615 Tolosanum
3661 3576 3764 3633 pro

2176 3632 2472 3697 Moissiaco,
2497 3635 2547 3687 et
2576 3633 2879 3686 cremeterio
2911 3631 3083 3688 beata:
3111 3632 3303 3688 Maria
3342 3633 3652 3688 Dcauratae.

2178 3721 2368 3776 Pauca
2379 3725 2694 3792 antequam
2709 3719 2865 3775 hunc
2883 3736 3102 3775 annum
3122 3720 3499 3777 absolvemus
3511 3720 3766 3777 dicenda

2109 3814 2248 3865 sunt
2277 3810 2349 3864 de
2372 3808 2669 3864 nonnullis
2702 3808 2916 3863 Urbani
2943 3807 3228 3880 epistolis,
3262 3825 3390 3881 quae
3441 3808 3552 3864 etsi
3603 3809 3763 3865 notis

2106 3897 2365 3954 chronici
2403 3897 2694 3953 destitutae
2729 3897 2867 3963 sint,
2891 3913 2960 3952 ex
2998 3896 3070 3953 iis
3101 3901 3296 3953 tamen
3329 3914 3457 3969 qum
3493 3897 3765 3971 comple-

2106 3991 2363 4053 ctuntur,
2387 3986 2657 4042 videntur
2674 3985 2872 4058 potius
2888 4003 3041 4042 anno
3066 3984 3336 4058 praesenti
3366 4003 3547 4058 quam
3586 3986 3761 4045 alteri

2106 4077 2316 4133 debere
2338 4075 2570 4148 illigari.
2604 4079 2768 4131 Certe
2796 4091 2865 4131 ex
2911 4075 2986 4130 iis
3042 4074 3342 4131 nonnullae
3381 4075 3540 4131 ultra
3601 4076 3765 4132 hunc

2105 4180 2327 4221 annum
2383 4163 2601 4219 differri
2658 4180 2774 4219 non
2822 4168 3091 4236 possunt.
3119 4164 3315 4220 Prima
3345 4181 3413 4221 ex
3442 4164 3517 4221 iis
3546 4168 3641 4221 est
3689 4167 3765 4222 ad

2105 4252 2484 4312 Guillelmum
2506 4252 2781 4309 comitem
2802 4253 3176 4324 Tolosanum,
3196 4253 3257 4309 in
3291 4270 3408 4325 qua
3424 4253 3583 4309 hunc
3597 4254 3767 4327 prin-

2105 4344 2294 4416 cipem
2325 4341 2527 4398 laudat
2547 4342 2804 4414 pontifex
2825 4342 2898 4397 ob
2926 4343 3024 4414 pia
3051 4342 3321 4413 quadam
3376 4342 3509 4413 ejus
3556 4359 3763 4416 opera,

2104 4437 2163 4490 et
2198 4430 2502 4487 tuitionem
2536 4430 2595 4486 in
2646 4430 3004 4487 monasteria
3054 4430 3472 4487 Moissiacense
3494 4436 3551 4487 et
3584 4432 3767 4489 Laza-

352 4530 477 4583 erat
532 4529 589 4581 et
642 4522 882 4580 maximi
939 4522 1240 4595 momenti,
1276 4521 1333 4575 in
1393 4520 1733 4578 Placentina
1776 4524 1996 4596 synodo
2025 4540 2072 4606 D
2104 4527 2269 4577 tenze
2293 4520 2631 4595 irrogatam.
2655 4520 2807 4575 Tum
2840 4523 2897 4575 et
2926 4518 3214 4592 indulget,
3235 4524 3301 4575 ut
3332 4521 3672 4577 coemeterio
3704 4521 3766 4576 in

352 4614 683 4673 accuratius
741 4629 877 4669 cum
936 4611 1159 4668 caeteris
1186 4610 1475 4683 episcopis
1512 4610 1842 4667 examinare
1874 4612 1991 4675 iam

351 4705 736 4762 decrevisset:
769 4702 976 4759 exinde
1033 4705 1229 4756 tamen
1277 4698 1546 4754 nonnulli
1578 4698 1857 4772 episcopi,
1892 4702 1992 4773 qui

351 4799 521 4853 antea
549 4794 668 4867 regi
701 4792 871 4866 plane
910 4789 1393 4855 adversabantur,
1427 4786 1795 4859 aliquantum
1851 4790 1992 4845 titu-

350 4885 489 4942 bare
517 4885 1003 4955 cmperunt,'quos
1017 4878 1146 4934 Ivos
1176 4876 1236 4931 in
1266 4876 1455 4949 primo
1478 4877 1778 4949 proposito
1790 4878 1997 4934 conﬁr-

352 4989 513 5027 mare
543 4972 709 5026 nisus
739 4973 846 5024 est.
881 4972 1005 5022 Huc
1036 4982 1246 5037 nempe
1306 4964 1557 5019 revocari
1611 4964 1822 5020 debere
1878 4983 1992 5021 non

352 5059 693 5115 dubitamus
721 5057 850 5127 ejus
878 5053 1189 5127 epistolam
1219 5053 1307 5121 46,
1332 5053 1390 5108 in
1415 5069 1531 5124 qua
1562 5052 1820 5109 Waltero
1852 5054 1993 5109 Mel-

353 5145 521 5204 densi
553 5146 827 5217 episcopo
857 5144 943 5200 sic
970 5143 1179 5198 scribit
1211 5160 1224 5197 :
1262 5142 1414 5197 Vobis
1463 5141 1704 5207 consulo,
1736 5146 1799 5196 ut
1841 5142 1996 5214 regis

350 5235 686 5307 oonjugium,
718 5233 859 5305 quod
904 5237 1030 5289 ante
1073 5234 1280 5303 factum
1308 5232 1527 5286 ratione
1552 5231 1832 5285 resistente
1885 5246 1996 5285 non

353 5324 655 5385 taudastis;
678 5330 802 5395 post
817 5325 1024 5394 factum
1052 5337 1151 5377 nec
1176 5320 1316 5376 dicto
1345 5333 1446 5372 nec
1499 5318 1642 5386 facta
1698 5317 1997 5375 inconsulte

350 5412 677 5486 approbatis.
712 5411 871 5468 Idem
903 5410 1217 5467 dicendum
1239 5408 1311 5462 de
1341 5402 1608 5474 ejusdem
1638 5403 1885 5474 epistola
1923 5407 1996 5462 ad

354 5500 666 5558 Fulconem
686 5499 1151 5558 Bellovacensem
1173 5491 1423 5549 interius
1452 5489 1765 5547 laudanda.
1781 5492 1929 5557 Quin
1941 5499 2000 5551 et

351 5589 688 5677 pontifex,si
699 5588 928 5667 Hugoni
947 5578 1371 5649 Flavianicensi
1387 5577 1719 5656 credamus,
1732 5578 1879 5639 Phili
1884 5598 1997 5661 ppo

2102 4615 2281 4667 beata:
2313 4608 2503 4663 Mariae
2535 4607 2778 4663 ecclesia
2809 4608 3101 4675 instituto,
3136 4607 3218 4663 ibi
3260 4624 3395 4663 cum
3427 4624 3539 4665 sua
3597 4610 3763 4665 omni

2104 4701 2236 4771 ejus
2258 4696 2535 4770 progenie
2560 4695 2733 4751 liceat
2759 4694 3010 4768 sepeliri.
3034 4697 3097 4751 In
3121 4695 3230 4752 hac
3247 4696 3498 4769 epistola
3530 4713 3765 4754 memo-

2103 4794 2194 4845 rat
2221 4787 2489 4843 Urbanus
2520 4785 2666 4842 alias
2696 4784 2921 4841 litteras
2943 4802 2976 4839 a
3005 4802 3067 4842 se
3100 4785 3161 4840 in
3189 4785 3489 4857 Asquilini
3523 4787 3765 4843 abbatis

2104 4875 2537 4934 Moissiacensis
2575 4874 2824 4945 gratiam
2855 4874 3025 4930 datas
3056 4874 3329 4947 episcopo
3384 4876 3759 4944 Caturcensi,

2102 4983 2247 5039 quas
2278 4982 2392 5037 prie
2450 4963 2725 5021 manibus
2776 4963 3064 5019 habemus
3105 4980 3173 5019 ex
3200 4964 3326 5019 cod.
3362 4979 3474 5019 ms.
3512 4964 3576 5019 in
3639 4980 3765 5037 quo

2106 5054 2391 5111 Guillelmo
2421 5053 2549 5122 ejus
2579 5052 2741 5107 urbis
2771 5052 3044 5124 episcopo
3076 5051 3371 5124 inscripta:
3415 5051 3758 5119 habentur;

2104 5143 2205 5199 sed
2236 5156 2369 5195 cum
2402 5138 2601 5195 nullus
2625 5141 2754 5211 ejus
2789 5140 3064 5209 nominis,
3096 5141 3326 5197 vivente
3353 5139 3614 5209 Urbano,
3647 5141 3766 5197 Ca-

2102 5227 2364 5286 turcensi
2414 5226 2679 5285 Ecclesiae
2735 5228 3030 5300 praefuerit
3083 5227 3414 5300 episcopus,
3447 5244 3660 5285 vereor
3690 5243 3764 5285 ne

2106 5320 2166 5374 in
2180 5315 2480 5371 referendo
2501 5332 2568 5371 eo
2593 5316 2831 5371 nomine
2861 5333 3022 5371 error
3050 5316 3109 5371 in
3142 5316 3399 5372 codicem
3430 5314 3759 5390 irrepserit,

2105 5404 2419 5479 legendum
2441 5403 2599 5459 haud
2630 5404 2807 5459 dubie
2839 5403 3097 5473 Gerardo,
3119 5405 3218 5477 qui
3240 5409 3361 5460 toto
3392 5404 3762 5460 Urbanivitte

2105 5500 2368 5566 tempore
2390 5492 2536 5548 rexit
2559 5491 2710 5549 hanc
2755 5491 3073 5549 Ecclesiam
3099 5511 3111 5550 :
3134 5494 3290 5552 unde
3321 5492 3535 5565 conjici
3566 5498 3763 5567 potest

2106 5583 2169 5645 in
2202 5579 2503 5658 primariis
2532 5581 2662 5657 ejus
2691 5580 2947 5659 epistola
2974 5582 3257 5660 exemplis
3270 5582 3764 5663 primamsolum-
