3958 6224
168 313 283 373 13Ἶ

1843 316 2055 380 VITA.

3476 324 3594 386 £38

172 445 343 501 modo
372 443 507 516 ejus
538 444 806 500 nominis
838 444 1090 501 litteram
1132 446 1198 501 Θ.
1248 446 1574 519 appositam
1626 447 1828 518 fuisse,
1861 457 1915 523 Α
1946 450 2176 526 CLXVl.
2242 452 2487 526 Urbanus
2522 455 2578 506 in
2620 454 2825 526 Tuscia
2879 456 3161 526 praevalet.
3221 456 3485 515 Henricus
3533 458 3594 513 in

170 530 346 607 quam
382 528 787 594 amanuenses
820 540 1033 591 temere
1057 535 1129 591 ad
1161 536 1540 592 Guillelmum
1593 555 1696 609 pro
1728 539 1835 617 Ge.-

172 624 344 679 rardo
373 623 767 679 deﬂexerunt.
799 624 964 699 Certe
993 625 1363 697 Aymericum
1408 626 1611 698 Peyrat
1659 628 1838 682 abba-

173 719 292 768 tem
324 712 642 785 Moissyaci
672 713 732 767 in
766 712 1051 768 Chronico
1083 714 1182 784 qui
1214 731 1333 781 eas,
1378 714 1462 769 uti
1510 715 1611 782 ait,
1662 705 1847 771 refert

171 800 559 870 ex‘originale,
595 801 699 856 sed
734 801 888 873 quod
908 803 1002 857 vix
1032 802 1140 871 legi
1169 807 1411 874 poterat,
1440 802 1499 858 in
1531 803 1732 859 multis
1754 821 1840 859 er-

172 906 336 945 rasse
366 907 438 945 ex
469 889 601 962 ipso
631 890 762 961 ejus
789 889 1124 945 authentico
1153 896 1328 962 patet,
1357 892 1511 962 quod
1537 892 1591 946 in
1622 892 1834 947 Biblio-

172 980 339 1035 theca
362 977 703 1035 Colbertina
725 985 1074 1035 asservatur.
1110 980 1282 1035 Porro
1313 980 1442 1035 ideo
1473 980 1580 1035 has
1610 980 1833 1037 litteras

173 1068 246 1123 ad
277 1075 630 1140 praesentem
659 1083 879 1123 annum
922 1064 1285 1136 revocamus,
1320 1070 1475 1141 quod
1527 1069 1635 1124 hoc
1683 1070 1831 1141 ipso,

172 1161 275 1212 aut
305 1153 468 1211 certe
527 1172 682 1211 anno
742 1156 1031 1229 sequenti,
1088 1154 1437 1212 Guillelmus
1486 1158 1833 1213 comitatum

172 1245 401 1301 Tolosae
432 1243 719 1316 abjecisse
742 1244 1026 1313 videatur;
1073 1247 1418 1318 praecedenti
1476 1263 1630 1313 vero,
1687 1264 1831 1302 non-

171 1334 314 1389 dum
343 1331 596 1389 ecclesia
624 1333 849 1389 Sanctae
879 1334 1069 1389 Mariae
1101 1335 1171 1389 ad
1205 1334 1567 1406 sepeliendos
1592 1336 1833 1392 comites

172 1418 461 1495 deputata
481 1422 677 1488 fuerit,
710 1426 779 1477 ut
807 1426 963 1495 patet
992 1440 1060 1479 ex
1088 1423 1671 1480 veteri‘instrumento
1695 1425 1831 1480 anni

171 1513 313 1569 1093
345 1512 504 1585 apud
529 1509 814 1566 Catellum
846 1511 1049 1567 relati:
1101 1529 1217 1585 quo
1253 1516 1381 1585 post
1429 1512 1635 1585 longas
1682 1513 1833 1568 inter

167 1601 457 1657 ecclesias
486 1600 683 1656 Sancti
734 1598 1013 1672 Stephani
1066 1607 1123 1656 et
1153 1600 1347 1657 Sancti
1399 1603 1695 1657 Saturnini
1731 1619 1831 1674 pro

160 1692 297 1762 jure
320 1689 1138 1761 cmmetcriiconcertationes,
1156 1694 1445 1746 statutum
1476 1707 1543 1746 ex
1573 1690 1829 1762 partium

168 1795 471 1835 consensu
503 1779 575 1834 ab
591 1778 790 1834 Isarno
805 1778 1092 1835 Tolosano
1108 1778 1449 1852 czeterisque
1465 1780 1829 1852 comprovin-

2137 524 2529 591 Longobardia.
2563 524 2891 581 Placentina
2910 526 3144 597 synodus
3176 529 3399 585 indicta.

2021 610 2203 665 Roma
2242 612 2573 683 jamdudum
2633 613 2868 685 exierat,
2903 619 2967 669 ut
3022 613 3329 672 Bertoldus
3371 617 3596 685 scribit,

1947 697 2379 765 Urbanus,cum
2402 701 2512 756 sub
2531 701 2710 774 hujus
2739 704 2877 760 anni
2901 704 3076 759 tinem
3104 703 3352 761 Natalem
3379 705 3601 763 Domini

1948 788 2007 841 in
2044 788 2229 843 Tuscia
2259 790 2658 857 gloriosissime
2707 793 3034 854 celebravit;
3080 792 3180 849 ubi
3240 792 3599 854 indefessum

1947 892 2186 931 suarum
2212 878 2464 948 partium
2508 879 2872 936 defensorem
2914 881 3173 938 habebat
3219 882 3595 954 Dagobertum,

1946 982 2044 1019 seu
2079 964 2414 1021 Daibertum
2464 967 2785 1025 antistitem
2844 970 3144 1037 Pisanum,
3204 987 3382 1044 quem
3439 971 3597 1030 idem

1947 1053 2224 1124 pontifex,
2259 1059 2323 1110 ut
2352 1055 2629 1121 diximus,
2661 1057 2821 1130 pallii
2854 1058 3074 1117 honore
3112 1060 3362 1134 aliisque
3404 1059 3596 1119 archié

1944 1143 2799 1217 episcopalibusinsignibusac
2821 1149 3059 1219 juribus
3077 1150 3195 1220 iam
3226 1154 3400 1208 antea
3414 1149 3597 1208 dona-

1943 1237 2123 1287 verat.
2157 1232 2420 1288 Octobris
2455 1234 2620 1290 initio
2653 1236 2802 1291 Pisis
2832 1238 3176 1296 versabatur
3218 1238 3509 1309 Urbanus,
3546 1239 3597 1296 si

1944 1319 2237 1375 credimus
2271 1322 2350 1392 (et
2379 1338 2483 1378 cur
2512 1323 2584 1379 iis
2617 1341 2685 1380 ea
2716 1324 2774 1380 in
2807 1329 2969 1398 parte
2999 1343 3115 1383 non
3156 1327 3529 1384 crederemUs
3548 1328 3594 1400 ?)

1942 1406 2015 1460 iis
2051 1407 2259 1464 litteris
2286 1425 2435 1481 quas
2466 1411 2833 1469 llumbaldus
2864 1414 3237 1472 Lemovicum
3284 1416 3595 1488 episcopus

1944 1494 2196 1563 falsavit,
2231 1500 2295 1551 ut
2326 1497 2396 1551 ad
2425 1497 2658 1554 initium
2679 1501 2817 1557 anni
2843 1503 2984 1558 1096
2998 1502 3283 1561 dicemus.
3308 1503 3597 1562 Henricus

1943 1585 2189 1664 interea,
2220 1586 2276 1641 id
2308 1594 2395 1642 est
2421 1589 2529 1643 sub
2560 1588 2739 1662 hujus
2791 1591 2930 1646 anni
2985 1593 3162 1649 finem
3192 1595 3249 1649 et
3295 1591 3595 1664 sequentis

1944 1673 2130 1740 initio,
2166 1680 2231 1729 ut
2284 1677 2661 1749 prosequitur
2718 1679 3047 1746 Bertoldus,
3079 1680 3140 1737 in
3190 1680 3597 1754 Longobardia

1942 1763 2282 1819 morabatur
2306 1782 2445 1837 pene
2474 1770 2628 1823 omni
2656 1771 2807 1838 regia
2839 1769 3106 1840 dignitate
3119 1772 3389 1841 privatus,
3437 1769 3594 1843 qdod

170 1868 427 1925 cialibus
448 1867 743 1939 episcopis
766 1867 893 1934 fuit,
912 1871 975 1923 ut
999 1868 1280 1940 episcopi,
1312 1827 1833 1936 cbmitesurnilites,
1864 1827 1911 1892 Β
1945 1853 2243 1940 Corradus
2274 1855 2403 1925 eius
2464 1856 2642 1922 ﬁlius.
2700 1858 2799 1928 qui
2833 1875 2986 1914 anno
3047 1859 3185 1914 1093
3228 1859 3466 1916 ineunte
3496 1872 3605 1940 rex

171 1974 239 2014 ac
270 1973 481 2013 eorum
525 1972 756 2021 uxores,
800 1973 866 2011 ac
926 1955 1031 2011 filii
1065 1962 1123 2013 et
1153 1958 1284 2011 ﬁliae
1343 1958 1497 2030 apud
1558 1959 1835 2013 Sanctum

172 2046 608 2114 Saturninum;
668 2045 858 2100 caeteri
908 2062 1040 2101 vero
1081 2062 1285 2101 omnes
1343 2047 1495 2119 apud
1555 2048 1836 2102 Sanctum

170 2137 548 2207 Stephanum
582 2133 988 2206 sepelirentur,
1024 2133 1185 2189 nulla
1218 2135 1396 2190 beatae
1435 2135 1623 2189 Maria:
1673 2152 1833 2190 men-

174 2224 335 2279 tione
362 2223 537 2279 facta.
575 2222 719 2278 Hinc
751 2223 984 2279 nonnisi
1014 2228 1148 2295 post
1178 2223 1385 2279 initam
1408 2222 1570 2279 illam
1599 2240 1836 2279 concor-

174 2306 363 2379 diam,
397 2310 771 2380 Guillelmus,
793 2310 891 2383 qui
922 2327 1060 2384 erga
1077 2313 1449 2368 sanctamDei
1486 2312 1835 2368 Genitricem

176 2402 329 2458 bene
362 2400 609 2456 affectus
638 2404 783 2468 erat,
813 2398 886 2455 ab
918 2400 1149 2455 Urbano
1180 2400 1525 2473 impetrasse
1556 2402 1838 2457 dicendus

173 2484 267 2548 est
296 2495 365 2546 ut
388 2495 516 2546 tam
548 2489 676 2561 ipse
706 2505 884 2561 quam
917 2489 1008 2545 sui
1042 2490 1255 2562 posteri
1290 2490 1348 2544 in
1363 2492 1491 2562 ejus
1523 2489 1837 2562 percelebri

175 2580 427 2636 basilica
454 2577 924 2635 tumularentur:
962 2595 1137 2650 quam
1162 2579 1378 2634 Urbani
1401 2579 1837 2634 concessionem

177 2667 487 2727 Paschalis
519 2667 569 2723 II
597 2668 727 2740 ejus
743 2683 1047 2723 successor
1059 2672 1260 2739 postea
1281 2669 1664 2723 conﬁrmavit.
1686 2668 1838 2723 Visi-

175 2764 278 2814 tur
336 2757 628 2829 hodieque
687 2750 747 2812 in
778 2772 846 2811 ea
904 2754 1168 2821 ecclesia,
1202 2756 1375 2829 vulgo
1416 2757 1600 2813 Beatas
1648 2757 1839 2813 Maria:

176 2848 484 2903 Deauratas
516 2846 614 2918 (La
642 2844 916 2916 Daurade)
956 2845 1129 2915 dicta,
1163 2862 1288 2917 qua:
1343 2849 1553 2901 nostra:
1600 2862 1841 2918 congre-

177 2936 403 3010 gationi
437 2935 638 2991 Sancti
653 2934 837 2989 Mauri
856 2924 1080 2989 ordinis
1103 2928 1460 2990 Benedictini
1482 2934 1713 2989 addicta
1730 2939 1838 3003 est,

178 3024 555 3097 epitaphium
589 3024 769 3079 unius
798 3039 867 3077 ex
894 3021 1119 3077 Alfonsi
1150 3023 1382 3078 comitis
1422 3022 1579 3091 filiis,
1630 3024 1841 3079 saeculo

177 3114 455 3186 sequenti
485 3113 545 3167 in
575 3112 747 3168 cunis
776 3112 1015 3179 mortui,
1040 3112 1321 3167 marmori
1373 3113 1746 3185 inscriptum,
1781 3113 1839 3166 in

1946 1939 2122 1996 Italiae
2154 1943 2524 2000 renuntiatus
2556 1946 2762 2013 fuerat,
2782 1946 3393 2015 Mathildicomitissaa,
3424 1934 3593 2007 caete-

1947 2030 2147 2101 risque
2177 2031 2371 2087 Sancti
2408 2033 2579 2100 Pctri,
2615 2035 2699 2089 uti
2732 2050 2832 2091 eos
2877 2035 3271 2108 appellabant,
3321 2035 3599 2097 fidelibus

1946 2120 2315 2190 conjunctus,
2346 2123 2537 2175 totum
2569 2122 2745 2176 robur
2774 2122 2998 2194 paterni
3030 2123 3318 2179 exercitus
3352 2122 3411 2179 in
3444 2123 3597 2179 Lon-

1946 2208 2226 2279 gobardia
2257 2208 2559 2275 obtineret;
2590 2226 2770 2282 quare
2802 2210 3080 2282 pontifex,
3113 2212 3284 2281 cujus
3314 2227 3407 2267 res
3454 2210 3597 2269 adeo

1946 2301 2085 2351 tunc
2115 2312 2405 2368 prosperae
2437 2303 2625 2363 erant,
2658 2298 2767 2355 hac
2798 2304 3127 2370 temporum
3158 2298 3592 2371 opportunitate

1947 2384 2094 2439 bene
2150 2386 2437 2441 utendum
2497 2389 2679 2453 ratus,
2739 2389 2795 2441 in
2856 2388 3040 2442 media
3091 2386 3488 2458 Longobardia,
3515 2386 3600 2442 ait

1947 2472 2272 2541 Bertoldus,
2305 2475 2606 2530 incivitate
2629 2477 2971 2545 Placentina,
3003 2477 3148 2531 inter
3169 2478 3308 2547 ipsos
3336 2474 3601 2532 schism-

1947 2563 2099 2629 ti'cos,
2127 2566 2179 2617 et
2207 2567 2397 2618 contra
2426 2565 2568 2635 ipsos
2597 2565 2909 2632 generalem
2938 2564 3207 2636 synodum
3234 2563 3498 2634 condixit,
3527 2562 3601 2619 ad

1947 2667 2113 2722 quam
2139 2653 2411 2723 episcopos
2442 2654 2640 2719 Italiae,
2669 2653 3023 2725 Burgundiaa,
3047 2655 3310 2722 Francia,
3341 2654 3597 2710 Aleman-

1890 2748 1895 2753 ‘
1948 2742 2076 2810 nize,
2109 2742 2398 2813 Bajoariae,
2430 2743 2776 2814 aliarumque
2800 2744 3215 2814 provinciarum
3259 2743 3525 2809 canonica
3550 2741 3602 2798 et

1949 2830 2239 2901 apostolica
2269 2832 2597 2887 auctoritate
2624 2832 2810 2887 missis
2859 2833 3060 2888 litteris
3107 2832 3435 2889 convocavit.
3484 2832 3605 2887 Has

1950 2918 2021 2972 ad
2056 2917 2534 2989 metropolitanos
2566 2920 2870 2977 universos
2901 2921 3284 2981 transmissae
3314 2919 3515 2989 fuisse,
3538 2921 3607 2975 ut

1952 3007 2063 3079 ipsi
2095 3024 2234 3061 suos
2265 3008 2668 3081 suﬂ'raganeos
2702 3025 2835 3065 cum
2867 3010 3180 3071 abbatibus
3208 3010 3295 3066 eis
3324 3008 3609 3080 subjectis

1950 3097 2019 3151 ad
2054 3095 2365 3153 concilium
2400 3098 2735 3166 invitarent,
2769 3098 3058 3156 discimus
3082 3114 3150 3154 ex
3181 3097 3427 3171 epistola
3459 3098 3605 3170 Βαγ-

179 3184 304 3275 quo
337 3200 557 3257 Urbani
590 3218 661 3257 ea
711 3201 782 3275 de
813 3217 872 3255 re
916 3200 1213 3255 decretum
1259 3200 1534 3256 laudatur
1568 3184 1665 3257 his
1715 3217 1818 3256 ver

2033 3184 2111 3240 ldi
2137 3186 2450 3241 Remorum
2485 3186 2910 3260 archiepiscopi
2931 3186 3003 3241 ad
3036 3186 3412 3249 Lambertum
3433 3187 3603 3241 Atre-

177 3292 381 3348 sibus:

332 3425 422 3480 Vir
448 3441 604 3481 sacer
636 3425 886 3480 Urbanus
917 3423 1191 3479 Romanus
1212 3440 1359 3496 papa
1385 3424 1653 3481 secundus

399 3515 524 3569 Esse
551 3514 899 3569 cimeterium
922 3514 1179 3584 praecipit
1206 3512 1304 3569 hoc
1329 3516 1605 3569 comitum.

325 3605 576 3674 Insuper,
608 3609 669 3657 ut
699 3600 891 3668 didici,
910 3603 1066 3673 jubet
1098 3602 1227 3658 illos
1254 3602 1344 3657 hic
1369 3605 1610 3675 sepeliri,

399 3691 563 3747 Sacro
592 3690 856 3747 mandato
884 3691 1093 3747 civibus
1122 3692 1251 3747 inde
1279 3691 1421 3747 dato.

1950 3276 2253 3330 batensem
2275 3273 2618 3347 episcopum
2649 3290 2718 3330 ea
2729 3274 3031 3331 occasione
3048 3275 3284 3347 scripta,
3310 3290 3436 3347 quis
3458 3273 3601 3331 adeo

1948 3365 2102 3420 inter
2132 3362 2350 3419 Urbani
2383 3362 2681 3435 epistolas,
2712 3379 2846 3420 cum
2877 3363 3016 3435 ipsae
3046 3362 3357 3435 pontificiae
3395 3362 3600 3427 littere

1949 3450 2204 3523 amplius
2236 3466 2351 3508 non
2378 3452 2647 3520 existant,
2683 3451 2981 3507 referetur.

2234 3557 2491 3612 CLXVII.
2530 3558 2776 3614 Urbanus
2804 3532 3107 3613 Bononiam
3144 3558 3313 3613 venit.

2022 3645 2360 3701 Pontificem
2394 3645 2669 3702 e'Tuscia
2695 3646 3019 3719 profectum
3035 3645 3357 3702 Bononiam
3389 3643 3604 3701 adiisse

1953 3734 2155 3791 scribit
2206 3732 2654 3802 Gbirardaceus,
2706 3734 2765 3789 in
2798 3734 2926 3806 ejus
2982 3733 3146 3790 urbis
3195 3733 3471 3804 Historia,
3504 3732 3606 3790 ubi

252 3823 422 3880 Circa
448 3823 602 3879 idem
635 3826 874 3894 tempus
909 3822 1214 3879 monachis
1264 3823 1428 3880 Silvae
1478 3824 1715 3896 Majoris
1745 3824 1844 3897 qui
1954 3823 2165 3880 asserit
2194 3840 2325 3878 eum
2352 3841 2564 3897 magno
2586 3840 2719 3879 cum
2737 3827 3018 3897 apparatu
3033 3824 3113 3880 ibi
3132 3822 3313 3880 fuisse
3334 3822 3610 3880 acivibus

185 3912 344 3983 apud
360 3912 647 3967 Sanctum
665 3910 982 3966 Antonium
999 3912 1289 3983 degebant
1317 3912 1562 3968 indulsit
1593 3914 1848 3984 pontifex
1957 3916 2318 3984 susceptum,
2355 3917 2529 3984 atque
2556 3912 2691 3968 inde
2708 3913 3017 3969 abeuntem
3043 3917 3273 3986 septum
3304 3911 3489 3970 fuisse
3507 3911 3612 3968 tri-

184 4008 251 4055 ut
280 4001 339 4055 in
376 4001 612 4072 prOpria
643 3997 896 4055 ecclesia
914 3997 1143 4070 sepeliri
1164 4006 1424 4072 possent,
1455 4006 1848 4074 contraquam
1959 4003 2071 4057 bus
2104 4003 2371 4073 equitum
2415 4001 2866 4058 Bononiensium
2882 4001 3242 4070 cohortibus,
3265 4018 3394 4074 quae
3415 4000 3614 4074 ipsum

186 4108 222 4145 a
250 4090 489 4145 Simone
520 4090 801 4162 episcopo
833 4092 1120 4143 statutum
1155 4088 1362 4157 fuerat,
1393 4093 1458 4145 ut
1488 4106 1557 4145 ex
1584 4090 1849 4162 ejusdem
1959 4090 2392 4146 Claromontem
2424 4107 2613 4162 usque
2634 4091 2923 4146 comitate
2938 4091 3194 4156 fuerunt,
3209 4091 3464 4165 praesidii
3487 4107 3621 4164 pro-

184 4178 446 4234 Simonis
476 4179 878 4233 instrumento
904 4180 1084 4248 patet,
1117 4176 1208 4231 cui
1241 4178 1298 4233 S.
1353 4177 1639 4234 Geraldus
1686 4176 1852 4234 Silva:
1963 4178 2057 4234 cul
2092 4178 2269 4234 dubio
2301 4178 2476 4235 simul
2507 4184 2565 4235 et
2593 4178 2833 4236 honoris
2858 4196 3056 4236 causa.

186 4266 424 4337 Majoris
457 4267 641 4322 abbas
674 4263 1035 4336 subscripsit
1064 4281 1217 4320 anno
1252 4267 1393 4321 1095
1421 4266 1751 4322 defunctus.
1965 4285 2259 4342 CLXVIII.
2293 4287 2540 4342 Urbanus
2570 4288 2841 4358 synodum
2892 4287 3314 4342 Gumteumem
3358 4287 3615 4342 celebrat.

2340 4358 2566 4413 Canusii
2596 4375 2631 4412 a
2660 4358 2915 4413 Mathilde
2944 4359 3236 4430 excipitur.

2039 4446 2321 4501 Eumdem
2354 4449 2491 4501 tunc
2512 4446 2794 4519 temporis
2817 4463 3032 4519 magno
3064 4445 3474 4512 cardinalium,
3496 4443 3619 4516 epi-

1890 4550 1937 4613 D
1972 4551 2281 4606 scoparum
2314 4551 2379 4590 ac
2409 4533 2741 4606 principtim
2774 4534 2953 4591 Italia:
3005 4535 3282 4591 comitatu
3333 4534 3617 4607 stipatum

255 4625 339 4680 Λᾶ
354 4623 541 4695 hujus
556 4637 796 4694 quoque
828 4620 963 4675 anni
1000 4620 1173 4675 ﬁnem
1195 4621 1449 4676 revocari
1485 4622 1860 4693 possevisum
1973 4624 2125 4694 apud
2159 4622 2660 4692 Guardescallum,
2696 4640 2798 4678 seu
2835 4628 2897 4678 ut
2924 4622 3098 4695 vulgo
3129 4621 3458 4695 appellatur
3477 4621 3628 4685 Gua-

184 4720 271 4769 est
300 4713 568 4785 ejusdem
588 4709 890 4783 pontiﬁcis
910 4708 1214 4781 epistolam
1240 4710 1514 4765 Duranno
1535 4712 1851 4766 Avernensi
1964 4710 2227 4780 stallum,
2254 4712 2541 4782 synodum
2561 4712 2839 4768 habuisse
2855 4716 3055 4767 narrat
3087 4711 3383 4782 Sigonius,
3406 4708 3557 4765 libro
3569 4724 3628 4765 Ix

184 4801 603 4876 episc0po,qui
638 4799 1361 4871 annosequentimortuus
1378 4804 1484 4863 est,
1510 4800 1851 4871 inscriptam
1964 4801 2043 4855 De
2076 4815 2254 4869 regno
2287 4798 2484 4867 ltalim;
2516 4801 2670 4871 quod
2703 4801 2880 4855 etiam
2924 4798 3022 4854 alii
3075 4803 3340 4854 auctores
3386 4797 3626 4854 habent.

184 4893 469 4947 adversus
503 4888 875 4944 Bilioncnses
898 4887 1335 4958 eanonicos,qui
1372 4888 1858 4942 immanisacrile-
1970 4889 2035 4942 Et
2065 4886 2303 4959 quidem
2333 4888 2657 4943 Pandulfus
2682 4889 2739 4942 in
2773 4888 2988 4944 Urbani
3008 4887 3160 4953 Vita,
3187 4887 3339 4942 inter
3358 4885 3471 4943 alia
3491 4901 3630 4942 con-

185 4972 1693 5052 gioecclesiam,omnemquesacrametcommunem
1715 4993 1859 5048 sup-
1971 4976 2107 5031 cilia
2139 4992 2265 5046 quae
2299 4975 2371 5027 ab
2404 4990 2470 5029 co
2516 4974 2804 5032 celebrata
2852 4977 3032 5033 fuisse
3087 4980 3391 5043 memorat,
3442 4991 3632 5033 unum

186 5063 1861 5141 pellectilemprioratusSanctiLupi,aCelsinianensior-
1974 5064 2225 5119 occurrit
2277 5064 2768 5121 Ewardaslallense
2826 5068 2885 5120 in
2917 5066 3337 5137 Langobardia:
3396 5067 3455 5121 in
3515 5080 3634 5137 quo

184 5153 767 5212 dinisCluniacensis
796 5152 1145 5209 monasterio
1168 5153 1574 5224 dependentis,
1594 5153 1851 5225 diripue-
1967 5153 2182 5209 factam
2217 5153 2398 5208 fuisse
2428 5153 2827 5224 prmfationem
2852 5156 2922 5210 de
2954 5157 3125 5211 beata
3171 5156 3357 5212 Maria
3405 5152 3630 5232 scribit,

186 5244 477 5301 rant.Haec
491 5242 913 5311 controversia,
935 5257 1112 5313 quam
1148 5246 1459 5296 Durannus
1490 5258 1603 5296 non
1619 5257 1854 5314 compo-
1969 5260 2096 5315 qua:
2126 5242 2427 5315 vulgoipsi
2461 5240 2761 5298 tribuitur.
2783 5243 2999 5300 Verum
3030 5261 3163 5300 cum
3182 5244 3328 5300 nihil
3351 5244 3429 5299 ibi
3449 5245 3637 5305 statu-

184 5338 405 5401 suerat,
431 5322 615 5406 paulo
628 5335 766 5404 post
778 5331 826 5401 ej
838 5347 906 5385 us
921 5334 1169 5386 mortem
1188 5329 1504 5395 recruduit,
1532 5346 1588 5386 re
1602 5330 1674 5385 ad
1691 5329 1860 5385 Guil-
1973 5337 2102 5387 tum
2138 5332 2323 5387 fuisse
2341 5348 2593 5403 usquam
2619 5331 2866 5406 legatur,
2891 5334 2964 5389 ob
2991 5332 3050 5389 id
3082 5332 3274 5389 solum
3295 5334 3446 5388 hanc
3466 5344 3640 5401 syno-

184 5423 346 5480 lelmi
382 5421 551 5478 illius
589 5418 956 5476 successoris
986 5419 1221 5475 curiam
1255 5417 1469 5474 delata.
1506 5414 1865 5477 Bilionenses
1976 5421 2119 5476 dum
2168 5424 2430 5476 coactam
2472 5419 2655 5477 fuisse
2670 5421 2986 5477 verisimile
3002 5424 3110 5489 est,
3146 5425 3211 5477 ut
3231 5437 3357 5493 quae
3376 5418 3449 5475 ad
3464 5414 3644 5473 Galli.

186 5506 1868 5585 causaprorsuscecidere,utfusiusnarraturinveteriin-
1979 5510 2193 5563 canum
2252 5509 2381 5577 iter,
2415 5512 2474 5563 et
2521 5508 2593 5562 ad
2652 5508 2966 5564 concilium
3025 5508 3451 5572 Placentinum,
3483 5503 3642 5577 quod

187 5603 523 5662 stramento
550 5597 714 5671 quod
744 5596 1112 5655 exchartario
1144 5594 1869 5655 Celcinianensividimus.
1976 5597 2228 5675 jamJam
2260 5595 2520 5673 pontifex
2532 5594 3438 5665 eratcelebraturus,necessaria
3450 5595 3652 5673 erant.

518 5724 800 5788 Pareat.
859 5721 1002 5787 GLI.
3283 5721 3325 5804 ρ

221 4407 432 4465 CLXV.
482 4407 897 4464 Bilionensium
938 4409 1325 4489 canonicorum
1370 4424 1613 4479 repressa
1656 4413 1818 4465 teme-

952 4487 1087 4534 ritas
1095 4521 1107 4532 .
