3958 6224
358 260 474 322 139

1652 261 1724 322 Β.
1771 259 2064 325 URBANI
2107 261 2159 323 ll
2202 259 2460 323 PAPIE.

3623 270 3726 334 MO

353 392 466 448 rite
491 391 961 465 disponerentur.
993 393 1168 450 Favet
1193 393 1332 450 huic
1361 394 1703 466 conjecturae
1732 393 2002 465 Sigonius
2028 395 2084 464 Α
2113 394 2241 465 ejus
2270 397 2413 450 Acta
2440 395 2595 468 apud
2627 395 2993 453 Holstenium
3023 401 3082 454 et
3119 397 3412 456 Labbeum
3455 403 3726 461 testantur

353 479 499 552 ipse,
531 479 636 552 qui
660 482 928 538 eamdem
957 483 1247 556 synodum
1277 483 1350 539 ad
1381 483 1560 555 hujus
1589 483 1728 539 anni
1759 483 1898 538 1094
1925 483 1998 538 ﬁ-

353 585 489 625 nem
521 573 770 638 revocat;
802 573 930 626 tum
959 571 1269 644 subjungit
1298 571 1601 628 Urbanum
1634 570 1770 626 inde
1808 571 1999 644 profe-

351 659 513 715 ctum
542 659 855 732 magnifico
885 665 1171 734 apparatu
1201 661 1432 716 Canusii
1467 660 1797 716 aMathilde
1827 660 2001 715 comi-

350 745 500 803 tissa
525 752 828 820 exceptum
857 749 1060 805 fuisse.
1092 749 1550 805 Wardastellum
1584 766 1648 804 ac
1679 748 1996 804 Canusium

351 835 689 908 pontiﬁcem
709 837 924 894 adiisse
953 836 1118 893 testis
1147 853 1378 909 quoque
1428 841 1518 892 est
1564 835 1997 909 Ripamontius,

353 923 449 980 cui
479 923 579 980 alii
592 924 1280 998 auctoresastipulantur.
1295 923 1590 981 Nonnulla
1618 925 1796 981 habet
1825 929 1999 980 Dom-

354 1013 486 1070 nizo
511 1014 584 1070 de
595 1013 811 1071 Urbani
827 1013 887 1071 in
905 1013 1368 1088 Longobardiam
1383 1015 1662 1080 adventu.
1683 1014 1785 1070 sed
1801 1013 1997 1070 locum

355 1119 473 1158 non
503 1103 776 1176 exprimit
805 1103 904 1160 ubi
931 1120 967 1159 a
997 1103 1277 1159 Mathilde
1308 1103 1482 1160 fuerit
1528 1107 1860 1176 susceptus,
1894 1119 1998 1158 nec

355 1190 532 1247 aliam
561 1197 766 1264 praeter
797 1191 1190 1248 Placentinam
1233 1193 1524 1264 synodum
1555 1196 1995 1248 commemorat.

352 1281 427 1335 At
457 1280 764 1336 Ciaconius
793 1281 1014 1353 synodo
1071 1279 1419 1337 Placentina
1469 1280 1767 1352 praemittit
1823 1279 1996 1336 aliam

353 1369 496 1440 apud
535 1369 758 1426 Willam
785 1371 1094 1426 Rastallam
1122 1386 1287 1442 super
1315 1371 1496 1442 ripam
1525 1370 1684 1436 Padi,
1734 1369 1828 1424 cui
1878 1370 1998 1424 Ma-

351 1456 595 1514 thildem
625 1457 965 1516 interfuisse
997 1458 1222 1515 scribit.

349 1564 574 1621 CLXIX.
609 1567 858 1621 Urbanus
891 1566 1191 1621 Cremonae.
1225 1565 1586 1633 Privilegium
1627 1565 1722 1620 dat
1752 1564 1806 1618 S.
1848 1566 1999 1632 Αἰθί-

706 1637 793 1693 dio
823 1641 874 1693 et
893 1637 1239 1692 Part/lenoni
1271 1638 1642 1694 Cremonensi.

2107 485 2402 566 concilium
2422 485 2603 556 primo
2633 501 2696 540 ac
2723 487 2882 542 tertio
2911 486 3002 542 die
3032 489 3090 542 iu
3117 503 3308 560 campo
3337 488 3546 560 sedisse,
3591 496 3725 566 quod

2106 563 2290 627 taiztus
2305 573 2539 645 populus
2571 573 2642 629 ad
2700 573 2846 630 illud
2897 575 3284 645 convenisset,
3319 580 3385 633 ut
3441 563 3727 640 nulla‘eos

2107 659 2352 716 ecclesia
2381 677 2584 734 capere
2610 661 2878 718 valuerit.

2107 766 2336 824 CLXXI.
2398 770 2512 836 Quo
2542 777 2777 841 tempore
2832 771 3081 826 habitum
3109 772 3183 826 sit
3228 772 3527 832 Placentiae
3571 780 3730 834 conci-

2549 842 2707 912 lium,
2738 851 2790 896 et
2820 843 2914 914 qui
2941 843 2994 897 ei
3016 841 3320 914 adfuerint.

2179 927 2336 982 llanc
2393 929 2681 1000 synodum
2750 933 2896 986 circa
2968 931 3207 987 mediam
3278 933 3734 1006 Quadragesimam

2107 1015 2457 1072 celebratam
2492 1017 2672 1074 fuisse
2703 1019 2906 1075 scribit
2929 1019 3260 1076 Bertoldus.
3279 1021 3338 1077 id
3369 1026 3459 1078 est
3487 1023 3624 1096 ipsis
3642 1025 3737 1081 Ka-

2105 1104 2298 1160 lendis
2330 1106 2542 1173 Martii,
2575 1111 2640 1162 ut
2671 1107 2845 1164 habet
2859 1109 3217 1165 vetuscodex
3247 1126 3280 1166 a
3307 1110 3535 1168 Labbeo
3557 1112 3737 1171 lauda-

2107 1197 2223 1260 tus,
2256 1200 2310 1249 et
2341 1195 2628 1251 consentit
2651 1197 2926 1254 Domnizo
2955 1199 3016 1253 in
3048 1197 3312 1255 versibus
3342 1216 3490 1272 quos
3527 1200 3586 1257 in
3614 1219 3734 1276 app.

2107 1284 2445 1340 referemus.
2479 1285 2615 1340 Eam
2632 1301 2765 1340 vero
2781 1285 2991 1342 diebus
3017 1291 3240 1360 septem
3255 1289 3600 1360 perdurasse
3611 1293 3739 1348 Acta

2101 1373 2225 1442 jam
2258 1371 2496 1428 laudata
2526 1372 2936 1444 perhibenthis
2958 1375 3170 1431 verbis:
3196 1375 3740 1448 Septimotandemdie

2105 1465 2221 1531 post
2264 1463 2639 1516 trm'tationem
2666 1462 2989 1518 diuturnam
3023 1464 3222 1534 synodi
3243 1467 3486 1538 capitula
3518 1469 3738 1540 prolata,

2108 1559 2158 1603 et
2187 1565 2406 1604 assensu
2429 1552 2590 1606 totius
2609 1550 2838 1606 concilii
2865 1553 3210 1623 comprobata
3235 1555 3412 1624 fuere.
3447 1555 3607 1612 Certe
3625 1573 3740 1612 eam

2109 1637 2257 1692 ultra
2291 1639 2417 1694 dies
2449 1642 2576 1693 octo
2608 1656 2720 1694 non
2748 1641 3304 1711 productam-fuisse
3327 1642 3658 1716 colligimus
3683 1661 3744 1700 ex

422 1723 786 1826 'Placentiam.
806 1739 1056 1826 pergens
1089 1725 1355 1826 Urbanus
1396 1724 1994 1826 Cremona-transivit,
2027 1761 2075 1826 Β
2110 1725 2323 1826 Urbani
2355 1726 2602 1826 epistola
2632 1729 2700 1826 ad
2721 1727 3146 1826 ‘Noviomenses
3175 1731 3314 1787 data
3361 1731 3456 1787 die
3504 1749 3580 1789 vn
3619 1733 3744 1788 ldus

351 1814 550 1886 ibique
581 1815 1137 1888 scripsitepistolam
1154 1815 1224 1870 ad
1259 1814 1562 1870 universos
1593 1813 1836 1870 Gotthize
1856 1813 1998 1868 lide-

349 1903 437 1961 les
466 1905 526 1960 in
558 1903 808 1979 gratiam
863 1903 1282 1960 monachorum
1322 1903 1519 1959 Sancti
1573 1903 1784 1976 ngidii
1815 1901 1996 1958 Vallis

352 1991 656 2061 Flavianas,
687 1993 904 2066 quibus
916 1993 1294 2065 Raymundus
1307 2009 1502 2048 comes
1526 1991 1809 2048 nonnulla
1829 1991 1997 2048 resti-

349 2085 561 2150 tuerat,
613 2099 740 2154 quae
769 2082 906 2138 huic
955 2082 1312 2138 monasterio
1345 2081 1470 2153 ipse
1499 2086 1556 2137 et
1583 2083 1712 2152 ejus
1743 2085 1998 2137 anteces-

351 2187 514 2227 sores
541 2171 760 2242 injuste
815 2169 1198 2228 abstulerant.
1234 2175 1298 2225 In
1361 2170 1676 2241 pontificiis
1727 2187 1795 2227 ea
1834 2170 1904 2224 de
1936 2187 1995 2226 re

349 2259 582 2328 litteris,
617 2277 744 2332 quae
769 2264 970 2333 postea
1003 2260 1060 2314 in
1091 2259 1311 2332 synodo
1334 2259 1667 2315 Placentina
1696 2258 1918 2314 relcctze
1939 2264 1997 2314 et

349 2349 704 2405 confirmatas
735 2349 990 2415 fuerunt,
1023 2348 1178 2403 datis
1221 2347 1518 2403 Cremonae
1566 2347 1675 2402 hoc
1725 2364 1876 2403 anno
1914 2365 1994 2402 xu

346 2437 639 2495 Kalendas
690 2437 901 2504 Martii,
953 2437 1168 2492 mentio
1226 2439 1291 2491 fit
1321 2435 1566 2492 Hervirze
1617 2435 1815 2492 uxoris
1845 2437 1992 2509 Rey-

347 2527 754 2598 mundi,cujus
767 2543 976 2582 nomen
989 2525 1083 2580 hic
1105 2541 1660 2592 commemoramus,
1676 2525 1830 2599 quod
1849 2525 1993 2582 illud

344 2617 502 2672 varie
533 2615 689 2688 apud
700 2614 893 2671 varios
913 2614 1089 2668 etiam
1107 2613 1382 2684 antiquus
1399 2618 1664 2669 auctores
1690 2614 1990 2670 referatur.

344 2703 507 2761 Idem
537 2703 796 2775 pontifex
809 2701 1180 2774 privilegium
1193 2701 1483 2757 concessit
1494 2701 1674 2758 Gissaa
1687 2701 1993 2758 abbatissae

347 2787 1521 2862 monasteriiSanctiJoannisEvangelista:
1537 2806 1713 2862 prope
1725 2791 1993 2847 eamdem

346 2882 694 2938 Cremonam
751 2879 980 2946 urbem,
1041 2879 1195 2950 quod
1226 2894 1359 2934 cum
1413 2878 1640 2934 nullum
1693 2879 1906 2936 habeat
1933 2880 1992 2936 in

347 2971 544 3028 codice
573 2987 642 3027 ex
669 2985 784 3042 quo
814 2967 959 3023 illud
989 2967 1296 3034 habemus,
1338 2967 1727 3042 chronologiaa
1769 2973 1990 3038 notam,

347 3061 464 3116 huc
493 3075 761 3116 revocare
790 3057 980 3115 visum
1012 3061 1118 3112 est.
1154 3056 1367 3113 Mirum
1400 3061 1596 3113 autem
1628 3061 1719 3114 est
1765 3057 1986 3114 nullam

2109 1814 2319 1880 Martii,
2354 1821 2484 1886 post
2515 1807 2843 1896 absolutam
2863 1817 3172 1890 synodum.
3205 1823 3281 1874 At.
3310 1837 3604 1893 nusquam
3622 1821 3746 1894 legi-

2106 1907 2201 1956 tur
2229 1909 2371 1974 quot
2401 1903 2484 1958 vel
2519 1904 2618 1976 qui
2642 1906 2896 1978 episcopi
2929 1906 2980 1962 ei
3013 1907 3407 1976 interfuerint,
3444 1909 3560 1966 nisi
3601 1911 3744 1982 quod

2103 1990 2162 2046 in
2196 1994 2372 2048 veteri
2407 1993 2690 2048 Chronico
2733 1994 3036 2061 Saxonico,
3092 1997 3248 2069 quod
3283 2014 3397 2054 ms.
3448 1997 3744 2066 habemus,

2103 2079 2333 2136 dicatur
2359 2081 2643 2137 Henricus
2673 2081 2731 2137 in
2764 2085 3746 2158 easynodoaducentisferePatribus

2104 2169 2515 2226 communione
2541 2171 2938 2228 ecclesiastica
3006 2173 3272 2245 privatus
3334 2175 3545 2232 fuisse.
3599 2175 3748 2232 Idem

2103 2260 2351 2312 testatur
2378 2255 2650 2313 Albertus
2680 2259 2982 2316 Stadensis
3015 2260 3196 2316 abbas
3229 2261 3291 2318 in
3310 2279 3421 2320 suo
3453 2263 3743 2320 Chronico.

2102 2346 2244 2400 Acta
2274 2361 2406 2402 vero
2436 2363 2562 2418 qua:
2597 2347 2766 2403 modo
2779 2365 2846 2402 ex
2868 2347 3529 2422 Labbeolaudabamus,
3548 2353 3751 2410 babent

2103 2433 2252 2489 hanc
2284 2434 2572 2505 synodum
2600 2435 2923 2506 praeside-nte
2969 2437 3187 2494 domino
3216 2439 3435 2496 Urbano
3475 2458 3603 2497 cum
3645 2443 3749 2512 epi-

2100 2522 2269 2592 scopis
2299 2527 2346 2576 et
2377 2523 2663 2580 abbatibus
2693 2527 2806 2580 tam
2835 2524 3145 2582 Galliarum
3172 2545 3338 2598 quam
3367 2533 3420 2585 et
3450 2531 3750 2602 Langobar-

2101 2609 2212 2666 diae
2239 2614 2290 2666 et
2351 2612 2557 2669 Tuscia:
2595 2613 2778 2669 fuisse
2831 2612 3219 2684 celebratam;
3279 2617 3384 2674 sed
3447 2617 3754 2675 nonnullos

2102 2714 2335 2770 quoque
2365 2699 2670 2772 episcopos
2697 2718 2767 2756 ex
2795 2703 3142 2770 Alemannia,
3184 2705 3478 2777 Bajoaria,
3529 2708 3756 2779 aliisque

2101 2788 2418 2860 provinciis
2466 2789 2581 2844 huc
2614 2791 2955 2848 convenisse
3001 2791 3312 2850 Bertoldus
3360 2796 3648 2866 afﬁrmat,
3695 2812 3758 2852 ex

2101 2876 2316 2948 quibus
2346 2878 2671 2946 Dimonem,
2705 2896 2809 2935 seu
2841 2879 3222 2938 Thiemonem
3239 2882 3754 2959 Salisburgensem

2100 2965 2602 3038 archiepiscopum
2630 2972 2687 3023 et
2719 2967 3056 3025 Udalricum
3087 2971 3439 3044 episcopum
3463 2975 3760 3032 Patavien-

2101 3071 2224 3109 sem
2246 3071 2315 3110 ex
2344 3055 2628 3127 Bajoaria,
2661 3056 3071 3114 Gebehardum
3119 3060 3648 3120 Constantiensem
3695 3079 3756 3120 ex

347 3150 528 3222 hujus
556 3146 896 3205 monasterii
941 3145 1296 3202 mentionem
1328 3145 1596 3214 inveniri,
1650 3163 1720 3202 ne
1749 3145 1988 3217 quidem
2019 3127 2062 3193 (ἶ
2097 3142 2440 3200 Alemannis.
2468 3149 2527 3201 et
2556 3145 2890 3202 Udalricum
2905 3148 3101 3220 Augiae
3115 3149 3416 3220 abbatem,
3444 3153 3588 3210 data
3605 3169 3758 3210 occa-

349 3238 504 3311 apud
534 3237 828 3294 Lubinum
859 3237 920 3292 in
945 3235 1162 3292 Notitia
1190 3235 1558 3291 abbatiarum
1590 3235 1790 3302 Italize,
1821 3236 1992 3307 cujus
2101 3233 2284 3301 sione,
2317 3239 2595 3302 recenset;
2628 3240 2780 3291 certe
2810 3235 3118 3294 Udalricus
3137 3237 3254 3294 illis
3277 3243 3675 3313 temporibus,
3699 3245 3758 3297 ut

347 3327 678 3385 conditores
703 3327 886 3384 fuisse
913 3324 1276 3382 Bernardum
1306 3323 1600 3391 comitem,
1632 3327 1688 3378 et
1716 3323 1990 3381 Bertbam
2099 3321 2256 3378 idem
2288 3328 2491 3378 auctor
2521 3323 2742 3392 scribit,
2795 3325 2867 3380 ab
2898 3325 3024 3398 ipso
3070 3326 3341 3398 pontiﬁce
3382 3327 3446 3384 in
3491 3331 3758 3387 abbatem

341 3421 471 3493 ejus
499 3435 738 3476 uxorem
769 3414 1512 3492 temporeGregoriiVllex
1533 3413 1641 3470 hoc
1671 3413 1990 3486 diplomate
2099 3417 2472 3468 consecratus
2555 3411 2684 3468 fuit.
2757 3413 3018 3469 Aliorum
3101 3431 3357 3487 quorum
3423 3419 3759 3476 antistitum

340 3509 643 3568 discimus.
659 3551 665 3557 .

717 3593 918 3654 CLXX.
952 3595 1255 3650 Concilium
1289 3594 1600 3648 Placentia.

405 3688 522 3744 Sub
551 3686 729 3743 ﬁnem
757 3682 1057 3740 Februarii
1089 3681 1346 3754 pontifex
1375 3679 1732 3736 Placentiam
1755 3680 1986 3737 advenit

331 3775 646 3833 concilium
677 3791 812 3829 mox
823 3769 1408 3840 celebraturus,quod
1432 3768 1540 3824 hoc
1553 3785 1702 3824 anno
1715 3768 1980 3826 habitum

330 3866 515 3922 fuisse
540 3879 746 3920 omnes
775 3859 1166 3918 consentiunt.
1181 3857 1239 3913 Si
1267 3875 1400 3914 vero
1417 3856 1726 3914 concilium
1748 3857 1982 3915 Placen-

323 3955 517 4010 tinum
548 3945 1688 4018 auctorChroniciMalleacensis,aliique
1710 3948 1978 4004 nonnulli

327 4045 595 4100 auctores
623 4057 776 4096 anno
814 4039 950 4094 1094
979 4035 1399 4110 consignarint,
1437 4035 1546 4092 hac
1593 4037 1652 4092 in
1683 4053 1744 4092 re
1789 4039 1974 4094 secuti

329 4135 470 4190 sunt
497 4133 752 4187 veterem
793 4126 1092 4184 Gallorum
1141 4125 1518 4198 computandi
1576 4143 1819 4195 morem,
1871 4127 1972 4198 qui

327 4220 466 4278 anni
495 4218 796 4276 exordium
829 4234 864 4272 a
887 4215 1168 4272 Paschate
1189 4215 1546 4287 repetebant.
1573 4214 1971 4270 Placentinum

327 4309 644 4369 Ecclesiam
671 4311 810 4363 tunc
841 4305 1096 4378 regebat,
1125 4305 1174 4362 si
1195 4303 1434 4378 Ughello
1464 4303 1972 4373 credamus,Addo

325 4417 430 4457 seu
459 4397 663 4464 Aldus,
695 4395 924 4452 Henrici
951 4393 1198 4468 Augusti
1233 4391 1624 4461 consiliarius,
1674 4393 1788 4460 cui,
1839 4396 1973 4464 post

2097 3502 2337 3557 nomina
2365 3519 2432 3558 ex
2455 3501 2586 3558 aliis
2618 3503 3020 3560 monumentis
3046 3503 3353 3562 discimus.
3394 3508 3497 3564 Sic
3543 3507 3760 3566 Hcellus

2094 3593 2598 3646 Cenomannorum
2631 3591 2876 3648 antistes
2904 3591 2964 3647 in
2989 3592 3146 3648 Actis
3175 3593 3304 3664 ejus
3335 3595 3625 3654 Ecclesiae
3647 3596 3762 3670 epi-

2093 3696 2427 3752 scoporum,
2458 3679 2630 3735 editis
2668 3684 2826 3736 tomo
2858 3680 2935 3736 III
2952 3681 3368 3740 Analectorum
3387 3684 3763 3742 Mabillonia-

2092 3785 2323 3836 norum,
2357 3769 2572 3824 dicitur
2601 3784 2666 3824 eo
2695 3774 2954 3841 tempore
2987 3771 3232 3827 Romam
3282 3773 3538 3843 adiisse,
3594 3781 3764 3848 atque

2087 3857 2338 3930 benigne
2367 3858 2441 3912 ab
2470 3855 2702 3914 Urbano
2733 3862 3006 3930 acceptus
3036 3875 3170 3915 cum
3202 3876 3270 3916 eo
3311 3864 3472 3932 apud
3521 3865 3762 3922 Placen-

2084 3947 2221 4001 tiam
2241 3946 2532 4018 apostolico
2563 3947 2880 4017 inter/uisse
2908 3949 3166 4004 concilio.
3205 3949 3368 4005 Idem
3417 3952 3765 4026 colligimus

2086 4035 2156 4090 de
2184 4034 2463 4090 Radbodo
2493 4033 2767 4107 episcopo
2799 4035 3169 4094 Noviomensi
3199 4053 3269 4093 ex
3305 4039 3582 4112 epistola
3631 4057 3764 4097 mox

2082 4121 2338 4190 laudata,
2371 4126 2430 4178 et
2461 4121 2532 4178 de
2563 4122 2802 4195 Hugone
2822 4123 3766 4203 Gratianopolitano,exepistolis

2083 4212 2154 4266 de
2179 4211 2575 4268 controversia
2605 4211 2738 4284 pagi
2762 4213 3264 4270 Salmoriacensis.
3288 4213 3472 4272 Haud
3508 4219 3764 4274 dubium

2081 4299 2222 4373 quin
2255 4300 2443 4356 eidem
2475 4300 2696 4373 synodo
2727 4301 3096 4359 interfuerint
3111 4303 3531 4363 Narbonensis
3556 4312 3618 4364 et
3637 4309 3769 4364 Are-

2079 4388 2322 4444 latensis
2354 4388 2776 4461 archiepiscopi
2807 4406 2940 4446 cum
2960 4391 3252 4464 episcOpis
3273 4393 3692 4453 Nemausensi
3712 4399 3768 4450 et

325 4489 678 4547 Bonizonem
705 4485 1086 4552 Sutriensem,
1106 4481 1522 4556 praemittitille
1553 4486 1754 4538 auctor
1773 4480 1972 4536 Vindi-
1999 4495 2046 4561 D
2079 4477 3558 4551 Magalonensi,quibusUrbanusPsalmodienSium
3575 4501 3769 4542 causa!

320 4580 476 4638 cium
496 4594 648 4635 anno
671 4575 800 4632 1091
839 4579 896 4631 et
924 4573 1240 4644 Watrium,
1275 4571 1508 4628 natione
1551 4570 1767 4638 Gallos,
1820 4587 1970 4642 quos

316 4671 467 4728 forte
493 4667 630 4725 huic
661 4664 1006 4722 Henriciano
1019 4661 1288 4734 episcopo
1309 4661 1578 4716 Urbanus
1595 4663 1964 4731 opposuerat,

317 4776 383 4816 eo
413 4758 588 4814 modo
622 4772 737 4828 quo
768 4753 960 4826 ipsius
989 4751 1163 4806 Urbis
1193 4750 1346 4806 cives
1374 4747 1643 4804 Ecclesia:
1693 4748 1965 4804 Romanas

319 4843 708 4904 addictissimi
735 4841 1086 4898 Bonizonem
1109 4842 1279 4895 antea
1296 4838 1660 4909 adoptarant.
1683 4837 1858 4894 Porro
1891 4838 1964 4894 ad

317 4933 629 4990 concilium
659 4936 824 4986 tanta
852 4928 1119 4985 convenit
1148 4945 1214 4984 ex
1245 4928 1404 4983 omni
1439 4927 1670 4981 natione
1693 4945 1819 4998 quia
1853 4927 1962 4982 sub

317 5021 460 5078 ccelo
489 5024 582 5076 est
610 5018 918 5074 hominum
952 5017 1284 5083 multitudo,
1309 5021 1374 5070 ut
1403 5033 1501 5071 eos
1532 5016 1695 5070 nulla
1724 5015 1968 5071 ecclesia

319 5109 552 5165 nullave
571 5108 784 5163 domus
809 5106 1046 5178 publica
1062 5110 1162 5162 aut
1190 5105 1434 5178 privata,
1453 5104 1572 5158 imo
1603 5103 1764 5159 nulla
1788 5103 1962 5158 etiam

319 5197 515 5272 platea
560 5195 725 5251 urbis
781 5193 1075 5251 continere
1135 5191 1426 5262 potuerit;
1483 5207 1662 5262 quare
1709 5189 1968 5262 pontifex

317 5285 527 5356 synodi
555 5287 874 5340 conventus
893 5287 1054 5340 extra
1075 5283 1281 5338 urbem
1312 5279 1370 5332 in
1403 5295 1610 5350 campo
1632 5278 1963 5347 celebravit,

315 5376 445 5447 ipso
474 5375 725 5430 testante
781 5371 1073 5439 Bertoldo,
1128 5366 1228 5440 qui
1278 5365 1452 5420 etiam
1507 5365 1682 5436 paulo
1722 5365 1968 5422 inferius

314 5462 520 5521 scribit
549 5463 619 5519 ad
653 5479 781 5518 eam
793 5460 1138 5516 clericorum
1152 5457 1404 5526 quatuor
1419 5453 1535 5510 fere
1565 5454 1770 5523 millia,
1789 5453 1970 5514 laico-

305 5557 446 5632 ;‘um
474 5567 607 5609 vero
620 5549 754 5625 plus
786 5561 965 5624 quam
977 5543 1224 5627 triginta
1256 5537 1442 5599 millia
1471 5542 1970 5606 occurrisseHint:

2078 4567 2467 4640 cognitionem
2499 4567 2780 4623 adversus
2811 4567 3210 4626 Massilienses
3241 4569 3457 4626 Sancti
3502 4573 3768 4630 Victoris

2077 4656 2394 4712 monachos
2425 4656 2532 4711 hoc
2566 4671 2722 4712 anno
2753 4657 3072 4726 commisit,
3108 4657 3158 4713 si
3185 4673 3301 4714 non
3332 4657 3506 4716 fallit
3538 4662 3771 4718 instru-

2076 4749 2340 4800 mentum
2353 4745 2503 4801 ea'de
2517 4761 2577 4799 re
2591 4744 3016 4800 confectum.At
3026 4745 3397 4817 probabilius
3411 4754 3518 4805 est
3534 4765 3770 4806 annum

2074 4835 2212 4889 4095
2245 4851 2348 4906 pro
2408 4833 2548 4888 1096
2603 4832 2770 4889 initio
2802 4833 2932 4904 ejus
2988 4833 3371 4890 instrumenti
3407 4836 3770 4912 irrepsisse.

2074 4923 2232 4978 Alios
2259 4924 2507 4978 fortasse
2537 4922 2706 4978 nobis
2737 4923 3199 4995 suppeditabunt
3215 4923 3329 4979 alia
3345 4928 3626 5000 antiqua
3648 4945 3772 4985 mo-

2073 5016 2374 5079 numenta,
2408 5012 2509 5066 sed
2543 5010 2769 5066 nullum
2792 5011 2991 5082 plures
3021 5011 3240 5068 indicat
3286 5028 3489 5084 quam
3526 5017 3774 5090 privile-
3856 5061 3865 5069 .

2072 5100 2236 5172 gium
2268 5099 2460 5154 Sancti
2492 5099 2704 5171 Egidii
2741 5101 2870 5170 jam
2917 5099 3246 5169 laudatum,
3297 5104 3478 5172 quod
3533 5105 3602 5162 in
3657 5106 3768 5162 hac

2073 5187 2295 5260 synodo
2321 5202 2454 5242 cum
2487 5187 2717 5244 Urbano
2733 5189 3158 5246 conﬁrmarunt
3187 5187 3362 5245 multi
3384 5194 3769 5262 cardinales,

2075 5275 2332 5348 episcopi
2364 5281 2422 5332 et
2449 5280 2568 5333 tres
2598 5277 2862 5350 abbates,
2893 5294 3148 5349 quorum
3181 5277 3438 5337 nomine.
3471 5283 3634 5342 huic
3652 5286 3772 5359 pri-

2074 5363 2285 5436 vilegio
2336 5365 2786 5422 subnectuntur.
2845 5366 3110 5422 Pontifici
3143 5367 3202 5423 in
3250 5367 3478 5428 eadem
3534 5375 3774 5448 synodo

2077 5451 2476 5510 consiliarium
2491 5452 2750 5511 adfuisse
2763 5459 3032 5512 sanctum
3045 5456 3414 5526 Brunonem,
3437 5468 3776 5534 parentem

2079 5539 2622 5614 Carthusiancrum,
2683 5559 2887 5604 omnes
2943 5545 3125 5606 ferme
3180 5545 3415 5624 vulgati
3479 5557 3776 5620 auctores
