3958 6224
228 260 322 330 1.44

1791 266 1996 330 VlTA.

3480 265 3602 329 142

221 396 583 463 tradiderunt,
618 412 719 451 nec
748 395 981 451 animus
1013 402 1100 452 est
1122 396 1270 453 hanc
1292 399 1622 470 opinionem
1646 401 1835 473 impu-
1867 408 1919 469 Α
1950 402 2173 457 cedenti
2209 405 2574 471 convenerat,
2597 401 2766 472 eique
2797 401 3029 455 nomine
3061 401 3400 471 patriarcha:
3429 402 3595 458 Jero-

218 484 442 555 gnandi;
472 489 529 540 at
559 484 673 541 illis
702 486 971 541 assentiri
1014 504 1129 542 non
1164 504 1404 559 possum
1438 488 1534 560 qui
1566 494 1837 545 asserunt

216 573 338 628 huic
375 578 570 630 sancto
621 575 740 629 viro
788 580 927 631 tunc
978 577 1257 648 temporis
1298 577 1556 633 oblatum
1592 579 1774 634 fuisse
1805 597 1838 634 a

213 663 459 734 pontifice
476 664 1035 736 archiepiscopatum
1060 665 1445 738 Rhegiensem
1471 667 1530 722 in
1549 667 1832 724 Calabria.

214 752 318 807 Hoc
345 752 491 807 enim
520 753 591 807 ad
615 752 772 808 aliud
790 758 1021 827 tempus
1045 756 1433 811 revocandum
1454 773 1602 825 esse,
1631 761 1696 811 ut
1713 759 1831 829 jam

211 838 340 895 alias
360 840 632 909 diximus,
654 858 723 896 ex
743 859 809 898 eo
829 843 1114 898 evincitur
1134 844 1287 915 quod
1322 847 1461 900 tunc
1492 846 1620 915 ejus
1644 845 1832 902 Eccle-

212 929 298 983 sia
341 930 501 986 sedes
542 947 724 986 vacua
756 948 870 987 non
904 932 1095 988 fuerit.
1129 933 1201 987 Ut
1231 938 1295 988 ut
1320 933 1415 1002 sit,
1473 938 1695 989 certum
1746 940 1835 991 est

210 1018 536 1085 Brunonem,
556 1019 664 1075 etsi
692 1020 989 1076 Urbanum
1016 1021 1369 1077 Placentiam
1392 1039 1579 1094 usque
1600 1024 1834 1078 comita-

206 1110 292 1163 tus
313 1107 400 1173 sit,
428 1109 485 1162 in
510 1107 733 1164 Gallias
759 1126 891 1165 cum
919 1127 984 1166 eo
1009 1128 1122 1166 non
1147 1111 1418 1179 rediisse;
1441 1112 1591 1183 quod
1621 1113 1762 1167 forte
1780 1113 1831 1168 ei

204 1210 359 1267 grave
392 1196 599 1252 fuisset
620 1214 725 1269 per
752 1201 836 1253 tot
865 1199 1128 1255 civitates
1160 1216 1226 1255 ac
1257 1200 1585 1272 provincias
1634 1216 1830 1273 perer-

202 1301 342 1340 rare:
373 1302 550 1356 quare
607 1286 666 1342 in
701 1286 1027 1343 Calabriam
1083 1288 1344 1356 secessit,
1380 1288 1477 1343 ubi
1530 1290 1655 1360 jam
1704 1293 1827 1345 tum

200 1373 403 1429 ordinis
424 1374 514 1430 sui
535 1374 919 1433 fundamenta
939 1382 1213 1449 posuerat
1235 1376 1557 1450 multisque
1579 1379 1829 1435 donatus

199 1462 372 1518 fuerat
415 1464 912 1536 possessionibus,
947 1471 1010 1520 ut
1049 1471 1208 1539 patet
1236 1483 1305 1522 ex
1336 1466 1565 1540 Rogerii
1598 1468 1830 1523 comitis

198 1555 249 1605 et
274 1550 507 1607 aliorum
540 1553 977 1621 instrumentis,
1003 1572 1129 1627 quae
1148 1555 1369 1628 passim
1388 1556 1447 1610 in
1472 1555 1634 1613 libris
1656 1556 1829 1613 editis

195 1646 506 1697 occurrunt.

448 1750 623 1839 Quid
650 1751 715 1839 in
759 1750 1221 1839 eodenigcon'cilio
1265 1756 1576 1839 tractatum.
1615 1758 1695 1839 ρς
1717 1753 1824 1839 udi-
1858 1775 1906 1839 Β

255 1822 411 1875 vortio
436 1821 716 1896 Pra_.redis_
735 1823 1018 1896 Augusta
1072 1824 1592 1879 Excommunicalur
1622 1826 1826 1896 Philip-

248 1908 343 1961 pus
370 1908 488 1946 rex.
524 1893 915 1964 Expeditiones
943 1910 1135 1951 sacrae.

250 1999 449 2054 Auctor
471 2003 561 2054 est
588 1998 905 2055 Orderieus
936 2000 1166 2069 Vitalis,
1190 2002 1356 2056 initio
1376 2001 1505 2056 libri
1531 2020 1607 2066 1x.
1644 2002 1818 2058 Urba-

190 2103 315 2141 num
346 2104 550 2159 papam
586 2086 654 2142 in
687 2086 930 2143 concilio
962 2089 1294 2146 Placentino
1340 2091 1404 2146 de
1429 2108 1561 2163 pace
1591 2092 1826 2164 aliisque

186 2175 494 2232 utilitatibus
523 2181 759 2249 sancta
786 2178 1042 2234 Ecclesiae
1070 2178 1367 2247 diligenter
1397 2184 1674 2235 tractasse.
1711 2180 1821 2235 Sed

184 2280 296 2334 quae
325 2264 412 2320 hic
442 2270 658 2322 auctor
687 2267 1027 2322 summatim
1079 2267 1321 2340 protulit
1353 2284 1537 2340 opera:
1566 2269 1822 2342 pretium

182 2359 258 2408 est
284 2352 448 2426 paulo
479 2354 822 2411 accuratius
852 2372 921 2410 ex
949 2354 1078 2411 aliis
1112 2357 1517 2429 scriptoribus,
1553 2375 1617 2413 ac
1641 2359 1820 2430 potis-

182 2442 378 2499 simum
426 2461 494 2499 ex
538 2443 838 2511 Bertoldo,
891 2444 1254 2518 singulatim,
1319 2452 1490 2517 prout
1549 2447 1637 2501 fas
1691 2448 1819 2513 erit,

179 2534 498 2604 expendere.
550 2533 648 2588 Ad
708 2533 859 2588 hanc
909 2535 1197 2605 synodum
1260 2540 1495 2590 venerat
1552 2535 1820 2591 Praxedis

178 2622 438 2691 Augusta,
465 2638 497 2675 a
520 2620 979 2692 chronographo
1013 2620 1319 2692 Saxonico,
1345 2639 1517 2694 quem
1544 2624 1668 2694 jam
1700 2623 1821 2679 lau-

178 2707 445 2775 davimus,
478 2714 535 2766 et
565 2708 962 2765 aDodechino
994 2710 1148 2766 dicta
1177 2711 1531 2777 Adheleidis,
1557 2713 1725 2781 cujus
1748 2713 1820 2767 ab

177 2795 401 2853 Henrico
428 2798 793 2871 imperatore
843 2815 1137 2854 secessum
1170 2800 1569 2871 approbarunt
1602 2801 1818 2872 Patres,

180 2900 300 2939 cum
325 2886 396 2940 ab
413 2902 481 2941 ea
500 2884 842 2941 audiissent
860 2886 1051 2942 varias
1081 2887 1488 2955 contumelias,
1522 2894 1574 2944 et
1605 2890 1822 2959 inaudie

176 2977 250 3027 tas
275 2976 717 3045 fornicationum
769 2977 1061 3046 spurcities
1121 2976 1269 3048 quas
1317 2994 1351 3032 a
1408 2978 1615 3033 marito
1656 2996 1820 3051 passa

179 3062 369 3117 fuerat.
403 3063 551 3118 Hinc
605 3064 1016 3120 commissorum
1061 3064 1384 3120 delictorum
1427 3083 1552 3138 quae
1586 3068 1818 3125 nonnisi

176 3150 343 3208 invita
381 3155 763 3224 perpetrasse
806 3152 1131 3220 videbatur,
1168 3154 1337 3209 venia
1380 3155 1431 3210 ei
1458 3156 1593 3211 data
1625 3161 1731 3223 est,
1762 3162 1818 3213 et
1848 3145 1890 3211 C

176 3240 407 3296 remissa
436 3240 796 3313 pcenitentia
819 3257 944 3313 quae
978 3242 1339 3315 injungenda
1370 3244 1577 3301 fuisset
1606 3245 1675 3300 ad
1701 3250 1824 3301 tan-

173 3332 352 3385 torum
400 3330 743 3386 facinorum
793 3330 1203 3402 expiationem,
1252 3333 1407 3404 quod
1459 3332 1670 3390 delicta
1716 3353 1824 3391 sua

175 3417 355 3489 palam
378 3438 494 3476 non
517 3419 864 3477 erubuisset
883 3420 1163 3476 conﬁteri.
1189 3422 1317 3477 Haec
1336 3440 1488 3491 vero,
1515 3429 1744 3496 recepta
1765 3424 1822 3480 in

172 3508 404 3565 concilio
435 3508 841 3579 absolutione,
892 3510 950 3564 in
1002 3511 1249 3581 patriam
1303 3529 1470 3567 suam
1520 3513 1823 3569 revertisse

173 3595 397 3665 dicitur,
453 3600 561 3655 ubi
610 3599 840 3654 reclusa
881 3599 939 3653 in
974 3600 1327 3656 monasterio
1380 3602 1507 3656 vitae
1540 3603 1821 3674 religiosa:

172 3687 451 3744 exercitiis
482 3703 731 3760 operam
766 3683 1007 3755 navans,
1042 3694 1244 3745 sancto
1276 3690 1389 3745 ﬁne
1422 3690 1660 3762 quievit.

236 3776 544 3850 Philippus
584 3776 942 3832 Francorum
971 3794 1096 3856 rex,
1126 3778 1225 3849 qui
1259 3796 1409 3834 anno
1454 3780 1821 3852 praecedenti,

173 3868 231 3919 ut
258 3866 538 3932 diximus,
579 3866 654 3920 ab
698 3865 939 3938 Hugone
979 3865 1170 3939 legato
1200 3868 1357 3923 sedis
1388 3868 1718 3939 apostolicae
1751 3871 1823 3926 ob

170 3954 528 4011 adulterinas
566 3955 701 4025 ejus
723 3954 961 4027 nuptias
982 3956 1521 4013 excommunicatus
1551 3957 1607 4011 in
1634 3963 1827 4031 Augu-

170 4045 510 4100 stodunensi
540 4042 796 4099 concilio
828 4045 1035 4109 fuerat,
1068 4046 1339 4113 legatione
1365 4048 1435 4101 ad
1470 4046 1618 4101 banc
1649 4064 1825 4119 syno-

169 4132 302 4188 dum
331 4130 546 4199 missa,
586 4131 854 4187 inducias
885 4150 918 4187 a
949 4134 1226 4204 pontiﬁce
1256 4133 1478 4206 accepit
1508 4134 1580 4190 ad
1613 4136 1825 4192 festum

171 4220 574 4289 Pentecostes;
600 4222 727 4293 ipse
749 4237 884 4277 vero
906 4226 992 4276 Hu
1001 4238 1093 4295 go,
1115 4223 1294 4294 quod,
1314 4223 1388 4277 ab
1410 4223 1643 4279 Urbano
1665 4241 1826 4281 voca-

169 4317 263 4365 tus
292 4312 363 4366 ad
415 4311 739 4384 synodum,
791 4327 897 4365 nec
929 4310 1053 4382 ipse
1083 4327 1189 4366 nec
1220 4311 1377 4367 ullus
1406 4313 1479 4367 ab
1509 4328 1575 4368 eo
1607 4312 1826 4369 missus

170 4398 557 4467 interfuisset,
591 4416 625 4454 a
655 4396 966 4470 legationis
993 4397 1325 4470 apostolica:
1351 4399 1542 4454 ofﬁcio
1574 4416 1823 4472 suspen-

168 4505 268 4544 sus
289 4494 400 4546 est.

233 4579 620 4633 Advenerunt
640 4576 711 4631 ad
736 4576 1002 4632 eamdem
1035 4576 1325 4649 synodum
1346 4575 1527 4632 Alexii
1545 4562 1826 4633 Constan-

163 4665 540 4739 tinopolitani
597 4665 973 4737 imperatoris
1018 4664 1215 4737 legati,
1267 4665 1337 4720 ad
1399 4665 1827 4738 implorandam

165 4756 458 4826 pontiﬁcis
471 4754 1007 4811 etChristiancrum
1023 4753 1352 4826 principum
1367 4770 1535 4826 opem
1550 4755 1829 4812 adversus

160 4844 452 4916 inﬁdeles,
479 4844 585 4917 qui
620 4843 693 4898 ad
718 4860 919 4899 muros
942 4860 1127 4915 usque
1157 4843 1829 4915 Constantinopolitanos

160 4934 359 4989 omnia
393 4933 819 5004 subjugarant.
846 4931 947 4986 His
979 4932 1035 4986 in
1060 4931 1303 4987 concilio
1327 4932 1625 5003 expositis,
1660 4932 1829 4988 multi

156 5022 226 5077 ad
257 5022 708 5095 expeditionem
742 5021 799 5075 in
833 5020 939 5075 bas
957 5022 1222 5094 regiones
1253 5021 1827 5093 suscipiendamjam

156 5117 297 5167 tunc
313 5128 378 5167 se
396 5111 846 5177 astrinxerunt;
870 5111 1023 5181 quod
1048 5108 1609 5182 famosaeillius,quze
1626 5114 1829 5182 postea

154 5201 213 5255 in
247 5200 721 5257 Claromontano
752 5198 996 5254 concilio
1026 5199 1259 5254 decreta
1288 5199 1418 5266 fuit,
1442 5199 1828 5271 expeditionis

153 5290 401 5362 aliquod
432 5287 621 5344 veluti
654 5286 1004 5360 praeludium
1038 5287 1167 5363 fuit.
1216 5288 1285 5342 Et
1332 5288 1570 5359 quidem
1621 5293 1830 5348 Petrus

151 5380 428 5445 eremita,
449 5382 523 5433 ut
540 5377 817 5434 scribunt
837 5376 1054 5449 vulgati
1077 5381 1344 5432 auctores
1374 5376 1629 5432 historia:
1658 5395 1826 5451 expe-

149 5470 459 5525 ditionum
504 5463 1158 5538 Jerosolymitanarum,
1190 5483 1258 5521 ex
1300 5465 1532 5521 Oriente
1564 5481 1827 5526 reversus

148 5557 530 5639 pontiﬁcem,
563 5558 889 5632 antequam
922 5552 1105 5612 Roma
1134 5553 1330 5627 exiret,
1354 5554 1482 5629 jam
1512 5570 1667 5612 anno
1688 5572 1828 5631 prte-

1860 4515 1905 4578 D

1948 490 2281 563 solymitani
2334 495 2680 563 exposuerat
2724 506 2901 562 quam
2952 490 3313 545 nccesarium
3356 491 3502 546 foret
3530 494 3598 547 ut

1945 579 2257 635 Christiani
2294 580 2610 652 principes,
2633 578 2807 635 simul
2828 579 2883 633 in
2907 595 3090 634 unum
3115 579 3445 650 conjunctis
3465 579 3598 635 viri-

1946 670 2077 735 bus,
2112 686 2339 724 sacram
2363 669 2790 741 expeditionem
2814 668 3178 740 susciperent
3196 668 3255 723 in
3276 668 3594 737 Orientem,

1947 758 2017 812 ad
2050 758 2309 813 locorum
2347 774 2648 813 sacrorum
2682 756 3181 829 recuperationem
3227 760 3284 811 et
3331 759 3595 812 tutamen

1944 846 2431 915 Christianorum,
2465 847 2565 920 qui
2612 847 2671 901 in
2726 846 2819 902 his
2866 845 3205 918 regionibus
3260 844 3434 918 positi
3485 845 3597 900 sub

1943 935 2417 1009 inﬁdeliumjugo
2434 936 2944 1008 opprimebantur;
2969 951 3148 1006 quare
3171 934 3313 989 dum
3327 933 3595 990 Urbanus

1943 1025 2211 1081 absoluta
2259 1026 2594 1081 Placentina
2648 1026 2892 1098 synodo,
2964 1024 3137 1081 aliam
3195 1022 3594 1079 celebraturus

1942 1115 2142 1169 eadem
2192 1116 2262 1170 de
2321 1132 2499 1171 causa
2547 1115 2605 1169 in
2635 1114 2851 1170 Gallias
2904 1112 3146 1181 veniret,
3205 1113 3412 1168 Petrus
3467 1112 3594 1184 ipse

1944 1204 2129 1259 varias
2144 1204 2473 1276 provincias
2487 1222 2551 1259 eo
2569 1205 2764 1259 animo
2782 1204 3219 1276 peragrabat,ut
3240 1199 3593 1274 populorum

1941 1297 1995 1347 ct
2016 1292 2387 1364 potissimum
2406 1293 2656 1349 virorum
2675 1292 2956 1348 nobilium
2972 1291 3201 1347 animos
3214 1308 3280 1346 ac
3295 1289 3593 1363 principes

1941 1382 2010 1436 ad
2043 1382 2148 1437 has
2185 1382 2581 1454 expeditiones
2607 1380 3045 1454 amplectendas
3076 1384 3446 1452 praepararet.

2294 1470 2543 1526 CLXXII.
2605 1473 2846 1528 [hereses
2886 1471 3230 1542 proscripta.

2011 1558 2351 1631 Proscriptae
2382 1560 2441 1615 in
2474 1560 2675 1616 eadem
2709 1560 2929 1632 synodo
2950 1558 3201 1614 haereses
3227 1574 3355 1630 quae
3384 1555 3578 1613 Eccle-

1939 1648 2085 1703 siam
2122 1652 2263 1703 tunc
2294 1649 2573 1721 temporis
2607 1648 3048 1714 perturbabant.
3093 1647 3398 1720 Praecipua;
3427 1648 3593 1701 erant

1941 1736 2407 1792 Simoniacorum
2430 1742 2487 1792 et
2517 1753 2718 1792 eorum
2743 1736 2843 1809 qui
2875 1736 2949 1791 ab
2979 1736 3146 1808 ipsis,
3171 1752 3320 1808 quos
3342 1735 3425 1791 uti
3445 1733 3591 1790 tales

1938 1830 2236 1891 noverant,
2272 1826 2503 1881 fuerant
2533 1825 2818 1894 ordinati;
2850 1825 2990 1881 item
3021 1824 3461 1895 Nicolaitarum,
3484 1838 3590 1879 seu

1934 1916 2408 1987 presbyterorum
2467 1915 2836 1987 aliorumque
2889 1915 3179 1986 majorum
3242 1913 3590 1970 clericorum

1936 2004 2445 2060 incontinentiam.
2472 2005 2769 2060 Renovata
2799 2008 2939 2060 sunt
2969 2004 3144 2059 etiam
3178 2003 3285 2071 ibi,
3318 2006 3385 2058 ut
3413 2001 3591 2057 refert

1934 2093 2261 2159 Bertoldus,
2294 2094 2422 2148 dira
2452 2093 2507 2148 in
2546 2096 3012 2164 Berengarianam
3060 2093 3313 2149 hxresim
3355 2092 3479 2163 jam
3518 2089 3588 2146 ab

1933 2184 2156 2254 antiquo
2206 2183 2505 2253 saepissime
2546 2182 3102 2249 anathemitasatam;
3151 2185 3208 2237 et
3242 2184 3435 2239 contra
3465 2194 3588 2235 eam

1931 2273 2200 2326 sententia
2227 2270 2512 2327 catholica)
2555 2270 2684 2340 ﬁdei
2719 2272 2939 2341 ﬁrmata
2970 2269 3107 2324 fuit:
3140 2268 3389 2325 videlicet
3447 2264 3587 2337 quod

1927 2361 2090 2430 panis
2119 2362 2165 2413 et
2198 2361 2387 2414 vinum
2404 2375 2529 2412 cum
2559 2361 2616 2412 in
2648 2359 2818 2413 altari
2844 2361 3251 2423 consecrantur,
3273 2371 3381 2411 non
3411 2356 3587 2410 solum

1930 2450 2182 2518 ﬁgurate,
2226 2448 2316 2502 sed
2367 2449 2534 2503 etiam
2588 2464 2707 2501 vere
2736 2451 2785 2502 el
2814 2447 3177 2502 essentialiter
3203 2447 3261 2500 in
3309 2459 3503 2516 corpus
3534 2446 3588 2499 et

1930 2539 2258 2608 sanguinem
2287 2538 2508 2592 Domini
2526 2540 2887 2593 revertantur.
2918 2535 3175 2607 Denique
3207 2532 3585 2591 anathemata

1930 2644 2052 2681 cum
2096 2615 2337 2681 candelis
2367 2626 2683 2680 ardentibus
2715 2625 2773 2680 in
2807 2624 3153 2680 Guibertum
3184 2626 3242 2679 et
3270 2624 3398 2695 ejus
3430 2637 3584 2678 com-

1932 2715 2127 2788 plices.
2162 2715 2315 2786 quod
2357 2715 2482 2785 jam
2519 2731 2633 2769 non
2666 2713 2846 2770 semel
2874 2714 3091 2769 factum
3124 2712 3333 2781 fuerat,
3365 2710 3580 2767 iterum

1930 2803 2308 2875 pronuntiata
2324 2808 2380 2858 et
2398 2808 2669 2858 renovata
2692 2819 2806 2857 uno
2820 2802 3087 2858 omnium
3110 2800 3349 2857 Patrum
3369 2801 3501 2855 voto
3523 2800 3581 2854 et

1929 2910 2216 2949 consensu
2234 2892 2486 2947 fuerunt.
2507 2892 2782 2963 Ejusdem
2801 2896 2858 2947 et
2878 2890 3105 2947 Henrici
3126 2893 3277 2962 facta
3299 2889 3581 2945 damnata

1930 3002 1963 3038 a
1993 2982 2263 3038 Patribus
2296 2982 2476 3036 fuisse
2508 2985 2707 3036 narrat
2752 2981 3050 3046 Domnizo,
3087 2978 3187 3052 qui
3216 2979 3391 3034 refert
3419 2977 3578 3033 Hen-

1929 3072 2032 3128 rici
2090 3073 2147 3126 in
2197 3071 2512 3126 Praxedem
2561 3069 2781 3142 ﬂagitia
2811 3070 2865 3124 in
2925 3068 3228 3141 publicum
3284 3066 3575 3139 evulgata,

1931 3160 2134 3216 multis
2147 3160 2509 3215 occasionem
2524 3158 2827 3214 deserendi
2842 3156 3213 3229 imperatoris
3234 3154 3576 3228 praebuisse:

1933 3250 2087 3321 quod
2119 3248 2350 3303 Urbano
2394 3246 2658 3326 animum
2690 3247 2981 3317 adjecerat
3012 3245 3083 3299 ad
3115 3246 3225 3300 iter
3252 3244 3312 3299 in
3357 3244 3578 3315 Longo-

1932 3337 2196 3393 bardiam
2240 3335 2703 3407 suscipiendum,
2736 3334 2935 3406 ibique
2957 3333 3248 3405 synodum
3280 3331 3579 3387 celebran-

1933 3428 2084 3483 dam.
2123 3425 2353 3480 Videsis
2382 3426 2511 3495 ejus
2542 3422 2798 3478 auctoris
2827 3439 3031 3477 versus
3062 3422 3121 3476 in
3153 3419 3506 3493 Appendice.

2003 3515 2276 3593 CLXXIV.
2314 3514 2489 3582 Augia
2539 3513 2785 3583 epise0po
2818 3510 3217 3567 Constantiensi
3245 3508 3507 3580 subjecta.

2004 3604 2195 3659 Testis
2222 3607 2309 3657 est
2323 3600 2627 3656 Bertoldus
2647 3601 2947 3656 Urbanum
2967 3600 3027 3654 in
3049 3615 3117 3655 ea
3135 3598 3354 3671 synodo
3367 3611 3580 3652 omnem

1928 3697 2243 3764 potestatem
2275 3694 2333 3745 in
2385 3691 2593 3746 clerum
2640 3699 2690 3744 et
2726 3690 2990 3761 populum
3044 3688 3336 3758 Augiensis
3385 3686 3582 3741 insulse

1935 3782 2201 3837 Udalrieo
2233 3780 2429 3852 Augim
2478 3778 2696 3846 abbati,
2732 3794 2906 3851 quem
2940 3778 3191 3850 ipsemet
3221 3793 3287 3831 eo
3318 3778 3581 3846 tempore

1934 3874 2390 3936 consecraverat,
2470 3867 2863 3933 interdixisse,
2914 3882 3161 3939 eamque
3220 3863 3581 3921 concessisse

1933 3959 2271 4015 Gebebardo
2294 3956 2725 4013 Constantiensi
2744 3955 3036 4028 episcopo,
3061 3954 3161 4027 qui
3175 3951 3419 4010 concilio
3442 3968 3584 4024 prae-

1936 4065 2070 4105 sens
2091 4052 2242 4108 erat;
2276 4045 2411 4100 hinc
2439 4061 2569 4100 eum
2593 4044 2767 4116 paulo
2791 4047 2922 4115 post
2942 4043 3247 4099 Udalricus
3269 4042 3335 4097 de
3353 4042 3454 4097 illa
3471 4054 3585 4096 sese

1935 4136 2317 4192 intromisissct
2346 4132 2557 4188 litteris
2589 4132 2806 4188 Urbani
2840 4132 3187 4205 redargutus
3204 4134 3311 4188 est.
3335 4129 3444 4187 Sed
3469 4128 3582 4186 illa

1936 4225 2139 4280 litterae
2174 4222 2537 4278 interierunt.

2113 4311 2358 4367 CLXXV.
2409 4310 2671 4367 (Iunones.
2703 4311 2778 4365 De
2806 4310 3061 4367 Ecclesia
3089 4307 3398 4379 disciplina.

2010 4400 2285 4457 Praeclara
2314 4400 2491 4455 etiam
2526 4400 2584 4454 in
2615 4399 2818 4454 eadem
2851 4399 3071 4470 synodo
3117 4396 3271 4452 circa
3304 4410 3496 4451 mores
3525 4396 3583 4450 et

1937 4488 2306 4562 disciplinam
2338 4488 2792 4544 ecclesiasticam
2826 4487 3095 4543 instituta
3125 4490 3182 4542 et
3211 4483 3583 4558 promulgata

1939 4581 2118 4643 fuere,
2153 4594 2403 4649 quorum
2435 4576 2716 4632 nonnulla
2741 4575 2934 4648 capita
2966 4577 3226 4630 recenset
3251 4572 3407 4627 idem
3439 4573 3582 4627 Ber-

1938 4668 2152 4724 toldus.
2183 4691 2207 4715 ‹‹
2236 4667 2391 4721 Inter
2414 4664 2546 4733 alia,
2576 4664 2767 4737 inquit
2786 4663 2883 4719 ille
2904 4668 3125 4729 auctor,
3149 4664 3386 4717 cautum
3406 4664 3497 4715 est
3516 4664 3582 4716 ut

1938 4758 2008 4812 ad
2043 4754 2443 4829 pmnitentiam
2468 4770 2583 4808 non
2606 4752 2964 4825 recipiantur
2992 4750 3090 4823 qui
3113 4748 3491 4818 concubinas,
3524 4752 3584 4805 et

1938 4846 2138 4901 odium
2171 4860 2239 4899 ex
2263 4842 2457 4908 corde,
2477 4845 2535 4896 et
2564 4841 2863 4912 quodlibet
2892 4838 3135 4896 mortale
3163 4841 3464 4911 peccatum
3492 4838 3583 4893 di-

1939 4937 2197 4991 mitteret
2225 4930 2465 4987 nollent.
2500 4930 2571 4985 Ut
2601 4929 2801 4985 nullus
2823 4930 3139 5003 presbyter,
3173 4928 3286 4985 nisi
3308 4928 3583 4999 proprius

1938 5024 2247 5098 episcopus
2268 5020 2417 5075 hanc
2439 5018 2489 5074 ei
2520 5035 2721 5074 curam
2753 5019 3130 5087 commiserit,
3153 5017 3488 5091 quempiam
3511 5018 3583 5073 ad

1936 5110 2336 5187 pmnitentiam
2384 5108 2642 5179 recipiat.
2683 5106 2755 5161 Ut
2785 5106 2856 5162 iis
2886 5108 2985 5178 qui
3018 5123 3257 5179 corpore
3285 5122 3402 5161 non
3444 5121 3581 5162 vero

1937 5205 2132 5258 mente
2162 5200 2311 5255 inter
2341 5196 2874 5253 excommunicatos
2900 5200 3224 5263 morantur,
3254 5195 3325 5250 ad
3353 5194 3580 5250 confes-

1937 5292 2160 5348 sionem
2187 5290 2293 5344 rite
2312 5286 2680 5343 venientibus
2699 5284 3069 5341 Eucharistia
3084 5301 3200 5340 non
3227 5284 3576 5354 denegetur;

1937 5378 2108 5434 modo
2128 5374 2762 5432 excommunicatorum
2781 5372 3164 5429 sacramentis
3187 5387 3301 5426 non
3323 5385 3584 5425 commu-

1937 5466 2276 5523 nicaverint.
2311 5463 2384 5519 Ut
2413 5479 2615 5517 eorum
2646 5462 2747 5535 qui
2778 5463 2851 5517 ab
2881 5457 3403 5517 excommunicatis
3423 5456 3581 5512 ordi~

1938 5555 2058 5624 nati
2078 5553 2295 5619 fuerint
2313 5551 2479 5608 irrita
2499 5567 2614 5627 non
2635 5549 2710 5621 sit
2720 5550 3028 5621 ordinatio,
3043 5547 3217 5605 modo
3229 5546 3476 5626 probare
3486 5560 3580 5610 va-
