3958 6224
220 396 333 464 145

1832 398 2045 469 VITA.‘

3521 413 3641 484 N6

220 535 334 593 cilii
365 532 695 593 Placentini
718 532 835 608 die,
868 538 969 593 aut
1022 540 1194 607 certe,
1225 532 1273 591 si
1316 536 1470 593 intra
1499 535 1623 596 dies
1654 543 1879 612 septem
1909 542 1962 614 Α
1994 542 2336 612 potestatem
2366 557 2500 599 vero
2531 542 2729 601 utendi
2764 543 2936 603 mitra
2965 551 3022 604 et
3044 547 3175 607 aliis
3204 549 3639 624 pontiﬁcalibus

218 625 557 684 absolutum
590 625 724 695 fuit,
758 625 854 683 die
884 628 1146 701 proximo
1178 633 1311 701 post
1348 629 1478 701 ejus
1534 628 1879 687 celebratio-

1990 629 2369 701 ornamentis,
2403 650 2531 706 quas
2554 633 2680 706 jam
2711 634 2940 710 Hugoni
2964 635 3162 695 abbati
3189 657 3293 713 pro
3324 645 3450 697 octo
3474 642 3635 699 festi-

217 732 372 774 nem.
404 716 563 773 Nihil
594 720 799 774 autem
847 717 1068 774 mirum
1122 721 1213 774 est
1243 718 1542 775 Urbanum
1575 720 1878 777 monachis
1986 718 2263 776 vitatibus
2311 722 2619 796 praecipuis
2679 742 2957 783 concessa
3014 728 3223 797 fuerat,
3273 731 3533 802 pontifex
3562 732 3635 789 ad

213 807 745 881 Hirsaugiensibus
790 809 935 865 adeo
984 807 1215 876 favisse,
1250 825 1380 863 cum
1413 813 1636 865 eertum
1670 811 1745 865 sit
1777 828 1875 866 ne-

215 898 435 954 minem
458 896 519 952 in
541 896 863 954 Germania
884 897 1288 954 ferventiorem
1328 897 1448 955 illis
1474 899 1533 953 in
1560 899 1874 971 insequen-

214 986 309 1042 dis
336 986 514 1041 verbo
545 991 605 1042 et
632 987 851 1058 scripto
891 986 1282 1044 schismaticis
1316 988 1515 1056 fuisse,
1551 993 1615 1043 ut
1645 1006 1714 1044 ex
1735 1007 1871 1062 apo-

210 1074 370 1149 logia
388 1074 623 1132 Henrici
645 1075 897 1148 Augusti
918 1079 1077 1148 patet
1110 1094 1146 1132 a
1184 1076 1431 1133 Frehero
1453 1077 1509 1132 in
1536 1077 1872 1134 collectione

211 1169 524 1221 auctorum
554 1166 913 1222 Germanicae
960 1166 1215 1222 historiaa
1270 1168 1444 1223 edita.
1477 1168 1624 1233 Quin
1655 1173 1712 1223 et
1741 1169 1872 1223 Hir-

210 1254 528 1327 saugiense
559 1255 987 1311 monasterium
1002 1271 1235 1328 semper
1251 1255 1615 1311 tutissimum
1639 1257 1868 1329 asylum

204 1348 478 1416 tempore
508 1340 791 1398 Willelmi
822 1343 1054 1399 abbatis
1083 1342 1266 1399 fuisse
1297 1346 1573 1401 omnibus
1608 1348 1705 1419 qui
1764 1365 1868 1419 pro

203 1429 488 1505 Gregorio
519 1431 622 1487 VII
653 1431 909 1501 stabant,
939 1430 1224 1487 discimus
1262 1449 1331 1487 ex
1377 1435 1644 1504 ejusdem
1679 1437 1864 1491 sancti

200 1521 359 1588 Vita,
384 1537 515 1594 qua:
538 1519 764 1577 Seculo
779 1536 838 1577 vl
857 1520 1227 1576 Benedictino
1246 1522 1483 1595 vulgata
1503 1528 1611 1579 est.
1637 1524 1864 1579 'I‘rithe-

200 1610 366 1666 mius
378 1609 600 1683 aliique
612 1608 880 1665 nonnulli
898 1609 1052 1665 aliud
1074 1610 1247 1666 etiam
1268 1611 1587 1684 vulgarunt
1602 1613 1862 1682 ejusdem

196 1699 311 1756 loci
336 1699 733 1773 privilegium,
763 1700 865 1756 sed
883 1698 1067 1755 multo
1091 1700 1358 1766 minoris,
1388 1701 1436 1757 si
1469 1706 1622 1757 recte
1635 1703 1859 1774 judico,

196 1789 596 1856 auctoritatis,
634 1790 789 1861 quod
834 1794 1026 1845 tamen
1078 1790 1318 1846 omnino
1374 1790 1639 1847 omittere
1669 1792 1861 1847 visum

196 1892 317 1935 non
350 1878 485 1946 fuit,
522 1892 617 1947 ne,
648 1879 804 1950 quod
837 1877 934 1933 alii
962 1895 1068 1951 pro
1111 1877 1373 1952 legitimo
1405 1880 1736 1949 habuerint,
1771 1886 1861 1938 te-

195 1984 361 2025 mere
386 1967 597 2023 videar
622 1967 913 2039 rejeoisse.
937 1967 1188 2024 Maxime
1219 1969 1376 2041 quod
1408 1969 1767 2026 Tritbemius
1797 1971 1857 2026 in

195 2057 473 2129 ejusdem
516 2055 629 2113 loci
674 2056 958 2113 Chronico
1002 2060 1249 2114 testetur
1290 2057 1399 2115 hoc
1460 2059 1654 2131 ipsum
1705 2060 1857 2115 ειΗί-

193 2146 420 2204 chardo
449 2145 798 2220 Moguntino
848 2146 1292 2219 metropolitano
1324 2148 1633 2220 probatum
1666 2153 1721 2205 et
1755 2150 1855 2205 ad-

191 2237 452 2293 missum
487 2235 691 2292 fuisse.

264 2326 369 2382 Die
392 2326 687 2399 sequenti,
711 2324 769 2379 id
792 2329 881 2381 est
901 2342 1054 2381 nona
1076 2325 1290 2390 Martii,
1314 2326 1550 2398 scripsit
1582 2327 1855 2385 Urbanus

180 2414 502 2487 epistolam
535 2414 605 2469 ad
655 2414 1075 2471 Noviomenses
1129 2431 1305 2487 quam
1345 2416 1471 2487 jam
1523 2433 1639 2472 non
1673 2417 1850 2473 semel

183 2503 589 2570 laudavimus,
619 2519 725 2574 pro
757 2503 1035 2559 Radbodo
1058 2520 1261 2560 eorum
1292 2504 1585 2578 episcopo,
1622 2509 1686 2561 ut
1714 2523 1849 2562 eum

184 2594 250 2650 in
282 2596 584 2666 pastorem
616 2591 995 2664 recipiant.Et
1026 2593 1264 2664 quidem
1296 2610 1431 2649 eum
1463 2611 1847 2667 nemo,quan-

187 2683 296 2739 diu
326 2682 389 2738 in
413 2682 578 2737 curia
619 2681 883 2738 Romana
928 2682 1116 2738 fuerat
1168 2688 1456 2753 versatus,
1494 2685 1845 2757 cujusquam

188 2772 888 2849 criminis_accusaverat.

262 2862 407 2918 Post
434 2860 583 2917 duos
614 2859 988 2928 dies,scilicet
1007 2862 1319 2917 undecima
1342 2862 1606 2933 ejusdem
1627 2863 1846 2918 mensis

189 2944 414 3017 Martii,
445 2949 599 3005 idem
630 2949 890 3022 pontifex
927 2950 1233 3023 epistolam
1272 2968 1450 3007 unam
1501 2951 1846 3007 Gualcherio

185 3038 375 3096 electo
433 3037 859 3109 Cameracensi,
919 3042 978 3095 et
1033 3038 1273 3096 alteram
1342 3040 1588 3096 Roberto
1645 3040 1843 3096 comiti

188 3125 481 3185 Flandrim
510 3126 883 3200 conscripsit,
910 3128 969 3183 in
1010 3128 1256 3202 gratiam
1308 3129 1709 3186 Atrebatensis
1737 3130 1841 3186 Ec—

188 3215 411 3285 clesiae,
445 3218 511 3271 ut
539 3215 801 3271 diximus
830 3232 1074 3273 numero
1106 3219 1474 3290 praecedenti.
1507 3219 1623 3275 Has
1654 3218 1843 3291 sequi-

183 3308 289 3361 tur
319 3304 586 3376 ejusdem
618 3304 914 3377 pontificis
945 3287 1191 3378 epistola
1221 3307 1291 3362 ad
1323 3306 1646 3363 Guidonem
1672 3287 1843 3363 Vien-
1875 3287 1918 3354 (ἶ

185 3409 438 3449 nensem
469 3391 973 3465 archiepiscopum
1017 3395 1319 3451 occasione
1367 3395 1845 3452 Salmoriacensis

185 3483 350 3557 pagi,
385 3481 587 3537 itidem
619 3480 894 3554 superius
939 3482 1192 3551 laudata,
1242 3501 1367 3556 qua:
1413 3502 1468 3539 1v
1511 3485 1647 3540 ldus
1670 3485 1726 3540 id
1758 3489 1847 3541 est

193 3575 262 3629 12
285 3572 383 3627 die
412 3569 606 3627 Martii
637 3571 969 3644 conscripta
991 3572 1120 3627 fuit.

261 3660 458 3717 Pridie
485 3660 625 3717 Idus
655 3661 921 3733 ejusdem
953 3662 1175 3718 mensis
1196 3661 1466 3718 Urbanus
1494 3663 1685 3719 varias
1711 3680 1844 3737 pos-

190 3749 487 3807 sessiones
516 3765 551 3805 a
580 3749 893 3806 Gotofredo
932 3750 1203 3822 episcopo
1234 3767 1556 3825 concessas
1588 3752 1845 3825 Megalo-

191 3838 479 3895 nensibus
504 3837 933 3910 canonicis,qui
955 3838 1281 3911 regularem
1301 3839 1478 3895 vitam
1495 3840 1664 3911 juxta
1684 3857 1847 3913 regu-

192 3926 314 3982 lam
336 3926 865 3999 SanctiAugustini
890 3926 1137 3999 amplexi
1175 3928 1425 3994 fuerant,
1460 3928 1842 3994 conﬁrmavit,

193 4016 335 4070 data
363 4015 449 4070 eis
480 4031 590 4070 sua
621 4015 1009 4083 benedictione,
1035 4019 1093 4070 et
1118 4020 1459 4087 peccatorum
1491 4018 1839 4073 absolutione.

194 4104 387 4175 Hujus
415 4103 685 4176 rescripti
720 4102 986 4158 meminit
1005 4104 1290 4160 Antonius
1311 4105 1382 4161 de
1407 4105 1675 4162 Verdalia
1690 4106 1845 4177 ejus-

196 4193 330 4248 dem
350 4191 626 4249 Ecclesim
670 4191 1005 4264 episcopus,
1038 4193 1136 4265 qui
1167 4193 1323 4250 sedis
1356 4211 1475 4249 suae
1515 4194 1845 4250 antistitum

194 4281 511 4337 Historiam
541 4280 779 4353 scripsit
824 4281 1041 4337 editam
1074 4287 1230 4338 tomo
1262 4299 1279 4338 1
1315 4282 1680 4338 Bibliotheca:
1703 4284 1846 4338 Lab-

197 4370 417 4425 beanze.
452 4373 538 4425 An
586 4386 726 4425 vero
787 4368 1133 4426 Gotofredus
1186 4372 1332 4443 ipse,
1363 4371 1463 4443 qui
1521 4371 1665 4427 forte
1710 4376 1848 4427 tunc

200 4456 507 4513 Placentiae
538 4461 684 4524 erat,
715 4456 862 4512 illud
893 4457 1019 4530 ipse
1050 4458 1465 4531 impetraverit,
1498 4476 1609 4514 non
1661 4460 1849 4531 expri-

199 4546 568 4619 mitur,quod
590 4548 790 4601 tamen
813 4545 1129 4602 verisimile
1150 4551 1259 4613 est,
1290 4563 1422 4602 cum
1447 4547 1571 4620 ipse
1595 4547 1848 4603 multum

1983 806 2144 866 illius
2177 827 2410 883 quoque
2436 829 2803 870 successores
2831 816 3108 873 extendit.

2054 898 2257 954 Adhuc
2289 898 2589 957 Placentiae
2624 908 2745 959 erat
2765 903 3035 961 Urbanus
3075 906 3238 963 initio
3270 908 3504 980 Aprilis,
3534 909 3633 966 ubi

1984 987 2169 1058 pridie
2197 988 2388 1045 Nonas
2402 991 2663 1061 ejusdem
2684 994 2904 1049 mensis
2923 994 3115 1051 simile
3127 996 3244 1051 fere
3258 997 3633 1071 privilegium

1981 1079 2337 1134 monasterio
2369 1080 2562 1135 Sancti
2606 1080 2856 1138 Victoris
2904 1084 3289 1142 Massiliensis
3321 1089 3629 1157 concessit,

1980 1165 2267 1222 Richardo
2294 1168 2573 1224 cardinali
2631 1174 2687 1225 et
2745 1172 2939 1227 abbati
2975 1172 3346 1247 inscriptum,
3394 1177 3496 1249 qui
3526 1177 3630 1233 diu

1979 1256 2309 1326 apostolicae
2341 1258 2495 1313 sedis
2543 1258 2717 1331 legati
2768 1278 3012 1317 munere
3067 1262 3304 1320 functus
3352 1265 3542 1321 fuerat
3568 1267 3628 1322 in

1975 1344 2274 1416 Hispania.
2311 1350 2518 1401 Datum
2550 1348 2604 1402 in
2640 1349 2855 1405 nostris
2905 1351 3186 1423 exemplis
3229 1353 3445 1409 dicitur
3473 1373 3627 1412 anno

1978 1433 2115 1488 1096
2142 1452 2154 1499 ;
2191 1434 2288 1489 sed
2320 1437 2595 1491 mendum
2629 1444 2717 1493 est
2746 1440 2818 1494 ab
2850 1442 3313 1498 amanuensibus
3345 1446 3624 1501 commis-

1974 1538 2129 1589 sum,
2165 1525 2315 1595 quod
2351 1524 2519 1580 facile
2557 1544 2625 1582 ex
2684 1527 2816 1583 aliis
2871 1528 3161 1585 chronicis
3217 1532 3371 1588 notis
3429 1534 3624 1589 sanari

1972 1616 2183 1684 potest,
2218 1613 2329 1669 nisi
2360 1631 2572 1681 annus,
2606 1620 2669 1670 ut
2716 1616 2771 1670 in
2822 1616 3116 1689 plerisque
3169 1619 3300 1675 aliis
3358 1620 3538 1692 hujus
3568 1628 3626 1678 et

1971 1702 2272 1773 sequentis
2301 1703 2440 1758 anni
2472 1703 2895 1777 diplomatibus
2954 1707 3262 1763 observare
3293 1707 3507 1778 licebit,
3542 1711 3624 1767 ibi

1971 1806 2005 1844 a
2034 1790 2239 1848 Martio
2267 1809 2467 1848 mense
2516 1794 2886 1866 praecedenti,
2922 1795 2981 1850 in
3037 1794 3150 1851 isto
3208 1796 3510 1871 privilegio
3541 1799 3623 1855 in-

1970 1878 2230 1936 cboetur.

2004 1986 2279 2057 CLXXIX.
2315 1989 2571 2043 Richerus
2599 1992 2880 2060 episcopus
2908 1990 3137 2047 Virduni
3169 1993 3384 2050 Urbano
3403 2002 3581 2066 paret.

2037 2075 2159 2139 Quo
2189 2080 2450 2148 tempore
2481 2077 2602 2134 haec
2634 2079 2692 2133 in
2736 2079 2903 2135 Italia
2931 2081 3274 2152 agebantur,
3308 2082 3615 2154 Ricberus,

1965 2165 2066 2236 qui
2099 2166 2170 2221 ab
2202 2166 2373 2222 annis
2421 2172 2643 2239 septem
2674 2168 2733 2223 in
2791 2168 3221 2226 Virdunensem
3274 2172 3615 2245 episcopum

1965 2253 2185 2311 electus
2214 2254 2489 2311 baculum
2522 2257 2594 2311 ab
2626 2256 2871 2313 Henrico
2892 2258 3154 2331 Augusto
3185 2269 3508 2333 acceperat.
3540 2263 3614 2318 ad

1964 2343 2265 2416 Hugonem
2299 2343 2569 2415 Lugduni
2598 2345 3105 2417 archiepiscopum
3135 2349 3400 2417 accessit,
3434 2366 3468 2405 a
3498 2366 3611 2422 quo

1962 2437 2095 2504 post
2136 2434 2426 2504 ejuratum
2479 2433 2737 2489 schisma
2788 2438 3158 2490 consecratus
3212 2440 3303 2492 est
3358 2436 3486 2509 ipso
3515 2438 3611 2495 dio

1960 2526 2162 2577 sancto
2216 2522 2678 2577 Resurrectionis
2738 2522 3073 2590 Dominicze,
3107 2540 3173 2578 ac
3230 2524 3404 2595 paulo
3454 2530 3607 2597 post,

1959 2609 2262 2667 Dominica
2291 2608 2511 2665 scilicet
2566 2611 2826 2666 secunda
2881 2614 3015 2682 post
3072 2611 3314 2681 Pascha,
3359 2613 3606 2671 Virduni

1959 2716 2093 2755 cum
2112 2698 2333 2773 ingenti
2354 2699 2566 2755 civium
2588 2699 2875 2772 applausu
2895 2704 3207 2772 susceptus
3240 2701 3370 2770 fuit,
3401 2706 3607 2775 agente

1959 2788 2208 2844 Rodulfo
2251 2788 2445 2844 Sancti
2491 2787 2739 2844 Victoris
2798 2789 3030 2858 abbate,
3063 2791 3167 2862 qui
3225 2790 3443 2847 Urbani
3471 2808 3603 2864 par-

1956 2878 2107 2933 tium
2146 2882 2270 2933 erat
2319 2878 2591 2933 defensor
2641 2878 2982 2935 acerrimus.
3041 2879 3172 2935 Haec
3222 2879 3509 2938 discimus
3537 2899 3606 2939 ex

1958 2966 2267 3024 Laurentio
2323 2967 2392 3023 de
2433 2967 2642 3022 Leodio
2696 2968 2756 3022 in
2787 2967 3043 3024 Historia
3097 2970 3228 3040 ejus
3282 2969 3447 3027 urbis
3476 2971 3603 3043 epi-

1954 3072 2287 3129 scoporum,
2322 3072 2450 3129 quae
2480 3060 2638 3112 temo
2667 3056 2763 3112 XII
2791 3056 3086 3131 Spicilegii
3110 3057 3418 3115 Acberiani
3447 3059 3605 3117 edita

1952 3149 2060 3200 est.

2026 3234 2276 3289 CLXXX.
2313 3235 2559 3290 Urbanus
2601 3251 2635 3289 a
2668 3234 2920 3290 Conrado
2966 3251 3089 3306 rege
3117 3238 3391 3307 excipitur
3411 3236 3532 3293 Gre-

2682 3322 2879 3362 71W.

2027 3394 2286 3450 Pontifex
2311 3410 2443 3450 vero
2476 3392 2770 3449 Placentia
2815 3394 2982 3450 initio
3034 3394 3250 3466 Aprilis
3308 3409 3604 3467 egressus,

1955 3482 2174 3538 multas
2206 3482 2400 3548 urbes,
2450 3486 2515 3536 ut
2564 3481 2740 3537 habet
2789 3482 3085 3548 Domnizo,
3143 3482 3509 3555 peragravit;
3542 3499 3609 3539 ac

1956 3571 2166 3644 primo,
2199 3575 2265 3626 ut
2310 3569 2548 3642 quidem
2597 3569 2827 3642 exigere
2873 3569 3103 3626 videtur
3153 3569 3383 3626 itineris
3427 3570 3608 3627 series

1957 3677 2089 3716 cum
2121 3657 2495 3732 antiquorum
2528 3662 2835 3714 auctorum
2857 3658 3238 3718 relationibus
3261 3658 3604 3732 composita.

1955 3750 2302 3805 Cremonam
2318 3765 2524 3803 rursus
2536 3747 2806 3815 adiit,ubi
2825 3748 3156 3805 Conradum
3170 3747 3404 3804 Henrici
3418 3746 3606 3804 filium

1957 3839 2131 3895 Italia:
2182 3854 2376 3909 regem
2408 3854 2464 3891 xv
2514 3838 2649 3891 Idus
2698 3836 2933 3909 Aprilis,
2962 3841 3027 3892 ut
3074 3836 3380 3893 Bertoldus
3410 3837 3604 3907 refert,

1954 3927 2160 3983 habuit
2189 3927 2447 3996 obvium,
2474 3927 2573 3997 qui
2606 3927 2657 3981 ei
2679 3928 2935 3982 stratoris
2964 3926 3209 3997 ofﬁcium
3235 3925 3508 3991 exhibuit,
3539 3942 3608 3982 ac

1953 4018 2082 4089 fecit
2112 4016 2429 4085 ﬁdelitatem
2458 4018 2776 4087 juramento
2806 4015 2870 4071 de
2915 4017 3050 4081 vita,
3082 4014 3148 4070 de
3183 4014 3441 4071 membris
3469 4019 3522 4070 et
3544 4014 3609 4072 de

1951 4113 2159 4177 papam
2192 4106 2447 4159 Romano.
2481 4103 2745 4159 Urbanus
2777 4119 2909 4159 vero
2932 4105 3134 4175 recepit
3176 4104 3337 4158 illum
3354 4105 3413 4158 in
3427 4104 3608 4174 ﬁtium

1954 4202 2164 4249 sanctae
2189 4194 2441 4248 Romanas
2487 4193 2761 4259 Ecclesiae,
2796 4193 2951 4262 eique
2991 4192 3282 4248 consilium
3310 4196 3363 4247 et
3387 4192 3609 4264 adjuto-

1956 4285 2104 4337 rium
2154 4282 2221 4336 ad
2270 4281 2622 4336 obtinendum
2678 4298 2924 4351 regnum,
2975 4289 3027 4337 el
3071 4297 3329 4336 coronam
3386 4283 3610 4353 imperii

1957 4371 2345 4443 acquirendam
2372 4386 2558 4424 coram
2584 4371 2782 4440 populo
2814 4370 3127 4439 ﬁrmissime
3150 4370 3427 4440 promisit,
3456 4370 3611 4425 salva

1956 4460 2175 4532 quidem
2188 4461 2420 4531 juslilia
2443 4459 2594 4513 illius
2619 4460 2872 4515 Ecclesia
2899 4465 2952 4513 et
2994 4459 3208 4514 statutis
3260 4457 3610 4529 apostolicis;

1958 4550 2198 4605 maxime
2220 4549 2285 4604 de
2313 4549 2653 4604 inveslituris
2684 4549 2743 4603 in.
2770 4548 3156 4619 spiritualibus
3185 4548 3382 4618 ofﬁciis
3399 4564 3435 4603 a
3471 4547 3610 4604 laico

197 4634 521 4691 desudasse
546 4633 781 4691 dicatur
826 4634 885 4689 in
915 4635 1277 4692 restituenda
1304 4635 1573 4692 Ecclesia:
1605 4653 1724 4692 suae
1756 4654 1847 4693 ca-
1880 4657 1926 4722 Β
1955 4655 2067 4695 ηοη
2094 4637 2443 4709 usurpandis.
2478 4637 2609 4693 Hzec
2643 4652 2778 4692 cum
2802 4634 3125 4707 accepisset
3169 4639 3266 4692 Ivo
3295 4639 3611 4692 Gai-noten-

198 4724 545 4781 nonicorum
576 4722 835 4797 regulari
864 4724 1000 4779 vita.

264 4812 387 4869 Hoc
405 4810 785 4885 privilegium
799 4810 954 4867 aliud
972 4811 1682 4884 sequituramplissimum
1697 4814 1852 4885 quod

195 4906 329 4975 post
355 4901 510 4957 duos
537 4899 687 4966 dies,
713 4900 774 4955 id
796 4903 885 4956 est
906 4902 971 4955 16
994 4900 1203 4967 Martii,
1229 4905 1429 4958 sancto
1465 4902 1692 4975 Hugoni
1722 4901 1851 4958 Clu-

194 4989 455 5047 niacensi
486 4989 691 5045 abbati
713 4988 969 5061 pontifex
1000 4988 1261 5045 indulsit.
1297 4990 1359 5045 In
1392 5005 1459 5046 eo
1477 4994 1856 5047 recensentur

194 5077 466 5135 Ecclesiae
486 5077 683 5134 eidem
703 5077 1056 5133 monasterio
1092 5078 1151 5132 in
1172 5077 1348 5134 variis
1368 5078 1682 5150 provinciis
1714 5079 1853 5135 sub-

185 5166 948 5240 jectae,conflrmanturque
979 5164 1176 5222 omnia
1206 5165 1319 5222 alia
1349 5166 1654 5239 privilegia
1682 5184 1852 5239 supe-

195 5256 416 5314 riorum
475 5253 866 5328 pontiﬁcum;
903 5258 1028 5309 tum
1072 5253 1386 5321 interdicit,
1443 5257 1602 5321 sicut,
1663 5255 1857 5327 inquit

191 5344 471 5417 pontifex,
504 5360 542 5400 a
573 5343 836 5412 Gregorio
892 5345 949 5396 in
1000 5344 1244 5399 Romana
1284 5344 1509 5415 synodo,
1534 5349 1590 5399 et
1617 5361 1795 5415 nuper
1821 5362 1856 5400 a

187 5435 344 5491 nobis
393 5437 459 5491 in
509 5432 853 5489 Placentina
905 5435 1172 5488 statutum
1225 5432 1437 5500 fuerat,
1470 5433 1711 5489 cuilibet
1762 5450 1852 5489 ar-

184 5524 590 5598 chiepiscopo,
620 5518 917 5592 episcopo,
950 5524 1051 5575 aut
1077 5519 1254 5577 etiam
1302 5521 1489 5594 legato
1538 5521 1853 5595 apostolico

178 5629 416 5672 omnem
452 5608 813 5669 facultatem
851 5606 1262 5666 Cluniacenses
1319 5609 1707 5667 interdicendi
1764 5611 1852 5667 vel

177 5694 783 5762 excommunicandi,
818 5702 916 5755 aut
958 5699 1344 5772 cognoscendi
1393 5715 1594 5757 eorum
1621 5715 1851 5768 causas,

1958 4727 2113 4785 sium
2135 4727 2381 4783 antistes
2428 4725 2653 4782 litteras
2702 4723 2966 4796 pontiﬁci
3022 4722 3258 4794 scripsit
3313 4722 3530 4793 quibus
3559 4723 3611 4779 ei

1961 4814 2501 4889 gratularetur.Hue
2535 4813 2690 4868 enim
2719 4811 3103 4867 revocandam
3125 4824 3254 4866 esse
3270 4825 3385 4866 non
3407 4809 3613 4867 dubito

1962 4905 2090 4974 ejus
2119 4901 2429 4975 epistolam
2460 4903 2524 4956 43
2578 4900 2688 4971 ipsi
2746 4899 2979 4955 Urbano
3014 4898 3381 4970 inscriptam,
3410 4898 3469 4954 in
3499 4915 3619 4972 qua

1962 4991 2233 5066 gaudium
2291 5005 2451 5045 suum
2506 4989 2680 5044 nullis
2736 4987 3081 5059 syllabarum
3133 4988 3293 5045 metis
3344 4988 3620 5060 explicari

1965 5096 2136 5153 posse
2165 5079 2475 5143 afﬁrmat,«
2498 5076 2654 5149 quod
2679 5074 2930 5132 audierit
2950 5075 3274 5133 Romanam
3294 5074 3617 5134 Ecclesiam

1965 5168 2076 5225 sub
2107 5168 2235 5239 ejus
2268 5165 2550 5239 regimine
2610 5165 2691 5221 ita
2747 5180 3111 5237 prosperare,
3143 5168 3208 5221 ut
3255 5164 3328 5222 ad
3383 5169 3620 5238 portum

1964 5273 2110 5329 pene
2161 5259 2455 5329 perventa,
2508 5253 2684 5311 Italiae
2737 5269 2985 5327 regnum
3036 5253 3268 5325 jamdiu
3317 5252 3530 5311 rebelle
3558 5254 3618 5308 in

1964 5350 2278 5418 conspectu
2324 5346 2453 5416 ejus
2483 5348 2674 5401 totum
2697 5359 2844 5415 pene
2863 5342 3170 5413 conticeat,
3204 5346 3261 5398 et
3289 5358 3473 5397 novus
3498 5357 3621 5410 rex,

1964 5434 2192 5507 (procul
2221 5433 2400 5490 dubio
2423 5433 2746 5502 Conradus)
2777 5448 2905 5489 sese
2934 5430 3174 5489 omnino
3205 5430 3278 5486 ad
3306 5428 3429 5497 Dei,
3461 5430 3620 5500 eius~

1965 5540 2076 5597 que
2106 5522 2467 5580 voluntatem
2500 5521 2558 5576 in
2599 5522 2728 5593 ejus
2777 5537 2991 5576 manus
3045 5517 3291 5575 dederit.
3328 5538 3357 5566 »
3388 5516 3459 5572 Et
3488 5516 3619 5589 qui-

1965 5615 2120 5680 dem,
2156 5617 2224 5667 ut
2269 5609 2600 5669 observavit
2646 5609 2944 5679 Sigonius,
2977 5623 3111 5663 cum
3170 5604 3453 5662 Henricus
3510 5607 3620 5661 im-

1965 5704 2199 5775 perator
2256 5714 2325 5755 ex
2378 5696 2543 5754 Italia
2621 5695 2988 5762 excessisset,
3046 5694 3203 5750 brevi
3283 5708 3489 5751 omnes
3547 5691 3620 5748 ad
