3958 6224
341 403 460 473 υἸ

1639 410 1712 473 Β.
1759 404 2056 473 URBANI
2096 403 2153 468 II
2192 405 2444 469 ΡΑΡιΕ.

3631 405 3754 470 1'48

339 544 589 606 Conradi
613 549 806 620 partes
828 547 1226 613 accurrerunt,
1260 561 1392 600 cum
1437 544 1563 614 jam
1603 543 1770 600 initio
1801 543 1981 615 hujus
2011 539 2066 608 Α
2094 541 2432 615 proceribus
2455 539 2728 616 praeclara
2749 538 2888 614 jura
2910 541 3177 599 concedit
3193 539 3254 598 in
3277 539 3576 612 ecclesias,
3601 559 3753 617 quas

338 637 502 704 anni,
535 639 602 692 ut
631 652 700 691 ex
729 633 995 691 Bertoldo
1045 633 1322 703 diximus,
1357 635 1509 690 idem
1569 635 1836 707 princeps
1869 635 1988 690 Ma-

340 725 516 784 thildi
537 726 784 797 junctus
813 727 1000 779 totum
1031 723 1259 795 paterni
1305 723 1588 780 exercitus
1635 724 1813 779 robur
1840 723 1985 780 obti-

342 815 592 872 nuisset.

415 921 696 978 CLXXXI.
733 921 955 992 Welpho
983 922 1044 974 in
1071 919 1395 976 Mat/tildem
1423 928 1610 975 movet.
1625 920 1920 989 .Conrmlus

609 994 828 1062 Rogerii
850 991 1066 1047 comitis
1096 991 1272 1062 ﬁliam
1302 1007 1528 1047 umorem
1555 992 1723 1046 ducit.

321 1095 334 1106 ’
411 1103 636 1158 Novum
667 1104 859 1156 tamen
882 1099 1110 1154 hostem
1138 1115 1203 1154 eo
1226 1112 1486 1170 tempore
1511 1099 1801 1156 sustinere
1829 1114 1985 1154 com-

2100 632 2186 690 vel
2209 631 2580 689 liberaverint
2609 649 2642 688 a
2688 633 3110 688 Saracenorum
3132 633 3298 705 jugo,
3327 635 3426 688 aut
3471 637 3628 689 certe
3676 633 3754 691 de

2101 738 2246 778 novo
2295 721 2702 776 exstruxerint.
2758 721 2876 776 Hoc
2911 719 3300 794 privilegium,
3337 738 3406 778 ex
3451 721 3753 779 historicis

2101 810 2431 882 Hispanicis
2462 810 2698 866 dabitur
2742 809 2898 865 inter
2944 809 3162 865 Urbani
3193 809 3508 882 epistolas;
3543 810 3602 866 in
3633 829 3753 883 quo

2099 899 2332 972 quidem
2365 899 2506 955 satis
2537 898 2649 955 sibi
2702 903 2968 954 constant
3027 898 3308 954 chronica:
3351 904 3520 968 notae,
3556 901 3658 956 sed
3692 901 3752 956 id

2099 988 2274 1044 habet
2319 988 2698 1058 incommodi,
2731 989 2885 1060 quod
2936 987 3139 1043 datum
3197 985 3426 1043 dicatur
3468 990 3654 1046 Romae
3693 992 3754 1045 l6

2097 1077 2312 1150 Aprilis
2342 1078 2522 1149 hujus
2553 1077 2724 1133 anni:
2761 1093 2874 1148 quo
2905 1080 3167 1148 tempore
3198 1081 3421 1132 certum
3446 1081 3533 1134 est
3563 1078 3750 1135 Urba-

343 1192 518 1266 pulsa
530 1187 1238 1259 Mathildis,Welphonem
1264 1165 1486 1243 scilicet
1507 1194 1750 1260 patrem,
1781 1189 1986 1242 ducem
2259 1166 2316 1221 in
2341 1165 3547 1268 Ῑξοηεοδθοξάίδ.νξδτῗξίῳωσῖυξῗδξολοθοηηθε
3569 1167 3750 1268 ea?!”

343 1255 732 1351 havsrimqui
761 1295 912 1350 aegro
945 1255 1142 1332 animo
1173 1277 1362 1332 ferens
1395 1255 1784 1350 Welphonem
1811 1293 1988 1332 suum
2097 1255 2176 1351 ibi
2199 1259 2566 1351 Ρνίξδίξθηαιον
2605 1256 2816 1351 {mmini
2870 1255 3076 1351 ζῖνᾷαηί
3131 1255 3572 1351 ᾀίοίίυ-ῐξν-(Ιυθ-ῑη
3605 1257 3752 1351 ﬁt?“

341 1368 530 1426 ﬁlium
560 1365 923 1424 aMathildis
980 1366 1110 1438 ejus
1161 1366 1359 1421 uxoris
1415 1371 1539 1421 toro
1593 1369 1988 1438 sequestratum

336 1459 546 1525 vivere,
575 1455 795 1513 veritus
821 1472 892 1510 ne
930 1471 996 1510 eo
1021 1459 1188 1526 pacto
1227 1455 1399 1510 bonis
1428 1457 1558 1526 ejus
1589 1455 1984 1520 frustraretur,

339 1547 412 1604 ad
440 1545 756 1602 Henricum
791 1543 1140 1608 descivit,ut
1168 1560 1234 1598 ea
1267 1544 1418 1598 bona
1448 1545 1496 1599 si
1530 1562 1642 1600 non
1677 1550 1902 1617 sponte,
1933 1544 1984 1598 vi

338 1627 550 1692 saltem
564 1635 634 1690 ab
658 1650 726 1690 ea
745 1623 1146 1703 extorqueret;
1180 1632 1280 1688 sed
1303 1631 1446 1687 irriti
1471 1634 1628 1689 fuere
1674 1635 1986 1704 ejuscona-

338 1722 764 1781 tus.Mathildis
787 1721 1024 1795 quippe,
1043 1721 1238 1777 animo
1262 1721 1828 1794 imperterrita,artes
1859 1726 1988 1796 ejus

338 1813 516 1870 elusit
543 1816 600 1868 et
629 1811 949 1885 potentiam
981 1810 1189 1884 fregit;
1217 1827 1322 1866 nec
1371 1812 1610 1868 mirum.
1662 1812 1765 1868 Illa
1805 1815 1982 1885 enim,

2097 1344 2315 1413 lum,ut
2339 1343 3008 1416 observavimus,primis
3038 1347 3269 1400 tantum
3302 1344 3522 1400 Urbani
3552 1347 3750 1413 annis,

2096 1435 2314 1505 quibus
2345 1433 2548 1490 Petrus
2570 1434 2832 1489 nondum
2854 1433 3152 1506 regnabat,
3181 1433 3501 1506 usurpavit.
3527 1433 3752 1491 Verum

2097 1523 2220 1578 haec
2247 1539 2316 1577 ex
2346 1523 2795 1578 amanuensium
2831 1521 3058 1578 incuria
3081 1522 3382 1594 provenire
3407 1527 3748 1595 potuerunt:

2097 1612 2250 1683 quod
2273 1629 2339 1667 eo
2373 1611 2745 1667 verisimilius
2774 1616 2882 1676 est,
2916 1628 3028 1684 quo
3061 1615 3268 1667 caetera
3306 1611 3365 1666 in
3395 1611 3504 1666 hoc
3537 1629 3751 1667 monu-

2097 1703 2293 1754 mento
2319 1717 2510 1755 rerum
2542 1699 2790 1768 veritati,
2819 1704 2879 1756 et
2909 1705 3242 1772 temporum
3284 1699 3754 1757 circumstantiis

2095 1789 2359 1861 apprime
2381 1789 2745 1845 conveniant.

340 1901 428 1958 uti
483 1877 662 1958 refert
715 1899 1046 1955 Willelmus
1069 1877 1670 1968 VMalmesburiensis,
1723 1903 1823 1974 qui
1883 1877 1986 1959 nec
2015 1911 2065 1977 Β
2095 1877 3139 1977 CLXXXIIILK
3495 1883 3754 1937 ⁶⁰²²⁰⁷²ί⁶ί

339 1990 573 2048 Urbano
603 2006 709 2045 nec
731 1987 996 2044 Mathildi
1025 1987 1214 2042 favere
1252 1989 1568 2057 consuevit,
1603 1990 1772 2046 oblita
1801 2007 1980 2058 sexus,

337 2095 438 2137 nec
490 2079 678 2150 dispar
733 2077 977 2148 antiquis
1041 2077 1424 2142 amazonibus,
1471 2079 1681 2148 ferrata
1739 2081 1985 2136 virorum

336 2169 563 2240 agmina
617 2169 681 2222 in
728 2167 932 2221 bellum
977 2166 1170 2235 agebat
1223 2168 1450 2237 femina.
1485 2167 1598 2222 Nec
1645 2167 1866 2225 felicior
1921 2170 1980 2226 in

333 2255 682 2314 Alemannis
720 2253 968 2326 Welpho
1021 2254 1151 2320 fuit,
1185 2254 1285 2310 ubi
1343 2255 1618 2326 multum,
1651 2261 1799 2314 teste
1849 2259 1978 2314 Ber-

332 2345 514 2414 toldo,
572 2361 708 2400 cum
755 2342 887 2400 aliis
943 2341 1306 2415 principibus
1392 2343 1691 2401 nonnullis
1763 2347 1982 2403 frustra

329 2433 616 2492 laboravit
670 2433 729 2488 in
785 2433 1153 2506 procuranda
1209 2431 1439 2490 Henrici
1499 2435 1866 2493 restitutione
1919 2438 1977 2492 in

328 2539 598 2598 regnum.

400 2613 625 2668 Interea
654 2610 976 2679 Conradus,
992 2614 1288 2667 crescente
1315 2610 1376 2666 in
1398 2611 1522 2668 dies
1550 2613 1678 2683 ejus
1700 2615 1974 2685 potentia.

326 2701 496 2758 Pisas
525 2716 661 2756 cum
692 2703 977 2772 apparatu
1009 2699 1167 2772 regio
1189 2699 1353 2768 adiit,
1385 2699 1584 2772 ibique
1623 2702 1853 2774 Rogerii
1883 2721 1975 2760 co-

329 2787 494 2846 mitis
531 2786 745 2844 Siciliae
787 2791 846 2843 et
863 2787 1138 2843 Calabriae
1161 2785 1341 2842 ﬁliam
1371 2803 1504 2842 cum
1534 2791 1787 2847 inaudita
1811 2809 1974 2864 pecu-

329 2879 432 2934 nia
458 2877 518 2932 in
544 2891 824 2949 sponsam
854 2875 1110 2947 accepit:
1145 2876 1299 2948 quod
1341 2875 1555 2932 Urbani
1587 2882 1644 2934 et
1677 2878 1974 2944 Mathildis

330 2963 578 3024 consilio
601 2964 822 3020 factum
845 2962 1025 3019 fuisse
1045 2967 1294 3020 testatur
1322 2963 1558 3021 Gaufrid
1569 2984 1636 3022 us
1651 2969 1974 3024 monachus

327 3051 480 3111 libro
502 3053 576 3120 Iv,
608 3051 708 3108 ubi
728 3051 953 3108 litteras
991 3069 1024 3107 a
1044 3051 1311 3124 pontifice
1337 3069 1402 3108 ea
1423 3055 1724 3110 occasione
1755 3057 1827 3111 ad
1870 3057 1973 3112 Ro-

331 3141 562 3216 gerium
593 3140 844 3214 scriptas
873 3146 1307 3197 commemorat.
1339 3143 1449 3198 Sed
1495 3143 1582 3198 hae
1613 3143 1971 3211 exciderunt,

330 3246 570 3290 summa
605 3245 810 3286 earum
839 3245 902 3286 ex
935 3229 1034 3285 illo
1065 3235 1298 3286 auctore
1329 3231 1449 3287 hinc
1479 3237 1634 3288 erat:
1669 3233 1968 3288 Urbanum

327 3319 576 3393 Bogerio
597 3317 904 3390 scripsisse
949 3321 1062 3375 sibi
1089 3337 1287 3388 magno
1317 3319 1515 3376 honori
1539 3325 1590 3376 et
1614 3321 1857 3393 proﬁsuo
1884 3323 1972 3392 fu-

327 3417 539 3476 turum,
566 3409 618 3464 si
643 3408 764 3480 ﬁlia
793 3408 908 3478 ﬁlio
937 3411 1082 3480 regis
1127 3411 1318 3480 futuro
1346 3425 1537 3481 sponso
1583 3409 1897 3480 jungatur;
1922 3415 1976 3466 et

315 3498 537 3572 juvenis
563 3500 770 3555 sanetae
796 3499 1058 3555 Romanae
1084 3498 1336 3554 Ecclesiae
1367 3497 1630 3567 ﬁdelitate
1665 3499 1972 3566 adhaerens,

323 3587 418 3645 sed
444 3587 766 3660 sumptibus,
817 3588 1015 3658 quibus
1059 3590 1252 3642 contra
1303 3594 1538 3657 patrem,
1587 3589 1686 3656 qui
1729 3603 1855 3642 eum
1884 3589 1973 3642 in-

315 3676 466 3750 juste
494 3675 862 3748 oppugnabat,
898 3677 1086 3730 minus
1129 3674 1436 3746 sufﬁciens,
1497 3690 1627 3746 quos
1669 3679 1826 3746 pater
1853 3693 1976 3730 cum

325 3765 447 3836 ﬁlia
474 3764 653 3832 daret,
680 3763 894 3819 viribus
924 3765 1094 3818 victus
1123 3763 1215 3832 [f.,
1245 3763 1474 3832 auctus]
1531 3762 1600 3817 ad
1633 3763 1978 3821 debellandos

325 3839 580 3910 inimicos
623 3855 829 3908 sancta
873 3851 973 3906 Dei
1026 3849 1284 3906 Ecclesiae
1333 3851 1680 3922 praevaleret.
1737 3853 1896 3918 Quod
1943 3871 1977 3910 a

327 3927 574 4014 Rogerio
633 3937 960 4012 prastitum
1028 3935 1210 3992 fuisse
1285 3937 1610 4011 subjungit,
1663 3939 1846 3996 missa
1901 3943 1973 3998 ad

325 4029 482 4086 hanc
530 4042 652 4083 rem
681 4024 906 4098 ingenti
945 4022 1132 4082 classe
1172 4041 1297 4081 cum
1351 4027 1546 4082 multis
1598 4029 1978 4086 thesaurorum

321 4117 529 4175 xeniis.

325 4219 639 4282 CLXXXII.
672 4221 866 4276 Petrus
914 4237 1038 4296 res
1062 4220 1375 4296 Aragonum
1409 4223 1528 4278 sedi
1547 4225 1850 4296 apostolicae
1879 4225 1974 4282 ad-

980 4292 1332 4348 dictissimus.

397 4383 514 4438 Hoc
535 4379 661 4454 ipso
708 4384 969 4453 tempore
1017 4383 1275 4454 suscepit
1330 4382 1599 4440 Urbanus
1658 4385 1882 4442 litteras
1940 4404 1972 4440 a

323 4471 494 4528 Petro
523 4471 857 4542 Aragonum
889 4485 1044 4543 rege,
1077 4469 1292 4543 quibus
1323 4470 1420 4527 ille
1459 4477 1668 4544 praeter
1696 4473 1972 4528 obedien-

321 4558 466 4616 tiam
497 4556 734 4614 ﬁlialem
766 4575 926 4632 papa
964 4558 1244 4628 debitam,
1277 4576 1404 4616 sese
1463 4561 1642 4616 etiam
1674 4560 1972 4633 obligabat

323 4649 396 4706 ad
427 4664 638 4705 census
657 4647 816 4703 illius
847 4646 1220 4716 solutionem,
1254 4665 1426 4720 quem
1461 4648 1599 4705 olim
1631 4667 1776 4704 suus
1809 4653 1974 4721 pater
2004 4647 2050 4712 D

319 4738 568 4796 Saucius
598 4741 860 4810 tempore
899 4737 1159 4809 Gregorii
1197 4736 1299 4792 VII
1329 4737 1452 4794 sedi
1485 4738 1817 4810 apostolicae
1851 4738 1976 4794 red-

321 4827 581 4884 dendum
629 4826 982 4883 instituerat.
1029 4825 1146 4880 Has
1194 4823 1416 4882 litteras
1457 4844 1526 4882 ex
1575 4827 1800 4882 Joanne
1848 4828 1975 4882 Briz

321 4913 627 4970 Martineio
641 4915 849 4970 abbate
863 4912 1210 4968 Pennatensi
1223 4912 1425 4970 laudat
1437 4915 1523 4970 vir
1535 4914 1973 4972 illustrissimus

325 5000 530 5058 Petrus
560 5001 630 5056 de
661 5001 857 5057 Marca
882 5000 943 5055 in
971 5000 1226 5056 Historia
1260 5002 1599 5070 Bearnensi,
1623 5021 1838 5077 easque
1866 5005 1976 5060 hoc

323 5105 479 5146 anno
510 5087 760 5160 scriptas
785 5087 968 5144 fuisse
1000 5088 1161 5144 dicit.
1197 5091 1266 5145 Et
1298 5090 1533 5162 quidem
1565 5091 1721 5147 hunc
1751 5109 1972 5148 annum

324 5175 556 5250 praefert
593 5175 844 5250 insignis
899 5175 1116 5232 Urbani
1163 5177 1342 5245 bulla,
1377 5178 1587 5234 barum
1646 5179 1972 5254 litterarum

323 5264 648 5334 occasione,
678 5265 765 5320 uti
809 5263 1056 5333 videtur,
1106 5265 1166 5321 in
1215 5267 1480 5338 ejusdem
1529 5267 1681 5338 regis
1723 5266 1973 5338 gratiam

323 5353 478 5410 data.
504 5353 566 5409 In
597 5369 666 5410 ea
693 5353 962 5410 Urbanus
1011 5370 1205 5426 regem
1256 5353 1328 5407 de
1367 5353 1494 5423 ejus
1543 5355 1600 5408 in
1654 5351 1974 5410 Ecclesium

323 5441 646 5499 reverentia
672 5447 730 5499 et
760 5443 1146 5516 propensione
1177 5439 1536 5511 gratulatur;
1571 5447 1695 5496 tum
1720 5457 1974 5513 conque-

321 5531 474 5586 ritur
505 5532 659 5603 quod
693 5530 1006 5588 nonnullos
1056 5525 1370 5593 antistites,
1426 5529 1523 5599 qui
1575 5530 1625 5586 ei
1658 5530 1845 5586 favere
1875 5530 1972 5586 de-

322 5618 609 5690 buissent,
641 5617 1006 5677 adversarios
1036 5618 1372 5687 pateretur;
1402 5631 1465 5671 ac
1507 5617 1759 5689 denique
1790 5617 1976 5674 multa

327 5707 376 5762 ei
425 5709 670 5780 ejusque
719 5703 1004 5779 prosapiae
1057 5699 1443 5776 principibus,
1503 5721 1567 5762 ac
1621 5705 1752 5763 aliis
1811 5706 1974 5777 regni

2405 1951 2682 2020 regulares
2705 1953 2888 2021 primo
2913 1951 3129 2005 abbates
3165 1951 3425 2007 obtinent.

2163 2038 2366 2094 Varias
2397 2043 2538 2095 tunc
2570 2040 2914 2112 peragrabat
2941 2039 3354 2112 Longobardize
3404 2039 3577 2098 urbes
3603 2057 3751 2114 pon-

2093 2128 2250 2196 tifex,
2283 2132 2430 2184 teste
2463 2127 2751 2195 Bertoldo,
2776 2133 2841 2182 ut
2889 2145 3098 2202 nempe
3129 2145 3227 2185 eas
3259 2128 3370 2184 sibi
3401 2127 3746 2198 devinciret,

2091 2233 2157 2272 ac
2209 2234 2317 2272 sua
2362 2217 2671 2288 praesentia
2718 2217 3111 2283 confirmaret,
3145 2234 3249 2273 nec
3297 2222 3431 2289 post
3472 2235 3648 2274 suum
3685 2219 3746 2274 in

2091 2305 2277 2362 Gallia
2309 2307 2634 2362 discessum
2686 2306 2758 2360 ab
2802 2323 2868 2362 eo
2917 2306 3246 2362 deficerent.
3301 2305 3466 2362 Certe
3522 2306 3584 2362 in
3626 2307 3747 2364 illis

2089 2395 2356 2468 partibus
2375 2394 2717 2450 versabatur
2729 2411 2864 2450 cum
2877 2393 3142 2450 Lutolfus
3161 2393 3456 2451 Tullensis
3471 2395 3746 2454 Ecclesiae

2089 2485 2344 2539 decanus
2365 2484 2434 2537 ab
2458 2499 2524 2539 eo
2546 2482 2913 2556 privilegium
2945 2483 3277 2557 impetravit
3307 2499 3412 2556 pro
3445 2491 3746 2542 monaste-

2089 2575 2174 2629 rio
2205 2592 2238 2628 a
2268 2589 2328 2628 se
2360 2589 2561 2629 recens
2599 2571 2832 2628 condito
2885 2589 3063 2644 prope
3114 2573 3382 2630 eamdem
3443 2574 3746 2632 urbemin

2087 2664 2368 2719 honorem
2394 2661 2548 2717 beati
2581 2678 2742 2733 papae
2781 2661 2991 2717 Leonis
3039 2663 3130 2732 IX,
3165 2663 3266 2736 qui
3295 2669 3430 2720 ante
3463 2664 3745 2736 adeptum

2086 2748 2813 2824 pontiﬁcatum'Tullensis
2842 2749 3152 2822 episcopus
3177 2751 3385 2808 fuerat.
3415 2753 3495 2808 Eo
3524 2751 3584 2808 in
3615 2751 3747 2809 loco

2086 2838 2394 2896 canonicos
2440 2837 2737 2911 regulares
2785 2838 3246 2912 Augustinianos
3291 2841 3402 2897 sub
3446 2843 3747 2914 prepositi

2084 2927 2369 3001 regimine
2400 2925 2734 2982 instituerat
2755 2926 3042 2994 Lutolfus,
3058 2929 3158 2984 sed
3171 2929 3328 2984 hunc
3357 2929 3742 3003 praepositum

2083 3013 2378 3071 Tullensis
2411 3015 2658 3070 antistes
2707 3017 2908 3086 postea
2949 3015 3008 3070 in
3059 3017 3331 3072 abbatem
3391 3018 3738 3075 solemniter

2081 3103 2458 3161 consecravit.
2486 3103 2633 3169 Quid
2658 3121 2792 3160 vero
2845 3105 2904 3160 in
2952 3105 3168 3161 Urbani
3219 3106 3522 3180 privilegio
3551 3109 3740 3164 conti-

2081 3194 2500 3259 neretur,haud
2533 3197 2756 3250 eertum
2787 3198 2896 3260 est,
2915 3211 3046 3250 cum
3081 3197 3208 3267 ejus
3238 3195 3539 3270 exemplar
3567 3214 3738 3253 recu-

2002 3277 2046 3346 C
2083 3299 2286 3356 perare
2317 3299 2433 3337 non
2465 3280 2733 3348 licuerit;
2768 3286 2826 3338 at
2856 3283 2984 3354 ejus
3023 3285 3327 3342 occasione
3372 3301 3494 3341 rem
3529 3289 3738 3342 notatu

2083 3373 2322 3442 dignam
2353 3371 2678 3427 observavit
2697 3371 3002 3428 Bertoldus
3031 3389 3044 3427 :
3081 3390 3290 3445 nempe
3319 3373 3478 3430 hunc
3509 3391 3739 3430 morem

2085 3459 2272 3533 primo
2297 3459 2356 3513 in
2389 3458 2506 3515 illis
2519 3459 2788 3532 partibus
2809 3459 3223 3528 invaluisse,ut
3243 3461 3739 3519 monasteriorum

2083 3548 2451 3614 clericorum,
2485 3565 2612 3620 quae
2643 3549 2890 3604 Romani
2919 3551 3186 3605 canonica
3216 3550 3610 3624 appellabant,
3643 3569 3743 3608 re-

2084 3641 2293 3702 ctores,
2321 3640 2490 3692 antea
2515 3639 2810 3708 praepositi
2853 3637 3042 3694 solum
3092 3637 3251 3704 dicti,
3287 3639 3742 3697 nominarentur

2085 3727 2344 3792 abbates,
2377 3742 2561 3797 eoque
2606 3725 2779 3782 titulo
2816 3732 3314 3794 consecrarentur,
3347 3727 3458 3784 hoc
3501 3733 3739 3786 tantum

2083 3817 2318 3886 excepto
2345 3815 2499 3886 quod
2532 3813 2772 3870 baculos
2805 3830 2921 3870 non
2946 3817 3371 3888 gestarent.Hic
3401 3834 3548 3874 usus
3573 3823 3736 3890 post-

2085 3903 2326 3959 modum
2357 3903 2416 3958 in
2451 3902 2593 3958 alias
2616 3920 2850 3976 quoque
2891 3905 3158 3978 regiones
3187 3905 3530 3978 penetravit,
3563 3911 3623 3962 et
3641 3925 3738 3963 ca-

2084 3992 2428 4049 nonicorum
2444 3991 2803 4064 regularium
2821 3994 3064 4066 praaposi
3073 3994 3114 4049 ti
3127 3993 3401 4068 deinceps
3421 4011 3538 4052 non
3561 3997 3740 4053 modo

2084 4079 2327 4136 dimisso
2355 4080 2649 4154 praepositi
2695 4080 2864 4137 titulo
2913 4099 3040 4138 sese
3091 4083 3331 4139 abbates
3363 4101 3739 4158 nuncupave-

2084 4173 2241 4236 runt,
2274 4169 2377 4224 sed
2408 4167 2583 4224 etiam
2618 4169 2802 4224 mitrae
2834 4187 3008 4226 usum
3043 4174 3101 4226 et
3143 4171 3258 4228 alia
3286 4172 3568 4230 abbatum
3600 4173 3746 4230 insi-

2082 4257 2240 4330 gnia,
2295 4257 2770 4329 permittentibus
2821 4258 3224 4330 pontiﬁcibus,
3281 4264 3348 4316 ut
3393 4260 3513 4327 alii,
3565 4279 3741 4318 usur-

2084 4345 2554 4418 parunt.Videsis
2584 4346 2903 4418 Rupertum
2920 4347 3070 4404 libro
3091 4366 3148 4404 1v
3177 4349 3238 4404 in
3259 4349 3524 4422 regulam
3538 4351 3740 4407 Sancti

2083 4433 2396 4501 Benedicti,
2430 4434 2528 4488 ubi
2560 4433 2870 4506 epistolam
2917 4452 2986 4491 ea
3031 4437 3334 4494 occasione
3383 4455 3418 4494 a
3444 4438 3742 4496 Friderico

2083 4522 2517 4595 archiepiscopo
2547 4523 2880 4601 Qoloniensi
2913 4523 3194 4596 scriptam
3227 4525 3418 4582 refert.

2083 4611 2410 4685 CLXXXIV.
2445 4613 2694 4685 Urbanus
2742 4612 3034 4669 Mediolani
3075 4615 3433 4685 privilegium
3475 4617 3745 4675 Ecclesia?

2156 4683 2569 4756 Carcassonensi
2617 4684 2728 4738 dat.
2789 4685 2962 4756 Epist.
3014 4683 3088 4740 de
3134 4686 3231 4741 lite
3283 4683 3737 4744 Salmoriacensi.

2155 4755 2491 4810 Ilumbaldus
2562 4755 2842 4825 episcopus
2919 4756 3284 4812 Antissiodori
3361 4769 3736 4816 consecratur.

2155 4825 2420 4897 Arnul/‘us
2484 4825 2924 4882 Mediolanensis.
2993 4828 3362 4883 Herlembaldi
3417 4831 3738 4887 translatio.

2155 4912 2464 4969 Mediolani
2514 4930 2789 4987 magnam
2836 4915 3059 4972 mensis
3105 4915 3241 4972 Maii
3290 4921 3516 4989 partem
3547 4919 3744 4992 exegit

2083 5001 2372 5071 Urbanus,
2394 5002 2492 5057 ubi
2523 5002 2618 5058 die
2659 5006 2727 5058 24
2762 5003 3058 5076 regulares
3089 5005 3427 5070 canonicos,
3461 5023 3611 5078 quos
3642 5007 3744 5064 Pe-

2082 5096 2211 5145 trus
2257 5090 2737 5146 Carcassonensis
2787 5091 3099 5166 episc0pus
3148 5093 3207 5148 in
3257 5111 3366 5150 sua
3414 5095 3740 5152 cathedrali

2084 5178 2330 5248 aliisque
2377 5177 2636 5234 ecclesiis
2685 5178 3021 5237 instituerat
3079 5182 3466 5250 conﬁrmavit,
3501 5183 3640 5240 dato
3672 5203 3742 5242 ea

2083 5267 2155 5321 de
2188 5283 2246 5322 re
2298 5267 2598 5339 rescripto,
2641 5268 2736 5322 cui
2797 5268 2955 5325 aliud
3008 5269 3148 5326 olim
3180 5271 3574 5344 subjungetur
3602 5279 3739 5346 post

2085 5353 2308 5426 aliquot
2326 5353 2450 5410 dies
2473 5355 2544 5410 ad
2577 5354 2797 5412 elerum
2831 5361 2888 5412 et
2924 5358 3207 5430 populum
3247 5358 3738 5420 Salmoriacensis

2083 5442 2590 5500 archidiaconatus
2621 5444 2846 5512 datum,
2875 5461 2991 5516 quo
3037 5447 3122 5504 eis
3169 5447 3435 5520 praecipit
3472 5448 3738 5522 pontifex

2083 5535 2150 5586 ut
2181 5532 2450 5602 episcopo
2481 5531 3020 5604 Gratianopolitano
3052 5535 3540 5604 obediant,donec
3570 5538 3734 5596 aliud

2083 5636 2118 5676 a
2147 5620 2284 5674 sede
2314 5619 2634 5689 apostolica
2660 5619 2958 5678 decretum
2986 5622 3180 5680 fuerit.
3211 5626 3284 5678 At
3308 5625 3437 5696 jam
3470 5625 3544 5681 ab
3567 5627 3735 5684 initio

2083 5707 2262 5778 hujus
2298 5705 2520 5763 mensis
2569 5705 2839 5765 Urbanus
2889 5710 3282 5768 Mediolanum
3315 5713 3652 5783 advenerat,
3685 5717 3734 5771 si
