3958 6224
242 388 363 456 N9

1865 387 2085 457 VITA.’

3521 385 3678 465 ’180

245 540 365 584 non
390 523 612 583 fallunt
628 529 837 585 vetera
858 529 1238 585 monumenta
1255 523 1523 585 Ecclesiae
1550 525 1913 584 Antissiodo-
1941 524 1997 591 Α
2023 529 2147 600 fora
2175 542 2239 583 ac
2266 527 2401 595 vias,
2422 526 2775 585 manantibus
2802 541 2923 600 prae
2951 526 3152 599 gaudio
3163 529 3424 604 lacrymis
3441 532 3670 591 darent.

246 617 461 686 rensis,
481 617 544 673 in
598 617 823 690 quibus
879 617 1096 692 legitur
1146 616 1546 675 Humbaldum
1576 618 1704 689 ejus
1748 616 1914 673 urbis

248 709 598 782 episcopum
652 708 729 763 ab
778 708 907 780 ipso
958 708 1231 781 pontifice
1269 706 1575 765 Mediolani
1611 725 1664 762 vx
1718 708 1912 762 Nonas

248 797 388 853 Maii
421 797 767 853 ordinatum
785 797 967 854 fuisse
992 815 1006 854 :
1030 803 1089 853 et
1119 797 1357 870 quidem
1390 797 1499 852 hoc
1530 800 1787 862 anno,ut
1818 796 1916 851 ha-

251 887 355 942 bet
380 888 554 943 breve
594 886 925 943 Chronicon
968 904 1002 942 a
1042 886 1269 942 Labbeo
1300 886 1523 941 editum
1574 889 1733 942 tome
1766 885 1789 939 Ι
1822 884 1911 939 Βί-

250 976 559 1031 bliotheczs
585 992 771 1042 novm,
797 977 888 1031 cui
913 976 1287 1032 consentiunt
1317 975 1560 1047 antiqua
1589 974 1705 1030 alia
1734 976 1913 1029 docu-

255 1070 477 1122 menta.
495 1065 646 1121 Hinc
669 1066 983 1121 emendare
1012 1068 1237 1137 oportet
1269 1064 1621 1121 Chronicum
1653 1062 1914 1135 Hugonis

256 1155 537 1211 monachi
563 1154 763 1210 Sancti
793 1154 1034 1210 Mariani
1069 1155 1335 1224 ejusdem
1360 1154 1545 1220 urbis,
1581 1153 1679 1207 ubi
1704 1151 1917 1222 legitur

254 1244 664 1301 Humbaldum
705 1260 861 1299 anno
900 1243 1062 1309 4096,
1089 1247 1225 1314 post
1256 1244 1569 1297 Robertum
1599 1240 1912 1295 Ecclesium

255 1333 841 1389 Antissiedorensem
872 1331 1111 1398 rexisse,
1147 1331 1195 1387 si
1226 1336 1422 1387 tamen
1469 1332 1591 1385 haec
1622 1330 1798 1384 verba
1845 1330 1915 1384 de

255 1425 393 1495 ejus
424 1422 733 1494 regiminis
756 1421 926 1476 initio
946 1420 1283 1493 accipienda
1308 1419 1445 1483 sint,
1478 1423 1579 1473 aut
1613 1420 1660 1473 si
1694 1436 1915 1473 annum

257 1530 380 1568 non
415 1511 695 1583 inceperit
716 1528 749 1566 a
766 1527 970 1567 mense
995 1510 1223 1566 Martio.
1249 1510 1413 1564 Hunc
1436 1508 1591 1563 enim
1624 1506 1914 1563 calculum

257 1601 531 1673 plerique
574 1599 672 1655 alii
720 1604 990 1655 auctores
1040 1598 1345 1663 Gallicani,
1374 1598 1629 1652 maxime
1673 1614 1806 1651 cum
1846 1598 1917 1652 de

254 1689 482 1745 Urbani
516 1689 722 1745 itinere
753 1690 967 1761 agitur,
992 1688 1178 1744 secuti
1213 1688 1464 1742 fuerunt.
1502 1686 1661 1752 Quod
1692 1702 1824 1741 vero
1858 1687 1914 1741 in

257 1778 454 1835 Gestis
521 1778 801 1833 abbatum
863 1778 1059 1833 Sancti
1120 1776 1391 1833 Germani
1454 1770 1672 1847 legitur
1730 1774 1915 1846 primo

254 1866 578 1924 Humbaldi
604 1866 909 1939 regiminis
940 1883 1116 1934 anno,
1148 1865 1460 1922 concilium
1522 1865 1917 1920 Nemausense

257 1958 333 2013 ab
380 1956 620 2012 Urbano
680 1955 863 2011 fuisse
912 1955 1291 2021 celebratum,
1323 1952 1571 2026 intelligi
1629 1954 1800 2009 debet
1846 1954 1917 2008 de

256 2044 579 2122 Humbaldi
602 2044 1093 2100 inthronizatiene
1117 2061 1129 2097 :
1156 2042 1374 2115 quippe
1404 2043 1505 2115 qui
1538 2058 1736 2097 mense
1771 2042 1916 2097 Maio

256 2134 319 2190 in
359 2133 527 2190 Italia
579 2136 974 2200 consecratus,
1010 2137 1144 2188 ante
1200 2132 1425 2188 Julium
1476 2147 1740 2186 mensem
1797 2150 1915 2187 sua:

257 2224 419 2279 sedis
450 2222 888 2295 possessionem
922 2222 1067 2276 inire
1089 2238 1205 2276 non
1237 2220 1426 2293 potuit
1447 2237 1481 2275 a
1512 2237 1626 2291 quo
1654 2224 1915 2291 tempore

256 2314 390 2385 ejus
423 2310 734 2384 regiminis
764 2326 952 2366 annos
980 2309 1078 2366 ille
1108 2314 1311 2366 auctor
1332 2309 1579 2381 repetiit.
1610 2308 1683 2363 Ut
1724 2315 1787 2363 ut
1817 2309 1909 2365 sit.

255 2418 395 2457 cum
419 2404 655 2456 constet
699 2417 836 2455 eum
858 2404 991 2455 ante
1020 2399 1239 2455 Urbani
1272 2399 1383 2454 iter
1411 2398 1469 2452 in
1513 2397 1763 2453 Galliam
1797 2398 1911 2453 Me-

255 2490 479 2546 diolani
542 2489 725 2544 fuisse
783 2492 1211 2555 consecratum,
1246 2489 1374 2558 ejus
1413 2486 1703 2542 ordinatio
1761 2485 1916 2540 ultra

253 2578 479 2635 Maium
536 2578 716 2649 hujus
766 2578 903 2632 anni
960 2577 1178 2633 differri
1229 2578 1584 2646 nompotest.
1617 2574 1694 2629 De
1734 2591 1801 2629 ca
1832 2575 1914 2629 sic

252 2668 434 2724 habet
454 2665 705 2722 historia
715 2665 1124 2738 episcoporum
1143 2663 1769 2731 Antissiodorensium,
1784 2679 1909 2735 cap.

248 2758 344 2825 53,
369 2774 407 2812 a
429 2756 663 2812 Labbeo
684 2755 841 2811 edita
876 2754 1000 2810 loco
1037 2755 1272 2810 laudato
1301 2770 1315 2807 :
1345 2752 1682 2808 Humbaldus
1716 2770 1748 2806 a
1771 2753 1913 2807 clero

249 2853 303 2901 et
328 2846 537 2917 populo
566 2845 804 2899 civitatis
828 2842 1218 2899 Antissiodori
1240 2844 1300 2897 in
1316 2841 1639 2909 Pontiﬁcem
1668 2841 1913 2911 eligitur;

248 2936 456 2991 electus
504 2934 729 3005 quidem
778 2932 927 3004 apud
956 2932 1321 2987 Mediolanum
1361 2932 1533 2986 Italiae
1589 2931 1914 2985 civitatema

249 3024 474 3078 clericis
491 3036 655 3094 papae
687 3021 922 3087 Urbano,
946 3023 1040 3093 qui
1062 3037 1164 3092 pro
1208 3019 1535 3091 quibusdam
1564 3035 1598 3072 a
1634 3035 1770 3073 sana
1818 3018 1910 3073 do-

249 3111 861 3169 ctrinadeclinantibus
883 3112 945 3165 in
976 3109 1360 3165 Lombardiam
1395 3107 1760 3174 descenderat,
1783 3122 1909 3161 con-

245 3199 552 3257 sacrandus
579 3206 971 3271 pra’sentatur,
989 3202 1042 3253 et
1071 3198 1137 3253 ab
1166 3197 1351 3253 eodem
1395 3197 1597 3253 ibidem
1625 3211 1906 3251 consecra-

249 3294 340 3345 tus
370 3289 444 3343 ad
461 3290 751 3360 propriam
777 3289 1054 3343 civitatem
1083 3286 1380 3353 reducitur,
1405 3289 1514 3338 etc.

324 3380 421 3447 At,
444 3394 562 3449 pra:
607 3376 833 3431 czsteris
853 3392 978 3447 quae
1010 3373 1321 3430 Mediolani
1365 3371 1587 3444 peregit
1618 3370 1905 3435 Urbanus,

253 3465 503 3523 celebris
530 3464 829 3537 imprimis
849 3463 960 3519 fuit
980 3463 1207 3518 Arnulﬁ
1231 3462 1495 3533 ejusdem
1522 3459 1692 3515 urbis
1721 3459 1908 3514 archi-

251 3553 519 3627 episcopi
540 3554 856 3620 restitutio,
881 3568 1004 3617 seu,
1029 3556 1090 3607 ut
1112 3551 1307 3607 verius
1336 3549 1548 3617 dicam,
1571 3549 1762 3621 prima
1782 3548 1911 3619 ejus

248 3642 552 3699 institutio
582 3643 642 3697 in
673 3642 782 3697 hac
814 3642 971 3709 sede,
997 3641 1066 3696 ad
1089 3656 1268 3712 quam
1300 3638 1535 3694 biennio
1572 3641 1744 3692 antea
1795 3636 1908 3692 ele-

248 3736 384 3787 ctus
411 3732 623 3787 fuerat.
656 3731 710 3785 Is
769 3745 1002 3801 nempe,
1036 3734 1100 3783 ut
1144 3732 1344 3784 narrat
1398 3725 1724 3793 Bertoldus,
1756 3742 1909 3780 anno

249 3820 395 3877 4093
416 3820 476 3874 in
491 3819 685 3875 locum
708 3817 972 3875 Anselmi
996 3816 1256 3873 defuncti
1278 3812 1909 3885 substitutus,alegato

243 3909 572 3983 apostolico
593 3908 944 3965 interdictus
968 3907 1174 3969 fuerat,
1190 3906 1346 3977 quod
1369 3902 1654 3959 annulum
1668 3907 1726 3957 et
1738 3903 1910 3957 bacu-

240 3998 372 4055 lum
402 4000 478 4055 ab
511 3998 868 4070 imperatore
899 3996 1250 4067 recepisset;
1282 4010 1459 4066 quam
1489 4007 1718 4064 pmnam
1744 4006 1909 4062 sequo

238 4087 339 4144 ille
368 4088 571 4144 animo
603 4087 805 4143 ferens
854 4086 913 4140 in
965 4082 1388 4140 monasterium
1423 4080 1672 4137 secessit
1697 4095 1909 4134 noxam

242 4177 399 4233 hanc
431 4174 800 4248 expiaturus,
830 4174 1031 4246 ibique
1061 4173 1203 4229 vixit
1225 4172 1505 4244 privatus,
1532 4170 1734 4235 donec,
1769 4183 1910 4222 con-

246 4266 485 4322 cedente
508 4269 772 4321 Romano
793 4263 1087 4336 pontifice,
1112 4266 1178 4316 ut
1196 4260 1372 4316 habet
1394 4259 1547 4313 idem
1584 4255 1908 4323 Bertoldus,

244 4373 280 4411 a
306 4354 624 4410 Thiemone
654 4350 1099 4423 Salisburgensi
1143 4348 1609 4420 archiepisc0po,
1646 4342 1911 4399 Udalrico

246 4443 571 4500 Pataviensi
601 4447 661 4498 et
708 4440 1051 4496 Gebehardo
1108 4435 1565 4501 Constantiensi,
1594 4433 1909 4505 episcopis,

244 4533 345 4604 qui
376 4531 450 4587 ad
481 4529 802 4586 concilium
834 4527 1240 4584 Placentinum
1274 4524 1667 4597 properabant
1705 4537 1911 4577 conse-

1946 1887 1995 1953 B

2022 618 2154 673 Haec
2198 615 2296 675 ille
2325 620 2547 684 auctor,
2595 616 2696 691 qui
2744 620 2941 674 tamen
2973 617 3159 676 falsus
3214 625 3322 687 est,
3354 626 3421 678 ut
3441 624 3567 694 jam
3598 624 3671 680 ad

2024 723 2244 763 annum
2278 708 2416 762 1093
2437 707 2895 776 observavimus,
2922 708 3228 765 scribendo
3258 709 3565 767 Arnulfum
3599 713 3673 768 ob

2023 796 2082 851 id
2115 813 2148 851 a
2178 795 2481 852 catholicis
2512 797 2801 868 episcopis
2822 800 3055 864 tunc,ut
3083 798 3674 869 putat,reordiuatum

2024 884 2386 955 fuisse,quod
2423 885 2493 940 ab
2524 902 2640 940 uno
2672 889 2899 940 tantum
2932 885 3204 958 episcopo
3236 886 3520 943 catholico
3551 905 3675 944 ma-

2023 991 2135 1029 nus
2167 969 2503 1045 impoﬂente
2531 978 2904 1029 consecratus
2928 974 3440 1031 fuisset.Caeterum
3465 977 3676 1033 Arnul-

2022 1062 2193 1125 fus,si
2218 1062 2870 1135 Ughello,Ripamuntio
2892 1067 2949 1118 et
2963 1063 3094 1119 aliis
3112 1064 3676 1139 nonnullisvulgatis

2025 1152 2363 1207 auctoribus
2393 1153 2682 1218 credatur,
2720 1152 3014 1208 Urbanum
3048 1154 3107 1207 in
3162 1152 3409 1210 Galliam
3450 1156 3678 1227 profici-

2025 1245 2282 1296 scentem
2336 1241 2656 1297 comitatus
2685 1246 2793 1306 est,
2827 1258 2892 1296 ac
2941 1242 3186 1299 concilio
3228 1243 3676 1301 Claromontano

2026 1348 2159 1385 cum
2194 1347 2259 1385 eo
2282 1329 2564 1385 interfuit.
2590 1334 2807 1386 Verum
2838 1330 3180 1403 priusquam
3212 1349 3279 1387 ex
3306 1351 3375 1389 ea
3404 1335 3550 1390 urbe
3578 1352 3677 1391 ex—

2026 1421 2316 1485 cederent,
2350 1419 2741 1474 Herlembaldi
2791 1437 2894 1476 seu
2944 1421 3314 1487 Hernebaldi,
3363 1423 3674 1493 cujusdam

2028 1508 2320 1578 martyris,
2357 1508 2774 1564 catholicorum
2815 1527 2881 1563 ea
2914 1510 2969 1563 in
3002 1510 3145 1565 urbe
3181 1511 3371 1577 ducis,
3403 1511 3503 1583 qui
3535 1515 3678 1567 tem-

2027 1615 2164 1669 pore
2195 1598 2454 1669 Gregorii
2479 1598 2630 1653 Vlla
2650 1598 3444 1671 schismaticisinteremptus
3467 1601 3675 1663 fuerat.

2026 1703 2238 1759 corpus
2270 1686 2619 1742 transtulere
2652 1686 2707 1740 in
2740 1686 3047 1742 ecclesiam
3069 1688 3267 1743 Sancti
3291 1687 3677 1760 Dionysii,ubi

2018 1776 2188 1846 juxta
2219 1774 2467 1830 alterum
2502 1776 2746 1831 istorum
2780 1780 3112 1848 temporum
3146 1777 3678 1849 martyrem,Arial-

2026 1865 2166 1919 dum
2192 1864 2447 1931 nomine,
2481 1865 2793 1920 diaconum
2818 1864 3674 1938 Mediolanensem.depositum

2029 1955 2282 2024 est.Ejus
2312 1954 2675 2026 epitaphium
2722 1971 2791 2009 ex
2822 1952 3064 2026 Ughello
3095 1953 3210 2010 huc
3238 1955 3451 2011 referre
3479 1955 3673 2011 visum

2026 2044 2241 2107 est,sed
2272 2044 2487 2098 mirum
2518 2042 2699 2098 videri
2732 2048 2926 2116 potest
2969 2044 3098 2113 ejus
3147 2043 3489 2101 memoriam
3531 2062 3672 2101 nus-

2027 2149 2202 2204 quam
2234 2132 2292 2186 in
2328 2131 2755 2204 Martyrologiis
2786 2132 3057 2204 reperiri;
3089 2133 3174 2189 sic
3192 2150 3326 2190 vero
3352 2134 3529 2190 habet
3559 2151 3573 2190 :

2167 2276 2263 2329 llic
2292 2274 2715 2330 Hsnxsasnnus
2748 2275 2905 2329 miles
2939 2273 3146 2330 Christi
3173 2274 3495 2330 reverendus

2168 2364 2385 2418 Occisus
2415 2365 2633 2434 tegitur,
2666 2365 2761 2434 qui
2788 2364 2911 2418 cadi
2936 2363 3059 2418 sede
3082 2366 3296 2435 potitur
3315 2380 3337 2426 ;

2166 2455 2396 2508 lncestos
2427 2453 2695 2523 reprobat,
2726 2453 2991 2507 simonias
3020 2456 3069 2507 et
3100 2452 3229 2523 quia
3257 2452 3500 2520 damnat,

2167 2543 2320 2597 Hunc
2349 2543 2565 2597 Veneris
2585 2543 2728 2596 servi
2750 2543 3031 2613 perimunt
3052 2542 3394 2613 Simonisque
3412 2542 3669 2613 maligni.

2169 2631 2419 2687 Urbanus
2436 2646 2683 2686 summus
2696 2646 2896 2702 praeses
2926 2630 3207 2703 dictusque
3233 2630 3519 2702 secundus,

2164 2720 2361 2773 Noster
2386 2726 2437 2773 et
2467 2718 2753 2788 Arnulfus,
2784 2726 2973 2789 pastor
2996 2720 3124 2789 pius
3151 2722 3311 2790 atque
3340 2719 3626 2790 benignus,

2235 2808 2405 2878 Hujus
2432 2824 2552 2863 ossa
2581 2809 2691 2861 viri
2720 2806 3002 2863 tumulant
3033 2808 3193 2865 beati.

2020 2950 2327 3005 CLXXXV.
2367 2951 2615 3007 Urbanus
2662 2951 2813 3006 Comi
2860 2950 3073 3006 dedicat
3108 2952 3389 3007 ecclesiam
3417 2960 3470 3007 et
3505 2951 3667 3008 Astw.

2092 3023 2533 3078 Fructuariensis
2572 3024 2895 3078 monasterii
2939 3024 3300 3095 privilegium
3344 3023 3630 3094 conﬁrmat
3649 3038 3670 3085 ;

2093 3094 2222 3153 item
2262 3095 2679 3149 Pinariolensis.

2094 3200 2260 3255 Initio
2289 3200 2449 3255 Junii
2482 3200 2752 3255 Urbanus
2784 3201 3029 3255 Comum
3059 3200 3239 3271 venit,
3271 3200 3469 3272 ibique
3493 3199 3674 3257 eccle-

1939 3258 1983 3325 C
2021 3285 2168 3341 siam
2200 3286 2396 3341 Sancti
2420 3287 2675 3341 Abundii
2702 3287 2963 3357 ejusdem
2997 3287 3163 3342 urbis
3190 3258 3446 3360 episcopi
3476 3292 3534 3344 et
3563 3305 3671 3361 pa-

2019 3374 2194 3435 troni,
2242 3391 2400 3445 quem
2441 3374 2732 3446 praecipua
2771 3375 3068 3446 religione,
3122 3374 3205 3431 ait
3241 3376 3536 3449 Sigonius,
3571 3379 3673 3434 illa

2018 3463 2210 3517 civitas
2236 3463 2384 3527 colit,
2412 3479 2613 3531 magna
2636 3464 2959 3517 cmremonia
2989 3462 3275 3518 dedicavit
3300 3481 3313 3531 ;
3346 3468 3403 3519 et
3431 3465 3668 3535 quidem

2018 3549 2190 3605 tertia
2219 3550 2313 3605 die
2342 3550 2524 3615 Junii,
2548 3555 2613 3605 ut
2642 3551 2751 3606 fert
2791 3550 3035 3622 antiqua
3064 3551 3194 3621 ejus
3217 3551 3383 3607 urbis
3405 3551 3665 3622 traditio,

2020 3638 2111 3693 cui
2143 3654 2338 3693 rerum
2387 3643 2685 3711 gestarum
2716 3640 2897 3696 series
2939 3639 3178 3695 omnino
3209 3640 3499 3697 convenit.
3528 3640 3669 3698 Inde

2020 3744 2365 3800 progressus
2405 3728 2666 3799 pervenit
2708 3727 3024 3795 Vercellas,
3076 3729 3162 3784 uti
3220 3728 3555 3802 colligimus
3607 3731 3669 3787 iu

2019 3816 2271 3872 Historia
2292 3816 2817 3889 Hierosolymitana
2834 3816 3053 3873 Alberti
3073 3817 3336 3874 canonici
3356 3818 3667 3891 Aquensis.

2020 3907 2183 3961 Tunc
2215 3908 2414 3961 Astam
2449 3906 2695 3978 Liguriae
2736 3908 2943 3962 urbem
2975 3906 3196 3973 adiit,si
3220 3924 3358 3964 vera
3393 3912 3483 3964 est
3520 3909 3671 3964 anti-

2021 4011 2138 4067 qua
2168 3995 2367 4065 patriae
2398 3995 2634 4051 traditio
2657 4012 2775 4067 qua
2804 3996 3020 4051 dicitur
3041 3997 3173 4067 ejus
3194 3995 3359 4053 urbis
3389 3997 3671 4069 majorem

2020 4082 2326 4139 ecclesiam
2359 4085 2431 4138 ab
2489 4101 2556 4139 eo
2600 4084 2874 4156 pontifice
2923 4089 3324 4141 consecratam
3375 4085 3578 4142 fuisse.
3614 4086 3672 4142 Id

2021 4172 2259 4243 quidem
2321 4170 2599 4243 Ughellus
2632 4172 2699 4228 ad
2735 4189 2956 4228 annum
2997 4176 3341 4245 sequentem
3399 4174 3593 4245 refert,
3613 4175 3673 4230 in

2021 4260 2211 4316 reditu
2245 4259 2460 4315 Urbani
2478 4276 2508 4314 e
2531 4259 2736 4316 Gallia.
2756 4265 2827 4315 At
2851 4260 3223 4317 verisimilior
3252 4265 3341 4317 est
3363 4261 3675 4335 Augustini

2023 4350 2094 4405 ab
2125 4347 2382 4404 Ecclesia
2430 4349 2647 4421 opinio,
2699 4350 2991 4406 censentis
3050 4349 3203 4405 hanc
3251 4349 3677 4407 dedicationem

2023 4437 2357 4511 pontiﬁcem
2373 4436 2699 4493 celebrasse
2711 4443 2843 4493 ante
2858 4455 3031 4494 suum
3049 4438 3107 4493 in
3123 4436 3341 4494 Gallias
3364 4438 3679 4495 adventum

2023 4544 2201 4600 quam
2220 4531 2414 4581 tamen
2447 4527 2684 4581 ineunte
2716 4543 2868 4581 anno
2890 4528 3029 4581 1096
3053 4525 3679 4600 consignavit,secutus

247 4625 463 4687 oratus,
488 4636 555 4675 ac
608 4617 786 4690 paulo
841 4621 974 4689 post
1002 4617 1074 4671 ab
1110 4615 1343 4671 Urbano
1406 4610 1581 4684 pallio
1636 4611 1912 4677 donatUS,
1948 4628 1993 4692 D
2027 4616 2271 4671 fortasse
2328 4614 2768 4686 inscriptionem
2827 4616 2900 4670 ab
2947 4614 3191 4688 Ughello
3236 4614 3500 4684 relatam,
3552 4632 3680 4687 quis

245 4708 474 4782 plenam
506 4706 780 4762 Ecclesia:
835 4704 1266 4777 possessionem
1319 4701 1570 4772 adeptus
1620 4698 1812 4753 luerit.
1844 4698 1908 4753 In
2020 4704 2293 4761 eumdem
2326 4719 2547 4757 annum
2566 4704 2986 4774 prast'ert.haud
3006 4702 3188 4758 dubie
3210 4703 3383 4771 juxta
3402 4702 3680 4758 Pisanum

241 4798 533 4853 veteribus
546 4794 814 4866 ejusdem
828 4792 1093 4848 Ecclesiae
1108 4790 1442 4847 antistitum
1459 4787 1740 4859 catalogis
1756 4802 1896 4841 mss.

247 4884 785 4958 legitur,referente
808 4880 1108 4948 Puricello,
1133 4879 1445 4935 Arnulfum
1466 4879 1525 4932 in
1554 4879 1692 4948 [esto
1717 4874 1904 4929 Sancti

251 4974 460 5045 Georgii
487 4989 656 5045 super
685 4970 919 5043 quodam
947 4986 1080 5043 equo
1118 4972 1241 5024 albo
1292 4967 1595 5024 sedentem
1627 4980 1741 5019 una
1790 4979 1912 5016 cum

250 5062 663 5133 confanonariis
692 5059 1184 5115 Mediolanensibus
1216 5072 1446 5112 numero
1500 5053 1787 5109 duodecim
1845 5050 1911 5105 ab

256 5153 474 5208 ecclesia
509 5150 711 5206 Sancti
757 5148 1010 5218 Dionysii
1038 5149 1099 5202 in
1127 5146 1308 5201 sedem
1344 5161 1503 5200 suam
1533 5136 1909 5214 processisse.

254 5244 316 5297 Et
346 5240 591 5313 quidem
622 5239 758 5309 ejus
789 5252 853 5291 ac
884 5236 1097 5291 Urbani
1123 5234 1296 5307 paulo
1352 5237 1484 5305 post
1518 5228 1912 5286 Mediolanum

256 5330 538 5386 adventus
570 5328 655 5383 ita
687 5341 885 5381 rerum
918 5329 1135 5380 statum
1179 5324 1330 5379 eain
1365 5321 1509 5377 urbe
1541 5317 1806 5382 mutavit,
1844 5319 1908 5370 ut

256 5419 375 5491 ejus
395 5418 555 5475 cives
574 5414 791 5474 Urbani
817 5414 1165 5480 auctoritate,
1188 5411 1385 5483 inquit
1424 5409 1725 5481 Sigonius,
1756 5406 1910 5470 victi,

258 5510 346 5582 qui
372 5514 537 5564 antea
565 5508 718 5561 inter
745 5518 804 5557 se
832 5502 1191 5566 decertabant,
1216 5500 1483 5557 veteribus
1500 5499 1692 5570 positis
1709 5491 1907 5551 simul-

252 5597 467 5664 tatibus,
484 5598 550 5652 in
597 5592 849 5665 gratiam
886 5598 1038 5645 tanta
1071 5591 1408 5656 animorum,
1440 5590 1589 5658 facta
1617 5590 1918 5643 mutatione

255 5686 555 5749 redierunt,
574 5689 641 5738 ut
672 5678 885 5735 nobiles
913 5695 976 5734 ac
1001 5680 1289 5749 populares
1318 5677 1503 5735 oscula
1534 5679 1681 5732 inter
1726 5693 1783 5732 se
1814 5693 1917 5747 per

2013 4791 2450 4860 calculum,quo
2482 4808 2672 4845 annus
2704 4807 2738 4845 a
2770 4790 2978 4845 Martio
2994 4788 3339 4861 praecedenti
3373 4789 3682 4845 inchoatus

2022 4896 2208 4937 annos
2240 4878 2514 4949 vulgares
2548 4878 2855 4932 mensibus
2880 4892 3089 4932 novem
3122 4874 3430 4948 praevertit.
3457 4879 3525 4931 Et
3552 4877 3684 4949 qui-

2024 4968 2155 5023 dem
2188 4965 2315 5020 dies
2350 4964 2716 5020 Kalendarum
2744 4965 3044 5030 Iuliarum,
3079 4980 3195 5035 quo
3242 4962 3365 5019 δεῖξε
3395 4963 3684 5022 dedicatio

2024 5057 2176 5111 facta
2208 5054 2391 5110 fuisse
2438 5052 2655 5107 dicitur
2684 5053 2743 5108 in
2786 5052 2885 5108 illa
2928 5052 3329 5125 inscriptione,
3363 5070 3516 5110 anno
3541 5053 3686 5110 4096

2024 5143 2331 5200 convenire
2363 5159 2475 5197 non
2511 5146 2701 5213 potest
2735 5160 2746 5197 :
2782 5144 3008 5197 certum
3033 5140 3251 5214 quippe
3270 5144 3359 5197 est
3384 5141 3685 5199 Urbanum

2025 5250 2094 5289 ea
2123 5232 2215 5287 die
2265 5248 2418 5287 anno
2459 5231 2591 5286 1096
2620 5231 2811 5286 adhuc
2840 5231 2899 5285 in
2919 5229 3107 5287 Gallia
3135 5229 3536 5287 exstitisse.En
3556 5230 3688 5304 ipsa

2024 5320 2350 5393 inscriptio,
2384 5318 2618 5391 qualem
2654 5320 2815 5376 illam
2850 5318 3132 5393 Ughellus
3163 5336 3233 5376 ex
3265 5317 3442 5373 veteri
3473 5318 3683 5374 Kalen—

2026 5410 2215 5475 dario,
2247 5413 2313 5464 ut
2343 5410 2466 5480 ipse
2512 5409 2614 5475 ait,
2648 5409 2849 5465 retulit
2877 5413 3037 5465 temo
3082 5407 3149 5463 IV
3189 5405 3366 5463 Italia
3415 5421 3592 5461 sacras
3623 5407 3684 5461 in

2027 5497 2288 5569 catalogo
2332 5498 2740 5568 episcoporum
2800 5496 3164 5553 Astensium.
3217 5492 3473 5549 Kalendis
3521 5495 3681 5560 Julii,

2026 5602 2172 5641 anno
2202 5587 2262 5640 ι).
2298 5586 2703 5641 Incarnationis
2737 5587 2895 5651 1096,
2928 5585 3108 5639 dicata
3135 5591 3213 5638 est
3255 5582 3493 5636 Astensis
3523 5583 3685 5636 eccle-

2025 5676 2111 5729 sia
2140 5691 2174 5727 a
2203 5675 2265 5728 D.
2302 5668 2515 5730 Urbano
2537 5689 2706 5742 papa,
2734 5676 2830 5743 qui
2859 5672 3110 5729 omnibus
3137 5684 3261 5725 vere
3287 5668 3686 5739 paenitentibus
