3958 6224
365 356 486 428 m

1667 365 1742 434 B.
1785 368 2178 438 ΠΒΒΑΝΙἺΙ
2217 368 2469 434 ΡΑΡΛΕ.

3655 363 3783 435 £89.

369 504 422 557 et
449 501 708 573 confessis
757 501 829 558 ad
857 502 1059 560 dictum
1107 505 1407 574 ecclesiam,
1441 510 1488 564 ct
1521 511 1882 564 reverentiam
1915 508 2016 564 Dei
2039 515 2100 581 Α
2128 507 2463 574 scanderat;
2487 507 2547 561 at
2569 521 2667 560 rex
2703 502 2753 559 ei
2777 501 3062 572 infensus,
3088 506 3154 558 ut
3175 501 3304 574 jam
3333 499 3615 570 diximus,
3643 501 3773 573 ejus

367 598 420 646 et
445 590 622 650 beatae
647 591 840 654 Maria?
869 595 1100 666 virginis
1133 597 1378 652 venerint
1411 599 1482 652 in-
1514 597 1604 653 die
1654 597 2010 654 dedicationis

366 682 563 753 ipsius,
584 685 636 736 et
658 699 762 754 per
787 686 956 738 totam
1002 691 1251 740 octavam
1274 703 1442 741 unum
1481 705 1692 742 annum
1721 696 1771 742 et
1801 689 1870 742 40
1897 687 2010 742 dies

367 768 436 826 de
466 771 714 842 injuncta
737 775 1062 844 pamitcntia
1099 775 1370 830 relaxavit
1400 785 1450 830 et
1482 776 1712 832 indulsit
1743 793 1756 844 ;
1793 777 1854 830 D.
1887 792 2011 832 vero

367 861 647 933 episcopus
701 861 961 929 Astensis,
995 865 1066 918 40
1092 863 1224 920 dies.
1257 865 1387 920 Jam
1451 881 1582 919 vero
1642 869 1838 919 utrum
1888 864 2011 919 haec

366 948 921 1023 inscriptieomnino
943 957 1098 1008 certa
1117 952 1193 1008 sit
1217 956 1273 1008 et
1292 953 1555 1025 antiqua,
1581 952 1710 1009 altis
1735 953 2010 1025 judican-

368 1038 518 1095 'dum
551 1039 836 1113 relinquo.
857 1041 986 1098 Otto
1020 1046 1157 1097 tunc
1189 1042 1506 1098 Ecclesiam
1529 1045 1833 1098 Astensem
1859 1059 2013 1114 rege-

375 1127 496 1194 bat,
521 1129 692 1200 cujus
741 1130 984 1187 invitatu
1017 1131 1287 1188 Urbanus
1325 1131 1476 1187 hanc
1507 1131 1816 1188 ecclesiam
1847 1131 2014 1186 dedi-

270 1277 273 1280 _
374 1233 539 1274 casse
555 1217 769 1273 dicitur
788 1220 941 1290 apud
967 1219 1295 1292 Ughellum,
1321 1221 1713 1276 intercedente
1746 1221 2015 1275 Brunone

374 1303 644 1378 Signensi
666 1308 1189 1380 episcopo,Urbani
1218 1309 1742 1365 comiteindividuo
1775 1313 1829 1364 et
1861 1308 2016 1364 ﬁdeli

373 1392 582 1460 amico,
600 1395 701 1466 qui
719 1395 779 1451 in
805 1397 948 1452 urbe
968 1399 1199 1454 Astensi
1225 1403 1396 1455 natus
1423 1405 1478 1454 et
1509 1401 1635 1471 ejus
1649 1399 2018 1454 Ecclesiaeca-

371 1481 618 1545 nonicus
651 1484 838 1541 fuerat
859 1491 1174 1559 antequam
1197 1489 1506 1560 episcopus
1529 1493 1758 1545 creatus
1792 1487 2012 1542 fuisset.

372 1571 519 1628 Cum
539 1589 671 1630 vero
693 1573 775 1630 ibi
797 1576 987 1632 adhuc
1014 1581 1170 1632 esset
1193 1579 1469 1650 pontifex,
1497 1577 1793 1650 privilegia
1817 1593 2015 1632 mona-

371 1661 533 1716 sterii
571 1662 1169 1733 Fructuariensis,cui
1201 1672 1344 1723 tunc
1366 1671 1607 1739 prmerat
1637 1667 1884 1722 Ubertus
1917 1683 2018 1722 seu

373 1749 690 1808 Guibertus
711 1752 916 1820 abbas,
935 1755 1297 1811 conﬁrmavit
1315 1761 1369 1811 et
1395 1755 1714 1827 ampliavit,
1749 1754 1796 1809 si
1828 1757 2014 1825 Augu-

373 1838 892 1898 stinoab’Ecolesia
912 1843 1238 1911 credamus,
1264 1844 1363 1916 qui
1397 1845 1451 1898 id
1486 1843 1694 1899 asserit
1738 1845 1796 1898 in
1841 1843 2020 1898 chro-

375 1929 610 2003 nologia
647 1931 1097 2000 Pedemontana,
1123 1949 1248 2006 cap.
1271 1937 1370 2001 27;
1409 1937 1467 1988 at
1496 1933 1718 1988 fallitur
1743 1934 1802 1988 in
1865 1949 2016 1988 anno

375 2019 522 2077 4089
559 2021 924 2096 designanda
945 2023 1100 2095 quod
1129 2022 1187 2078 id
1223 2023 1536 2095 contigisse
1580 2021 1801 2089 scribit,
1830 2039 2015 2094 quan-

377 2123 558 2181 quam
596 2109 754 2166 hunc
797 2127 1072 2178 errorem,
1119 2111 1422 2183 deperdito
1467 2111 1644 2168 hocce
1693 2109 2014 2184 privilegio,

378 2202 534 2255 certo
565 2199 876 2255 emendare
905 2198 1319 2254 difficillimum
1351 2199 1447 2254 sit.

447 2287 632 2344 Etiam
653 2287 944 2344 Pinariolo
967 2288 1265 2347 Urbanum
1279 2288 1562 2345 transisse
1585 2288 1932 2360 conjicimus
1951 2303 2020 2342 ex

373 2376 536 2434 bulla
555 2377 664 2433 hoc
683 2394 836 2434 anno
863 2393 1139 2434 concessa
1159 2377 1372 2433 Uberto
1396 2378 1588 2433 abbati
1610 2380 1793 2433 Beatze
1825 2377 2016 2434 Mariae

375 2466 904 2540 monasteriiprope
928 2466 1078 2523 hanc
1099 2467 1306 2524 urbem
1330 2467 1423 2522 siti
1444 2485 1563 2540 qua
1583 2466 1631 2522 ei
1653 2467 1852 2522 omnia
1867 2467 2019 2520 bona

373 2555 796 2613 conﬁrmantur
825 2573 951 2628 quae
985 2558 1056 2613 ab
1088 2555 1362 2612 Adelaide
1424 2557 1726 2611 comitissa
1779 2559 1835 2611 et
1886 2555 2017 2610 aliis

373 2643 676 2718 quibusvis
703 2644 914 2702 collata
945 2647 1194 2702 fuerant.
1244 2650 1392 2700 Tum
1433 2649 1588 2701 vetat
1645 2645 1900 2717 pontifex
1946 2659 2017 2698 ne

373 2735 696 2810 quidquam
725 2751 795 2790 ex
823 2733 938 2789 illis
964 2751 998 2790 a
1028 2733 1234 2806 quovis
1260 2734 1566 2790 hominum
1598 2733 1657 2788 in
1717 2738 2014 2805 posterum

374 2823 755 2882 distrahatur.
770 2824 895 2879 Non
925 2823 1094 2879 licuit
1123 2822 1300 2894 hujus
1317 2822 1651 2895 diplomatis
1681 2822 2015 2894 exemplum

374 2913 896 2986 babere,quamvis
913 2929 980 2968 ea
1003 2913 1074 2969 de
1105 2929 1166 2970 re
1186 2913 1366 2969 semel
1407 2916 1463 2968 et
1493 2913 1705 2968 iterum
1739 2929 1840 2983 per
1868 2911 2014 2966 ami-

375 3019 476 3062 cos
496 3002 853 3060 Pinariolum
877 3002 1053 3058 scribi
1103 3001 1459 3067 curavimus,
1483 3001 1637 3056 haud
1671 3001 1847 3056 dubie
1861 3000 2014 3072 quod

375 3093 536 3150 istud
566 3092 1010 3159 monasterium,
1035 3108 1189 3147 nunc
1211 3109 1244 3146 a
1267 3091 2012 3163 Fuliensibuspossessum,

372 3183 434 3240 in
451 3181 745 3240 hesternis
786 3181 954 3238 bellis
973 3181 1370 3254 conﬂagravit.
1393 3183 1480 3235 An
1511 3181 1686 3236 etiam
1711 3179 2013 3235 Clusinum

2121 595 2343 652 monita
2389 593 2565 651 veluti
2618 593 2867 666 injurias
2907 590 3310 650 aversabatur.
3342 589 3508 648 Unde
3538 607 3674 648 eum
3697 591 3771 648 ab

2120 703 2186 743 eo
2218 703 2418 742 recens
2466 685 2524 740 in
2557 685 2823 757 Angliam
2847 699 3076 739 reverso
3107 680 3424 738 Anselmus
3457 679 3567 737 hoc
3616 697 3772 736 anno

2120 774 2451 848 pontificem
2491 797 2510 822 ιι
2547 773 2800 828 adeundi
2851 770 3148 827 licentiam
3190 787 3290 842 pro
3314 769 3486 842 pallii
3508 771 3774 842 petitione

2121 863 2540 936 proposuisset,
2569 878 2635 916 ac
2666 859 2984 916 sciscitanti
3017 858 3129 932 ipsi
3158 875 3334 931 quem
3365 873 3578 930 papam
3600 856 3776 912 vellet

2120 951 2298 1019 adire,
2335 951 2632 1006 Urbanum
2683 948 3134 1021 respondisset»
3168 949 3239 1003 ad
3301 945 3521 1004 Urbani
3554 963 3772 1002 nomen

2123 1039 2426 1095 infremuit
2455 1057 2572 1106 rex,
2597 1039 2885 1111 dixtique,
2909 1042 2973 1093 ut
2992 1037 3318 1093 Eadmerus
3337 1035 3648 1108 ceterique
3661 1038 3778 1091 An-

2121 1128 2334 1202 glicani
2383 1128 2694 1200 scriptores
2742 1127 3019 1193 referunt,
3053 1143 3116 1182 se
3167 1125 3326 1181 hunc
3375 1124 3642 1180 nondum
3669 1140 3773 1196 pro

2121 1219 2412 1290 apostolico
2439 1217 2745 1288 recepisse,
2770 1233 2835 1272 ac
2867 1233 2964 1270 nec
2991 1230 3108 1272 sua?
3136 1231 3232 1270 nec
3257 1223 3508 1287 paternae
3537 1229 3772 1269 consue-

2123 1307 2334 1362 tudinis
2362 1323 2471 1361 esse
2497 1310 2552 1361 ul
2582 1307 2784 1378 absque
2823 1322 2926 1360 sua
2973 1306 3233 1359 electione
3273 1304 3446 1358 alicui
3493 1304 3680 1360 liceret
3711 1304 3775 1358 in

2125 1413 2289 1467 regno
2335 1412 2432 1450 suo
2475 1412 2676 1467 papam
2713 1396 3018 1449 nominare.
3052 1398 3314 1464 Cumque
3357 1390 3672 1448 Anselmus
3723 1391 3778 1448 ei

2127 1486 2347 1541 frustra
2364 1488 2676 1539 conaretur
2698 1483 2753 1537 in
2783 1481 3124 1540 memoriam
3154 1497 3422 1537 revocare
3441 1481 3592 1553 quod
3615 1481 3776 1554 apud

2127 1574 2556 1638 Rovecestram,
2605 1589 2738 1628 cum
2798 1572 2856 1626 in
2903 1569 3408 1642 archiepiscopum
3459 1574 3776 1641 peteretur,

2127 1666 2484 1718 contestatus
2509 1661 2715 1718 fuisset
2744 1677 2806 1717 se
2827 1676 3131 1732 nunquam
3155 1660 3228 1715 ab
3259 1658 3476 1714 Urbani
3499 1658 3778 1714 obedien-

2127 1751 2211 1806 tia
2231 1752 2601 1807 dicessurum
2619 1769 2632 1818 ;
2651 1755 2708 1806 et
2729 1767 2798 1806 ex
2819 1748 3001 1806 altera
3024 1752 3187 1822 parte
3219 1765 3318 1804 rex
3347 1747 3473 1820 ipse
3495 1746 3780 1804 Anselmo

2129 1841 2478 1913 persuadere
2533 1857 2648 1895 non
2698 1842 2896 1911 posset
2924 1836 3322 1893 omnimodam
3365 1835 3476 1892 sibi
3511 1835 3689 1892 ﬁdem
3719 1841 3785 1892 et

2126 1927 2520 1987 obedientiam
2551 1927 2747 1983 deberi
2778 1925 3006 1982 etiamsi
3038 1925 3341 1982 Urbanum
3366 1941 3470 1997 pro
3500 1925 3783 1997 pontiﬁce

2127 2034 2242 2074 non
2291 2017 2550 2084 haberet,
2583 2016 2774 2072 visum
2805 2019 2894 2072 est
2941 2031 3065 2071 rem
3108 2012 3180 2070 ad
3215 2012 3548 2086 generalem
3593 2013 3784 2071 totius

2126 2106 2291 2180 regni
2339 2107 2746 2180 episcoporum
2792 2109 2850 2159 et
2896 2119 3206 2176 procerum
3265 2107 3623 2159 conventum
3686 2120 3781 2159 re-

2128 2198 2294 2252 ferre.

2199 2301 2444 2358 Habitus
2475 2306 2565 2357 est
2593 2301 2688 2356 hic
2717 2303 3036 2356 conventus
3069 2314 3223 2354 anno
3257 2298 3396 2353 1095
3443 2295 3784 2371 Rocbinga-

2127 2391 2279 2458 mite,
2336 2392 2428 2447 die
2473 2408 2508 2443 v
2558 2389 2694 2445 Idus
2732 2388 2945 2456 Martii,
2986 2387 3048 2442 in
3095 2402 3212 2459 quo
3257 2383 3595 2451 Anselmus,
3628 2390 3788 2442 teste

2128 2479 2431 2546 Eadmero,
2455 2478 2555 2551 qui
2587 2478 2707 2533 haec
2733 2476 2924 2532 fusius
2957 2479 3175 2542 narrat,
3208 2478 3375 2530 tanta
3411 2489 3547 2529 cum
3591 2474 3786 2531 animi

2126 2569 2458 2624 constantia
2486 2584 2554 2623 ac
2582 2567 2776 2638 vigore
2817 2563 3131 2638 episcopali
3180 2563 3250 2618 de
3282 2577 3392 2620 sua
3436 2561 3626 2636 ipsius
3655 2563 3788 2621 ele-

2127 2658 2316 2712 ctione
2337 2658 2486 2712 etde
2509 2654 2839 2712 obedientia
2851 2653 3112 2727 pontiﬁci
3137 2653 3420 2719 Romano,
3445 2655 3572 2708 tum
3595 2652 3785 2708 etiam

2127 2747 2247 2818 regi
2295 2745 2492 2802 debita
2529 2744 2836 2818 peroravit,
2866 2747 2932 2798 ut
2960 2759 3020 2798 re
3079 2756 3258 2815 quam
3286 2739 3517 2798 volebat
3547 2757 3652 2797 rex
3691 2741 3786 2798 in-

2127 2837 2293 2904 fecta,
2314 2838 2630 2891 conventus
2653 2837 2786 2906 post
2819 2833 3083 2888 triduum
3105 2830 3280 2886 fuerit
3309 2829 3563 2900 solutus,
3599 2830 3785 2887 data:-

2127 2939 2240 2996 que
2261 2924 2380 2980 sint
2401 2923 2648 2980 inducire
2667 2923 2739 2978 ad
2769 2923 3183 2988 Pentecoston;
3206 2917 3496 2992 episcopis
3525 2917 3686 2975 inter
3717 2936 3788 2977 ea

2127 3013 2423 3086 plerisque
2443 3013 2734 3078 Anselmo,
2759 3012 2853 3067 cui
2882 3010 3160 3066 videbant
3187 3025 3384 3082 regem
3423 3023 3555 3065 esse
3585 3007 3782 3066 infen-

2126 3120 2282 3168 sum,
2313 3101 2726 3168 obedientiam,
2749 3101 2908 3173 quod
2943 3098 3076 3156 laici
3115 3112 3384 3171 proceres
3413 3110 3532 3153 non
3561 3097 3782 3166 facere,

2127 3193 2575 3265 denegantibus.
2597 3192 2818 3247 Anxius
2840 3190 2982 3263 quid
3016 3189 3075 3244 in
3099 3191 3261 3244 tanto
3272 3203 3472 3244 rerum
3485 3186 3787 3244 discrimi-

370 3271 598 3331 celebre
618 3271 813 3329 Sancti
836 3269 1136 3327 Michaelis
1160 3251 1581 3326 monasterium
1603 3269 2015 3325 inviserittunc
2045 3251 2088 3318 C
2128 3299 2200 3336 ne
2223 3251 2422 3354 ageret
2449 3280 2786 3348 Αηεθιωυε,
2811 3251 3011 3334 εέάοπι
3033 3277 3331 3332 dimittere
3351 3275 3780 3343 meditabatur,

369 3363 650 3437 pontitex,
668 3363 954 3418 incertum
975 3365 1067 3416 est
1089 3363 1177 3416 :at
1189 3363 1417 3415 constat
1436 3376 1504 3414 ex
1524 3356 2011 3430 subsequentium

366 3451 711 3526 pontiﬁcum
731 3449 910 3506 bullis
939 3449 1096 3505 hunc
1118 3449 1308 3504 locum
1335 3447 1634 3521 privilegio
1657 3446 1875 3503 Urbani
1905 3447 2009 3501 do-

367 3546 582 3599 natum
603 3539 804 3608 fuisse,
838 3540 938 3598 sed
969 3539 1128 3612 quod
1161 3537 1531 3610 deperditum
1564 3541 1674 3591 est.

435 3632 568 3688 Hac
591 3631 672 3686 ‘de
713 3627 932 3686 Urbani
959 3625 1152 3683 Gsstis
1169 3629 1483 3696 antequam
1509 3624 1566 3678 in
1591 3624 1808 3680 Gallias
1840 3625 2011 3680 adve-

363 3721 836 3792 niret,quantum
857 3715 1045 3778 licuit,
1071 3731 1141 3770 ex
1167 3712 1345 3768 variis
1365 3712 1730 3768 documentis
1777 3711 2010 3784 collegi-

361 3807 680 3882 mus,quid
724 3822 861 3862 vero
881 3802 1216 3876 praestiterit
1242 3802 1302 3856 in
1330 3801 1440 3857 hoc
1471 3800 1676 3856 itinere
1723 3801 2006 3872 dicemus,

363 3899 682 3972 postquam
693 3891 981 3951 nonnulla
1001 3889 1459 3964 praemiserimus
1488 3890 1558 3946 de
1569 3889 1904 3968 Anglicanis
1927 3907 2010 3947 re-

365 3988 499 4053 bus,
519 3983 688 4042 valde
716 3983 828 4038 hoc
849 3996 1004 4038 anno
1035 3979 1338 4035 occasione
1367 3979 1553 4035 sancti
1584 3979 1846 4036 Anselmi
1877 3997 2007 4051 per-

363 4073 640 4131 turbatis.

364 4161 692 4222 CLXXXVI.
719 4159 1041 4232 Anglicanas
1079 4157 1247 4232 turbae
1291 4158 1356 4232 ob
1389 4157 1442 4213 S.
1476 4158 1823 4232 ᾼηεειγηιιηιἱ
1874 4158 2008 4232 Con-

435 4241 623 4294 ventus
670 4229 1099 4300 Roch'ingamur.
1141 4229 1426 4285 A-nselmus
1472 4231 1751 4297 Hugonem
1795 4231 2006 4297 Lugdu-

431 4321 657 4374 nensem
691 4303 1154 4374 archiepiscopum
1179 4302 1469 4357 consuluit.
1495 4302 1702 4373 Accipit
1745 4303 2002 4374 pallium.

433 4367 603 4450 Papae
628 4375 840 4432 scribit.

432 4463 848 4522 Deﬁcientibus
877 4461 1074 4534 itaque
1106 4460 1284 4518 ferme
1315 4461 1602 4516 universis
1632 4459 1705 4516 ab
1760 4459 2004 4516 Henrico

2120 3387 2256 3426 cum
2290 3369 2452 3425 nulla
2482 3385 2616 3442 spes
2647 3367 2970 3442 effulgeret,
2994 3371 3060 3421 ut
3077 3367 3128 3422 ei
3160 3364 3486 3433 videbatur,
3501 3363 3784 3422 ﬂectendi

2121 3458 2274 3532 regis
2297 3459 2582 3528 animum,
2597 3474 2701 3514 nec
2715 3456 3016 3514 obtinendi
3029 3455 3102 3511 ab
3122 3470 3189 3510 eo
3203 3452 3498 3511 licentiam
3513 3453 3782 3511 adeundi

2119 3547 2446 3620 legitimum
2471 3547 2878 3619 pontiﬁcem,a
2897 3561 3013 3617 quo
3037 3543 3300 3599 nondum
3334 3541 3583 3614 pallium
3615 3559 3782 3600 exce-

2118 3641 2300 3710 perat.
2334 3637 2638 3692 Consuluit
2657 3652 2724 3691 ea
2755 3635 2827 3690 de
2855 3651 2917 3690 re
2937 3633 3241 3706 Hugonem
3275 3631 3546 3704 Lugduni
3579 3633 3778 3688 archi-

2119 3727 2480 3798 episc0pum,
2515 3725 2614 3798 qui
2673 3729 2812 3780 tunc
2864 3723 3146 3795 temporis
3185 3721 3480 3794 pontiﬁcis
3525 3721 3684 3778 vices
3718 3723 3778 3778 in

2116 3813 2318 3870 Galliis
2346 3813 2576 3886 agebat,
2600 3814 2819 3885 scripta
2844 3813 2914 3868 ad
2949 3828 3084 3868 eum
3109 3808 3372 3883 epistola,
3397 3825 3525 3882 qua:
3571 3815 3666 3866 est
3704 3815 3776 3866 24

2121 3903 2254 3960 libri
2281 3921 2362 3969 III,
2387 3903 2446 3958 in
2466 3919 2584 3975 qua
2611 3901 3028 3974 eirAnglicanae
3059 3899 3328 3956 Ecclesia:
3361 3903 3586 3954 statum
3615 3915 3782 3973 egre-

2118 3993 2209 4064 gie
2240 3995 2634 4063 repraesentat.
2659 3990 2879 4046 Verum
2920 4005 3054 4046 cum
3086 3988 3206 4044 haec
3253 3987 3449 4044 animo
3499 3987 3779 4062 agitaret,

2117 4083 2233 4136 duo
2263 4080 2456 4136 clerici
2489 4097 2635 4152 quos
2693 4077 3038 4148 Witlelmus,
3063 4075 3324 4134 Anselmi
3373 4071 3778 4134 constantiam

2116 4169 2305 4241 frangi
2327 4186 2500 4241 posse
2521 4170 2859 4240 desperans,
2881 4167 3129 4224 Romam
3164 4163 3426 4233 miserat,
3457 4169 3525 4221 ut
3571 4167 3775 4240 explo-

2115 4263 2314 4314 rarent
2335 4257 2605 4314 Urbanus
2626 4274 2698 4314 an
2721 4256 3036 4312 Guibertus
3066 4255 3148 4312 ibi
3177 4247 3472 4327 potentior
3499 4258 3680 4325 esset,
3714 4257 3775 4312 in

2111 4345 2378 4418 Angliam
2411 4347 2633 4403 rediere
2661 4345 3068 4402 cumWaltero
3095 4343 3391 4400 cardinale
3407 4342 3770 4416 Albanense,

2113 4437 2214 4508 qui
2247 4434 2488 4509 pallium
2517 4435 2812 4505 afferebat,
2847 4433 3067 4491 Urbani
3097 4432 3336 4490 nomine
3362 4431 3643 4490 Anselmo
3676 4451 3772 4490 ar-

361 4520 608 4628 ejusque
627 4520 1124 4627 pseudopontiﬁce
1145 4549 1440 4615 Guiberto,
1461 4565 1634 4622 quem
1649 4547 2001 4606 Clementem
2035 4621 2072 4628 _
2109 4524 2482 4628 _°bi‘?Pi‘S°?P°
2505 4524 2916 4628 ,ἀδεξίηξξυξξδ
2952 4539 3097 4628 (Ῑυνίῗ
3140 4539 3254 4628 Γβθι
3476 4520 3769 4628 fug“me

352 4610 796 4720 illi-appellabat,
813 4610 974 4698 sdlus
987 4642 1288 4712 supererat
1301 4610 2004 4709 Guillelmuscognomen-
2035 4621 2080 4687 D
2109 4613 2278 4720 Ρεξοίῆ
2295 4613 2574 4720 balteum?
2595 4613 2812 4720 διξξηξις
2835 4613 2951 4720 BBX
2969 4612 3186 4720 (ἱυίρῐξθ
3208 4610 3616 4720 “femi???”
3631 4611 3768 4668 ιιίίιὶ

355 4727 636 4799 ἱοᾘιιίιιε,
658 4731 880 4804 Anglice
897 4746 1018 4794 rex,
1039 4727 1140 4800 qui
1168 4727 1304 4782 licet
1324 4726 1600 4782 Guiberto
1625 4742 1739 4780 non
1775 4727 2002 4782 obtem-

355 4817 928 4896 peraret,.Urbanum
953 4820 1146 4873 tamen
1169 4816 1432 4872 nondum
1453 4831 1556 4886 pro
1587 4813 1846 4886 legitimo
1860 4832 2002 4888 pon-

351 4909 508 4965 tiﬁce
525 4907 722 4981 palam
757 4921 1077 4979 agnoscere
1099 4904 1378 4971 voluerat,
1403 4904 1547 4958 adeo
1580 4908 1644 4958 ut
1681 4902 1786 4958 duo
1824 4908 1998 4958 essent

350 5001 413 5054 ut
442 4999 504 5053 in
527 4995 729 5068 Anglia
756 4988 1054 5066 ferebatur,
1076 4992 1268 5064 inquit
1297 4993 1619 5048 Eadmerus
1672 4991 1820 5048 libro
1853 4993 2000 5048 ιΝο-

351 5101 580 5152 vorum,
603 5085 702 5155 qui
727 5083 1048 5138 dicebantur
1074 5083 1308 5139 Romani
1333 5083 1634 5153 pontiﬁces,
1669 5082 1916 5137 Urbanus
1945 5086 1998 5136 et

353 5173 616 5241 Clemens,
633 5187 761 5244 quae
786 5186 878 5226 res
898 5170 957 5240 in
983 5174 1210 5225 tantum
1233 5171 1449 5242 Anglia:
1474 5168 1794 5224 Ecclesium
1825 5184 1995 5222 occu-

349 5259 528 5336 pavit,
551 5263 670 5316 uta
689 5263 876 5330 morte
894 5259 1154 5331 Gregorii
1177 5258 1275 5313 VII
1298 5275 1402 5329 per
1433 5257 1628 5328 plures
1651 5271 1836 5310 annos
1849 5259 1996 5310 nulli

349 5351 462 5407 loco
503 5364 666 5422 papae_
715 5347 876 5405 subdi
911 5350 1008 5402 aut
1063 5347 1282 5402 obedire
1337 5346 1586 5399 voluerit.
1620 5344 1994 5400 Contestatus

345 5433 545 5496 tamen
575 5437 765 5494 fuerat
779 5435 1092 5492 Anselmus
1109 5449 1305 5490 coram
1322 5447 1457 5503 rege
1479 5431 1605 5502 ipso
1626 5432 1684 5483 et
1707 5425 1991 5487 universis

347 5523 508 5598 regni
527 5524 852 5590 ordinibus,
878 5541 1014 5580 cum
1045 5524 1104 5576 in
1139 5518 1646 5590 archiepiscopum
1683 5518 1992 5576 ann01093

343 5615 631 5688 expetitus
649 5613 876 5678 fuisset,
891 5627 954 5668 se
977 5621 1282 5679 nunquam
1298 5604 1414 5660 nisi
1433 5603 1538 5659 soli
1557 5605 1787 5660 Urbano
1800 5605 1991 5662 obedi-

343 5707 542 5762 turum
565 5706 741 5775 atque
763 5715 832 5755 ea
851 5695 1185 5752 conditione
1205 5691 1528 5748 Cantuariae
1551 5691 1831 5748 thronum
1853 5708 1988 5750 con-

2110 4709 2233 4758 tota
2249 4703 2456 4777 Anglia
2476 4701 2638 4759 solus
2665 4703 2936 4758 Urbanus
2965 4717 3070 4774 pro
3091 4715 3224 4757 vero
3246 4705 3304 4756 et
3331 4697 3598 4772 legitimo
3620 4716 3769 4773 pon-

2108 4791 2262 4848 tifice
2291 4792 2626 4848 haberetur.

2176 4897 2393 4954 Verum
2427 4915 2561 4953 cum
2592 4897 2808 4954 omisso
2850 4871 3128 4952 Anselmo
3170 4895 3397 4968 legatus
3443 4894 3516 4950 ad
3565 4911 3768 4978 regem

2107 4985 2350 5058 pallium
2381 4985 2979 5058 detulisset,speravit
3007 4983 3104 5040 ille
3137 4999 3197 5039 se
3223 4983 3295 5039 ab
3317 4982 3767 5058 archiepiscopo

2106 5074 2412 5147 pecuniam
2461 5075 2721 5148 aliquam
2757 5078 3306 5147 accepturum,eam
3345 5071 3560 5128 saltem
3589 5089 3764 5129 sum-

2071 5178 2261 5216 .mam
2311 5164 2590 5234 quam,si
2644 5165 2890 5218 Romam
2949 5160 3429 5234 archiepiscopus
3491 5161 3762 5232 adiisset,

2104 5251 2309 5306 fuisset
2333 5253 2388 5305 in
2411 5270 2477 5306 eo
2500 5252 2705 5307 itinere
2725 5267 3109 5323 expensurus,
3126 5254 3227 5306 aut
3247 5247 3458 5306 saltem
3493 5249 3610 5304 sibi
3633 5250 3760 5306 red-

2101 5341 2262 5395 deret
2301 5327 2588 5413 quidquid
2619 5342 2742 5413 ipse
2773 5341 2847 5396 ad
2897 5338 3144 5411 pallium
3177 5339 3249 5396 ab
3292 5337 3527 5394 Urbano
3569 5337 3758 5412 imps-

2099 5428 2374 5484 trandum
2398 5430 2830 5501 insumpserat;
2855 5429 2959 5484 sed
2987 5427 3132 5484 nihil
3165 5428 3238 5482 ab
3268 5425 3544 5482 Anselmo
3573 5431 3762 5483 extor-

2099 5517 2264 5588 queri
2288 5518 2493 5589 potuit.
2525 5518 2648 5574 Imo
2671 5533 2806 5574 cum
2831 5517 2902 5572 ab
2945 5532 3012 5572 eo
3046 5517 3298 5589 petitum
3331 5514 3545 5570 fuisset
3576 5520 3644 5570 ut
3657 5531 3759 5588 pro

2097 5605 2267 5672 regiae
2295 5607 2600 5675 majestatis
2628 5607 3044 5677 magniﬁcentia
3073 5609 3374 5678 pateretur
3403 5601 3618 5658 saltem
3647 5604 3759 5660 sibi

2105 5713 2138 5752 a
2152 5707 2286 5765 rege
2304 5694 2547 5765 pallium
2563 5691 3155 5766 solemniterimponi,
3171 5691 3317 5749 illud
3333 5707 3570 5763 quoque
3584 5691 3757 5764 plane
