3958 6224
186 328 307 396 {'33

1810 343 2020 413 νω.

3500 357 3633 426 t8.

193 467 377 523 renuit
401 472 655 527 sanctus
684 473 963 545 antistes,
991 479 1350 534 contestatus
1371 495 1433 535 se
1457 495 1559 537 nec
1582 481 1858 555 pecunias
1886 485 1942 552 Α
1970 482 2256 541 discimus
2286 502 2353 543 ex
2385 484 2512 561 ipso
2532 486 2810 546 Anselmo
2836 488 2936 546 lib.
2960 506 3044 560 ιιι,
3066 490 3236 566 epist.
3264 495 3332 550 20
3355 494 3427 552 ad
3455 511 3617 555 eum-

195 558 338 615 ullas
351 575 453 632 pro
477 559 665 633 pallio
685 580 958 637 unquam
975 566 1268 637 daturum,
1294 586 1399 627 nec
1420 588 1681 645 unquam
1703 589 1856 630 eom-

192 648 512 706 missurum
546 655 615 706 ut
645 652 764 709 sibi
799 670 835 711 a
863 672 1164 728 quoquam
1200 658 1508 717 hominum
1543 661 1688 718 illud
1743 662 1854 719 sibi

187 736 545 809 imponatur.
577 740 651 795 Et
681 742 929 814 quidem
956 744 1036 801 ita
1058 746 1276 804 factum
1309 749 1436 806 fuit.
1476 749 1700 807 Etenim
1724 757 1855 824 post

187 825 377 882 varias
410 826 546 884 hinc
577 833 638 885 et
664 829 808 888 inde
839 836 1317 908 concertationes,
1341 856 1490 912 quas
1512 842 1850 909 Eadmerus,

190 915 531 974 Willelmus
564 918 1115 981 Malmesburiensis
1144 931 1199 982 et
1225 927 1321 982 alii
1345 929 1563 1001 passim
1587 936 1853 988 auctores

194 1005 474 1074 referunt,
509 1009 751 1065 tandem
776 1013 1047 1068 convenit
1072 1015 1223 1071 inter
1260 1024 1454 1089 partes
1498 1024 1563 1074 ut
1608 1019 1852 1091 pallium

189 1111 372 1166 supra
396 1094 583 1153 altare
612 1099 1025 1171 deponeretur,
1058 1103 1318 1177 illudque
1356 1108 1564 1165 exinde
1619 1126 1849 1165 assum-

192 1188 361 1254 ptum
394 1184 738 1257 Anselmus,
759 1189 871 1244 sibi
894 1190 1007 1262 ipsi
1028 1197 1285 1264 aptaret;
1320 1199 1496 1268 atque
1522 1198 1603 1254 ita
1642 1199 1851 1254 Anscl-

190 1288 325 1326 mus
346 1274 577 1346 absque
597 1275 715 1331 ullo
729 1278 1001 1335 Simonis:
1030 1300 1207 1353 naevo,
1233 1284 1474 1357 pallium
1499 1287 1775 1359 suscepit,
1796 1294 1851 1344 et

192 1360 471 1418 Urbanus
501 1364 727 1437 absque
747 1367 1159 1427 ecclesiasticae
1200 1373 1487 1431 libertatis
1528 1378 1782 1447 jactura,
1817 1396 1850 1434 a

188 1465 326 1523 rege
360 1456 421 1505 et
451 1453 688 1524 populis
722 1471 828 1526 pro
861 1473 993 1513 vero
1032 1464 1089 1515 et
1146 1460 1408 1532 legitimo
1457 1466 1730 1537 pontifice
1789 1467 1848 1521 in

185 1538 404 1611 Anglia
435 1539 641 1597 haberi
671 1544 868 1615 erepit.
895 1548 1107 1603 Scribit
1133 1550 1467 1609 Willelmus
1495 1555 1848 1611 Malmesbu-

185 1626 405 1684 riensis
428 1629 688 1687 Waltero
719 1634 1094 1693 Cantuariam
1124 1640 1399 1712 venienti,
1453 1643 1552 1716 qui
1604 1644 1847 1716 pallium

184 1715 245 1770 in
258 1716 467 1774 arcula
492 1726 770 1792 argentea
790 1723 1106 1794 deferebat,
1129 1715 1643 1788 Anselmuminter
1665 1751 1847 1806 popu-

187 1804 382 1920 lorut‘n
426 1808 754 1920 applausus
814 1814 1194 1920 npdipedem,
1274 1824 1332 1875 et
1381 1804 1847 1878 sacerdotalibus
1876 1855 1925 1920 B

183 1894 454 1951 vestibus
468 1897 811 1956 redimitum
823 1902 1087 1961 obviasse
1105 1924 1118 1973 ;
1133 1924 1385 1981 cumque
1404 1910 1646 1982 pallium
1670 1930 1849 1985 supra

185 1982 373 2040 altare
405 1986 604 2041 Sancti
664 1988 983 2049 Salvatoris
1043 1994 1251 2053 fuisset
1289 1999 1643 2070 depositum,
1698 1982 1845 2059 illud

184 2072 544 2147 sibimetipsi
577 2094 758 2149 super
790 2079 1067 2140 humeros
1112 2088 1420 2158 aptavisse,
1480 2108 1547 2146 ac
1605 2091 1845 2148 demum

183 2163 549 2234 processisse
588 2166 661 2221 ad
713 2184 881 2225 sacra
929 2177 1291 2247 peragenda:
1345 2181 1499 2251 quod
1561 2198 1695 2237 cum
1754 2183 1845 2239 die

188 2251 501 2309 Dominica
522 2271 587 2309 ιν
613 2255 751 2312 Idus
777 2259 939 2314 Junii
974 2262 1188 2320 factum
1213 2266 1395 2323 fuisse
1433 2269 1842 2338 observaverit,

180 2339 239 2395 id
268 2341 384 2397 hoc
401 2359 562 2399 anno
595 2346 755 2411 1075,
784 2364 902 2419 quo
932 2350 1051 2407 hmo
1083 2353 1519 2414 diesincidebat
1540 2358 1598 2414 in
1649 2362 1843 2418 Domi-

181 2428 397 2497 nieam,
425 2433 748 2507 contigisse
779 2442 1024 2495 constat.

246 2522 502 2608 Accepto
533 2521 716 2594 pallio
746 2527 1062 2585 Anselmus
1098 2531 1329 2589 Urbano
1352 2535 1658 2608 epistolam
1700 2543 1842 2597 scri-

176 2607 317 2679 psit,
353 2608 480 2666 hasc
509 2614 602 2667 est
629 2614 700 2668 37
730 2613 865 2670 libri
898 2634 959 2673 III
991 2623 1056 2674 ut
1071 2620 1123 2675 ei
1146 2622 1218 2676 ob
1240 2607 1469 2681 tantum
1496 2626 1841 2688 beneﬁcium

178 2698 402 2768 gratias
426 2699 687 2770 referret,
714 2712 1131 2781 excusaretque
1154 2726 1235 2778 se,
1255 2712 1410 2784 quod
1428 2715 1670 2773 Romam
1696 2719 1838 2778 illud

178 2787 255 2841 ab
283 2804 353 2843 eo
386 2787 516 2861 ipso
546 2797 895 2865 recepturus
913 2812 1027 2852 non
1056 2800 1400 2858 accessisset
1424 2822 1436 2872 ;
1470 2806 1569 2861 sed
1598 2806 1691 2863 hic
1732 2812 1841 2865 mi-

180 2891 311 2930 rare
340 2875 499 2932 beati
527 2878 636 2935 viri
661 2883 1011 2941 modestiam
1045 2890 1100 2942 et
1129 2887 1496 2961 charitatem,
1538 2895 1638 2967 qui
1691 2898 1843 2955 inter

179 2963 331 3020 alias
360 2969 755 3026 excusationis
788 2986 1017 3042 causas,
1046 2992 1119 3031 ne
1138 2979 1380 3035 verbum
1406 2963 1643 3053 quidem
1666 2985 1842 3044 habet

176 3053 252 3110 de
280 3054 573 3112 molestiis
604 3074 752 3130 quas
782 3077 853 3115 ea
883 3063 1183 3122 occasione
1217 3082 1251 3122 a
1272 3084 1405 3141 rege
1434 3075 1492 3126 et
1547 3073 1837 3148 epise0pis

177 3143 566 3214 gravissimas
595 3148 937 3219 pertulerat.

558 3254 771 3341 .Anplia
798 3262 1016 3341 pacata,
1057 3262 1381 3341 _Herbertus
1428 3266 1546 3322 sedi
1594 3258 1832 3341 Tlietfor-
1865 3226 1908 3293 Ε

245 3320 765 3405 densihrestituitur.
796 3320 1101 3402 Privilégia
1120 3349 1223 3405 pro
1251 3320 1683 3396 monasteriis—5:
1700 3320 1828 3398 Ilua-

247 3394 360 3460 nis,
391 3395 556 3450 Belli.

246 3498 464 3556 Exinde
491 3517 628 3558 vero
658 3503 913 3562 liberum
938 3508 1045 3564 fuit
1074 3510 1227 3567 inter
1268 3513 1568 3572 Urbanum
1608 3522 1664 3574 et
1720 3522 1832 3577 An-

174 3585 303 3659 glos
327 3592 772 3661 commercium,
790 3598 849 3650 et
864 3597 1193 3669 Herbertus,
1218 3603 1339 3673 qui,
1361 3605 1514 3675 quod
1530 3606 1829 3666 Urbanum

173 3675 512 3746 pontiﬁcem
535 3682 872 3753 agnovisset
892 3686 1028 3743 sede
1049 3704 1158 3745 sua
1178 3690 1433 3762 pulsusa
1462 3695 1639 3768 regiis
1658 3698 1828 3755 mini-

173 3764 312 3820 stris
343 3765 558 3835 fuerat,
586 3786 715 3826 eam
749 3773 987 3845 recepit.
1018 3776 1121 3832 Hic
1150 3795 1183 3833 e
1224 3782 1510 3839 monacho
1529 3764 1827 3843 iFiseam-

170 3853 342 3943 nensi
371 3855 558 3911 abbas
580 3857 981 3918 Ramesiensis
1016 3864 1202 3921 factus
1232 3868 1632 3943 episcopatum
1652 3875 1828 3932 Thet-

168 3940 505 3999 fordensem
537 3944 696 4003 haud
726 3948 854 4005 sine
884 3950 1156 4010 Simonis:
1196 3940 1528 4029 suspicione
1577 3964 1825 4036 adeptus

170 4029 393 4099 fuerat;
409 4048 664 4108 cumque
686 4052 755 4093 ea
767 4038 840 4094 de
861 4055 1043 4097 causa
1064 4043 1308 4101 Romam
1336 4048 1600 4121 adiisset,
1621 4029 1826 4111 utsese

168 4116 388 4213 Urbani
407 4137 679 4213 censurae
701 4125 1040 4199 subjiceret,
1061 4149 1095 4188 a
1117 4148 1248 4206 rege
1274 4116 1597 4210 increpitus
1613 4142 1820 4213 fuerat,

166 4209 226 4260 et
244 4207 693 4301 -baculo,wquem
715 4214 767 4270 ei
801 4218 1105 4286 poenitenti
1165 4207 1497 4282 reddiderat
1540 4207 1818 4301 pontifex,

165 4294 451 4365 privatus.
472 4300 587 4355 Sed
618 4303 875 4361 rebuseo
900 4308 1068 4364 modo
1092 4326 1209 4382 quo
1229 4312 1508 4383 diximus,
1532 4294 1819 4392 composi-

164 4382 268 4476 tis,
286 4383 429 4441 sedi
457 4403 577 4443 suas
594 4390 961 4461 relictusest,
977 4410 1154 4468 quam
1190 4416 1344 4457 anno
1365 4382 1820 4476 sequenti,.Nor-

158 4471 410 4540 wicum,
463 4482 803 4536 constructa
842 4482 924 4538 ibi
981 4501 1129 4541 nova
1185 4471 1464 4559 basilica;
1495 4471 1816 4569 transtulit,

1963 573 2096 631 dem
2111 574 2461 646 Osbernum,
2476 576 2578 636 ubi
2601 596 2735 637 eum
2763 580 3108 639 adhortatur
3127 586 3192 639 ut
3213 586 3614 645 monachosde

1964 665 2206 722 Batailla
2229 666 2286 722 in
2317 669 2447 740 ejus
2468 670 2611 726 urbe
2633 674 3062 728 commorantes
3085 672 3364 730 adversus
3384 674 3619 733 clerico-

1963 770 2093 809 rum
2128 756 2376 827 injurias
2423 762 2675 827 tueatur,
2724 759 2925 833 eisque
2976 761 3278 833 permittat
3326 762 3495 836 signa
3540 766 3613 820 ad

1964 844 2220 900 officium
2245 848 2506 904 divinum
2523 848 2775 921 pulsare,
2800 854 2867 905 ut
2888 851 3030 907 ordo
3053 851 3435 919 monasticus,
3457 854 3613 925 quod

1962 931 2057 988 ille
2088 935 2209 990 fieri
2245 937 2607 1009 prohibebat,
2631 939 2825 1012 exigit.
2856 940 2967 996 Sed
2992 941 3118 1011 jam
3151 942 3221 997 ad
3252 941 3467 999 Urbani
3488 943 3614 999 Gal-

1962 1021 2215 1081 licanum
2247 1026 2357 1082 iter
2386 1029 2792 1085 revertendum
2816 1034 2924 1086 est.

2165 1116 2544 1173 CLXXXVIII.
2582 1119 2827 1176 Urbanus
2857 1122 3058 1177 transit
3087 1123 3147 1177 in
3177 1121 3403 1178 Gallias.

2036 1204 2303 1260 Urbanus
2356 1206 2554 1279 itaque
2614 1207 2798 1263 Alexii
2843 1198 3202 1265 Grecorum.
3240 1211 3612 1283 imperatoris

1961 1294 2249 1363 precibus,
2277 1299 2339 1349 ut
2359 1296 2670 1352 Guibertus
2686 1302 2936 1353 testatur
2953 1298 3262 1355 initiolibri
3286 1318 3325 1355 ιι
3345 1301 3611 1358 Historiae

1957 1382 2561 1454 Jerosolymitanm,ali
2572 1386 2704 1459 ique
2718 1388 2937 1459 passim
2953 1392 3220 1444 auctores
3235 1390 3612 1446 consentiunt

1959 1471 2243 1528 excitatus
2292 1490 2358 1529 ac
2404 1474 2589 1530 multo
2637 1476 2825 1548 magis
2875 1479 3149 1546 generalis
3221 1477 3608 1535 Christianita-

1956 1562 2045 1615 nis
2074 1562 2350 1633 periculo,
2387 1581 2513 1636 quae
2540 1564 2898 1636 quotidianis
2921 1566 3308 1622 barbarorum
3326 1567 3612 1625 incursio-

1958 1649 2133 1705 nibus
2155 1651 2475 1723 deperibat,
2499 1652 2796 1722 incensus,
2816 1655 2933 1709 imo
2947 1659 3003 1710 et
3023 1670 3323 1711 sacrorum
3345 1655 3607 1713 locorum

1958 1741 2510 1811 recuperandorum,
2532 1744 2687 1815 quod
2709 1758 2914 1799 omnes
2935 1742 3362 1816 efﬂagitabant,
3379 1745 3610 1802 deside-

1956 1827 2040 1882 rio
2086 1829 2458 1899 potissimum
2492 1837 2678 1899 actus,
2730 1832 2905 1888 rebus
2944 1834 3004 1888 in
3050 1833 3451 1905 Lcngcbardia
3480 1836 3612 1891 bene

1955 1916 2252 1989 dispositis,
2285 1923 2504 1976 marino
2535 1923 2752 1989 itinere,
2785 1923 2871 1976 uti
2903 1922 3078 1978 habet
3106 1921 3471 1991 Bertholdm,
3504 1939 3608 1980 seu

1957 2011 2288 2063 transcensis
2304 2011 2546 2081 Alpibus,
2563 2011 2717 2083 quod
2740 2009 2839 2066 alii
2862 2011 3085 2084 passim
3103 2017 3372 2068 auctores
3384 2011 3606 2080 volunt,

1954 2097 2017 2150 in
2046 2096 2252 2154 Gallias
2298 2098 2561 2157 divertere
2613 2103 2772 2173 coepit
2795 2117 2815 2162 ;
2846 2104 2905 2156 et
2951 2100 3187 2172 quidem
3221 2116 3423 2157 mense
3448 2101 3606 2159 Julio

1953 2190 2232 2254 vertente,
2265 2192 2329 2243 ut
2357 2205 2427 2244 ex
2458 2190 2697 2261 Hugone
2712 2188 3129 2245 Flaviniacensi
3160 2188 3429 2262 colligere
3449 2188 3604 2246 licet.

1952 2274 2100 2329 Nam
2132 2276 2183 2332 is
2212 2276 2271 2331 in
2292 2277 2576 2334 Chronico
2603 2278 2779 2334 refert
2798 2283 3101 2351 Hugonem
3132 2278 3397 2350 Lugduni
3420 2279 3608 2335 archi-

1955 2365 2294 2438 episcopum
2327 2366 2419 2423 die
2448 2367 2621 2422 tertia
2651 2372 2785 2423 ante
2828 2372 3086 2423 octavam
3120 2366 3320 2422 Sancti
3358 2368 3605 2423 Joannis

1955 2455 2229 2526 Baptistae
2277 2471 2346 2510 ex
2393 2456 2540 2511 urbe
2586 2454 2978 2528 Compostella
3022 2470 3324 2511 reversum
3376 2458 3604 2512 nuntios

1953 2543 2205 2600 habuisse
2231 2560 2394 2616 papa:
2420 2544 2572 2600 urbis
2599 2543 2666 2599 de
2693 2544 2892 2616 Apulia
2921 2544 3187 2600 venientis
3206 2551 3257 2599 et
3292 2543 3365 2599 ad
3399 2542 3607 2600 Gallias

1950 2635 2288 2704 festinantis.
2322 2634 2494 2689 Favet
2522 2633 2695 2689 etiam
2727 2632 2963 2689 traditio
2984 2632 3344 2699 Astensium,
3362 2632 3486 2704 qui,
3513 2632 3602 2689 uti

1952 2722 2229 2786 diximus.
2262 2726 2472 2794 putant
2503 2723 2782 2792 majorem
2814 2738 2933 2777 sua:
2967 2721 3129 2777 urbis
3152 2719 3461 2777 ecclesiam
3494 2725 3603 2776 Ka-

1951 2809 2137 2867 lendis
2165 2810 2306 2867 Julii
2338 2811 2514 2883 hujus
2536 2812 2672 2867 anni
2690 2812 2763 2867 ab
2796 2811 3027 2867 Urbano
3048 2810 3108 2866 in
3131 2809 3354 2866 Gallias
3384 2826 3593 2883 prope-

1951 2904 2115 2956 rante
2138 2906 2533 2957 consecratam
2565 2900 2775 2957 fuisse:
2811 2901 2966 2958 unde
2988 2898 3111 2955 falli
3134 2914 3370 2956 necesse
3388 2901 3482 2955 est
3500 2915 3601 2956 eos

1949 2990 2050 3060 qui
2081 2990 2267 3058 aiunt,
2320 2991 2473 3063 quod
2516 3007 2687 3047 nemo
2733 2995 2995 3046 veterum
3044 2988 3210 3056 dixit,
3259 2987 3595 3060 pontiﬁcem

1946 3077 2007 3133 in
2040 3078 2342 3153 pervigilio
2371 3079 2766 3153 apostolorum
2786 3078 2939 3135 Petri
2962 3082 3019 3134 et
3032 3077 3197 3134 Pauli
3231 3076 3595 3149 Magalonam

1916 3166 2055 3245 hoc
2085 3184 2237 3224 anno
2287 3168 2630 3237 advenisse;
2682 3172 2740 3224 et
2786 3168 3025 3240 quidem
3054 3165 3115 3221 id
3149 3166 3220 3221 ad
3252 3169 3594 3238 sequentem

1946 3272 2169 3312 annum
2200 3257 2399 3313 referri
2428 3256 2637 3313 debere
2667 3274 2775 3313 suo
2806 3255 2933 3311 loco
2962 3254 3364 3311 ostendemus.

2013 3362 2375 3443 CLXXXIX._
2396 3362 2580 3443 Anicii
2604 3361 3229 3443 [estumAssurnpticnis
3256 3359 3513 3415 celebrat.

2332 3434 2591 3491 Ecclesiae
2605 3431 2879 3489 Valentia:
2904 3431 3194 3488 dedicatio.

2011 3522 2075 3576 Id
2105 3537 2277 3593 porro
2324 3524 2547 3576 certum
2580 3524 2665 3575 est
2698 3534 2766 3575 ex
2798 3516 3065 3574 Bertoldo
3107 3516 3359 3589 aliisque
3388 3519 3591 3572 aucto-

1942 3610 2124 3673 ribus,
2181 3610 2501 3677 Urbanum,
2553 3609 2655 3681 qui
2700 3608 2760 3663 in
2793 3606 3013 3664 Gallias
3061 3605 3132 3663 ad
3173 3604 3588 3661 celebrandum

1939 3698 2250 3755 concilium
2311 3698 2641 3765 advenerat,
2696 3697 2851 3769 apud
2896 3694 3164 3751 Anicium
3212 3692 3587 3750 Vallavorum

1937 3789 2142 3844 urbem
2175 3788 2346 3859 vulgo
2376 3787 2621 3842 Pedium
2679 3789 2772 3858 [Le
2801 3790 2927 3857 Puy
2967 3801 3037 3840 en
3088 3785 3294 3855 Velay.]
3344 3782 3585 3850 dictam,

1936 3877 2412 3949 Assumptionem
2427 3877 2683 3949 Deiparaa
2702 3872 2960 3949 Virginis
2982 3873 3590 3943 celebrasse.Gonsen-

1934 3966 2005 4021 tit
2034 3966 2348 4021 Gaufridus
2380 3966 2539 4037 prior
2565 3965 2864 4021 Vosiensis
2903 3957 3304 4028 in‘Chronico,
3348 3966 3509 4018 temo
3536 3962 3585 4017 II

1935 4054 2302 4111 Bibliotheca:
2339 4056 2674 4121 Labbeanaa,
2727 4054 2827 4109 ubi
2860 4053 3024 4110 addit
3054 4052 3374 4118 Urbanum,
3409 4065 3585 4123 quem

1931 4147 2114 4200 virum
2165 4144 2585 4217 praedicandum
2628 4142 2901 4216 appellat.
2966 4158 3066 4214 per
3111 4140 3494 4213 Burgunde
3533 4144 3587 4196 et

1930 4236 2220 4290 Franciam
2252 4236 2311 4289 in
2361 4233 2566 4289 Gallias
2608 4232 2857 4299 venisse,
2891 4230 3108 4304 quibus
3153 4229 3349 4285 verbis
3394 4232 3584 4285 totum

1930 4323 2058 4393 ejus
2088 4323 2196 4378 iter
2225 4320 2684 4393 comprehendit,
2718 4320 2872 4393 quod
2900 4320 2972 4374 ab
3003 4335 3069 4374 eo
3101 4320 3235 4373 ante
3265 4314 3581 4372 concilium

1927 4409 2444 4466 Claromonlanum
2474 4409 2803 4466 confectum
2833 4411 2941 4465 est.
2975 4406 3035 4463 Si
3066 4409 3264 4461 tamen
3290 4416 3410 4459 non
3432 4402 3584 4459 fallit

1928 4498 2203 4556 chronica
2234 4502 2371 4554 nota
2387 4496 2646 4571 epistolae
2669 4496 2981 4570 ipsiusmet
3000 4493 3294 4567 pontiﬁcis
3324 4492 3397 4547 ad
3416 4491 3583 4548 Lam-

161 4566 416 4659 ea'mque
442 4580 634 4638 usque
663 4570 737 4624 ad
787 4575 1034 4630 mortem
1093 4577 1335 4648 pacifice
1383 4583 1591 4639 tenuit.
1650 4566 1816 4644 Circa
1844 4593 1891 4660 Ι)
1921 4589 2154 4644 bertum
2177 4566 2620 4643 Atrebatensem
2651 4566 3017 4658 episcopum,
3041 4582 3138 4637 ille
3152 4583 3279 4653 jam
3314 4581 3428 4637 sub
3456 4597 3579 4637 me-

160 4648 320 4705 idem
332 4654 574 4725 tempus
594 4655 931 4717 Willelmus
962 4663 1121 4735 prior
1142 4666 1338 4723 Sancti
1352 4670 1544 4729 Ivonis
1560 4672 1619 4728 in
1641 4677 1818 4731 comi-

158 4738 774 4832 tatu__Huntidoniensi
830 4762 867 4803 a
895 4748 1176 4809 Ramesiae
1219 4755 1455 4814 abbatia
1510 4764 1815 4832 pendentis

161 4826 532 4921 privilegium
562 4834 788 4907 accepit
807 4837 879 4892 ab
902 4838 1152 4912 Urbano,
1173 4859 1286 4915 quo
1310 4826 1663 4921 omnes—ejus
1703 4852 1811 4910 loci

158 4919 564 4985 possessiones
592 4938 662 4978 ac
704 4923 1110 4986 immunitates
1161 4919 1605 4995 conﬁrmantur.
1663 4940 1833 4998 Illud'

158 5002 407 5062 habetur
430 5007 491 5064 in
519 5010 844 5070 Monastico
863 5014 1201 5090 Anglicano,
1221 5023 1320 5078 ubi
1344 5025 1566 5083 nullam
1584 5029 1814 5087 chroni-

155 5109 283 5151 cam
307 5100 517 5155 notam
544 5099 743 5158 habet.
767 5104 930 5160 Idem
955 5109 1230 5179 pontifex,
1255 5116 1322 5168 ut
1353 5113 1527 5172 habet
1567 5117 1808 5178 Eadme-

155 5199 276 5275 rus,
305 5188 602 5244 concessit
630 5192 939 5250 monachis
961 5191 1208 5254 abbatis:
1258 5198 1399 5256 Belli
1430 5205 1583 5275 apud
1634 5207 1809 5266 Exce-

152 5273 355 5330 striam
384 5281 921 5348 commorantibus,
955 5288 1019 5338 ut
1056 5286 1115 5340 in
1165 5289 1400 5359 proprio
1455 5273 1808 5352 monasterio

149 5361 561 5432 sepelirentur.
598 5366 848 5426 Litteras
878 5386 945 5427 ea
966 5373 1036 5428 de
1070 5391 1130 5431 re
1156 5376 1228 5430 ab
1272 5378 1510 5435 Urbano
1560 5383 1809 5457 scriptas

148 5450 215 5539 ad
244 5452 589 5513 Osbernum
608 5457 963 5539 episcopum,
982 5463 1441 5523 Excestriensem
1464 5450 1808 5530 laudat‘Pa-

141 5538 357 5634 schalis
388 5545 442 5602 II
458 5547 644 5619 epist.
674 5547 750 5602 97
774 5566 788 5617 ;
824 5551 924 5607 sed
957 5538 1069 5608 illa:
1101 5552 1460 5612 exciderunt.
1493 5560 1657 5618 Certe
1678 5563 1807 5634 ejus

136 5626 243 5689 loci
262 5635 584 5693 monachis
616 5635 881 5696 infensos
921 5642 1105 5700 fuisse
1152 5642 1397 5701 clericos
1455 5648 1807 5708 Exonienses

1925 4676 2089 4732 dium
2113 4675 2254 4730 Julii
2304 4674 2490 4731 Anicii
2530 4675 2901 4741 versabatur;
2953 4672 3074 4727 haec
3105 4670 3324 4741 quippe
3362 4667 3580 4724 dicitur

1922 4765 2054 4821 data
2082 4763 2141 4818 in
2194 4780 2263 4819 ea
2291 4764 2435 4819 urbe
2491 4778 2629 4818 xvm
2672 4762 2939 4818 Kalendas
2990 4759 3241 4826 Augusti.
3292 4758 3369 4810 At
3404 4754 3581 4813 fallor

1922 4869 2027 4926 ego
2058 4852 2183 4924 ipse
2213 4851 2328 4906 nisi
2358 4850 2667 4923 legendum
2687 4850 2765 4905 sit
2781 4845 3199 4903 muKalendas
3227 4843 3576 4916 Septembris,

1923 4959 2051 5013 quae
2081 4941 2211 5013 ipsa
2240 4940 2367 4995 dies
2397 4944 2487 4995 est
2527 4937 2963 5010 Assumptionis
3011 4935 3192 4991 beatas
3242 4931 3459 5000 Marias,
3500 4935 3574 4991 ab

1920 5030 2261 5086 auctoribus
2304 5029 2434 5100 ejus
2478 5028 2601 5093 sivi,
2654 5027 2739 5083 uti
2783 5024 3062 5094 diximus,
3115 5024 3461 5079 memorata.
3502 5024 3578 5080 Et

1872 5188 1877 5191 _
1922 5120 2160 5192 quidem
2192 5119 2474 5173 mendum
2526 5117 2637 5173 hoc
2664 5115 2788 5173 loco
2820 5115 2881 5171 in
2912 5112 3128 5170 Urbani
3159 5110 3466 5184 epistolam
3493 5110 3573 5167 ir-

1920 5208 2172 5280 repsisse
2203 5208 2502 5264 fatendum
2520 5211 2631 5273 est,
2656 5206 2808 5279 quod
2845 5205 2904 5260 in
2938 5217 3139 5259 mense
3165 5197 3574 5299 Julio,quise§

1918 5297 2115 5352 Nonas
2146 5296 2553 5360 habet,nullus
2583 5296 2709 5352 dies
2739 5296 3005 5351 occurrat
3022 5289 3570 5358 xvnlanteAugusti

1919 5383 2245 5454 Kalendas;
2270 5384 2384 5442 nisi
2416 5385 2681 5441 notarius
2713 5381 3087 5457 appellaverit
3108 5394 3246 5472 xviii
3273 5372 3569 5472 Italendais

1916 5472 2191 5546 Augusti,
2221 5472 2375 5530 diem
2406 5473 2597 5547 ipsam
2639 5475 2708 5528 13
2736 5472 3000 5560 ejusdem
3032 5464 3254 5523 mensis
3277 5463 3565 5560 augusti,

1917 5578 2033 5632 quo
2064 5560 2334 5617 Kalendae
2386 5562 2446 5618 in
2493 5564 2781 5634 Augusto,
2811 5558 2937 5649 etsi
2968 5574 3003 5613 a
3049 5555 3346 5649 sequenti.

1916 5647 2088 5718 vulgo
2109 5647 2687 5717 dicantur,recenseri
2708 5647 3018 5719 incipiunt,
3034 5643 3202 5713 cujus
3224 5637 3304 5693 rei
3319 5636 3564 5692 fortasse
