  <div class='ocr_page' id='page_1' title='image "/cluster/home/n/w/nwhite01/storage/ocr_20150623/151/uva.x000829795/093.png"; bbox 0 0 3958 6224; ppageno 0'>
   <div class='ocr_carea' id='block_1_1' title="bbox 415 385 535 456">
    <p class='ocr_par' dir='ltr' id='par_1_1' title="bbox 415 385 535 456">
     <span class='ocr_line' id='line_1_1' title="bbox 415 385 535 456; baseline -0.033 0"><span class='ocrx_word' id='word_1_1' title='bbox 415 385 535 456; x_wconf 70' lang='grc'><strong>185</strong></span> 
     </span>
    </p>
   </div>
   <div class='ocr_carea' id='block_1_2' title="bbox 1717 382 2523 452">
    <p class='ocr_par' dir='ltr' id='par_1_2' title="bbox 1717 382 2523 452">
     <span class='ocr_line' id='line_1_2' title="bbox 1717 382 2523 452; baseline -0.002 0"><span class='ocrx_word' id='word_1_2' title='bbox 1717 386 1790 452; x_wconf 86' lang='grc' dir='ltr'><strong>Β.</strong></span> <span class='ocrx_word' id='word_1_3' title='bbox 1833 384 2128 452; x_wconf 79' lang='lat' dir='ltr'><strong>URBANI</strong></span> <span class='ocrx_word' id='word_1_4' title='bbox 2170 382 2225 450; x_wconf 89' lang='lat' dir='ltr'><strong>ll</strong></span> <span class='ocrx_word' id='word_1_5' title='bbox 2267 386 2523 452; x_wconf 66' lang='lat' dir='ltr'><strong>PAPJE.</strong></span> 
     </span>
    </p>
   </div>
   <div class='ocr_carea' id='block_1_3' title="bbox 3709 388 3828 450">
    <p class='ocr_par' dir='ltr' id='par_1_3' title="bbox 3709 388 3828 450">
     <span class='ocr_line' id='line_1_3' title="bbox 3709 388 3828 450; baseline 0 0"><span class='ocrx_word' id='word_1_6' title='bbox 3709 388 3828 450; x_wconf 76' lang='grc'><strong>188</strong></span> 
     </span>
    </p>
   </div>
   <div class='ocr_carea' id='block_1_4' title="bbox 417 520 3823 598">
    <p class='ocr_par' dir='ltr' id='par_1_4' title="bbox 417 520 3823 598">
     <span class='ocr_line' id='line_1_4' title="bbox 417 520 3823 598; baseline -0.001 -16"><span class='ocrx_word' id='word_1_7' title='bbox 417 523 534 583; x_wconf 87' lang='lat' dir='ltr'><strong>alia</strong></span> <span class='ocrx_word' id='word_1_8' title='bbox 557 520 1076 598; x_wconf 83' lang='lat' dir='ltr'><strong>exemplaproferri</strong></span> <span class='ocrx_word' id='word_1_9' title='bbox 1095 522 1434 598; x_wconf 60' lang='lat' dir='ltr'><strong>possentzld</strong></span> <span class='ocrx_word' id='word_1_10' title='bbox 1463 539 1603 582; x_wconf 88' lang='lat' dir='ltr'><strong>sane</strong></span> <span class='ocrx_word' id='word_1_11' title='bbox 1625 522 1938 580; x_wconf 89' lang='lat' dir='ltr'><strong>dicendum</strong></span> <span class='ocrx_word' id='word_1_12' title='bbox 1951 525 2060 590; x_wconf 89' lang='lat' dir='ltr'><strong>est,</strong></span> <span class='ocrx_word' id='word_1_13' title='bbox 2090 522 2148 589; x_wconf 80' lang='grc' dir='ltr'><strong>Α</strong></span> <span class='ocrx_word' id='word_1_14' title='bbox 2172 524 2318 597; x_wconf 83' lang='lat' dir='ltr'><strong>apud</strong></span> <span class='ocrx_word' id='word_1_15' title='bbox 2343 523 2574 581; x_wconf 86' lang='lat' dir='ltr'><strong>Podium</strong></span> <span class='ocrx_word' id='word_1_16' title='bbox 2611 536 2905 580; x_wconf 86' lang='lat' dir='ltr'><strong>convocare</strong></span> <span class='ocrx_word' id='word_1_17' title='bbox 2959 522 3324 596; x_wconf 75' lang='lat' dir='ltr'><strong>disposuerat,</strong></span> <span class='ocrx_word' id='word_1_18' title='bbox 3364 521 3464 580; x_wconf 89' lang='lat' dir='ltr'><strong>sed</strong></span> <span class='ocrx_word' id='word_1_19' title='bbox 3527 538 3688 592; x_wconf 89' lang='lat' dir='ltr'><strong>cum,</strong></span> <span class='ocrx_word' id='word_1_20' title='bbox 3739 521 3823 579; x_wconf 86' lang='lat' dir='ltr'><strong>uti</strong></span> 
     </span>
    </p>
   </div>
   <div class='ocr_carea' id='block_1_5' title="bbox 418 612 2068 687">
    <p class='ocr_par' dir='ltr' id='par_1_5' title="bbox 418 612 2068 687">
     <span class='ocr_line' id='line_1_5' title="bbox 418 612 2068 687; baseline -0.004 -13"><span class='ocrx_word' id='word_1_21' title='bbox 418 618 469 674; x_wconf 88' lang='lat' dir='ltr'><strong>si</strong></span> <span class='ocrx_word' id='word_1_22' title='bbox 499 631 704 673; x_wconf 88' lang='lat' dir='ltr'><strong>verum</strong></span> <span class='ocrx_word' id='word_1_23' title='bbox 735 613 812 671; x_wconf 85' lang='lat' dir='ltr'><strong>sit</strong></span> <span class='ocrx_word' id='word_1_24' title='bbox 841 614 1123 687; x_wconf 84' lang='lat' dir='ltr'><strong>majorem</strong></span> <span class='ocrx_word' id='word_1_25' title='bbox 1152 613 1432 672; x_wconf 71' lang='lat' dir='ltr'><strong>Valentia:</strong></span> <span class='ocrx_word' id='word_1_26' title='bbox 1463 614 1628 672; x_wconf 81' lang='lat' dir='ltr'><strong>urbis</strong></span> <span class='ocrx_word' id='word_1_27' title='bbox 1667 612 1970 671; x_wconf 80' lang='lat' dir='ltr'><strong>basilicam</strong></span> <span class='ocrx_word' id='word_1_28' title='bbox 1995 612 2068 668; x_wconf 89' lang='lat' dir='ltr'><strong>ab</strong></span> 
     </span>
    </p>
   </div>
   <div class='ocr_carea' id='block_1_6' title="bbox 418 704 2064 775">
    <p class='ocr_par' dir='ltr' id='par_1_6' title="bbox 418 704 2064 775">
     <span class='ocr_line' id='line_1_6' title="bbox 418 704 2064 775; baseline -0.004 -11"><span class='ocrx_word' id='word_1_29' title='bbox 418 705 672 775; x_wconf 90' lang='lat' dir='ltr'><strong>Urbano,</strong></span> <span class='ocrx_word' id='word_1_30' title='bbox 703 721 838 761; x_wconf 90' lang='lat' dir='ltr'><strong>cum</strong></span> <span class='ocrx_word' id='word_1_31' title='bbox 870 705 941 760; x_wconf 91' lang='lat' dir='ltr'><strong>ad</strong></span> <span class='ocrx_word' id='word_1_32' title='bbox 969 704 1280 761; x_wconf 87' lang='lat' dir='ltr'><strong>concilium</strong></span> <span class='ocrx_word' id='word_1_33' title='bbox 1311 704 1824 761; x_wconf 87' lang='lat' dir='ltr'><strong>Claromontanum</strong></span> <span class='ocrx_word' id='word_1_34' title='bbox 1861 719 2064 775; x_wconf 81' lang='lat' dir='ltr'><strong>prepe-</strong></span> 
     </span>
    </p>
   </div>
   <div class='ocr_carea' id='block_1_7' title="bbox 418 791 2065 864">
    <p class='ocr_par' dir='ltr' id='par_1_7' title="bbox 418 791 2065 864">
     <span class='ocr_line' id='line_1_7' title="bbox 418 791 2065 864; baseline -0.003 -14"><span class='ocrx_word' id='word_1_35' title='bbox 418 799 592 861; x_wconf 88' lang='lat' dir='ltr'><strong>raret,</strong></span> <span class='ocrx_word' id='word_1_36' title='bbox 607 793 789 850; x_wconf 89' lang='lat' dir='ltr'><strong>Nonis</strong></span> <span class='ocrx_word' id='word_1_37' title='bbox 812 792 1401 864; x_wconf 76' lang='lat' dir='ltr'><strong>Augustidedicatam</strong></span> <span class='ocrx_word' id='word_1_38' title='bbox 1429 792 1638 859; x_wconf 85' lang='lat' dir='ltr'><strong>fuisse;</strong></span> <span class='ocrx_word' id='word_1_39' title='bbox 1659 793 1812 864; x_wconf 90' lang='lat' dir='ltr'><strong>quod</strong></span> <span class='ocrx_word' id='word_1_40' title='bbox 1828 791 2065 862; x_wconf 89' lang='lat' dir='ltr'><strong>quidem</strong></span> 
     </span>
    </p>
   </div>
   <div class='ocr_carea' id='block_1_8' title="bbox 415 880 1946 955">
    <p class='ocr_par' dir='ltr' id='par_1_8' title="bbox 415 880 1946 955">
     <span class='ocr_line' id='line_1_8' title="bbox 415 880 1946 955; baseline -0.003 -16"><span class='ocrx_word' id='word_1_41' title='bbox 415 900 619 940; x_wconf 89' lang='lat' dir='ltr'><strong>verum</strong></span> <span class='ocrx_word' id='word_1_42' title='bbox 649 899 778 939; x_wconf 91' lang='lat' dir='ltr'><strong>esse</strong></span> <span class='ocrx_word' id='word_1_43' title='bbox 807 882 984 938; x_wconf 79' lang='lat' dir='ltr'><strong>certis</strong></span> <span class='ocrx_word' id='word_1_44' title='bbox 1014 881 1378 955; x_wconf 83' lang='lat' dir='ltr'><strong>argumentis</strong></span> <span class='ocrx_word' id='word_1_45' title='bbox 1399 885 1665 936; x_wconf 81' lang='lat' dir='ltr'><strong>constare</strong></span> <span class='ocrx_word' id='word_1_46' title='bbox 1697 880 1946 935; x_wconf 87' lang='lat' dir='ltr'><strong>videtur.</strong></span> 
     </span>
    </p>
   </div>
   <div class='ocr_carea' id='block_1_9' title="bbox 491 968 2068 1056">
    <p class='ocr_par' dir='ltr' id='par_1_9' title="bbox 491 968 2068 1056">
     <span class='ocr_line' id='line_1_9' title="bbox 491 968 2068 1056; baseline -0.003 -29"><span class='ocrx_word' id='word_1_47' title='bbox 491 971 684 1027; x_wconf 91' lang='lat' dir='ltr'><strong>Primo</strong></span> <span class='ocrx_word' id='word_1_48' title='bbox 715 971 1063 1026; x_wconf 90' lang='lat' dir='ltr'><strong>Chronicum</strong></span> <span class='ocrx_word' id='word_1_49' title='bbox 1093 974 1259 1026; x_wconf 88' lang='lat' dir='ltr'><strong>vetus</strong></span> <span class='ocrx_word' id='word_1_50' title='bbox 1285 969 1692 1042; x_wconf 88' lang='lat' dir='ltr'><strong>episcoporum</strong></span> <span class='ocrx_word' id='word_1_51' title='bbox 1723 968 2068 1056; x_wconf 62' lang='lat' dir='ltr'><strong>Vqlentino-</strong></span> 
     </span>
    </p>
   </div>
   <div class='ocr_carea' id='block_1_10' title="bbox 418 1057 2063 1131">
    <p class='ocr_par' dir='ltr' id='par_1_10' title="bbox 418 1057 2063 1131">
     <span class='ocr_line' id='line_1_10' title="bbox 418 1057 2063 1131; baseline -0.002 -15"><span class='ocrx_word' id='word_1_52' title='bbox 418 1077 549 1116; x_wconf 90' lang='lat' dir='ltr'><strong>rum</strong></span> <span class='ocrx_word' id='word_1_53' title='bbox 572 1060 656 1118; x_wconf 87' lang='lat' dir='ltr'><strong>sic</strong></span> <span class='ocrx_word' id='word_1_54' title='bbox 687 1061 757 1117; x_wconf 92' lang='lat' dir='ltr'><strong>de</strong></span> <span class='ocrx_word' id='word_1_55' title='bbox 779 1059 1076 1116; x_wconf 87' lang='lat' dir='ltr'><strong>Guntardo</strong></span> <span class='ocrx_word' id='word_1_56' title='bbox 1098 1059 1368 1131; x_wconf 91' lang='lat' dir='ltr'><strong>episcopo</strong></span> <span class='ocrx_word' id='word_1_57' title='bbox 1391 1058 1566 1114; x_wconf 84' lang='lat' dir='ltr'><strong>habet</strong></span> <span class='ocrx_word' id='word_1_58' title='bbox 1590 1074 1603 1113; x_wconf 88' lang='lat'><strong>:</strong></span> <span class='ocrx_word' id='word_1_59' title='bbox 1629 1060 1700 1114; x_wconf 86' lang='lat' dir='ltr'><strong>Eo</strong></span> <span class='ocrx_word' id='word_1_60' title='bbox 1713 1057 2063 1130; x_wconf 69' lang='lat' dir='ltr'><strong>pra’sidente,</strong></span> 
     </span>
    </p>
   </div>
   <div class='ocr_carea' id='block_1_11' title="bbox 419 1147 2064 1219">
    <p class='ocr_par' dir='ltr' id='par_1_11' title="bbox 419 1147 2064 1219">
     <span class='ocr_line' id='line_1_11' title="bbox 419 1147 2064 1219; baseline -0.002 -15"><span class='ocrx_word' id='word_1_61' title='bbox 419 1149 576 1207; x_wconf 69' lang='lat' dir='ltr'><strong>bona?</strong></span> <span class='ocrx_word' id='word_1_62' title='bbox 621 1149 897 1206; x_wconf 77' lang='lat' dir='ltr'><strong>memoriae</strong></span> <span class='ocrx_word' id='word_1_63' title='bbox 945 1147 1193 1204; x_wconf 87' lang='lat' dir='ltr'><strong>Urbanus</strong></span> <span class='ocrx_word' id='word_1_64' title='bbox 1246 1147 1298 1202; x_wconf 86' lang='lat' dir='ltr'><strong><em>II</em></strong></span> <span class='ocrx_word' id='word_1_65' title='bbox 1337 1149 1590 1219; x_wconf 74' lang='lat' dir='ltr'><strong>ponti/ex</strong></span> <span class='ocrx_word' id='word_1_66' title='bbox 1642 1148 1912 1203; x_wconf 83' lang='lat' dir='ltr'><strong>Romanus</strong></span> <span class='ocrx_word' id='word_1_67' title='bbox 1969 1148 2064 1201; x_wconf 87' lang='lat' dir='ltr'><strong>Ec—</strong></span> 
     </span>
    </p>
   </div>
   <div class='ocr_carea' id='block_1_12' title="bbox 415 1236 2068 1307">
    <p class='ocr_par' dir='ltr' id='par_1_12' title="bbox 415 1236 2068 1307">
     <span class='ocr_line' id='line_1_12' title="bbox 415 1236 2068 1307; baseline -0.002 -12"><span class='ocrx_word' id='word_1_68' title='bbox 415 1238 716 1296; x_wconf 84' lang='lat' dir='ltr'><strong>clesiarum</strong></span> <span class='ocrx_word' id='word_1_69' title='bbox 763 1238 970 1294; x_wconf 78' lang='lat' dir='ltr'><strong>Christi</strong></span> <span class='ocrx_word' id='word_1_70' title='bbox 1014 1253 1206 1292; x_wconf 89' lang='lat' dir='ltr'><strong>curam</strong></span> <span class='ocrx_word' id='word_1_71' title='bbox 1251 1253 1468 1307; x_wconf 83' lang='lat' dir='ltr'><strong>gerens,</strong></span> <span class='ocrx_word' id='word_1_72' title='bbox 1517 1237 1648 1292; x_wconf 87' lang='lat' dir='ltr'><strong>dum</strong></span> <span class='ocrx_word' id='word_1_73' title='bbox 1689 1236 1760 1291; x_wconf 86' lang='lat' dir='ltr'><strong>ad</strong></span> <span class='ocrx_word' id='word_1_74' title='bbox 1807 1237 2068 1306; x_wconf 85' lang='lat' dir='ltr'><strong>generale</strong></span> 
     </span>
    </p>
   </div>
   <div class='ocr_carea' id='block_1_13' title="bbox 415 1325 2064 1397">
    <p class='ocr_par' dir='ltr' id='par_1_13' title="bbox 415 1325 2064 1397">
     <span class='ocr_line' id='line_1_13' title="bbox 415 1325 2064 1397; baseline -0.003 -13"><span class='ocrx_word' id='word_1_75' title='bbox 415 1329 708 1384; x_wconf 79' lang='lat' dir='ltr'><strong>concilium</strong></span> <span class='ocrx_word' id='word_1_76' title='bbox 738 1329 840 1383; x_wconf 88' lang='lat' dir='ltr'><strong>iret</strong></span> <span class='ocrx_word' id='word_1_77' title='bbox 885 1326 1286 1382; x_wconf 84' lang='lat' dir='ltr'><strong>Claromontem</strong></span> <span class='ocrx_word' id='word_1_78' title='bbox 1305 1343 1406 1397; x_wconf 88' lang='lat' dir='ltr'><strong>per</strong></span> <span class='ocrx_word' id='word_1_79' title='bbox 1437 1325 1577 1380; x_wconf 86' lang='lat' dir='ltr'><strong>hanc</strong></span> <span class='ocrx_word' id='word_1_80' title='bbox 1606 1325 1796 1382; x_wconf 80' lang='lat' dir='ltr'><strong>urbem</strong></span> <span class='ocrx_word' id='word_1_81' title='bbox 1844 1327 1948 1380; x_wconf 86' lang='lat' dir='ltr'><strong>iter</strong></span> <span class='ocrx_word' id='word_1_82' title='bbox 1979 1328 2064 1396; x_wconf 80' lang='lat' dir='ltr'><strong>[a-</strong></span> 
     </span>
    </p>
   </div>
   <div class='ocr_carea' id='block_1_14' title="bbox 413 1413 2069 1488">
    <p class='ocr_par' dir='ltr' id='par_1_14' title="bbox 413 1413 2069 1488">
     <span class='ocr_line' id='line_1_14' title="bbox 413 1413 2069 1488; baseline -0.002 -16"><span class='ocrx_word' id='word_1_83' title='bbox 413 1419 582 1484; x_wconf 84' lang='lat' dir='ltr'><strong>ciens,</strong></span> <span class='ocrx_word' id='word_1_84' title='bbox 613 1420 724 1471; x_wconf 85' lang='lat' dir='ltr'><strong>etc.</strong></span> <span class='ocrx_word' id='word_1_85' title='bbox 755 1415 1015 1488; x_wconf 87' lang='lat' dir='ltr'><strong>Idipsum</strong></span> <span class='ocrx_word' id='word_1_86' title='bbox 1050 1414 1264 1470; x_wconf 79' lang='lat' dir='ltr'><strong>diserte</strong></span> <span class='ocrx_word' id='word_1_87' title='bbox 1296 1418 1545 1470; x_wconf 82' lang='lat' dir='ltr'><strong>testatur</strong></span> <span class='ocrx_word' id='word_1_88' title='bbox 1573 1413 1738 1486; x_wconf 85' lang='lat' dir='ltr'><strong>Hugo</strong></span> <span class='ocrx_word' id='word_1_89' title='bbox 1771 1414 2069 1469; x_wconf 78' lang='lat' dir='ltr'><strong>Gratiano-</strong></span> 
     </span>
    </p>
   </div>
   <div class='ocr_carea' id='block_1_15' title="bbox 413 1501 2066 1578">
    <p class='ocr_par' dir='ltr' id='par_1_15' title="bbox 413 1501 2066 1578">
     <span class='ocr_line' id='line_1_15' title="bbox 413 1501 2066 1578; baseline -0.002 -18"><span class='ocrx_word' id='word_1_90' title='bbox 413 1504 712 1578; x_wconf 86' lang='lat' dir='ltr'><strong>politanus</strong></span> <span class='ocrx_word' id='word_1_91' title='bbox 741 1504 1074 1577; x_wconf 89' lang='lat' dir='ltr'><strong>episcopus,</strong></span> <span class='ocrx_word' id='word_1_92' title='bbox 1099 1503 1157 1558; x_wconf 89' lang='lat' dir='ltr'><strong>in</strong></span> <span class='ocrx_word' id='word_1_93' title='bbox 1190 1520 1343 1574; x_wconf 67' lang='lat' dir='ltr'><strong>saepe</strong></span> <span class='ocrx_word' id='word_1_94' title='bbox 1371 1501 1608 1558; x_wconf 76' lang='lat' dir='ltr'><strong>laudato</strong></span> <span class='ocrx_word' id='word_1_95' title='bbox 1638 1501 1855 1567; x_wconf 90' lang='lat' dir='ltr'><strong>libello,</strong></span> <span class='ocrx_word' id='word_1_96' title='bbox 1891 1518 2066 1574; x_wconf 88' lang='lat' dir='ltr'><strong>quem</strong></span> 
     </span>
    </p>
   </div>
   <div class='ocr_carea' id='block_1_16' title="bbox 415 1589 2070 1666">
    <p class='ocr_par' dir='ltr' id='par_1_16' title="bbox 415 1589 2070 1666">
     <span class='ocr_line' id='line_1_16' title="bbox 415 1589 2070 1666; baseline -0.002 -18"><span class='ocrx_word' id='word_1_97' title='bbox 415 1593 709 1666; x_wconf 86' lang='lat' dir='ltr'><strong>integrum</strong></span> <span class='ocrx_word' id='word_1_98' title='bbox 742 1592 801 1647; x_wconf 90' lang='lat' dir='ltr'><strong>in</strong></span> <span class='ocrx_word' id='word_1_99' title='bbox 850 1591 1184 1664; x_wconf 87' lang='lat' dir='ltr'><strong>Appendice</strong></span> <span class='ocrx_word' id='word_1_100' title='bbox 1215 1591 1556 1646; x_wconf 80' lang='lat' dir='ltr'><strong>referemus.</strong></span> <span class='ocrx_word' id='word_1_101' title='bbox 1593 1591 1753 1655; x_wconf 89' lang='lat' dir='ltr'><strong>Quod</strong></span> <span class='ocrx_word' id='word_1_102' title='bbox 1786 1606 1917 1646; x_wconf 91' lang='lat' dir='ltr'><strong>vero</strong></span> <span class='ocrx_word' id='word_1_103' title='bbox 1949 1589 2070 1644; x_wconf 73' lang='lat' dir='ltr'><strong>hmo</strong></span> 
     </span>
    </p>
   </div>
   <div class='ocr_carea' id='block_1_17' title="bbox 413 1678 2070 1752">
    <p class='ocr_par' dir='ltr' id='par_1_17' title="bbox 413 1678 2070 1752">
     <span class='ocr_line' id='line_1_17' title="bbox 413 1678 2070 1752; baseline -0.003 -15"><span class='ocrx_word' id='word_1_104' title='bbox 413 1680 660 1737; x_wconf 84' lang='lat' dir='ltr'><strong>ecclesia</strong></span> <span class='ocrx_word' id='word_1_105' title='bbox 684 1679 866 1736; x_wconf 86' lang='lat' dir='ltr'><strong>Nonis</strong></span> <span class='ocrx_word' id='word_1_106' title='bbox 891 1679 1036 1751; x_wconf 83' lang='lat' dir='ltr'><strong>ipsis</strong></span> <span class='ocrx_word' id='word_1_107' title='bbox 1061 1679 1300 1752; x_wconf 84' lang='lat' dir='ltr'><strong>Augusti</strong></span> <span class='ocrx_word' id='word_1_108' title='bbox 1340 1678 1604 1735; x_wconf 87' lang='lat' dir='ltr'><strong>dedicata</strong></span> <span class='ocrx_word' id='word_1_109' title='bbox 1646 1678 1840 1742; x_wconf 90' lang='lat' dir='ltr'><strong>fuerit,</strong></span> <span class='ocrx_word' id='word_1_110' title='bbox 1865 1679 2070 1752; x_wconf 88' lang='lat' dir='ltr'><strong>probat</strong></span> 
     </span>
    </p>
   </div>
   <div class='ocr_carea' id='block_1_18' title="bbox 416 1766 2070 1840">
    <p class='ocr_par' dir='ltr' id='par_1_18' title="bbox 416 1766 2070 1840">
     <span class='ocr_line' id='line_1_18' title="bbox 416 1766 2070 1840; baseline -0.003 -14"><span class='ocrx_word' id='word_1_111' title='bbox 416 1768 816 1827; x_wconf 88' lang='lat' dir='ltr'><strong>anniversaria</strong></span> <span class='ocrx_word' id='word_1_112' title='bbox 830 1768 959 1840; x_wconf 88' lang='lat' dir='ltr'><strong>ejus</strong></span> <span class='ocrx_word' id='word_1_113' title='bbox 980 1767 1340 1836; x_wconf 90' lang='lat' dir='ltr'><strong>solemnitas,</strong></span> <span class='ocrx_word' id='word_1_114' title='bbox 1369 1767 1478 1822; x_wconf 89' lang='lat' dir='ltr'><strong>hoc</strong></span> <span class='ocrx_word' id='word_1_115' title='bbox 1502 1767 1628 1840; x_wconf 94' lang='lat' dir='ltr'><strong>ipso</strong></span> <span class='ocrx_word' id='word_1_116' title='bbox 1651 1766 1744 1823; x_wconf 91' lang='lat' dir='ltr'><strong>die</strong></span> <span class='ocrx_word' id='word_1_117' title='bbox 1764 1766 1823 1822; x_wconf 94' lang='lat' dir='ltr'><strong>in</strong></span> <span class='ocrx_word' id='word_1_118' title='bbox 1847 1770 2070 1822; x_wconf 83' lang='lat' dir='ltr'><strong>vetusto</strong></span> 
     </span>
    </p>
   </div>
   <div class='ocr_carea' id='block_1_19' title="bbox 417 1855 2070 1931">
    <p class='ocr_par' dir='ltr' id='par_1_19' title="bbox 417 1855 2070 1931">
     <span class='ocr_line' id='line_1_19' title="bbox 417 1855 2070 1931; baseline -0.004 -15"><span class='ocrx_word' id='word_1_119' title='bbox 417 1857 638 1916; x_wconf 86' lang='lat' dir='ltr'><strong>Missali</strong></span> <span class='ocrx_word' id='word_1_120' title='bbox 678 1857 1011 1931; x_wconf 85' lang='lat' dir='ltr'><strong>assignata;</strong></span> <span class='ocrx_word' id='word_1_121' title='bbox 1052 1856 1169 1912; x_wconf 91' lang='lat' dir='ltr'><strong>imo</strong></span> <span class='ocrx_word' id='word_1_122' title='bbox 1199 1874 1328 1929; x_wconf 75' lang='lat' dir='ltr'><strong>quas</strong></span> <span class='ocrx_word' id='word_1_123' title='bbox 1358 1856 1533 1912; x_wconf 89' lang='lat' dir='ltr'><strong>etiam</strong></span> <span class='ocrx_word' id='word_1_124' title='bbox 1568 1873 1725 1911; x_wconf 88' lang='lat' dir='ltr'><strong>nunc</strong></span> <span class='ocrx_word' id='word_1_125' title='bbox 1757 1855 2070 1927; x_wconf 89' lang='lat' dir='ltr'><strong>quotannis</strong></span> 
     </span>
    </p>
   </div>
   <div class='ocr_carea' id='block_1_20' title="bbox 415 1943 2066 2008">
    <p class='ocr_par' dir='ltr' id='par_1_20' title="bbox 415 1943 2066 2008">
     <span class='ocr_line' id='line_1_20' title="bbox 415 1943 2066 2008; baseline -0.004 -4"><span class='ocrx_word' id='word_1_126' title='bbox 415 1947 617 2004; x_wconf 88' lang='lat' dir='ltr'><strong>eadem</strong></span> <span class='ocrx_word' id='word_1_127' title='bbox 643 1945 737 2002; x_wconf 89' lang='lat' dir='ltr'><strong>die</strong></span> <span class='ocrx_word' id='word_1_128' title='bbox 753 1944 1034 2002; x_wconf 61' lang='lat' dir='ltr'><strong>Valentia:</strong></span> <span class='ocrx_word' id='word_1_129' title='bbox 1057 1943 1400 2008; x_wconf 71' lang='lat' dir='ltr'><strong>celebratur.</strong></span> <span class='ocrx_word' id='word_1_130' title='bbox 1436 1943 1536 1999; x_wconf 89' lang='lat' dir='ltr'><strong>His</strong></span> <span class='ocrx_word' id='word_1_131' title='bbox 1562 1943 1838 2000; x_wconf 91' lang='lat' dir='ltr'><strong>omnibus</strong></span> <span class='ocrx_word' id='word_1_132' title='bbox 1867 1944 2066 1999; x_wconf 74' lang='lat' dir='ltr'><strong>suifra-</strong></span> 
     </span>
    </p>
   </div>
   <div class='ocr_carea' id='block_1_21' title="bbox 417 2031 2070 2110">
    <p class='ocr_par' dir='ltr' id='par_1_21' title="bbox 417 2031 2070 2110">
     <span class='ocr_line' id='line_1_21' title="bbox 417 2031 2070 2110; baseline -0.002 -20"><span class='ocrx_word' id='word_1_133' title='bbox 417 2039 591 2110; x_wconf 88' lang='lat' dir='ltr'><strong>gatur</strong></span> <span class='ocrx_word' id='word_1_134' title='bbox 617 2039 786 2091; x_wconf 90' lang='lat' dir='ltr'><strong>vetus</strong></span> <span class='ocrx_word' id='word_1_135' title='bbox 815 2033 1140 2106; x_wconf 83' lang='lat' dir='ltr'><strong>inscriptio,</strong></span> <span class='ocrx_word' id='word_1_136' title='bbox 1174 2031 1382 2089; x_wconf 89' lang='lat' dir='ltr'><strong>litteris</strong></span> <span class='ocrx_word' id='word_1_137' title='bbox 1409 2031 1738 2088; x_wconf 90' lang='lat' dir='ltr'><strong>uncialibus</strong></span> <span class='ocrx_word' id='word_1_138' title='bbox 1779 2031 1957 2106; x_wconf 88' lang='lat' dir='ltr'><strong>lapidi</strong></span> <span class='ocrx_word' id='word_1_139' title='bbox 1977 2031 2070 2087; x_wconf 84' lang='lat' dir='ltr'><strong>in-</strong></span> 
     </span>
    </p>
   </div>
   <div class='ocr_carea' id='block_1_22' title="bbox 416 2121 2066 2198">
    <p class='ocr_par' dir='ltr' id='par_1_22' title="bbox 416 2121 2066 2198">
     <span class='ocr_line' id='line_1_22' title="bbox 416 2121 2066 2198; baseline -0.003 -17"><span class='ocrx_word' id='word_1_140' title='bbox 416 2123 667 2198; x_wconf 85' lang='lat' dir='ltr'><strong>sculpta,</strong></span> <span class='ocrx_word' id='word_1_141' title='bbox 699 2127 757 2180; x_wconf 88' lang='lat' dir='ltr'><strong>et</strong></span> <span class='ocrx_word' id='word_1_142' title='bbox 803 2122 904 2178; x_wconf 89' lang='lat' dir='ltr'><strong>uni</strong></span> <span class='ocrx_word' id='word_1_143' title='bbox 937 2139 1006 2178; x_wconf 81' lang='lat' dir='ltr'><strong>ex</strong></span> <span class='ocrx_word' id='word_1_144' title='bbox 1056 2122 1322 2194; x_wconf 87' lang='lat' dir='ltr'><strong>ejusdem</strong></span> <span class='ocrx_word' id='word_1_145' title='bbox 1353 2121 1608 2179; x_wconf 81' lang='lat' dir='ltr'><strong>ecclesiae</strong></span> <span class='ocrx_word' id='word_1_146' title='bbox 1643 2121 1844 2194; x_wconf 85' lang='lat' dir='ltr'><strong>januis</strong></span> <span class='ocrx_word' id='word_1_147' title='bbox 1873 2121 2066 2187; x_wconf 80' lang='lat' dir='ltr'><strong>afﬁxa,</strong></span> 
     </span>
    </p>
   </div>
   <div class='ocr_carea' id='block_1_23' title="bbox 417 2209 2064 2288">
    <p class='ocr_par' dir='ltr' id='par_1_23' title="bbox 417 2209 2064 2288">
     <span class='ocr_line' id='line_1_23' title="bbox 417 2209 2064 2288; baseline -0.002 -19"><span class='ocrx_word' id='word_1_148' title='bbox 417 2228 545 2288; x_wconf 62' lang='lat' dir='ltr'><strong>quae</strong></span> <span class='ocrx_word' id='word_1_149' title='bbox 575 2211 965 2270; x_wconf 86' lang='lat' dir='ltr'><strong>Calviniorum</strong></span> <span class='ocrx_word' id='word_1_150' title='bbox 1013 2212 1292 2278; x_wconf 90' lang='lat' dir='ltr'><strong>furorem,</strong></span> <span class='ocrx_word' id='word_1_151' title='bbox 1342 2211 1613 2284; x_wconf 88' lang='lat' dir='ltr'><strong>quamvis</strong></span> <span class='ocrx_word' id='word_1_152' title='bbox 1643 2209 1912 2267; x_wconf 87' lang='lat' dir='ltr'><strong>nonnihil</strong></span> <span class='ocrx_word' id='word_1_153' title='bbox 1944 2211 2064 2266; x_wconf 90' lang='lat' dir='ltr'><strong>vio-</strong></span> 
     </span>
    </p>
   </div>
   <div class='ocr_carea' id='block_1_24' title="bbox 416 2299 2066 2369">
    <p class='ocr_par' dir='ltr' id='par_1_24' title="bbox 416 2299 2066 2369">
     <span class='ocr_line' id='line_1_24' title="bbox 416 2299 2066 2369; baseline -0.002 -11"><span class='ocrx_word' id='word_1_154' title='bbox 416 2301 556 2369; x_wconf 89' lang='lat' dir='ltr'><strong>lata,</strong></span> <span class='ocrx_word' id='word_1_155' title='bbox 584 2319 718 2358; x_wconf 90' lang='lat' dir='ltr'><strong>cum</strong></span> <span class='ocrx_word' id='word_1_156' title='bbox 767 2301 920 2357; x_wconf 88' lang='lat' dir='ltr'><strong>hanc</strong></span> <span class='ocrx_word' id='word_1_157' title='bbox 967 2299 1276 2358; x_wconf 88' lang='lat' dir='ltr'><strong>ecclesiam</strong></span> <span class='ocrx_word' id='word_1_158' title='bbox 1321 2299 1535 2356; x_wconf 52' lang='lat' dir='ltr'><strong>saeculo</strong></span> <span class='ocrx_word' id='word_1_159' title='bbox 1592 2317 1685 2357; x_wconf 72' lang='lat' dir='ltr'><strong>xvr</strong></span> <span class='ocrx_word' id='word_1_160' title='bbox 1745 2299 2066 2365; x_wconf 87' lang='lat' dir='ltr'><strong>diruerent,</strong></span> 
     </span>
    </p>
   </div>
   <div class='ocr_carea' id='block_1_25' title="bbox 415 2389 1151 2448">
    <p class='ocr_par' dir='ltr' id='par_1_25' title="bbox 415 2389 1151 2448">
     <span class='ocr_line' id='line_1_25' title="bbox 415 2389 1151 2448; baseline -0.005 0"><span class='ocrx_word' id='word_1_161' title='bbox 415 2391 621 2448; x_wconf 87' lang='lat' dir='ltr'><strong>evasit.</strong></span> <span class='ocrx_word' id='word_1_162' title='bbox 653 2389 746 2446; x_wconf 83' lang='lat' dir='ltr'><strong>Sic</strong></span> <span class='ocrx_word' id='word_1_163' title='bbox 774 2405 910 2446; x_wconf 92' lang='lat' dir='ltr'><strong>vero</strong></span> <span class='ocrx_word' id='word_1_164' title='bbox 943 2389 1151 2445; x_wconf 88' lang='lat' dir='ltr'><strong>habet:</strong></span> 
     </span>
    </p>
   </div>
   <div class='ocr_carea' id='block_1_26' title="bbox 556 2477 1879 2535">
    <p class='ocr_par' dir='ltr' id='par_1_26' title="bbox 556 2477 1879 2535">
     <span class='ocr_line' id='line_1_26' title="bbox 556 2477 1879 2535; baseline -0.003 0"><span class='ocrx_word' id='word_1_165' title='bbox 556 2481 719 2535; x_wconf 76' lang='lat' dir='ltr'><strong>ANNO</strong></span> <span class='ocrx_word' id='word_1_166' title='bbox 755 2495 828 2534; x_wconf 80' lang='lat' dir='ltr'><strong>AB</strong></span> <span class='ocrx_word' id='word_1_167' title='bbox 869 2478 1276 2534; x_wconf 62' lang='lat' dir='ltr'><strong>Iucsnxmovs</strong></span> <span class='ocrx_word' id='word_1_168' title='bbox 1316 2477 1526 2533; x_wconf 74' lang='lat' dir='ltr'><strong>DOMle</strong></span> <span class='ocrx_word' id='word_1_169' title='bbox 1567 2493 1879 2532; x_wconf 80' lang='lat' dir='ltr'><strong>MILLESIMO</strong></span> 
     </span>
    </p>
   </div>
   <div class='ocr_carea' id='block_1_27' title="bbox 556 2548 1684 2615">
    <p class='ocr_par' dir='ltr' id='par_1_27' title="bbox 556 2548 1684 2615">
     <span class='ocr_line' id='line_1_27' title="bbox 556 2548 1684 2615; baseline -0.001 -11"><span class='ocrx_word' id='word_1_170' title='bbox 556 2566 910 2606; x_wconf 70' lang='lat' dir='ltr'><strong>uomessmo</strong></span> <span class='ocrx_word' id='word_1_171' title='bbox 952 2593 966 2604; x_wconf 95' lang='lat'><strong>.</strong></span> <span class='ocrx_word' id='word_1_172' title='bbox 1011 2591 1025 2605; x_wconf 97' lang='lat'><strong>.</strong></span> <span class='ocrx_word' id='word_1_173' title='bbox 1072 2592 1084 2604; x_wconf 94' lang='lat'><strong>.</strong></span> <span class='ocrx_word' id='word_1_174' title='bbox 1131 2591 1145 2605; x_wconf 93' lang='lat'><strong>.</strong></span> <span class='ocrx_word' id='word_1_175' title='bbox 1185 2548 1380 2604; x_wconf 67' lang='lat' dir='ltr'><strong>Nonas</strong></span> <span class='ocrx_word' id='word_1_176' title='bbox 1416 2550 1684 2615; x_wconf 80' lang='lat' dir='ltr'><strong>Aucusrl,</strong></span> 
     </span>
    </p>
   </div>
   <div class='ocr_carea' id='block_1_28' title="bbox 559 2621 1820 2678">
    <p class='ocr_par' dir='ltr' id='par_1_28' title="bbox 559 2621 1820 2678">
     <span class='ocr_line' id='line_1_28' title="bbox 559 2621 1820 2678; baseline -0.004 0"><span class='ocrx_word' id='word_1_177' title='bbox 559 2621 824 2678; x_wconf 69' lang='lat' dir='ltr'><strong>Uaamus</strong></span> <span class='ocrx_word' id='word_1_178' title='bbox 865 2637 1002 2678; x_wconf 77' lang='lat' dir='ltr'><strong>PAPA</strong></span> <span class='ocrx_word' id='word_1_179' title='bbox 1043 2637 1328 2676; x_wconf 76' lang='lat' dir='ltr'><strong>SECUNDUS</strong></span> <span class='ocrx_word' id='word_1_180' title='bbox 1367 2636 1489 2674; x_wconf 70' lang='lat' dir='ltr'><strong>cum</strong></span> <span class='ocrx_word' id='word_1_181' title='bbox 1529 2635 1820 2675; x_wconf 78' lang='lat' dir='ltr'><strong>nuouscm</strong></span> 
     </span>
    </p>
   </div>
   <div class='ocr_carea' id='block_1_29' title="bbox 555 2694 1971 2750">
    <p class='ocr_par' dir='ltr' id='par_1_29' title="bbox 555 2694 1971 2750">
     <span class='ocr_line' id='line_1_29' title="bbox 555 2694 1971 2750; baseline -0.003 -2"><span class='ocrx_word' id='word_1_182' title='bbox 555 2709 845 2750; x_wconf 79' lang='lat' dir='ltr'><strong>EPISCOPIS</strong></span> <span class='ocrx_word' id='word_1_183' title='bbox 883 2709 940 2747; x_wconf 75' lang='lat' dir='ltr'><strong>IN</strong></span> <span class='ocrx_word' id='word_1_184' title='bbox 980 2709 1211 2747; x_wconf 79' lang='lat' dir='ltr'><strong>HONORE</strong></span> <span class='ocrx_word' id='word_1_185' title='bbox 1248 2708 1438 2746; x_wconf 72' lang='grc' dir='ltr'><strong>ΒΕΑτῶ</strong></span> <span class='ocrx_word' id='word_1_186' title='bbox 1475 2694 1678 2746; x_wconf 69' lang='grc' dir='ltr'><strong>ΜΑΕΗΕ</strong></span> <span class='ocrx_word' id='word_1_187' title='bbox 1715 2705 1971 2746; x_wconf 66' lang='grc' dir='ltr'><strong>νιιιαικῐε</strong></span> 
     </span>
    </p>
   </div>
   <div class='ocr_carea' id='block_1_30' title="bbox 558 2761 1774 2820">
    <p class='ocr_par' dir='ltr' id='par_1_30' title="bbox 558 2761 1774 2820">
     <span class='ocr_line' id='line_1_30' title="bbox 558 2761 1774 2820; baseline -0.002 -2"><span class='ocrx_word' id='word_1_188' title='bbox 558 2781 626 2818; x_wconf 73' lang='grc' dir='ltr'><strong>ετ</strong></span> <span class='ocrx_word' id='word_1_189' title='bbox 660 2779 986 2820; x_wconf 72' lang='grc' dir='ltr'><strong>εΑκσιῸιωιί</strong></span> <span class='ocrx_word' id='word_1_190' title='bbox 1024 2777 1349 2818; x_wconf 67' lang='lat' dir='ltr'><strong>mansum</strong></span> <span class='ocrx_word' id='word_1_191' title='bbox 1390 2761 1667 2816; x_wconf 78' lang='lat' dir='ltr'><strong>CORNELII</strong></span> <span class='ocrx_word' id='word_1_192' title='bbox 1706 2777 1774 2816; x_wconf 77' lang='grc' dir='ltr'><strong>ετ</strong></span> 
     </span>
    </p>
   </div>
   <div class='ocr_carea' id='block_1_31' title="bbox 556 2834 1728 2890">
    <p class='ocr_par' dir='ltr' id='par_1_31' title="bbox 556 2834 1728 2890">
     <span class='ocr_line' id='line_1_31' title="bbox 556 2834 1728 2890; baseline -0.003 0"><span class='ocrx_word' id='word_1_193' title='bbox 556 2834 833 2890; x_wconf 70' lang='grc' dir='ltr'><strong>ΟγιηιιΑΝι</strong></span> <span class='ocrx_word' id='word_1_194' title='bbox 873 2849 1022 2890; x_wconf 62' lang='grc' dir='ltr'><strong>ΒΑΜ</strong></span> <span class='ocrx_word' id='word_1_195' title='bbox 1059 2849 1372 2889; x_wconf 72' lang='grc' dir='ltr'><strong>εοοιεειΑΜ</strong></span> <span class='ocrx_word' id='word_1_196' title='bbox 1413 2849 1728 2889; x_wconf 77' lang='lat' dir='ltr'><strong>DEDICAVIT.</strong></span> 
     </span>
    </p>
   </div>
   <div class='ocr_carea' id='block_1_32' title="bbox 416 2919 2069 2992">
    <p class='ocr_par' dir='ltr' id='par_1_32' title="bbox 416 2919 2069 2992">
     <span class='ocr_line' id='line_1_32' title="bbox 416 2919 2069 2992; baseline -0.002 -14"><span class='ocrx_word' id='word_1_197' title='bbox 416 2923 668 2990; x_wconf 85' lang='lat' dir='ltr'><strong>Quinam</strong></span> <span class='ocrx_word' id='word_1_198' title='bbox 716 2926 913 2977; x_wconf 89' lang='lat' dir='ltr'><strong>autem</strong></span> <span class='ocrx_word' id='word_1_199' title='bbox 944 2921 1108 2978; x_wconf 85' lang='lat' dir='ltr'><strong>fuere</strong></span> <span class='ocrx_word' id='word_1_200' title='bbox 1157 2919 1464 2977; x_wconf 87' lang='lat' dir='ltr'><strong>duodecim</strong></span> <span class='ocrx_word' id='word_1_201' title='bbox 1511 2919 1595 2975; x_wconf 92' lang='lat' dir='ltr'><strong>illi</strong></span> <span class='ocrx_word' id='word_1_202' title='bbox 1641 2919 1918 2992; x_wconf 89' lang='lat' dir='ltr'><strong>episcopi,</strong></span> <span class='ocrx_word' id='word_1_203' title='bbox 1971 2919 2069 2990; x_wconf 90' lang='lat' dir='ltr'><strong>qui</strong></span> 
     </span>
    </p>
   </div>
   <div class='ocr_carea' id='block_1_33' title="bbox 415 3007 2067 3066">
    <p class='ocr_par' dir='ltr' id='par_1_33' title="bbox 415 3007 2067 3066">
     <span class='ocr_line' id='line_1_33' title="bbox 415 3007 2067 3066; baseline -0.002 0"><span class='ocrx_word' id='word_1_204' title='bbox 415 3009 555 3066; x_wconf 88' lang='lat' dir='ltr'><strong>huic</strong></span> <span class='ocrx_word' id='word_1_205' title='bbox 585 3009 906 3066; x_wconf 88' lang='lat' dir='ltr'><strong>celebritati</strong></span> <span class='ocrx_word' id='word_1_206' title='bbox 929 3025 1062 3064; x_wconf 91' lang='lat' dir='ltr'><strong>cum</strong></span> <span class='ocrx_word' id='word_1_207' title='bbox 1088 3009 1319 3066; x_wconf 88' lang='lat' dir='ltr'><strong>Urbano</strong></span> <span class='ocrx_word' id='word_1_208' title='bbox 1342 3007 1655 3064; x_wconf 81' lang='lat' dir='ltr'><strong>interfuere</strong></span> <span class='ocrx_word' id='word_1_209' title='bbox 1675 3007 1934 3064; x_wconf 83' lang='lat' dir='ltr'><strong>divinare</strong></span> <span class='ocrx_word' id='word_1_210' title='bbox 1952 3024 2067 3063; x_wconf 87' lang='lat' dir='ltr'><strong>non</strong></span> 
     </span>
    </p>
   </div>
   <div class='ocr_carea' id='block_1_34' title="bbox 420 3096 2072 3171">
    <p class='ocr_par' dir='ltr' id='par_1_34' title="bbox 420 3096 2072 3171">
     <span class='ocr_line' id='line_1_34' title="bbox 420 3096 2072 3171; baseline -0.002 -16"><span class='ocrx_word' id='word_1_211' title='bbox 420 3098 596 3167; x_wconf 90' lang='lat' dir='ltr'><strong>licet;</strong></span> <span class='ocrx_word' id='word_1_212' title='bbox 630 3103 691 3154; x_wconf 89' lang='lat' dir='ltr'><strong>at</strong></span> <span class='ocrx_word' id='word_1_213' title='bbox 737 3114 810 3155; x_wconf 83' lang='lat' dir='ltr'><strong>ex</strong></span> <span class='ocrx_word' id='word_1_214' title='bbox 828 3098 1089 3171; x_wconf 85' lang='lat' dir='ltr'><strong>Hugonis</strong></span> <span class='ocrx_word' id='word_1_215' title='bbox 1109 3097 1307 3155; x_wconf 91' lang='lat' dir='ltr'><strong>libello</strong></span> <span class='ocrx_word' id='word_1_216' title='bbox 1331 3096 1614 3154; x_wconf 86' lang='lat' dir='ltr'><strong>discimus</strong></span> <span class='ocrx_word' id='word_1_217' title='bbox 1639 3097 1966 3154; x_wconf 90' lang='lat' dir='ltr'><strong>Guidonem</strong></span> <span class='ocrx_word' id='word_1_218' title='bbox 1985 3113 2072 3153; x_wconf 89' lang='lat' dir='ltr'><strong>ar-</strong></span> 
     </span>
    </p>
   </div>
   <div class='ocr_carea' id='block_1_35' title="bbox 415 3185 2068 3260">
    <p class='ocr_par' dir='ltr' id='par_1_35' title="bbox 415 3185 2068 3260">
     <span class='ocr_line' id='line_1_35' title="bbox 415 3185 2068 3260; baseline -0.001 -16"><span class='ocrx_word' id='word_1_219' title='bbox 415 3186 856 3260; x_wconf 89' lang='lat' dir='ltr'><strong>chiepiscopum</strong></span> <span class='ocrx_word' id='word_1_220' title='bbox 905 3187 1298 3243; x_wconf 89' lang='lat' dir='ltr'><strong>Viennensem</strong></span> <span class='ocrx_word' id='word_1_221' title='bbox 1330 3185 1590 3259; x_wconf 84' lang='lat' dir='ltr'><strong>pontifici</strong></span> <span class='ocrx_word' id='word_1_222' title='bbox 1634 3185 1966 3242; x_wconf 86' lang='lat' dir='ltr'><strong>Valentiam</strong></span> <span class='ocrx_word' id='word_1_223' title='bbox 1995 3187 2068 3242; x_wconf 90' lang='lat' dir='ltr'><strong>ad</strong></span> 
     </span>
    </p>
   </div>
   <div class='ocr_carea' id='block_1_36' title="bbox 2174 611 3824 688">
    <p class='ocr_par' dir='ltr' id='par_1_36' title="bbox 2174 611 3824 688">
     <span class='ocr_line' id='line_1_36' title="bbox 2174 611 3824 688; baseline -0.003 -16"><span class='ocrx_word' id='word_1_224' title='bbox 2174 614 2460 688; x_wconf 88' lang='lat' dir='ltr'><strong>conjicere</strong></span> <span class='ocrx_word' id='word_1_225' title='bbox 2485 617 2593 680; x_wconf 85' lang='lat' dir='ltr'><strong>est,</strong></span> <span class='ocrx_word' id='word_1_226' title='bbox 2626 613 2890 669; x_wconf 91' lang='lat' dir='ltr'><strong>nondum</strong></span> <span class='ocrx_word' id='word_1_227' title='bbox 2922 629 3016 670; x_wconf 90' lang='lat' dir='ltr'><strong>res</strong></span> <span class='ocrx_word' id='word_1_228' title='bbox 3036 617 3235 670; x_wconf 89' lang='lat' dir='ltr'><strong>essent</strong></span> <span class='ocrx_word' id='word_1_229' title='bbox 3282 611 3598 686; x_wconf 67' lang='lat' dir='ltr'><strong>disposita,</strong></span> <span class='ocrx_word' id='word_1_230' title='bbox 3633 611 3824 685; x_wconf 83' lang='lat' dir='ltr'><strong>ipsam</strong></span> 
     </span>
    </p>
   </div>
   <div class='ocr_carea' id='block_1_37' title="bbox 2173 701 3830 775">
    <p class='ocr_par' dir='ltr' id='par_1_37' title="bbox 2173 701 3830 775">
     <span class='ocr_line' id='line_1_37' title="bbox 2173 701 3830 775; baseline -0.002 -16"><span class='ocrx_word' id='word_1_231' title='bbox 2173 705 2435 771; x_wconf 86' lang='lat' dir='ltr'><strong>tandem,</strong></span> <span class='ocrx_word' id='word_1_232' title='bbox 2463 719 2597 758; x_wconf 91' lang='lat' dir='ltr'><strong>cum</strong></span> <span class='ocrx_word' id='word_1_233' title='bbox 2625 701 2811 758; x_wconf 87' lang='lat' dir='ltr'><strong>Anicii</strong></span> <span class='ocrx_word' id='word_1_234' title='bbox 2842 703 3190 775; x_wconf 90' lang='lat' dir='ltr'><strong>esset,apud</strong></span> <span class='ocrx_word' id='word_1_235' title='bbox 3211 701 3715 758; x_wconf 89' lang='lat' dir='ltr'><strong>Clarummontem</strong></span> <span class='ocrx_word' id='word_1_236' title='bbox 3728 703 3830 757; x_wconf 79' lang='lat' dir='ltr'><strong>Ar-</strong></span> 
     </span>
    </p>
   </div>
   <div class='ocr_carea' id='block_1_38' title="bbox 2172 789 3828 848">
    <p class='ocr_par' dir='ltr' id='par_1_38' title="bbox 2172 789 3828 848">
     <span class='ocr_line' id='line_1_38' title="bbox 2172 789 3828 848; baseline -0.002 -1"><span class='ocrx_word' id='word_1_237' title='bbox 2172 809 2483 848; x_wconf 86' lang='lat' dir='ltr'><strong>vernorum</strong></span> <span class='ocrx_word' id='word_1_238' title='bbox 2514 791 2806 848; x_wconf 87' lang='lat' dir='ltr'><strong>civitatem</strong></span> <span class='ocrx_word' id='word_1_239' title='bbox 2837 791 3246 848; x_wconf 84' lang='lat' dir='ltr'><strong>celebrandam</strong></span> <span class='ocrx_word' id='word_1_240' title='bbox 3273 790 3503 846; x_wconf 86' lang='lat' dir='ltr'><strong>indixit.</strong></span> <span class='ocrx_word' id='word_1_241' title='bbox 3540 790 3706 847; x_wconf 87' lang='lat' dir='ltr'><strong>Certe</strong></span> <span class='ocrx_word' id='word_1_242' title='bbox 3729 789 3828 845; x_wconf 83' lang='lat' dir='ltr'><strong>lit-</strong></span> 
     </span>
    </p>
   </div>
   <div class='ocr_carea' id='block_1_39' title="bbox 2171 879 3827 952">
    <p class='ocr_par' dir='ltr' id='par_1_39' title="bbox 2171 879 3827 952">
     <span class='ocr_line' id='line_1_39' title="bbox 2171 879 3827 952; baseline -0.002 -15"><span class='ocrx_word' id='word_1_243' title='bbox 2171 886 2307 937; x_wconf 73' lang='lat' dir='ltr'><strong>terae</strong></span> <span class='ocrx_word' id='word_1_244' title='bbox 2339 880 2554 952; x_wconf 81' lang='lat' dir='ltr'><strong>quibus</strong></span> <span class='ocrx_word' id='word_1_245' title='bbox 2587 881 2962 936; x_wconf 91' lang='lat' dir='ltr'><strong>Lambertum</strong></span> <span class='ocrx_word' id='word_1_246' title='bbox 2993 881 3432 936; x_wconf 85' lang='lat' dir='ltr'><strong>Atrebatensem</strong></span> <span class='ocrx_word' id='word_1_247' title='bbox 3451 879 3713 952; x_wconf 79' lang='lat' dir='ltr'><strong>pontifex</strong></span> <span class='ocrx_word' id='word_1_248' title='bbox 3755 879 3827 934; x_wconf 90' lang='lat' dir='ltr'><strong>ad</strong></span> 
     </span>
    </p>
   </div>
   <div class='ocr_carea' id='block_1_40' title="bbox 2172 968 3825 1040">
    <p class='ocr_par' dir='ltr' id='par_1_40' title="bbox 2172 968 3825 1040">
     <span class='ocr_line' id='line_1_40' title="bbox 2172 968 3825 1040; baseline -0.001 -14"><span class='ocrx_word' id='word_1_249' title='bbox 2172 969 2280 1026; x_wconf 89' lang='lat' dir='ltr'><strong>hoc</strong></span> <span class='ocrx_word' id='word_1_250' title='bbox 2312 969 2624 1026; x_wconf 91' lang='lat' dir='ltr'><strong>concilium</strong></span> <span class='ocrx_word' id='word_1_251' title='bbox 2647 968 2928 1040; x_wconf 88' lang='lat' dir='ltr'><strong>invitavit,</strong></span> <span class='ocrx_word' id='word_1_252' title='bbox 2960 969 3162 1038; x_wconf 82' lang='lat' dir='ltr'><strong>Anicii,</strong></span> <span class='ocrx_word' id='word_1_253' title='bbox 3198 974 3264 1025; x_wconf 91' lang='lat' dir='ltr'><strong>ut</strong></span> <span class='ocrx_word' id='word_1_254' title='bbox 3293 985 3427 1024; x_wconf 90' lang='lat' dir='ltr'><strong>mox</strong></span> <span class='ocrx_word' id='word_1_255' title='bbox 3451 969 3825 1033; x_wconf 89' lang='lat' dir='ltr'><strong>dicebamus,</strong></span> 
     </span>
    </p>
   </div>
   <div class='ocr_carea' id='block_1_41' title="bbox 2173 1057 3827 1130">
    <p class='ocr_par' dir='ltr' id='par_1_41' title="bbox 2173 1057 3827 1130">
     <span class='ocr_line' id='line_1_41' title="bbox 2173 1057 3827 1130; baseline -0.001 -17"><span class='ocrx_word' id='word_1_256' title='bbox 2173 1058 2320 1114; x_wconf 65' lang='lat' dir='ltr'><strong>dates</strong></span> <span class='ocrx_word' id='word_1_257' title='bbox 2353 1061 2528 1124; x_wconf 88' lang='lat' dir='ltr'><strong>sunt;</strong></span> <span class='ocrx_word' id='word_1_258' title='bbox 2560 1061 2618 1114; x_wconf 89' lang='lat' dir='ltr'><strong>et</strong></span> <span class='ocrx_word' id='word_1_259' title='bbox 2649 1057 2958 1114; x_wconf 89' lang='lat' dir='ltr'><strong>Bertoldus</strong></span> <span class='ocrx_word' id='word_1_260' title='bbox 2990 1058 3060 1114; x_wconf 91' lang='lat' dir='ltr'><strong>de</strong></span> <span class='ocrx_word' id='word_1_261' title='bbox 3092 1057 3324 1115; x_wconf 87' lang='lat' dir='ltr'><strong>Urbano</strong></span> <span class='ocrx_word' id='word_1_262' title='bbox 3363 1057 3612 1130; x_wconf 89' lang='lat' dir='ltr'><strong>loquens</strong></span> <span class='ocrx_word' id='word_1_263' title='bbox 3668 1057 3827 1130; x_wconf 88' lang='lat' dir='ltr'><strong>apud</strong></span> 
     </span>
    </p>
   </div>
   <div class='ocr_carea' id='block_1_42' title="bbox 2174 1147 3829 1220">
    <p class='ocr_par' dir='ltr' id='par_1_42' title="bbox 2174 1147 3829 1220">
     <span class='ocr_line' id='line_1_42' title="bbox 2174 1147 3829 1220; baseline -0.002 -16"><span class='ocrx_word' id='word_1_264' title='bbox 2174 1148 2417 1204; x_wconf 90' lang='lat' dir='ltr'><strong>Podium</strong></span> <span class='ocrx_word' id='word_1_265' title='bbox 2431 1151 2720 1214; x_wconf 85' lang='lat' dir='ltr'><strong>versante,</strong></span> <span class='ocrx_word' id='word_1_266' title='bbox 2742 1147 3030 1219; x_wconf 82' lang='lat' dir='ltr'><strong>synodum,</strong></span> <span class='ocrx_word' id='word_1_267' title='bbox 3047 1147 3258 1220; x_wconf 88' lang='lat' dir='ltr'><strong>inquit,</strong></span> <span class='ocrx_word' id='word_1_268' title='bbox 3282 1147 3362 1202; x_wconf 80' lang='lat' dir='ltr'><strong>ad</strong></span> <span class='ocrx_word' id='word_1_269' title='bbox 3382 1147 3829 1202; x_wconf 81' lang='lat' dir='ltr'><strong>Montemclarum</strong></span> 
     </span>
    </p>
   </div>
   <div class='ocr_carea' id='block_1_43' title="bbox 2175 1237 3828 1310">
    <p class='ocr_par' dir='ltr' id='par_1_43' title="bbox 2175 1237 3828 1310">
     <span class='ocr_line' id='line_1_43' title="bbox 2175 1237 3828 1310; baseline -0.001 -16"><span class='ocrx_word' id='word_1_270' title='bbox 2175 1241 2235 1294; x_wconf 88' lang='lat' dir='ltr'><strong>in</strong></span> <span class='ocrx_word' id='word_1_271' title='bbox 2265 1245 2504 1294; x_wconf 86' lang='lat' dir='ltr'><strong>octavam</strong></span> <span class='ocrx_word' id='word_1_272' title='bbox 2533 1238 2720 1294; x_wconf 80' lang='lat' dir='ltr'><strong>Sancti</strong></span> <span class='ocrx_word' id='word_1_273' title='bbox 2747 1237 2973 1292; x_wconf 79' lang='lat' dir='ltr'><strong>Martini</strong></span> <span class='ocrx_word' id='word_1_274' title='bbox 3000 1237 3294 1310; x_wconf 87' lang='lat' dir='ltr'><strong>apostolica</strong></span> <span class='ocrx_word' id='word_1_275' title='bbox 3316 1238 3643 1292; x_wconf 73' lang='lat' dir='ltr'><strong>auctoritate</strong></span> <span class='ocrx_word' id='word_1_276' title='bbox 3695 1251 3828 1292; x_wconf 85' lang='lat' dir='ltr'><strong>con-</strong></span> 
     </span>
    </p>
   </div>
   <div class='ocr_carea' id='block_1_44' title="bbox 2176 1326 3827 1398">
    <p class='ocr_par' dir='ltr' id='par_1_44' title="bbox 2176 1326 3827 1398">
     <span class='ocr_line' id='line_1_44' title="bbox 2176 1326 3827 1398; baseline -0.001 -16"><span class='ocrx_word' id='word_1_277' title='bbox 2176 1327 2338 1394; x_wconf 76' lang='lat' dir='ltr'><strong>dixit,</strong></span> <span class='ocrx_word' id='word_1_278' title='bbox 2370 1326 2440 1382; x_wconf 86' lang='lat' dir='ltr'><strong>ad</strong></span> <span class='ocrx_word' id='word_1_279' title='bbox 2469 1343 2633 1398; x_wconf 89' lang='lat' dir='ltr'><strong>quam</strong></span> <span class='ocrx_word' id='word_1_280' title='bbox 2670 1326 3017 1381; x_wconf 86' lang='lat' dir='ltr'><strong>diversarum</strong></span> <span class='ocrx_word' id='word_1_281' title='bbox 3061 1327 3479 1398; x_wconf 83' lang='lat' dir='ltr'><strong>provinciarum</strong></span> <span class='ocrx_word' id='word_1_282' title='bbox 3532 1326 3827 1397; x_wconf 75' lang='lat' dir='ltr'><strong>episcopos,</strong></span> 
     </span>
    </p>
   </div>
   <div class='ocr_carea' id='block_1_45' title="bbox 2177 1412 3829 1483">
    <p class='ocr_par' dir='ltr' id='par_1_45' title="bbox 2177 1412 3829 1483">
     <span class='ocr_line' id='line_1_45' title="bbox 2177 1412 3829 1483; baseline -0.001 -13"><span class='ocrx_word' id='word_1_283' title='bbox 2177 1418 2358 1470; x_wconf 86' lang='lat' dir='ltr'><strong>missis</strong></span> <span class='ocrx_word' id='word_1_284' title='bbox 2383 1416 2604 1483; x_wconf 83' lang='lat' dir='ltr'><strong>litteris,</strong></span> <span class='ocrx_word' id='word_1_285' title='bbox 2636 1415 2902 1470; x_wconf 88' lang='lat' dir='ltr'><strong>canonica</strong></span> <span class='ocrx_word' id='word_1_286' title='bbox 2931 1416 3207 1469; x_wconf 86' lang='lat' dir='ltr'><strong>vocatione</strong></span> <span class='ocrx_word' id='word_1_287' title='bbox 3237 1415 3509 1468; x_wconf 79' lang='lat' dir='ltr'><strong>inritavit.</strong></span> <span class='ocrx_word' id='word_1_288' title='bbox 3537 1412 3829 1470; x_wconf 83' lang='lat' dir='ltr'><strong>Haslitte-</strong></span> 
     </span>
    </p>
   </div>
   <div class='ocr_carea' id='block_1_46' title="bbox 2177 1501 3818 1575">
    <p class='ocr_par' dir='ltr' id='par_1_46' title="bbox 2177 1501 3818 1575">
     <span class='ocr_line' id='line_1_46' title="bbox 2177 1501 3818 1575; baseline -0.002 -16"><span class='ocrx_word' id='word_1_289' title='bbox 2177 1521 2274 1560; x_wconf 88' lang='lat' dir='ltr'><strong>ras</strong></span> <span class='ocrx_word' id='word_1_290' title='bbox 2299 1504 2368 1558; x_wconf 91' lang='lat' dir='ltr'><strong>ad</strong></span> <span class='ocrx_word' id='word_1_291' title='bbox 2404 1503 2884 1575; x_wconf 86' lang='lat' dir='ltr'><strong>metropolitanos</strong></span> <span class='ocrx_word' id='word_1_292' title='bbox 2916 1503 3164 1574; x_wconf 89' lang='lat' dir='ltr'><strong>scriptas</strong></span> <span class='ocrx_word' id='word_1_293' title='bbox 3195 1502 3398 1570; x_wconf 90' lang='lat' dir='ltr'><strong>fuisse,</strong></span> <span class='ocrx_word' id='word_1_294' title='bbox 3438 1507 3504 1557; x_wconf 90' lang='lat' dir='ltr'><strong>ut</strong></span> <span class='ocrx_word' id='word_1_295' title='bbox 3528 1501 3641 1574; x_wconf 88' lang='lat' dir='ltr'><strong>ipsi</strong></span> <span class='ocrx_word' id='word_1_296' title='bbox 3699 1518 3818 1557; x_wconf 91' lang='lat' dir='ltr'><strong>non</strong></span> 
     </span>
    </p>
   </div>
   <div class='ocr_carea' id='block_1_47' title="bbox 2177 1590 3826 1663">
    <p class='ocr_par' dir='ltr' id='par_1_47' title="bbox 2177 1590 3826 1663">
     <span class='ocr_line' id='line_1_47' title="bbox 2177 1590 3826 1663; baseline -0.001 -15"><span class='ocrx_word' id='word_1_297' title='bbox 2177 1593 2366 1648; x_wconf 91' lang='lat' dir='ltr'><strong>solum</strong></span> <span class='ocrx_word' id='word_1_298' title='bbox 2401 1591 2801 1662; x_wconf 71' lang='lat' dir='ltr'><strong>sulfraganeos</strong></span> <span class='ocrx_word' id='word_1_299' title='bbox 2824 1608 2963 1648; x_wconf 90' lang='lat' dir='ltr'><strong>suos</strong></span> <span class='ocrx_word' id='word_1_300' title='bbox 2985 1591 3290 1663; x_wconf 90' lang='lat' dir='ltr'><strong>episcopos</strong></span> <span class='ocrx_word' id='word_1_301' title='bbox 3310 1596 3412 1646; x_wconf 84' lang='lat' dir='ltr'><strong>aut</strong></span> <span class='ocrx_word' id='word_1_302' title='bbox 3436 1590 3697 1659; x_wconf 87' lang='lat' dir='ltr'><strong>abbates,</strong></span> <span class='ocrx_word' id='word_1_303' title='bbox 3721 1591 3826 1646; x_wconf 85' lang='lat' dir='ltr'><strong>sed</strong></span> 
     </span>
    </p>
   </div>
   <div class='ocr_carea' id='block_1_48' title="bbox 2178 1678 3831 1752">
    <p class='ocr_par' dir='ltr' id='par_1_48' title="bbox 2178 1678 3831 1752">
     <span class='ocr_line' id='line_1_48' title="bbox 2178 1678 3831 1752; baseline -0.002 -14"><span class='ocrx_word' id='word_1_304' title='bbox 2178 1681 2350 1738; x_wconf 89' lang='lat' dir='ltr'><strong>etiam</strong></span> <span class='ocrx_word' id='word_1_305' title='bbox 2371 1679 2516 1736; x_wconf 88' lang='lat' dir='ltr'><strong>alios</strong></span> <span class='ocrx_word' id='word_1_306' title='bbox 2536 1678 2930 1736; x_wconf 84' lang='lat' dir='ltr'><strong>Ecclesiarum</strong></span> <span class='ocrx_word' id='word_1_307' title='bbox 2944 1680 3306 1752; x_wconf 66' lang='lat' dir='ltr'><strong>praepositos,</strong></span> <span class='ocrx_word' id='word_1_308' title='bbox 3320 1679 3440 1734; x_wconf 92' lang='lat' dir='ltr'><strong>imo</strong></span> <span class='ocrx_word' id='word_1_309' title='bbox 3452 1682 3510 1736; x_wconf 89' lang='lat' dir='ltr'><strong>et</strong></span> <span class='ocrx_word' id='word_1_310' title='bbox 3519 1679 3831 1736; x_wconf 61' lang='lat' dir='ltr'><strong>saeculares</strong></span> 
     </span>
    </p>
   </div>
   <div class='ocr_carea' id='block_1_49' title="bbox 2179 1767 3831 1843">
    <p class='ocr_par' dir='ltr' id='par_1_49' title="bbox 2179 1767 3831 1843">
     <span class='ocr_line' id='line_1_49' title="bbox 2179 1767 3831 1843; baseline -0.001 -18"><span class='ocrx_word' id='word_1_311' title='bbox 2179 1767 2472 1843; x_wconf 88' lang='lat' dir='ltr'><strong>principes</strong></span> <span class='ocrx_word' id='word_1_312' title='bbox 2495 1769 2566 1824; x_wconf 90' lang='lat' dir='ltr'><strong>ad</strong></span> <span class='ocrx_word' id='word_1_313' title='bbox 2597 1767 2910 1824; x_wconf 89' lang='lat' dir='ltr'><strong>concilium</strong></span> <span class='ocrx_word' id='word_1_314' title='bbox 2941 1768 3232 1840; x_wconf 85' lang='lat' dir='ltr'><strong>pontificis</strong></span> <span class='ocrx_word' id='word_1_315' title='bbox 3278 1769 3515 1824; x_wconf 90' lang='lat' dir='ltr'><strong>nomine</strong></span> <span class='ocrx_word' id='word_1_316' title='bbox 3553 1785 3831 1824; x_wconf 88' lang='lat' dir='ltr'><strong>convoca-</strong></span> 
     </span>
    </p>
   </div>
   <div class='ocr_carea' id='block_1_50' title="bbox 2178 1856 3830 1930">
    <p class='ocr_par' dir='ltr' id='par_1_50' title="bbox 2178 1856 3830 1930">
     <span class='ocr_line' id='line_1_50' title="bbox 2178 1856 3830 1930; baseline -0.001 -17"><span class='ocrx_word' id='word_1_317' title='bbox 2178 1861 2328 1925; x_wconf 87' lang='lat' dir='ltr'><strong>rent,</strong></span> <span class='ocrx_word' id='word_1_318' title='bbox 2363 1856 2648 1912; x_wconf 90' lang='lat' dir='ltr'><strong>discimus</strong></span> <span class='ocrx_word' id='word_1_319' title='bbox 2678 1874 2747 1914; x_wconf 83' lang='lat' dir='ltr'><strong>ex</strong></span> <span class='ocrx_word' id='word_1_320' title='bbox 2784 1857 3030 1930; x_wconf 84' lang='lat' dir='ltr'><strong>epistola</strong></span> <span class='ocrx_word' id='word_1_321' title='bbox 3067 1856 3351 1930; x_wconf 82' lang='lat' dir='ltr'><strong>Raynoldi</strong></span> <span class='ocrx_word' id='word_1_322' title='bbox 3401 1857 3830 1930; x_wconf 87' lang='lat' dir='ltr'><strong>archiepiscopi</strong></span> 
     </span>
    </p>
   </div>
   <div class='ocr_carea' id='block_1_51' title="bbox 2178 1945 3834 2003">
    <p class='ocr_par' dir='ltr' id='par_1_51' title="bbox 2178 1945 3834 2003">
     <span class='ocr_line' id='line_1_51' title="bbox 2178 1945 3834 2003; baseline 0.001 -1"><span class='ocrx_word' id='word_1_323' title='bbox 2178 1946 2483 2003; x_wconf 83' lang='lat' dir='ltr'><strong>Remensis</strong></span> <span class='ocrx_word' id='word_1_324' title='bbox 2510 1947 2582 2001; x_wconf 88' lang='lat' dir='ltr'><strong>ad</strong></span> <span class='ocrx_word' id='word_1_325' title='bbox 2625 1945 3001 2002; x_wconf 87' lang='lat' dir='ltr'><strong>Lambertum</strong></span> <span class='ocrx_word' id='word_1_326' title='bbox 3055 1945 3494 2002; x_wconf 86' lang='lat' dir='ltr'><strong>Atrebatensem</strong></span> <span class='ocrx_word' id='word_1_327' title='bbox 3542 1962 3612 2002; x_wconf 90' lang='lat' dir='ltr'><strong>ea</strong></span> <span class='ocrx_word' id='word_1_328' title='bbox 3660 1961 3834 2003; x_wconf 89' lang='lat' dir='ltr'><strong>occa-</strong></span> 
     </span>
    </p>
   </div>
   <div class='ocr_carea' id='block_1_52' title="bbox 2177 2034 3832 2107">
    <p class='ocr_par' dir='ltr' id='par_1_52' title="bbox 2177 2034 3832 2107">
     <span class='ocr_line' id='line_1_52' title="bbox 2177 2034 3832 2107; baseline 0.001 -16"><span class='ocrx_word' id='word_1_329' title='bbox 2177 2035 2341 2092; x_wconf 89' lang='lat' dir='ltr'><strong>sione</strong></span> <span class='ocrx_word' id='word_1_330' title='bbox 2367 2035 2522 2091; x_wconf 91' lang='lat' dir='ltr'><strong>data.</strong></span> <span class='ocrx_word' id='word_1_331' title='bbox 2561 2035 2630 2090; x_wconf 91' lang='lat' dir='ltr'><strong>Et</strong></span> <span class='ocrx_word' id='word_1_332' title='bbox 2659 2034 2896 2106; x_wconf 89' lang='lat' dir='ltr'><strong>quidem</strong></span> <span class='ocrx_word' id='word_1_333' title='bbox 2928 2051 3114 2107; x_wconf 66' lang='lat' dir='ltr'><strong>operae</strong></span> <span class='ocrx_word' id='word_1_334' title='bbox 3135 2035 3388 2107; x_wconf 89' lang='lat' dir='ltr'><strong>pretium</strong></span> <span class='ocrx_word' id='word_1_335' title='bbox 3411 2039 3536 2091; x_wconf 90' lang='lat' dir='ltr'><strong>erat</strong></span> <span class='ocrx_word' id='word_1_336' title='bbox 3557 2038 3626 2091; x_wconf 91' lang='lat' dir='ltr'><strong>ut</strong></span> <span class='ocrx_word' id='word_1_337' title='bbox 3649 2034 3832 2092; x_wconf 86' lang='lat' dir='ltr'><strong>etiam</strong></span> 
     </span>
    </p>
   </div>
   <div class='ocr_carea' id='block_1_53' title="bbox 2177 2121 3837 2197">
    <p class='ocr_par' dir='ltr' id='par_1_53' title="bbox 2177 2121 3837 2197">
     <span class='ocr_line' id='line_1_53' title="bbox 2177 2121 3837 2197; baseline 0.001 -19"><span class='ocrx_word' id='word_1_338' title='bbox 2177 2123 2472 2197; x_wconf 88' lang='lat' dir='ltr'><strong>principes</strong></span> <span class='ocrx_word' id='word_1_339' title='bbox 2497 2124 2568 2179; x_wconf 89' lang='lat' dir='ltr'><strong>ad</strong></span> <span class='ocrx_word' id='word_1_340' title='bbox 2603 2122 2916 2179; x_wconf 90' lang='lat' dir='ltr'><strong>concilium</strong></span> <span class='ocrx_word' id='word_1_341' title='bbox 2944 2123 3228 2190; x_wconf 87' lang='lat' dir='ltr'><strong>venirent,</strong></span> <span class='ocrx_word' id='word_1_342' title='bbox 3261 2139 3396 2178; x_wconf 92' lang='lat' dir='ltr'><strong>cum</strong></span> <span class='ocrx_word' id='word_1_343' title='bbox 3427 2123 3501 2179; x_wconf 92' lang='lat' dir='ltr'><strong>ob</strong></span> <span class='ocrx_word' id='word_1_344' title='bbox 3531 2121 3590 2178; x_wconf 88' lang='lat' dir='ltr'><strong>id</strong></span> <span class='ocrx_word' id='word_1_345' title='bbox 3647 2123 3837 2196; x_wconf 83' lang='lat' dir='ltr'><strong>potis-</strong></span> 
     </span>
    </p>
   </div>
   <div class='ocr_carea' id='block_1_54' title="bbox 2177 2211 3836 2286">
    <p class='ocr_par' dir='ltr' id='par_1_54' title="bbox 2177 2211 3836 2286">
     <span class='ocr_line' id='line_1_54' title="bbox 2177 2211 3836 2286; baseline -0.001 -17"><span class='ocrx_word' id='word_1_346' title='bbox 2177 2213 2397 2269; x_wconf 91' lang='lat' dir='ltr'><strong>simum</strong></span> <span class='ocrx_word' id='word_1_347' title='bbox 2429 2211 2706 2268; x_wconf 90' lang='lat' dir='ltr'><strong>celebrari</strong></span> <span class='ocrx_word' id='word_1_348' title='bbox 2739 2213 2975 2268; x_wconf 90' lang='lat' dir='ltr'><strong>deberet</strong></span> <span class='ocrx_word' id='word_1_349' title='bbox 3003 2216 3069 2268; x_wconf 89' lang='lat' dir='ltr'><strong>ut</strong></span> <span class='ocrx_word' id='word_1_350' title='bbox 3126 2212 3418 2286; x_wconf 87' lang='lat' dir='ltr'><strong>expeditio</strong></span> <span class='ocrx_word' id='word_1_351' title='bbox 3449 2211 3659 2268; x_wconf 81' lang='lat' dir='ltr'><strong>bellica</strong></span> <span class='ocrx_word' id='word_1_352' title='bbox 3719 2213 3836 2268; x_wconf 88' lang='lat' dir='ltr'><strong>ad-</strong></span> 
     </span>
    </p>
   </div>
   <div class='ocr_carea' id='block_1_55' title="bbox 2175 2301 3838 2374">
    <p class='ocr_par' dir='ltr' id='par_1_55' title="bbox 2175 2301 3838 2374">
     <span class='ocr_line' id='line_1_55' title="bbox 2175 2301 3838 2374; baseline 0 -16"><span class='ocrx_word' id='word_1_353' title='bbox 2175 2319 2379 2359; x_wconf 85' lang='lat' dir='ltr'><strong>versus</strong></span> <span class='ocrx_word' id='word_1_354' title='bbox 2408 2301 2674 2358; x_wconf 83' lang='lat' dir='ltr'><strong>infideles</strong></span> <span class='ocrx_word' id='word_1_355' title='bbox 2703 2302 3133 2368; x_wconf 90' lang='lat' dir='ltr'><strong>decerneretur,</strong></span> <span class='ocrx_word' id='word_1_356' title='bbox 3157 2318 3286 2374; x_wconf 71' lang='lat' dir='ltr'><strong>quae</strong></span> <span class='ocrx_word' id='word_1_357' title='bbox 3303 2318 3402 2358; x_wconf 92' lang='lat' dir='ltr'><strong>eos</strong></span> <span class='ocrx_word' id='word_1_358' title='bbox 3433 2301 3686 2358; x_wconf 86' lang='lat' dir='ltr'><strong>maxime</strong></span> <span class='ocrx_word' id='word_1_359' title='bbox 3702 2318 3838 2374; x_wconf 86' lang='lat' dir='ltr'><strong>spe-</strong></span> 
     </span>
    </p>
   </div>
   <div class='ocr_carea' id='block_1_56' title="bbox 2177 2388 3834 2463">
    <p class='ocr_par' dir='ltr' id='par_1_56' title="bbox 2177 2388 3834 2463">
     <span class='ocr_line' id='line_1_56' title="bbox 2177 2388 3834 2463; baseline -0.001 -15"><span class='ocrx_word' id='word_1_360' title='bbox 2177 2392 2392 2448; x_wconf 89' lang='lat' dir='ltr'><strong>ctabat.</strong></span> <span class='ocrx_word' id='word_1_361' title='bbox 2415 2391 2546 2446; x_wconf 71' lang='lat' dir='ltr'><strong>Haec</strong></span> <span class='ocrx_word' id='word_1_362' title='bbox 2577 2389 2859 2463; x_wconf 83' lang='lat' dir='ltr'><strong>Raynoldi</strong></span> <span class='ocrx_word' id='word_1_363' title='bbox 2881 2389 3314 2462; x_wconf 87' lang='lat' dir='ltr'><strong>metropolitani</strong></span> <span class='ocrx_word' id='word_1_364' title='bbox 3353 2388 3620 2463; x_wconf 88' lang='lat' dir='ltr'><strong>epistola,</strong></span> <span class='ocrx_word' id='word_1_365' title='bbox 3668 2391 3834 2462; x_wconf 89' lang='lat' dir='ltr'><strong>quod</strong></span> 
     </span>
    </p>
   </div>
   <div class='ocr_carea' id='block_1_57' title="bbox 2177 2478 3836 2554">
    <p class='ocr_par' dir='ltr' id='par_1_57' title="bbox 2177 2478 3836 2554">
     <span class='ocr_line' id='line_1_57' title="bbox 2177 2478 3836 2554; baseline -0.002 -17"><span class='ocrx_word' id='word_1_366' title='bbox 2177 2479 2471 2554; x_wconf 81' lang='lat' dir='ltr'><strong>encyclica</strong></span> <span class='ocrx_word' id='word_1_367' title='bbox 2491 2479 2706 2535; x_wconf 91' lang='lat' dir='ltr'><strong>Urbani</strong></span> <span class='ocrx_word' id='word_1_368' title='bbox 2740 2478 2995 2552; x_wconf 89' lang='lat' dir='ltr'><strong>perierit,</strong></span> <span class='ocrx_word' id='word_1_369' title='bbox 3028 2478 3265 2535; x_wconf 88' lang='lat' dir='ltr'><strong>dabitur</strong></span> <span class='ocrx_word' id='word_1_370' title='bbox 3295 2479 3447 2536; x_wconf 91' lang='lat' dir='ltr'><strong>inter</strong></span> <span class='ocrx_word' id='word_1_371' title='bbox 3473 2480 3604 2551; x_wconf 89' lang='lat' dir='ltr'><strong>ejus</strong></span> <span class='ocrx_word' id='word_1_372' title='bbox 3633 2479 3836 2551; x_wconf 87' lang='lat' dir='ltr'><strong>ponti-</strong></span> 
     </span>
    </p>
   </div>
   <div class='ocr_carea' id='block_1_58' title="bbox 2178 2563 3836 2640">
    <p class='ocr_par' dir='ltr' id='par_1_58' title="bbox 2178 2563 3836 2640">
     <span class='ocr_line' id='line_1_58' title="bbox 2178 2563 3836 2640; baseline -0.001 -15"><span class='ocrx_word' id='word_1_373' title='bbox 2178 2570 2304 2625; x_wconf 81' lang='lat' dir='ltr'><strong>ficis</strong></span> <span class='ocrx_word' id='word_1_374' title='bbox 2334 2568 2578 2634; x_wconf 89' lang='lat' dir='ltr'><strong>litteras,</strong></span> <span class='ocrx_word' id='word_1_375' title='bbox 2612 2584 2789 2640; x_wconf 89' lang='lat' dir='ltr'><strong>quam</strong></span> <span class='ocrx_word' id='word_1_376' title='bbox 2820 2571 3102 2640; x_wconf 84' lang='lat' dir='ltr'><strong>sequetur</strong></span> <span class='ocrx_word' id='word_1_377' title='bbox 3139 2566 3324 2624; x_wconf 89' lang='lat' dir='ltr'><strong>altera</strong></span> <span class='ocrx_word' id='word_1_378' title='bbox 3347 2563 3498 2639; x_wconf 55' lang='lat' dir='ltr'><strong>&#39;jam</strong></span> <span class='ocrx_word' id='word_1_379' title='bbox 3555 2567 3836 2640; x_wconf 88' lang='lat' dir='ltr'><strong>superius</strong></span> 
     </span>
    </p>
   </div>
   <div class='ocr_carea' id='block_1_59' title="bbox 2177 2654 3836 2729">
    <p class='ocr_par' dir='ltr' id='par_1_59' title="bbox 2177 2654 3836 2729">
     <span class='ocr_line' id='line_1_59' title="bbox 2177 2654 3836 2729; baseline -0.001 -15"><span class='ocrx_word' id='word_1_380' title='bbox 2177 2657 2436 2728; x_wconf 88' lang='lat' dir='ltr'><strong>laudata,</strong></span> <span class='ocrx_word' id='word_1_381' title='bbox 2469 2672 2647 2729; x_wconf 90' lang='lat' dir='ltr'><strong>quam</strong></span> <span class='ocrx_word' id='word_1_382' title='bbox 2676 2657 2932 2729; x_wconf 82' lang='lat' dir='ltr'><strong>pontifex</strong></span> <span class='ocrx_word' id='word_1_383' title='bbox 2962 2655 3033 2712; x_wconf 91' lang='lat' dir='ltr'><strong>ad</strong></span> <span class='ocrx_word' id='word_1_384' title='bbox 3057 2656 3435 2713; x_wconf 89' lang='lat' dir='ltr'><strong>Lambertum</strong></span> <span class='ocrx_word' id='word_1_385' title='bbox 3465 2654 3726 2729; x_wconf 88' lang='lat' dir='ltr'><strong>scripsit,</strong></span> <span class='ocrx_word' id='word_1_386' title='bbox 3764 2661 3836 2712; x_wconf 87' lang='lat' dir='ltr'><strong>ut</strong></span> 
     </span>
    </p>
   </div>
   <div class='ocr_carea' id='block_1_60' title="bbox 2179 2744 3836 2820">
    <p class='ocr_par' dir='ltr' id='par_1_60' title="bbox 2179 2744 3836 2820">
     <span class='ocr_line' id='line_1_60' title="bbox 2179 2744 3836 2820; baseline 0 -18"><span class='ocrx_word' id='word_1_387' title='bbox 2179 2750 2420 2820; x_wconf 87' lang='lat' dir='ltr'><strong>paratus</strong></span> <span class='ocrx_word' id='word_1_388' title='bbox 2450 2746 2528 2802; x_wconf 91' lang='lat' dir='ltr'><strong>sit</strong></span> <span class='ocrx_word' id='word_1_389' title='bbox 2551 2744 2818 2801; x_wconf 82' lang='lat' dir='ltr'><strong>Ecclesiae</strong></span> <span class='ocrx_word' id='word_1_390' title='bbox 2849 2763 2969 2802; x_wconf 70' lang='lat' dir='ltr'><strong>suae</strong></span> <span class='ocrx_word' id='word_1_391' title='bbox 2991 2761 3227 2802; x_wconf 88' lang='lat' dir='ltr'><strong>causam</strong></span> <span class='ocrx_word' id='word_1_392' title='bbox 3251 2745 3532 2802; x_wconf 86' lang='lat' dir='ltr'><strong>adversus</strong></span> <span class='ocrx_word' id='word_1_393' title='bbox 3561 2745 3836 2802; x_wconf 87' lang='lat' dir='ltr'><strong>Camera-</strong></span> 
     </span>
    </p>
   </div>
   <div class='ocr_carea' id='block_1_61' title="bbox 2179 2833 3540 2907">
    <p class='ocr_par' dir='ltr' id='par_1_61' title="bbox 2179 2833 3540 2907">
     <span class='ocr_line' id='line_1_61' title="bbox 2179 2833 3540 2907; baseline -0.002 -15"><span class='ocrx_word' id='word_1_394' title='bbox 2179 2851 2382 2892; x_wconf 88' lang='lat' dir='ltr'><strong>censes</strong></span> <span class='ocrx_word' id='word_1_395' title='bbox 2404 2834 2466 2890; x_wconf 91' lang='lat' dir='ltr'><strong>in</strong></span> <span class='ocrx_word' id='word_1_396' title='bbox 2496 2833 2743 2890; x_wconf 85' lang='lat' dir='ltr'><strong>concilio</strong></span> <span class='ocrx_word' id='word_1_397' title='bbox 2773 2851 2909 2890; x_wconf 87' lang='lat' dir='ltr'><strong>mox</strong></span> <span class='ocrx_word' id='word_1_398' title='bbox 2937 2833 3132 2890; x_wconf 78' lang='lat' dir='ltr'><strong>futuro</strong></span> <span class='ocrx_word' id='word_1_399' title='bbox 3150 2849 3540 2907; x_wconf 80' lang='lat' dir='ltr'><strong>propugnare.</strong></span> 
     </span>
    </p>
   </div>
   <div class='ocr_carea' id='block_1_62' title="bbox 2177 2940 3836 3010">
    <p class='ocr_par' dir='ltr' id='par_1_62' title="bbox 2177 2940 3836 3010">
     <span class='ocr_line' id='line_1_62' title="bbox 2177 2940 3836 3010; baseline 0 -14"><span class='ocrx_word' id='word_1_400' title='bbox 2177 2941 2354 2997; x_wconf 85' lang='lat' dir='ltr'><strong>CXCI.</strong></span> <span class='ocrx_word' id='word_1_401' title='bbox 2411 2940 2602 2996; x_wconf 83' lang='lat' dir='ltr'><strong>Varias</strong></span> <span class='ocrx_word' id='word_1_402' title='bbox 2665 2940 2913 3010; x_wconf 86' lang='lat' dir='ltr'><strong>regiones</strong></span> <span class='ocrx_word' id='word_1_403' title='bbox 2967 2943 3223 3010; x_wconf 84' lang='lat' dir='ltr'><strong>peragrat</strong></span> <span class='ocrx_word' id='word_1_404' title='bbox 3273 2941 3544 2996; x_wconf 87' lang='lat' dir='ltr'><strong>Urbanus.</strong></span> <span class='ocrx_word' id='word_1_405' title='bbox 3620 2941 3836 2996; x_wconf 80' lang='lat' dir='ltr'><strong>Festive</strong></span> 
     </span>
    </p>
   </div>
   <div class='ocr_carea' id='block_1_63' title="bbox 2739 3011 3262 3082">
    <p class='ocr_par' dir='ltr' id='par_1_63' title="bbox 2739 3011 3262 3082">
     <span class='ocr_line' id='line_1_63' title="bbox 2739 3011 3262 3082; baseline 0 -16"><span class='ocrx_word' id='word_1_406' title='bbox 2739 3011 2938 3081; x_wconf 85' lang='lat' dir='ltr'><strong>ubique</strong></span> <span class='ocrx_word' id='word_1_407' title='bbox 2965 3013 3262 3082; x_wconf 84' lang='lat' dir='ltr'><strong>susceptus.</strong></span> 
     </span>
    </p>
   </div>
   <div class='ocr_carea' id='block_1_64' title="bbox 2248 3098 3835 3172">
    <p class='ocr_par' dir='ltr' id='par_1_64' title="bbox 2248 3098 3835 3172">
     <span class='ocr_line' id='line_1_64' title="bbox 2248 3098 3835 3172; baseline 0.001 -18"><span class='ocrx_word' id='word_1_408' title='bbox 2248 3099 2395 3154; x_wconf 91' lang='lat' dir='ltr'><strong>Cum</strong></span> <span class='ocrx_word' id='word_1_409' title='bbox 2409 3099 2607 3171; x_wconf 83' lang='lat' dir='ltr'><strong>itaque</strong></span> <span class='ocrx_word' id='word_1_410' title='bbox 2619 3099 2876 3171; x_wconf 81' lang='lat' dir='ltr'><strong>pontifex</strong></span> <span class='ocrx_word' id='word_1_411' title='bbox 2888 3115 2980 3156; x_wconf 87' lang='lat' dir='ltr'><strong>res</strong></span> <span class='ocrx_word' id='word_1_412' title='bbox 3001 3115 3118 3155; x_wconf 89' lang='lat' dir='ltr'><strong>non</strong></span> <span class='ocrx_word' id='word_1_413' title='bbox 3143 3099 3223 3155; x_wconf 87' lang='lat' dir='ltr'><strong>ita</strong></span> <span class='ocrx_word' id='word_1_414' title='bbox 3243 3098 3560 3172; x_wconf 88' lang='lat' dir='ltr'><strong>dispositas</strong></span> <span class='ocrx_word' id='word_1_415' title='bbox 3578 3100 3835 3157; x_wconf 88' lang='lat' dir='ltr'><strong>invenis-</strong></span> 
     </span>
    </p>
   </div>
   <div class='ocr_carea' id='block_1_65' title="bbox 2179 3186 3830 3260">
    <p class='ocr_par' dir='ltr' id='par_1_65' title="bbox 2179 3186 3830 3260">
     <span class='ocr_line' id='line_1_65' title="bbox 2179 3186 3830 3260; baseline 0 -16"><span class='ocrx_word' id='word_1_416' title='bbox 2179 3191 2269 3245; x_wconf 89' lang='lat' dir='ltr'><strong>set</strong></span> <span class='ocrx_word' id='word_1_417' title='bbox 2300 3191 2364 3243; x_wconf 87' lang='lat' dir='ltr'><strong>ut</strong></span> <span class='ocrx_word' id='word_1_418' title='bbox 2392 3186 2704 3244; x_wconf 87' lang='lat' dir='ltr'><strong>concilium</strong></span> <span class='ocrx_word' id='word_1_419' title='bbox 2736 3187 2924 3260; x_wconf 89' lang='lat' dir='ltr'><strong>possit</strong></span> <span class='ocrx_word' id='word_1_420' title='bbox 2951 3187 3105 3244; x_wconf 88' lang='lat' dir='ltr'><strong>intra</strong></span> <span class='ocrx_word' id='word_1_421' title='bbox 3134 3204 3351 3260; x_wconf 88' lang='lat' dir='ltr'><strong>paucos</strong></span> <span class='ocrx_word' id='word_1_422' title='bbox 3369 3187 3494 3244; x_wconf 89' lang='lat' dir='ltr'><strong>dies</strong></span> <span class='ocrx_word' id='word_1_423' title='bbox 3521 3186 3830 3255; x_wconf 85' lang='lat' dir='ltr'><strong>celebrari,</strong></span> 
     </span>
    </p>
   </div>
   <div class='ocr_carea' id='block_1_66' title="bbox 414 3258 3830 3349">
    <p class='ocr_par' dir='ltr' id='par_1_66' title="bbox 414 3258 3830 3349">
     <span class='ocr_line' id='line_1_66' title="bbox 414 3258 3830 3349; baseline -0 -16"><span class='ocrx_word' id='word_1_424' title='bbox 414 3258 800 3333; x_wconf 74' lang='lat' dir='ltr'><strong>dedicandam</strong></span> <span class='ocrx_word' id='word_1_425' title='bbox 823 3276 1105 3348; x_wconf 72' lang='lat' dir='ltr'><strong>majorem</strong></span> <span class='ocrx_word' id='word_1_426' title='bbox 1122 3277 1252 3348; x_wconf 87' lang='lat' dir='ltr'><strong>ejus</strong></span> <span class='ocrx_word' id='word_1_427' title='bbox 1266 3258 1426 3332; x_wconf 87' lang='lat' dir='ltr'><strong>urbis</strong></span> <span class='ocrx_word' id='word_1_428' title='bbox 1438 3274 1745 3331; x_wconf 88' lang='lat' dir='ltr'><strong>ecclesiam</strong></span> <span class='ocrx_word' id='word_1_429' title='bbox 1770 3275 2069 3331; x_wconf 90' lang='lat' dir='ltr'><strong>accedenti</strong></span> <span class='ocrx_word' id='word_1_430' title='bbox 2099 3258 2142 3326; x_wconf 84' lang='lat' dir='ltr'><strong>C</strong></span> <span class='ocrx_word' id='word_1_431' title='bbox 2180 3276 2370 3333; x_wconf 90' lang='lat' dir='ltr'><strong>varias</strong></span> <span class='ocrx_word' id='word_1_432' title='bbox 2399 3277 2573 3332; x_wconf 89' lang='lat' dir='ltr'><strong>urbes</strong></span> <span class='ocrx_word' id='word_1_433' title='bbox 2585 3293 2650 3332; x_wconf 90' lang='lat' dir='ltr'><strong>ac</strong></span> <span class='ocrx_word' id='word_1_434' title='bbox 2663 3258 2994 3349; x_wconf 81' lang='lat' dir='ltr'><strong>provincias</strong></span> <span class='ocrx_word' id='word_1_435' title='bbox 3011 3258 3307 3332; x_wconf 79' lang='lat' dir='ltr'><strong>interdum</strong></span> <span class='ocrx_word' id='word_1_436' title='bbox 3335 3276 3588 3334; x_wconf 88' lang='lat' dir='ltr'><strong>invisere</strong></span> <span class='ocrx_word' id='word_1_437' title='bbox 3609 3279 3830 3335; x_wconf 84' lang='lat' dir='ltr'><strong>consti-</strong></span> 
     </span>
    </p>
   </div>
   <div class='ocr_carea' id='block_1_67' title="bbox 414 3363 2066 3437">
    <p class='ocr_par' dir='ltr' id='par_1_67' title="bbox 414 3363 2066 3437">
     <span class='ocr_line' id='line_1_67' title="bbox 414 3363 2066 3437; baseline -0.002 -15"><span class='ocrx_word' id='word_1_438' title='bbox 414 3364 758 3435; x_wconf 85' lang='lat' dir='ltr'><strong>occurrisse,</strong></span> <span class='ocrx_word' id='word_1_439' title='bbox 791 3363 988 3437; x_wconf 88' lang='lat' dir='ltr'><strong>ibique</strong></span> <span class='ocrx_word' id='word_1_440' title='bbox 1017 3365 1352 3437; x_wconf 79' lang='lat' dir='ltr'><strong>pontificem</strong></span> <span class='ocrx_word' id='word_1_441' title='bbox 1385 3365 1438 3421; x_wconf 92' lang='lat' dir='ltr'><strong>ei</strong></span> <span class='ocrx_word' id='word_1_442' title='bbox 1477 3365 1633 3421; x_wconf 93' lang='lat' dir='ltr'><strong>diem</strong></span> <span class='ocrx_word' id='word_1_443' title='bbox 1663 3363 1880 3419; x_wconf 90' lang='lat' dir='ltr'><strong>dixisse</strong></span> <span class='ocrx_word' id='word_1_444' title='bbox 1911 3363 2066 3436; x_wconf 90' lang='lat' dir='ltr'><strong>apud</strong></span> 
     </span>
    </p>
   </div>
   <div class='ocr_carea' id='block_1_68' title="bbox 415 3452 2062 3525">
    <p class='ocr_par' dir='ltr' id='par_1_68' title="bbox 415 3452 2062 3525">
     <span class='ocr_line' id='line_1_68' title="bbox 415 3452 2062 3525; baseline -0.002 -14"><span class='ocrx_word' id='word_1_445' title='bbox 415 3455 732 3523; x_wconf 86' lang='lat' dir='ltr'><strong>Romanos,</strong></span> <span class='ocrx_word' id='word_1_446' title='bbox 764 3454 864 3512; x_wconf 88' lang='lat' dir='ltr'><strong>ubi</strong></span> <span class='ocrx_word' id='word_1_447' title='bbox 894 3453 1124 3511; x_wconf 89' lang='lat' dir='ltr'><strong>volebat</strong></span> <span class='ocrx_word' id='word_1_448' title='bbox 1146 3453 1310 3510; x_wconf 90' lang='lat' dir='ltr'><strong>litem</strong></span> <span class='ocrx_word' id='word_1_449' title='bbox 1343 3454 1416 3510; x_wconf 88' lang='lat' dir='ltr'><strong>de</strong></span> <span class='ocrx_word' id='word_1_450' title='bbox 1445 3452 1858 3510; x_wconf 88' lang='lat' dir='ltr'><strong>Salmoricensi</strong></span> <span class='ocrx_word' id='word_1_451' title='bbox 1895 3468 2062 3525; x_wconf 88' lang='lat' dir='ltr'><strong>pago,</strong></span> 
     </span>
    </p>
   </div>
   <div class='ocr_carea' id='block_1_69' title="bbox 413 3541 2068 3618">
    <p class='ocr_par' dir='ltr' id='par_1_69' title="bbox 413 3541 2068 3618">
     <span class='ocr_line' id='line_1_69' title="bbox 413 3541 2068 3618; baseline -0.002 -18"><span class='ocrx_word' id='word_1_452' title='bbox 413 3561 540 3618; x_wconf 68' lang='lat' dir='ltr'><strong>quae</strong></span> <span class='ocrx_word' id='word_1_453' title='bbox 561 3543 916 3616; x_wconf 83' lang='lat' dir='ltr'><strong>jamdudum</strong></span> <span class='ocrx_word' id='word_1_454' title='bbox 934 3543 1088 3600; x_wconf 91' lang='lat' dir='ltr'><strong>inter</strong></span> <span class='ocrx_word' id='word_1_455' title='bbox 1116 3543 1314 3616; x_wconf 88' lang='lat' dir='ltr'><strong>ipsum</strong></span> <span class='ocrx_word' id='word_1_456' title='bbox 1335 3547 1394 3598; x_wconf 91' lang='lat' dir='ltr'><strong>et</strong></span> <span class='ocrx_word' id='word_1_457' title='bbox 1421 3547 1730 3615; x_wconf 85' lang='lat' dir='ltr'><strong>Hugonem</strong></span> <span class='ocrx_word' id='word_1_458' title='bbox 1759 3541 2068 3597; x_wconf 85' lang='lat' dir='ltr'><strong>Gratiano-</strong></span> 
     </span>
    </p>
   </div>
   <div class='ocr_carea' id='block_1_70' title="bbox 411 3629 2064 3707">
    <p class='ocr_par' dir='ltr' id='par_1_70' title="bbox 411 3629 2064 3707">
     <span class='ocr_line' id='line_1_70' title="bbox 411 3629 2064 3707; baseline -0.003 -17"><span class='ocrx_word' id='word_1_459' title='bbox 411 3633 738 3707; x_wconf 87' lang='lat' dir='ltr'><strong>politanum</strong></span> <span class='ocrx_word' id='word_1_460' title='bbox 768 3632 1109 3706; x_wconf 88' lang='lat' dir='ltr'><strong>episcopum</strong></span> <span class='ocrx_word' id='word_1_461' title='bbox 1140 3632 1496 3696; x_wconf 86' lang='lat' dir='ltr'><strong>vertebatur,</strong></span> <span class='ocrx_word' id='word_1_462' title='bbox 1531 3631 1772 3688; x_wconf 91' lang='lat' dir='ltr'><strong>omnino</strong></span> <span class='ocrx_word' id='word_1_463' title='bbox 1801 3629 2064 3686; x_wconf 82' lang='lat' dir='ltr'><strong>definire.</strong></span> 
     </span>
    </p>
   </div>
   <div class='ocr_carea' id='block_1_71' title="bbox 412 3718 2072 3794">
    <p class='ocr_par' dir='ltr' id='par_1_71' title="bbox 412 3718 2072 3794">
     <span class='ocr_line' id='line_1_71' title="bbox 412 3718 2072 3794; baseline -0.002 -17"><span class='ocrx_word' id='word_1_464' title='bbox 412 3721 620 3777; x_wconf 74' lang='lat' dir='ltr'><strong>Adfuit</strong></span> <span class='ocrx_word' id='word_1_465' title='bbox 642 3721 830 3794; x_wconf 83' lang='lat' dir='ltr'><strong>Hugo,</strong></span> <span class='ocrx_word' id='word_1_466' title='bbox 855 3725 922 3777; x_wconf 83' lang='lat' dir='ltr'><strong>ut</strong></span> <span class='ocrx_word' id='word_1_467' title='bbox 951 3721 1078 3792; x_wconf 89' lang='lat' dir='ltr'><strong>ipse</strong></span> <span class='ocrx_word' id='word_1_468' title='bbox 1100 3721 1172 3777; x_wconf 90' lang='lat' dir='ltr'><strong>de</strong></span> <span class='ocrx_word' id='word_1_469' title='bbox 1189 3737 1250 3776; x_wconf 90' lang='lat' dir='ltr'><strong>se</strong></span> <span class='ocrx_word' id='word_1_470' title='bbox 1278 3719 1560 3791; x_wconf 89' lang='lat' dir='ltr'><strong>loquitur,</strong></span> <span class='ocrx_word' id='word_1_471' title='bbox 1584 3719 1679 3774; x_wconf 91' lang='lat' dir='ltr'><strong>die</strong></span> <span class='ocrx_word' id='word_1_472' title='bbox 1696 3718 1967 3775; x_wconf 88' lang='lat' dir='ltr'><strong>condicta</strong></span> <span class='ocrx_word' id='word_1_473' title='bbox 1983 3735 1995 3774; x_wconf 92' lang='lat'>:</span> <span class='ocrx_word' id='word_1_474' title='bbox 2011 3723 2072 3774; x_wconf 89' lang='lat' dir='ltr'><strong>at</strong></span> 
     </span>
    </p>
   </div>
   <div class='ocr_carea' id='block_1_72' title="bbox 412 3806 2070 3880">
    <p class='ocr_par' dir='ltr' id='par_1_72' title="bbox 412 3806 2070 3880">
     <span class='ocr_line' id='line_1_72' title="bbox 412 3806 2070 3880; baseline -0.002 -14"><span class='ocrx_word' id='word_1_475' title='bbox 412 3808 623 3876; x_wconf 85' lang='lat' dir='ltr'><strong>Guido,</strong></span> <span class='ocrx_word' id='word_1_476' title='bbox 640 3809 795 3865; x_wconf 90' lang='lat' dir='ltr'><strong>haud</strong></span> <span class='ocrx_word' id='word_1_477' title='bbox 809 3809 1056 3864; x_wconf 89' lang='lat' dir='ltr'><strong>dubium</strong></span> <span class='ocrx_word' id='word_1_478' title='bbox 1069 3809 1224 3880; x_wconf 90' lang='lat' dir='ltr'><strong>quod</strong></span> <span class='ocrx_word' id='word_1_479' title='bbox 1239 3823 1428 3864; x_wconf 65' lang='lat' dir='ltr'><strong>causa</strong></span> <span class='ocrx_word' id='word_1_480' title='bbox 1446 3823 1566 3863; x_wconf 66' lang='lat' dir='ltr'><strong>sua:</strong></span> <span class='ocrx_word' id='word_1_481' title='bbox 1579 3806 1890 3874; x_wconf 83' lang='lat' dir='ltr'><strong>diffideret,</strong></span> <span class='ocrx_word' id='word_1_482' title='bbox 1904 3823 2070 3863; x_wconf 86' lang='lat' dir='ltr'><strong>occu-</strong></span> 
     </span>
    </p>
   </div>
   <div class='ocr_carea' id='block_1_73' title="bbox 412 3893 2070 3972">
    <p class='ocr_par' dir='ltr' id='par_1_73' title="bbox 412 3893 2070 3972">
     <span class='ocr_line' id='line_1_73' title="bbox 412 3893 2070 3972; baseline -0.001 -19"><span class='ocrx_word' id='word_1_483' title='bbox 412 3899 546 3972; x_wconf 86' lang='lat' dir='ltr'><strong>pata</strong></span> <span class='ocrx_word' id='word_1_484' title='bbox 559 3894 670 3952; x_wconf 92' lang='lat' dir='ltr'><strong>loci</strong></span> <span class='ocrx_word' id='word_1_485' title='bbox 690 3895 1102 3952; x_wconf 82' lang='lat' dir='ltr'><strong>Rotmanensis</strong></span> <span class='ocrx_word' id='word_1_486' title='bbox 1115 3893 1459 3963; x_wconf 88' lang='lat' dir='ltr'><strong>munitione,</strong></span> <span class='ocrx_word' id='word_1_487' title='bbox 1485 3894 1878 3951; x_wconf 87' lang='lat' dir='ltr'><strong>comminatus</strong></span> <span class='ocrx_word' id='word_1_488' title='bbox 1898 3899 1987 3952; x_wconf 90' lang='lat' dir='ltr'><strong>est</strong></span> <span class='ocrx_word' id='word_1_489' title='bbox 2008 3912 2070 3952; x_wconf 89' lang='lat' dir='ltr'><strong>se</strong></span> 
     </span>
    </p>
   </div>
   <div class='ocr_carea' id='block_1_74' title="bbox 413 3983 2069 4059">
    <p class='ocr_par' dir='ltr' id='par_1_74' title="bbox 413 3983 2069 4059">
     <span class='ocr_line' id='line_1_74' title="bbox 413 3983 2069 4059; baseline -0.001 -18"><span class='ocrx_word' id='word_1_490' title='bbox 413 4000 630 4059; x_wconf 86' lang='lat' dir='ltr'><strong>papam</strong></span> <span class='ocrx_word' id='word_1_491' title='bbox 654 3983 736 4040; x_wconf 87' lang='lat' dir='ltr'><strong>ibi</strong></span> <span class='ocrx_word' id='word_1_492' title='bbox 767 3989 1153 4053; x_wconf 90' lang='lat' dir='ltr'><strong>retenturum,</strong></span> <span class='ocrx_word' id='word_1_493' title='bbox 1178 3983 1226 4040; x_wconf 92' lang='lat' dir='ltr'><strong>si</strong></span> <span class='ocrx_word' id='word_1_494' title='bbox 1259 3988 1462 4040; x_wconf 90' lang='lat' dir='ltr'><strong>contra</strong></span> <span class='ocrx_word' id='word_1_495' title='bbox 1488 3983 1686 4058; x_wconf 83' lang='lat' dir='ltr'><strong>ipsum</strong></span> <span class='ocrx_word' id='word_1_496' title='bbox 1718 3985 2069 4040; x_wconf 83' lang='lat' dir='ltr'><strong>sententiam</strong></span> 
     </span>
    </p>
   </div>
   <div class='ocr_carea' id='block_1_75' title="bbox 417 4071 2066 4146">
    <p class='ocr_par' dir='ltr' id='par_1_75' title="bbox 417 4071 2066 4146">
     <span class='ocr_line' id='line_1_75' title="bbox 417 4071 2066 4146; baseline 0 -18"><span class='ocrx_word' id='word_1_497' title='bbox 417 4073 622 4142; x_wconf 87' lang='lat' dir='ltr'><strong>ferret;</strong></span> <span class='ocrx_word' id='word_1_498' title='bbox 655 4089 836 4146; x_wconf 88' lang='lat' dir='ltr'><strong>quare</strong></span> <span class='ocrx_word' id='word_1_499' title='bbox 861 4071 1138 4146; x_wconf 84' lang='lat' dir='ltr'><strong>pontifex,</strong></span> <span class='ocrx_word' id='word_1_500' title='bbox 1162 4077 1226 4128; x_wconf 88' lang='lat' dir='ltr'><strong>ut</strong></span> <span class='ocrx_word' id='word_1_501' title='bbox 1249 4071 1604 4130; x_wconf 88' lang='lat' dir='ltr'><strong>mitissimus</strong></span> <span class='ocrx_word' id='word_1_502' title='bbox 1624 4072 2066 4144; x_wconf 89' lang='lat' dir='ltr'><strong>erat,judicium</strong></span> 
     </span>
    </p>
   </div>
   <div class='ocr_carea' id='block_1_76' title="bbox 416 4160 2064 4234">
    <p class='ocr_par' dir='ltr' id='par_1_76' title="bbox 416 4160 2064 4234">
     <span class='ocr_line' id='line_1_76' title="bbox 416 4160 2064 4234; baseline 0.001 -17"><span class='ocrx_word' id='word_1_503' title='bbox 416 4161 598 4233; x_wconf 87' lang='lat' dir='ltr'><strong>hujus</strong></span> <span class='ocrx_word' id='word_1_504' title='bbox 626 4160 748 4218; x_wconf 91' lang='lat' dir='ltr'><strong>litis</strong></span> <span class='ocrx_word' id='word_1_505' title='bbox 773 4161 843 4218; x_wconf 89' lang='lat' dir='ltr'><strong>ad</strong></span> <span class='ocrx_word' id='word_1_506' title='bbox 874 4161 1134 4217; x_wconf 87' lang='lat' dir='ltr'><strong>futuram</strong></span> <span class='ocrx_word' id='word_1_507' title='bbox 1157 4161 1444 4234; x_wconf 73' lang='lat' dir='ltr'><strong>synodum</strong></span> <span class='ocrx_word' id='word_1_508' title='bbox 1469 4161 1800 4219; x_wconf 88' lang='lat' dir='ltr'><strong>reservavit.</strong></span> <span class='ocrx_word' id='word_1_509' title='bbox 1821 4162 1908 4216; x_wconf 85' lang='lat' dir='ltr'><strong>An</strong></span> <span class='ocrx_word' id='word_1_510' title='bbox 1928 4177 2064 4218; x_wconf 90' lang='lat' dir='ltr'><strong>vero</strong></span> 
     </span>
    </p>
   </div>
   <div class='ocr_carea' id='block_1_77' title="bbox 417 4249 2069 4318">
    <p class='ocr_par' dir='ltr' id='par_1_77' title="bbox 417 4249 2069 4318">
     <span class='ocr_line' id='line_1_77' title="bbox 417 4249 2069 4318; baseline 0 -12"><span class='ocrx_word' id='word_1_511' title='bbox 417 4249 780 4307; x_wconf 80' lang='lat' dir='ltr'><strong>Rotmannos</strong></span> <span class='ocrx_word' id='word_1_512' title='bbox 807 4255 951 4306; x_wconf 90' lang='lat' dir='ltr'><strong>tunc</strong></span> <span class='ocrx_word' id='word_1_513' title='bbox 991 4249 1200 4306; x_wconf 89' lang='lat' dir='ltr'><strong>adierit</strong></span> <span class='ocrx_word' id='word_1_514' title='bbox 1235 4295 1248 4318; x_wconf 96' lang='lat'><strong>,</strong></span> <span class='ocrx_word' id='word_1_515' title='bbox 1279 4267 1395 4307; x_wconf 90' lang='lat' dir='ltr'><strong>non</strong></span> <span class='ocrx_word' id='word_1_516' title='bbox 1427 4251 1570 4307; x_wconf 90' lang='lat' dir='ltr'><strong>adeo</strong></span> <span class='ocrx_word' id='word_1_517' title='bbox 1601 4254 1822 4306; x_wconf 90' lang='lat' dir='ltr'><strong>certum</strong></span> <span class='ocrx_word' id='word_1_518' title='bbox 1853 4255 1977 4318; x_wconf 90' lang='lat' dir='ltr'><strong>est;</strong></span> <span class='ocrx_word' id='word_1_519' title='bbox 2007 4251 2069 4306; x_wconf 92' lang='lat' dir='ltr'><strong>id</strong></span> 
     </span>
    </p>
   </div>
   <div class='ocr_carea' id='block_1_78' title="bbox 417 4337 2069 4413">
    <p class='ocr_par' dir='ltr' id='par_1_78' title="bbox 417 4337 2069 4413">
     <span class='ocr_line' id='line_1_78' title="bbox 417 4337 2069 4413; baseline 0 -19"><span class='ocrx_word' id='word_1_520' title='bbox 417 4342 614 4395; x_wconf 87' lang='lat' dir='ltr'><strong>tamen</strong></span> <span class='ocrx_word' id='word_1_521' title='bbox 652 4337 896 4395; x_wconf 80' lang='lat' dir='ltr'><strong>innuero</strong></span> <span class='ocrx_word' id='word_1_522' title='bbox 926 4339 1156 4395; x_wconf 87' lang='lat' dir='ltr'><strong>videtur</strong></span> <span class='ocrx_word' id='word_1_523' title='bbox 1182 4339 1370 4413; x_wconf 89' lang='lat' dir='ltr'><strong>Hugo,</strong></span> <span class='ocrx_word' id='word_1_524' title='bbox 1401 4340 1502 4396; x_wconf 92' lang='lat' dir='ltr'><strong>sed</strong></span> <span class='ocrx_word' id='word_1_525' title='bbox 1533 4341 1802 4397; x_wconf 90' lang='lat' dir='ltr'><strong>observat</strong></span> <span class='ocrx_word' id='word_1_526' title='bbox 1830 4339 2069 4410; x_wconf 82' lang='lat' dir='ltr'><strong>pontiﬁ-</strong></span> 
     </span>
    </p>
   </div>
   <div class='ocr_carea' id='block_1_79' title="bbox 417 4426 2068 4502">
    <p class='ocr_par' dir='ltr' id='par_1_79' title="bbox 417 4426 2068 4502">
     <span class='ocr_line' id='line_1_79' title="bbox 417 4426 2068 4502; baseline 0 -18"><span class='ocrx_word' id='word_1_527' title='bbox 417 4443 544 4484; x_wconf 91' lang='lat' dir='ltr'><strong>cem</strong></span> <span class='ocrx_word' id='word_1_528' title='bbox 574 4426 685 4484; x_wconf 87' lang='lat' dir='ltr'><strong>hac</strong></span> <span class='ocrx_word' id='word_1_529' title='bbox 729 4427 1033 4485; x_wconf 90' lang='lat' dir='ltr'><strong>occasione</strong></span> <span class='ocrx_word' id='word_1_530' title='bbox 1077 4445 1175 4484; x_wconf 89' lang='lat' dir='ltr'><strong>suo</strong></span> <span class='ocrx_word' id='word_1_531' title='bbox 1211 4429 1363 4502; x_wconf 86' lang='lat' dir='ltr'><strong>jure,</strong></span> <span class='ocrx_word' id='word_1_532' title='bbox 1407 4428 1628 4486; x_wconf 90' lang='lat' dir='ltr'><strong>abbatia</strong></span> <span class='ocrx_word' id='word_1_533' title='bbox 1655 4429 1903 4485; x_wconf 82' lang='lat' dir='ltr'><strong>videlicet</strong></span> <span class='ocrx_word' id='word_1_534' title='bbox 1945 4430 2068 4484; x_wconf 84' lang='lat' dir='ltr'><strong>Rot-</strong></span> 
     </span>
    </p>
   </div>
   <div class='ocr_carea' id='block_1_80' title="bbox 415 4517 2072 4591">
    <p class='ocr_par' dir='ltr' id='par_1_80' title="bbox 415 4517 2072 4591">
     <span class='ocr_line' id='line_1_80' title="bbox 415 4517 2072 4591; baseline 0.001 -19"><span class='ocrx_word' id='word_1_535' title='bbox 415 4519 688 4583; x_wconf 88' lang='lat' dir='ltr'><strong>manensi,</strong></span> <span class='ocrx_word' id='word_1_536' title='bbox 720 4533 849 4590; x_wconf 69' lang='lat' dir='ltr'><strong>quae</strong></span> <span class='ocrx_word' id='word_1_537' title='bbox 899 4518 969 4574; x_wconf 89' lang='lat' dir='ltr'><strong>ad</strong></span> <span class='ocrx_word' id='word_1_538' title='bbox 1017 4517 1341 4574; x_wconf 83' lang='lat' dir='ltr'><strong>Romanam</strong></span> <span class='ocrx_word' id='word_1_539' title='bbox 1389 4517 1708 4575; x_wconf 74' lang='lat' dir='ltr'><strong>Ecclesium</strong></span> <span class='ocrx_word' id='word_1_540' title='bbox 1742 4517 2072 4591; x_wconf 86' lang='lat' dir='ltr'><strong>pertinebat</strong></span> 
     </span>
    </p>
   </div>
   <div class='ocr_carea' id='block_1_81' title="bbox 414 4605 1002 4679">
    <p class='ocr_par' dir='ltr' id='par_1_81' title="bbox 414 4605 1002 4679">
     <span class='ocr_line' id='line_1_81' title="bbox 414 4605 1002 4679; baseline 0 -17"><span class='ocrx_word' id='word_1_541' title='bbox 414 4605 787 4678; x_wconf 71' lang='lat' dir='ltr'><strong>exspoliatum</strong></span> <span class='ocrx_word' id='word_1_542' title='bbox 813 4609 1002 4679; x_wconf 84' lang='lat' dir='ltr'><strong>fuisse.</strong></span> 
     </span>
    </p>
   </div>
   <div class='ocr_carea' id='block_1_82' title="bbox 414 4693 2068 4767">
    <p class='ocr_par' dir='ltr' id='par_1_82' title="bbox 414 4693 2068 4767">
     <span class='ocr_line' id='line_1_82' title="bbox 414 4693 2068 4767; baseline 0 -17"><span class='ocrx_word' id='word_1_543' title='bbox 414 4693 564 4752; x_wconf 87' lang='lat' dir='ltr'><strong>CXC.</strong></span> <span class='ocrx_word' id='word_1_544' title='bbox 597 4694 782 4752; x_wconf 84' lang='lat' dir='ltr'><strong>Anicii</strong></span> <span class='ocrx_word' id='word_1_545' title='bbox 812 4694 1009 4751; x_wconf 82' lang='lat' dir='ltr'><strong>indicit</strong></span> <span class='ocrx_word' id='word_1_546' title='bbox 1053 4696 1352 4752; x_wconf 88' lang='lat' dir='ltr'><strong>concilium</strong></span> <span class='ocrx_word' id='word_1_547' title='bbox 1399 4695 1545 4767; x_wconf 88' lang='lat' dir='ltr'><strong>apud</strong></span> <span class='ocrx_word' id='word_1_548' title='bbox 1585 4695 2068 4752; x_wconf 82' lang='lat' dir='ltr'><strong>Clarummontem.</strong></span> 
     </span>
    </p>
   </div>
   <div class='ocr_carea' id='block_1_83' title="bbox 484 4781 2068 4857">
    <p class='ocr_par' dir='ltr' id='par_1_83' title="bbox 484 4781 2068 4857">
     <span class='ocr_line' id='line_1_83' title="bbox 484 4781 2068 4857; baseline 0.001 -19"><span class='ocrx_word' id='word_1_549' title='bbox 484 4783 566 4839; x_wconf 86' lang='lat' dir='ltr'><strong>Ex</strong></span> <span class='ocrx_word' id='word_1_550' title='bbox 596 4781 690 4840; x_wconf 91' lang='lat' dir='ltr'><strong>his</strong></span> <span class='ocrx_word' id='word_1_551' title='bbox 720 4787 881 4857; x_wconf 89' lang='lat' dir='ltr'><strong>patet</strong></span> <span class='ocrx_word' id='word_1_552' title='bbox 911 4784 1207 4841; x_wconf 89' lang='lat' dir='ltr'><strong>Urbanum</strong></span> <span class='ocrx_word' id='word_1_553' title='bbox 1239 4787 1374 4857; x_wconf 90' lang='lat' dir='ltr'><strong>post</strong></span> <span class='ocrx_word' id='word_1_554' title='bbox 1403 4782 1735 4839; x_wconf 88' lang='lat' dir='ltr'><strong>dedicatam</strong></span> <span class='ocrx_word' id='word_1_555' title='bbox 1767 4782 1935 4840; x_wconf 89' lang='lat' dir='ltr'><strong>initio</strong></span> <span class='ocrx_word' id='word_1_556' title='bbox 1955 4787 2068 4840; x_wconf 82' lang='lat' dir='ltr'><strong>Au-</strong></span> 
     </span>
    </p>
   </div>
   <div class='ocr_carea' id='block_1_84' title="bbox 411 4871 2071 4945">
    <p class='ocr_par' dir='ltr' id='par_1_84' title="bbox 411 4871 2071 4945">
     <span class='ocr_line' id='line_1_84' title="bbox 411 4871 2071 4945; baseline 0.001 -17"><span class='ocrx_word' id='word_1_557' title='bbox 411 4871 571 4945; x_wconf 88' lang='lat' dir='ltr'><strong>gusti</strong></span> <span class='ocrx_word' id='word_1_558' title='bbox 602 4871 973 4929; x_wconf 89' lang='lat' dir='ltr'><strong>Valentinam</strong></span> <span class='ocrx_word' id='word_1_559' title='bbox 1016 4871 1346 4940; x_wconf 89' lang='lat' dir='ltr'><strong>ecclesiam,</strong></span> <span class='ocrx_word' id='word_1_560' title='bbox 1381 4871 1502 4927; x_wconf 89' lang='lat' dir='ltr'><strong>sive</strong></span> <span class='ocrx_word' id='word_1_561' title='bbox 1533 4887 1636 4944; x_wconf 88' lang='lat' dir='ltr'><strong>per</strong></span> <span class='ocrx_word' id='word_1_562' title='bbox 1677 4871 2071 4930; x_wconf 82' lang='lat' dir='ltr'><strong>Rotmanense</strong></span> 
     </span>
    </p>
   </div>
   <div class='ocr_carea' id='block_1_85' title="bbox 415 4959 2072 5034">
    <p class='ocr_par' dir='ltr' id='par_1_85' title="bbox 415 4959 2072 5034">
     <span class='ocr_line' id='line_1_85' title="bbox 415 4959 2072 5034; baseline 0.001 -18"><span class='ocrx_word' id='word_1_563' title='bbox 415 4959 721 5032; x_wconf 84' lang='lat' dir='ltr'><strong>Oppidum,</strong></span> <span class='ocrx_word' id='word_1_564' title='bbox 739 4961 858 5018; x_wconf 85' lang='lat' dir='ltr'><strong>sive</strong></span> <span class='ocrx_word' id='word_1_565' title='bbox 877 4961 994 5017; x_wconf 87' lang='lat' dir='ltr'><strong>alia</strong></span> <span class='ocrx_word' id='word_1_566' title='bbox 1023 4961 1287 5034; x_wconf 89' lang='lat' dir='ltr'><strong>qualibet</strong></span> <span class='ocrx_word' id='word_1_567' title='bbox 1309 4959 1422 5027; x_wconf 87' lang='lat' dir='ltr'><strong>via,</strong></span> <span class='ocrx_word' id='word_1_568' title='bbox 1453 4959 1628 5033; x_wconf 89' lang='lat' dir='ltr'><strong>paulo</strong></span> <span class='ocrx_word' id='word_1_569' title='bbox 1645 4964 1778 5016; x_wconf 88' lang='lat' dir='ltr'><strong>ante</strong></span> <span class='ocrx_word' id='word_1_570' title='bbox 1809 4961 2072 5018; x_wconf 88' lang='lat' dir='ltr'><strong>medium</strong></span> 
     </span>
    </p>
   </div>
   <div class='ocr_carea' id='block_1_86' title="bbox 413 5047 2073 5124">
    <p class='ocr_par' dir='ltr' id='par_1_86' title="bbox 413 5047 2073 5124">
     <span class='ocr_line' id='line_1_86' title="bbox 413 5047 2073 5124; baseline 0.002 -20"><span class='ocrx_word' id='word_1_571' title='bbox 413 5047 680 5120; x_wconf 88' lang='lat' dir='ltr'><strong>ejusdem</strong></span> <span class='ocrx_word' id='word_1_572' title='bbox 693 5049 916 5106; x_wconf 89' lang='lat' dir='ltr'><strong>mensis</strong></span> <span class='ocrx_word' id='word_1_573' title='bbox 937 5049 1186 5124; x_wconf 85' lang='lat' dir='ltr'><strong>Augusti</strong></span> <span class='ocrx_word' id='word_1_574' title='bbox 1202 5049 1474 5106; x_wconf 90' lang='lat' dir='ltr'><strong>Anicium</strong></span> <span class='ocrx_word' id='word_1_575' title='bbox 1489 5048 1926 5117; x_wconf 88' lang='lat' dir='ltr'><strong>advenisee,ubi</strong></span> <span class='ocrx_word' id='word_1_576' title='bbox 1939 5067 2073 5107; x_wconf 91' lang='lat' dir='ltr'><strong>con-</strong></span> 
     </span>
    </p>
   </div>
   <div class='ocr_carea' id='block_1_87' title="bbox 415 5135 2070 5212">
    <p class='ocr_par' dir='ltr' id='par_1_87' title="bbox 415 5135 2070 5212">
     <span class='ocr_line' id='line_1_87' title="bbox 415 5135 2070 5212; baseline 0.002 -20"><span class='ocrx_word' id='word_1_577' title='bbox 415 5135 619 5192; x_wconf 90' lang='lat' dir='ltr'><strong>cilium</strong></span> <span class='ocrx_word' id='word_1_578' title='bbox 651 5137 807 5209; x_wconf 90' lang='lat' dir='ltr'><strong>quod</strong></span> <span class='ocrx_word' id='word_1_579' title='bbox 855 5143 1058 5210; x_wconf 89' lang='lat' dir='ltr'><strong>postea</strong></span> <span class='ocrx_word' id='word_1_580' title='bbox 1086 5140 1243 5212; x_wconf 90' lang='lat' dir='ltr'><strong>apud</strong></span> <span class='ocrx_word' id='word_1_581' title='bbox 1271 5138 1773 5195; x_wconf 89' lang='lat' dir='ltr'><strong>Clarummontem</strong></span> <span class='ocrx_word' id='word_1_582' title='bbox 1804 5138 2070 5196; x_wconf 89' lang='lat' dir='ltr'><strong>habitum</strong></span> 
     </span>
    </p>
   </div>
   <div class='ocr_carea' id='block_1_88' title="bbox 415 5222 2070 5292">
    <p class='ocr_par' dir='ltr' id='par_1_88' title="bbox 415 5222 2070 5292">
     <span class='ocr_line' id='line_1_88' title="bbox 415 5222 2070 5292; baseline 0.001 -11"><span class='ocrx_word' id='word_1_583' title='bbox 415 5227 525 5292; x_wconf 83' lang='lat' dir='ltr'><strong>est,</strong></span> <span class='ocrx_word' id='word_1_584' title='bbox 557 5222 851 5282; x_wconf 87' lang='lat' dir='ltr'><strong>celebrare</strong></span> <span class='ocrx_word' id='word_1_585' title='bbox 879 5227 1283 5284; x_wconf 86' lang='lat' dir='ltr'><strong>constituerat.</strong></span> <span class='ocrx_word' id='word_1_586' title='bbox 1317 5227 1380 5282; x_wconf 93' lang='lat' dir='ltr'><strong>Id</strong></span> <span class='ocrx_word' id='word_1_587' title='bbox 1415 5226 1692 5282; x_wconf 88' lang='lat' dir='ltr'><strong>ultimum</strong></span> <span class='ocrx_word' id='word_1_588' title='bbox 1721 5226 1938 5282; x_wconf 89' lang='lat' dir='ltr'><strong>diserte</strong></span> <span class='ocrx_word' id='word_1_589' title='bbox 1968 5227 2070 5282; x_wconf 89' lang='lat' dir='ltr'><strong>ba-</strong></span> 
     </span>
    </p>
   </div>
   <div class='ocr_carea' id='block_1_89' title="bbox 413 5314 2070 5389">
    <p class='ocr_par' dir='ltr' id='par_1_89' title="bbox 413 5314 2070 5389">
     <span class='ocr_line' id='line_1_89' title="bbox 413 5314 2070 5389; baseline 0.001 -19"><span class='ocrx_word' id='word_1_590' title='bbox 413 5314 559 5370; x_wconf 83' lang='lat' dir='ltr'><strong>bent</strong></span> <span class='ocrx_word' id='word_1_591' title='bbox 606 5317 876 5374; x_wconf 86' lang='lat' dir='ltr'><strong>auctores</strong></span> <span class='ocrx_word' id='word_1_592' title='bbox 916 5317 1094 5373; x_wconf 86' lang='lat' dir='ltr'><strong>etiam</strong></span> <span class='ocrx_word' id='word_1_593' title='bbox 1145 5315 1420 5389; x_wconf 67' lang='lat' dir='ltr'><strong>aequales.</strong></span> <span class='ocrx_word' id='word_1_594' title='bbox 1491 5316 1794 5370; x_wconf 89' lang='lat' dir='ltr'><strong>Transactis</strong></span> <span class='ocrx_word' id='word_1_595' title='bbox 1841 5315 2070 5386; x_wconf 84' lang='lat' dir='ltr'><strong>Alpibus</strong></span> 
     </span>
    </p>
   </div>
   <div class='ocr_carea' id='block_1_90' title="bbox 413 5401 2068 5479">
    <p class='ocr_par' dir='ltr' id='par_1_90' title="bbox 413 5401 2068 5479">
     <span class='ocr_line' id='line_1_90' title="bbox 413 5401 2068 5479; baseline 0 -21"><span class='ocrx_word' id='word_1_596' title='bbox 413 5401 609 5475; x_wconf 88' lang='lat' dir='ltr'><strong>inquit</strong></span> <span class='ocrx_word' id='word_1_597' title='bbox 627 5401 900 5462; x_wconf 82' lang='lat' dir='ltr'><strong>Albertus</strong></span> <span class='ocrx_word' id='word_1_598' title='bbox 926 5404 1219 5479; x_wconf 87' lang='lat' dir='ltr'><strong>Aquensis</strong></span> <span class='ocrx_word' id='word_1_599' title='bbox 1251 5404 1400 5460; x_wconf 92' lang='lat' dir='ltr'><strong>libro</strong></span> <span class='ocrx_word' id='word_1_600' title='bbox 1431 5421 1450 5459; x_wconf 86' lang='grc' dir='ltr'><strong>ι</strong></span> <span class='ocrx_word' id='word_1_601' title='bbox 1485 5402 1745 5458; x_wconf 75' lang='lat' dir='ltr'><strong>Historia:</strong></span> <span class='ocrx_word' id='word_1_602' title='bbox 1775 5401 2068 5476; x_wconf 84' lang='lat' dir='ltr'><strong>Jerosoly-</strong></span> 
     </span>
    </p>
   </div>
   <div class='ocr_carea' id='block_1_91' title="bbox 414 5491 2071 5561">
    <p class='ocr_par' dir='ltr' id='par_1_91' title="bbox 414 5491 2071 5561">
     <span class='ocr_line' id='line_1_91' title="bbox 414 5491 2071 5561; baseline 0.001 -14"><span class='ocrx_word' id='word_1_603' title='bbox 414 5491 670 5561; x_wconf 66' lang='lat' dir='ltr'><strong>mitanm,</strong></span> <span class='ocrx_word' id='word_1_604' title='bbox 717 5499 1042 5550; x_wconf 87' lang='lat' dir='ltr'><strong>conventum</strong></span> <span class='ocrx_word' id='word_1_605' title='bbox 1109 5495 1276 5548; x_wconf 86' lang='lat' dir='ltr'><strong>totius</strong></span> <span class='ocrx_word' id='word_1_606' title='bbox 1321 5491 1671 5548; x_wconf 85' lang='lat' dir='ltr'><strong>occidentalis</strong></span> <span class='ocrx_word' id='word_1_607' title='bbox 1720 5492 1992 5556; x_wconf 61' lang='lat' dir='ltr'><strong>Francia,</strong></span> <span class='ocrx_word' id='word_1_608' title='bbox 2019 5497 2071 5550; x_wconf 88' lang='lat' dir='ltr'><strong>et</strong></span> 
     </span>
    </p>
   </div>
   <div class='ocr_carea' id='block_1_92' title="bbox 413 5580 2074 5654">
    <p class='ocr_par' dir='ltr' id='par_1_92' title="bbox 413 5580 2074 5654">
     <span class='ocr_line' id='line_1_92' title="bbox 413 5580 2074 5654; baseline 0.001 -18"><span class='ocrx_word' id='word_1_609' title='bbox 413 5581 709 5637; x_wconf 87' lang='lat' dir='ltr'><strong>concilium</strong></span> <span class='ocrx_word' id='word_1_610' title='bbox 739 5583 884 5654; x_wconf 86' lang='lat' dir='ltr'><strong>apud</strong></span> <span class='ocrx_word' id='word_1_611' title='bbox 915 5582 1151 5638; x_wconf 81' lang='lat' dir='ltr'><strong>Pedium</strong></span> <span class='ocrx_word' id='word_1_612' title='bbox 1178 5581 1455 5636; x_wconf 77' lang='lat' dir='ltr'><strong>civitatem</strong></span> <span class='ocrx_word' id='word_1_613' title='bbox 1483 5580 1695 5636; x_wconf 73' lang='lat' dir='ltr'><strong>Sanctae</strong></span> <span class='ocrx_word' id='word_1_614' title='bbox 1723 5580 1918 5637; x_wconf 70' lang='lat' dir='ltr'><strong>Mariae</strong></span> <span class='ocrx_word' id='word_1_615' title='bbox 1945 5582 2074 5652; x_wconf 83' lang='lat' dir='ltr'><strong>ﬁeri</strong></span> 
     </span>
    </p>
   </div>
   <div class='ocr_carea' id='block_1_93' title="bbox 414 5665 2070 5742">
    <p class='ocr_par' dir='ltr' id='par_1_93' title="bbox 414 5665 2070 5742">
     <span class='ocr_line' id='line_1_93' title="bbox 414 5665 2070 5742; baseline 0.001 -20"><span class='ocrx_word' id='word_1_616' title='bbox 414 5665 666 5724; x_wconf 85' lang='lat' dir='ltr'><strong>decrevit.</strong></span> <span class='ocrx_word' id='word_1_617' title='bbox 693 5672 852 5723; x_wconf 86' lang='lat' dir='ltr'><strong>Hanc</strong></span> <span class='ocrx_word' id='word_1_618' title='bbox 882 5668 1192 5739; x_wconf 84' lang='lat' dir='ltr'><strong>synodum,</strong></span> <span class='ocrx_word' id='word_1_619' title='bbox 1218 5666 1266 5722; x_wconf 92' lang='lat' dir='ltr'><strong>si</strong></span> <span class='ocrx_word' id='word_1_620' title='bbox 1301 5665 1593 5725; x_wconf 90' lang='lat' dir='ltr'><strong>Willelmo</strong></span> <span class='ocrx_word' id='word_1_621' title='bbox 1617 5666 1860 5742; x_wconf 84' lang='lat' dir='ltr'><strong>Tyrensi</strong></span> <span class='ocrx_word' id='word_1_622' title='bbox 1879 5667 2070 5724; x_wconf 88' lang='lat' dir='ltr'><strong>archi-</strong></span> 
     </span>
    </p>
   </div>
   <div class='ocr_carea' id='block_1_94' title="bbox 413 5755 2070 5831">
    <p class='ocr_par' dir='ltr' id='par_1_94' title="bbox 413 5755 2070 5831">
     <span class='ocr_line' id='line_1_94' title="bbox 413 5755 2070 5831; baseline 0.005 -21"><span class='ocrx_word' id='word_1_623' title='bbox 413 5755 688 5830; x_wconf 83' lang='lat' dir='ltr'><strong>episcopo</strong></span> <span class='ocrx_word' id='word_1_624' title='bbox 717 5757 1044 5828; x_wconf 86' lang='lat' dir='ltr'><strong>credamus,</strong></span> <span class='ocrx_word' id='word_1_625' title='bbox 1063 5757 1310 5831; x_wconf 86' lang='lat' dir='ltr'><strong>primum</strong></span> <span class='ocrx_word' id='word_1_626' title='bbox 1331 5756 1475 5830; x_wconf 83' lang='lat' dir='ltr'><strong>apud</strong></span> <span class='ocrx_word' id='word_1_627' title='bbox 1498 5757 1846 5830; x_wconf 81' lang='lat' dir='ltr'><strong>Vigiliacum,</strong></span> <span class='ocrx_word' id='word_1_628' title='bbox 1864 5755 2070 5818; x_wconf 82' lang='lat' dir='ltr'><strong>deinde</strong></span> 
     </span>
    </p>
   </div>
   <div class='ocr_carea' id='block_1_95' title="bbox 2176 3363 3832 3438">
    <p class='ocr_par' dir='ltr' id='par_1_95' title="bbox 2176 3363 3832 3438">
     <span class='ocr_line' id='line_1_95' title="bbox 2176 3363 3832 3438; baseline 0.001 -16"><span class='ocrx_word' id='word_1_629' title='bbox 2176 3365 2310 3434; x_wconf 90' lang='lat' dir='ltr'><strong>tuit,</strong></span> <span class='ocrx_word' id='word_1_630' title='bbox 2338 3365 2397 3420; x_wconf 91' lang='lat' dir='ltr'><strong>in</strong></span> <span class='ocrx_word' id='word_1_631' title='bbox 2413 3365 2630 3438; x_wconf 92' lang='lat' dir='ltr'><strong>quibus</strong></span> <span class='ocrx_word' id='word_1_632' title='bbox 2660 3363 2936 3421; x_wconf 86' lang='lat' dir='ltr'><strong>ecclesias</strong></span> <span class='ocrx_word' id='word_1_633' title='bbox 2953 3364 3269 3434; x_wconf 87' lang='lat' dir='ltr'><strong>dedicaret,</strong></span> <span class='ocrx_word' id='word_1_634' title='bbox 3293 3369 3395 3421; x_wconf 89' lang='lat' dir='ltr'><strong>aut</strong></span> <span class='ocrx_word' id='word_1_635' title='bbox 3424 3366 3683 3438; x_wconf 87' lang='lat' dir='ltr'><strong>negotia,</strong></span> <span class='ocrx_word' id='word_1_636' title='bbox 3701 3383 3832 3438; x_wconf 74' lang='lat' dir='ltr'><strong>quae</strong></span> 
     </span>
    </p>
   </div>
   <div class='ocr_carea' id='block_1_96' title="bbox 2167 3453 3831 3527">
    <p class='ocr_par' dir='ltr' id='par_1_96' title="bbox 2167 3453 3831 3527">
     <span class='ocr_line' id='line_1_96' title="bbox 2167 3453 3831 3527; baseline 0.001 -17"><span class='ocrx_word' id='word_1_637' title='bbox 2167 3455 2523 3526; x_wconf 87' lang='lat' dir='ltr'><strong>jamdudum</strong></span> <span class='ocrx_word' id='word_1_638' title='bbox 2545 3453 2794 3510; x_wconf 85' lang='lat' dir='ltr'><strong>excitata</strong></span> <span class='ocrx_word' id='word_1_639' title='bbox 2812 3453 3116 3510; x_wconf 89' lang='lat' dir='ltr'><strong>terminari</strong></span> <span class='ocrx_word' id='word_1_640' title='bbox 3131 3471 3247 3510; x_wconf 91' lang='lat' dir='ltr'><strong>non</strong></span> <span class='ocrx_word' id='word_1_641' title='bbox 3269 3458 3602 3527; x_wconf 88' lang='lat' dir='ltr'><strong>potuerant,</strong></span> <span class='ocrx_word' id='word_1_642' title='bbox 3631 3472 3831 3512; x_wconf 89' lang='lat' dir='ltr'><strong>coram</strong></span> 
     </span>
    </p>
   </div>
   <div class='ocr_carea' id='block_1_97' title="bbox 2176 3542 3830 3618">
    <p class='ocr_par' dir='ltr' id='par_1_97' title="bbox 2176 3542 3830 3618">
     <span class='ocr_line' id='line_1_97' title="bbox 2176 3542 3830 3618; baseline 0.001 -19"><span class='ocrx_word' id='word_1_643' title='bbox 2176 3545 2405 3618; x_wconf 89' lang='lat' dir='ltr'><strong>positus</strong></span> <span class='ocrx_word' id='word_1_644' title='bbox 2431 3542 2660 3600; x_wconf 89' lang='lat' dir='ltr'><strong>facilius</strong></span> <span class='ocrx_word' id='word_1_645' title='bbox 2689 3547 3082 3616; x_wconf 87' lang='lat' dir='ltr'><strong>componeret,</strong></span> <span class='ocrx_word' id='word_1_646' title='bbox 3115 3543 3268 3616; x_wconf 91' lang='lat' dir='ltr'><strong>quod</strong></span> <span class='ocrx_word' id='word_1_647' title='bbox 3299 3544 3372 3599; x_wconf 90' lang='lat' dir='ltr'><strong>ab</strong></span> <span class='ocrx_word' id='word_1_648' title='bbox 3414 3543 3544 3616; x_wconf 90' lang='lat' dir='ltr'><strong>ipso</strong></span> <span class='ocrx_word' id='word_1_649' title='bbox 3603 3544 3830 3601; x_wconf 85' lang='lat' dir='ltr'><strong>factum</strong></span> 
     </span>
    </p>
   </div>
   <div class='ocr_carea' id='block_1_98' title="bbox 2176 3631 3832 3704">
    <p class='ocr_par' dir='ltr' id='par_1_98' title="bbox 2176 3631 3832 3704">
     <span class='ocr_line' id='line_1_98' title="bbox 2176 3631 3832 3704; baseline -0.001 -14"><span class='ocrx_word' id='word_1_650' title='bbox 2176 3633 2358 3690; x_wconf 90' lang='lat' dir='ltr'><strong>fuisse</strong></span> <span class='ocrx_word' id='word_1_651' title='bbox 2391 3631 2674 3688; x_wconf 90' lang='lat' dir='ltr'><strong>discimus</strong></span> <span class='ocrx_word' id='word_1_652' title='bbox 2704 3648 2774 3688; x_wconf 84' lang='lat' dir='ltr'><strong>ex</strong></span> <span class='ocrx_word' id='word_1_653' title='bbox 2801 3631 2981 3688; x_wconf 89' lang='lat' dir='ltr'><strong>variis</strong></span> <span class='ocrx_word' id='word_1_654' title='bbox 3005 3631 3229 3704; x_wconf 89' lang='lat' dir='ltr'><strong>passim</strong></span> <span class='ocrx_word' id='word_1_655' title='bbox 3250 3631 3663 3688; x_wconf 88' lang='lat' dir='ltr'><strong>instrumentis</strong></span> <span class='ocrx_word' id='word_1_656' title='bbox 3686 3633 3832 3689; x_wconf 87' lang='lat' dir='ltr'><strong>anti-</strong></span> 
     </span>
    </p>
   </div>
   <div class='ocr_carea' id='block_1_99' title="bbox 2177 3719 3834 3794">
    <p class='ocr_par' dir='ltr' id='par_1_99' title="bbox 2177 3719 3834 3794">
     <span class='ocr_line' id='line_1_99' title="bbox 2177 3719 3834 3794; baseline -0.001 -16"><span class='ocrx_word' id='word_1_657' title='bbox 2177 3722 2310 3794; x_wconf 91' lang='lat' dir='ltr'><strong>quis</strong></span> <span class='ocrx_word' id='word_1_658' title='bbox 2331 3725 2389 3778; x_wconf 91' lang='lat' dir='ltr'><strong>et</strong></span> <span class='ocrx_word' id='word_1_659' title='bbox 2419 3720 2736 3794; x_wconf 78' lang='lat' dir='ltr'><strong>pontificiis</strong></span> <span class='ocrx_word' id='word_1_660' title='bbox 2765 3719 3210 3792; x_wconf 90' lang='lat' dir='ltr'><strong>diplomatibus.</strong></span> <span class='ocrx_word' id='word_1_661' title='bbox 3235 3719 3449 3776; x_wconf 90' lang='lat' dir='ltr'><strong>Mirum</strong></span> <span class='ocrx_word' id='word_1_662' title='bbox 3490 3725 3694 3778; x_wconf 88' lang='lat' dir='ltr'><strong>autem</strong></span> <span class='ocrx_word' id='word_1_663' title='bbox 3743 3726 3834 3778; x_wconf 86' lang='lat' dir='ltr'><strong>est</strong></span> 
     </span>
    </p>
   </div>
   <div class='ocr_carea' id='block_1_100' title="bbox 2179 3809 3833 3884">
    <p class='ocr_par' dir='ltr' id='par_1_100' title="bbox 2179 3809 3833 3884">
     <span class='ocr_line' id='line_1_100' title="bbox 2179 3809 3833 3884; baseline -0.001 -17"><span class='ocrx_word' id='word_1_664' title='bbox 2179 3814 2395 3884; x_wconf 86' lang='lat' dir='ltr'><strong>quanto</strong></span> <span class='ocrx_word' id='word_1_665' title='bbox 2427 3809 2609 3866; x_wconf 89' lang='lat' dir='ltr'><strong>animi</strong></span> <span class='ocrx_word' id='word_1_666' title='bbox 2641 3810 2872 3878; x_wconf 74' lang='lat' dir='ltr'><strong>affectu,</strong></span> <span class='ocrx_word' id='word_1_667' title='bbox 2907 3813 3198 3881; x_wconf 88' lang='lat' dir='ltr'><strong>quantave</strong></span> <span class='ocrx_word' id='word_1_668' title='bbox 3228 3812 3550 3865; x_wconf 88' lang='lat' dir='ltr'><strong>reverentia</strong></span> <span class='ocrx_word' id='word_1_669' title='bbox 3568 3811 3833 3882; x_wconf 83' lang='lat' dir='ltr'><strong>pontifex</strong></span> 
     </span>
    </p>
   </div>
   <div class='ocr_carea' id='block_1_101' title="bbox 2177 3897 3834 3972">
    <p class='ocr_par' dir='ltr' id='par_1_101' title="bbox 2177 3897 3834 3972">
     <span class='ocr_line' id='line_1_101' title="bbox 2177 3897 3834 3972; baseline 0.001 -17"><span class='ocrx_word' id='word_1_670' title='bbox 2177 3899 2395 3972; x_wconf 89' lang='lat' dir='ltr'><strong>ubique</strong></span> <span class='ocrx_word' id='word_1_671' title='bbox 2417 3902 2684 3970; x_wconf 91' lang='lat' dir='ltr'><strong>receptus</strong></span> <span class='ocrx_word' id='word_1_672' title='bbox 2715 3897 2910 3966; x_wconf 87' lang='lat' dir='ltr'><strong>fuerit,</strong></span> <span class='ocrx_word' id='word_1_673' title='bbox 2958 3913 3062 3970; x_wconf 93' lang='lat' dir='ltr'><strong>pro</strong></span> <span class='ocrx_word' id='word_1_674' title='bbox 3119 3897 3322 3952; x_wconf 88' lang='lat' dir='ltr'><strong>innata</strong></span> <span class='ocrx_word' id='word_1_675' title='bbox 3367 3897 3426 3953; x_wconf 89' lang='lat' dir='ltr'><strong>in</strong></span> <span class='ocrx_word' id='word_1_676' title='bbox 3471 3898 3834 3956; x_wconf 87' lang='lat' dir='ltr'><strong>Francorum</strong></span> 
     </span>
    </p>
   </div>
   <div class='ocr_carea' id='block_1_102' title="bbox 2177 3976 3836 4060">
    <p class='ocr_par' dir='ltr' id='par_1_102' title="bbox 2177 3976 3836 4060">
     <span class='ocr_line' id='line_1_102' title="bbox 2177 3976 3836 4060; baseline -0.001 -15"><span class='ocrx_word' id='word_1_677' title='bbox 2177 3987 2476 4044; x_wconf 91' lang='lat' dir='ltr'><strong>mentibus</strong></span> <span class='ocrx_word' id='word_1_678' title='bbox 2507 4003 2646 4060; x_wconf 89' lang='lat' dir='ltr'><strong>erga</strong></span> <span class='ocrx_word' id='word_1_679' title='bbox 2675 3987 2875 4043; x_wconf 90' lang='lat' dir='ltr'><strong>sedem</strong></span> <span class='ocrx_word' id='word_1_680' title='bbox 2907 3984 3287 4060; x_wconf 88' lang='lat' dir='ltr'><strong>apostolicam</strong></span> <span class='ocrx_word' id='word_1_681' title='bbox 3308 3989 3366 4043; x_wconf 91' lang='lat' dir='ltr'><strong>et</strong></span> <span class='ocrx_word' id='word_1_682' title='bbox 3385 3976 3836 4058; x_wconf 49' lang='lat' dir='ltr'><strong>ejus&#39;antistites</strong></span> 
     </span>
    </p>
   </div>
   <div class='ocr_carea' id='block_1_103' title="bbox 2178 4073 3830 4151">
    <p class='ocr_par' dir='ltr' id='par_1_103' title="bbox 2178 4073 3830 4151">
     <span class='ocr_line' id='line_1_103' title="bbox 2178 4073 3830 4151; baseline 0.001 -19"><span class='ocrx_word' id='word_1_683' title='bbox 2178 4077 2406 4132; x_wconf 82' lang='lat' dir='ltr'><strong>sincera</strong></span> <span class='ocrx_word' id='word_1_684' title='bbox 2433 4073 2756 4142; x_wconf 86' lang='lat' dir='ltr'><strong>devotione,</strong></span> <span class='ocrx_word' id='word_1_685' title='bbox 2790 4091 2919 4148; x_wconf 64' lang='lat' dir='ltr'><strong>qua</strong></span> <span class='ocrx_word' id='word_1_686' title='bbox 2949 4091 3016 4131; x_wconf 93' lang='lat' dir='ltr'><strong>eo</strong></span> <span class='ocrx_word' id='word_1_687' title='bbox 3049 4076 3238 4146; x_wconf 89' lang='lat' dir='ltr'><strong>major</strong></span> <span class='ocrx_word' id='word_1_688' title='bbox 3279 4080 3421 4132; x_wconf 88' lang='lat' dir='ltr'><strong>tunc</strong></span> <span class='ocrx_word' id='word_1_689' title='bbox 3478 4074 3614 4142; x_wconf 85' lang='lat' dir='ltr'><strong>fuit,</strong></span> <span class='ocrx_word' id='word_1_690' title='bbox 3673 4078 3830 4151; x_wconf 88' lang='lat' dir='ltr'><strong>quod</strong></span> 
     </span>
    </p>
   </div>
   <div class='ocr_carea' id='block_1_104' title="bbox 2178 4163 3836 4240">
    <p class='ocr_par' dir='ltr' id='par_1_104' title="bbox 2178 4163 3836 4240">
     <span class='ocr_line' id='line_1_104' title="bbox 2178 4163 3836 4240; baseline 0.001 -18"><span class='ocrx_word' id='word_1_691' title='bbox 2178 4165 2439 4240; x_wconf 88' lang='lat' dir='ltr'><strong>pontifex</strong></span> <span class='ocrx_word' id='word_1_692' title='bbox 2468 4181 2536 4221; x_wconf 86' lang='lat' dir='ltr'><strong>ex</strong></span> <span class='ocrx_word' id='word_1_693' title='bbox 2563 4163 2694 4236; x_wconf 91' lang='lat' dir='ltr'><strong>ipsa</strong></span> <span class='ocrx_word' id='word_1_694' title='bbox 2722 4163 3006 4221; x_wconf 75' lang='lat' dir='ltr'><strong>Francicze</strong></span> <span class='ocrx_word' id='word_1_695' title='bbox 3037 4163 3229 4238; x_wconf 83' lang='lat' dir='ltr'><strong>gentis</strong></span> <span class='ocrx_word' id='word_1_696' title='bbox 3247 4163 3553 4222; x_wconf 85' lang='lat' dir='ltr'><strong>nobilitate</strong></span> <span class='ocrx_word' id='word_1_697' title='bbox 3572 4171 3836 4236; x_wconf 84' lang='lat' dir='ltr'><strong>exortus,</strong></span> 
     </span>
    </p>
   </div>
   <div class='ocr_carea' id='block_1_105' title="bbox 2179 4251 3842 4322">
    <p class='ocr_par' dir='ltr' id='par_1_105' title="bbox 2179 4251 3842 4322">
     <span class='ocr_line' id='line_1_105' title="bbox 2179 4251 3842 4322; baseline 0.001 -12"><span class='ocrx_word' id='word_1_698' title='bbox 2179 4253 2488 4310; x_wconf 90' lang='lat' dir='ltr'><strong>sanctitate</strong></span> <span class='ocrx_word' id='word_1_699' title='bbox 2519 4267 2585 4308; x_wconf 90' lang='lat' dir='ltr'><strong>ac</strong></span> <span class='ocrx_word' id='word_1_700' title='bbox 2610 4252 2826 4308; x_wconf 89' lang='lat' dir='ltr'><strong>virtute</strong></span> <span class='ocrx_word' id='word_1_701' title='bbox 2853 4255 2913 4308; x_wconf 93' lang='lat' dir='ltr'><strong>et</strong></span> <span class='ocrx_word' id='word_1_702' title='bbox 2939 4252 3208 4309; x_wconf 89' lang='lat' dir='ltr'><strong>doctrina</strong></span> <span class='ocrx_word' id='word_1_703' title='bbox 3257 4251 3502 4309; x_wconf 88' lang='lat' dir='ltr'><strong>celebris</strong></span> <span class='ocrx_word' id='word_1_704' title='bbox 3549 4259 3739 4322; x_wconf 88' lang='lat' dir='ltr'><strong>esset,</strong></span> <span class='ocrx_word' id='word_1_705' title='bbox 3785 4261 3842 4311; x_wconf 88' lang='lat' dir='ltr'><strong>et</strong></span> 
     </span>
    </p>
   </div>
   <div class='ocr_carea' id='block_1_106' title="bbox 2178 4339 3840 4416">
    <p class='ocr_par' dir='ltr' id='par_1_106' title="bbox 2178 4339 3840 4416">
     <span class='ocr_line' id='line_1_106' title="bbox 2178 4339 3840 4416; baseline 0.001 -18"><span class='ocrx_word' id='word_1_706' title='bbox 2178 4341 2472 4416; x_wconf 60' lang='lat' dir='ltr'><strong>praelatis</strong></span> <span class='ocrx_word' id='word_1_707' title='bbox 2501 4339 2710 4398; x_wconf 67' lang='lat' dir='ltr'><strong>animae</strong></span> <span class='ocrx_word' id='word_1_708' title='bbox 2747 4357 2814 4397; x_wconf 88' lang='lat' dir='ltr'><strong>ac</strong></span> <span class='ocrx_word' id='word_1_709' title='bbox 2843 4340 3104 4413; x_wconf 90' lang='lat' dir='ltr'><strong>corporis</strong></span> <span class='ocrx_word' id='word_1_710' title='bbox 3134 4339 3370 4399; x_wconf 89' lang='lat' dir='ltr'><strong>dotibus</strong></span> <span class='ocrx_word' id='word_1_711' title='bbox 3400 4341 3582 4414; x_wconf 89' lang='lat' dir='ltr'><strong>probe</strong></span> <span class='ocrx_word' id='word_1_712' title='bbox 3607 4342 3840 4400; x_wconf 89' lang='lat' dir='ltr'><strong>instru-</strong></span> 
     </span>
    </p>
   </div>
   <div class='ocr_carea' id='block_1_107' title="bbox 2178 4428 3838 4488">
    <p class='ocr_par' dir='ltr' id='par_1_107' title="bbox 2178 4428 3838 4488">
     <span class='ocr_line' id='line_1_107' title="bbox 2178 4428 3838 4488; baseline -0.001 -1"><span class='ocrx_word' id='word_1_713' title='bbox 2178 4434 2328 4487; x_wconf 90' lang='lat' dir='ltr'><strong>ctus.</strong></span> <span class='ocrx_word' id='word_1_714' title='bbox 2359 4429 2534 4486; x_wconf 88' lang='lat' dir='ltr'><strong>Addit</strong></span> <span class='ocrx_word' id='word_1_715' title='bbox 2563 4429 2878 4486; x_wconf 89' lang='lat' dir='ltr'><strong>Guibertus</strong></span> <span class='ocrx_word' id='word_1_716' title='bbox 2907 4428 3082 4486; x_wconf 89' lang='lat' dir='ltr'><strong>aliam</strong></span> <span class='ocrx_word' id='word_1_717' title='bbox 3110 4433 3284 4486; x_wconf 61' lang='lat' dir='ltr'><strong>tanta;</strong></span> <span class='ocrx_word' id='word_1_718' title='bbox 3310 4429 3524 4486; x_wconf 72' lang='lat' dir='ltr'><strong>laetitia:</strong></span> <span class='ocrx_word' id='word_1_719' title='bbox 3552 4447 3838 4488; x_wconf 86' lang='lat' dir='ltr'><strong>causam:</strong></span> 
     </span>
    </p>
   </div>
   <div class='ocr_carea' id='block_1_108' title="bbox 2176 4517 3842 4592">
    <p class='ocr_par' dir='ltr' id='par_1_108' title="bbox 2176 4517 3842 4592">
     <span class='ocr_line' id='line_1_108' title="bbox 2176 4517 3842 4592; baseline -0.001 -15"><span class='ocrx_word' id='word_1_720' title='bbox 2176 4525 2350 4592; x_wconf 87' lang='lat' dir='ltr'><strong>Papa,</strong></span> <span class='ocrx_word' id='word_1_721' title='bbox 2380 4517 2594 4590; x_wconf 90' lang='lat' dir='ltr'><strong>inquit,</strong></span> <span class='ocrx_word' id='word_1_722' title='bbox 2623 4520 2785 4587; x_wconf 87' lang='lat' dir='ltr'><strong>regni</strong></span> <span class='ocrx_word' id='word_1_723' title='bbox 2812 4519 2990 4575; x_wconf 87' lang='lat' dir='ltr'><strong>nostri</strong></span> <span class='ocrx_word' id='word_1_724' title='bbox 3017 4517 3154 4588; x_wconf 78' lang='lat' dir='ltr'><strong>ﬁnes</strong></span> <span class='ocrx_word' id='word_1_725' title='bbox 3185 4519 3500 4590; x_wconf 78' lang='lat' dir='ltr'><strong>ingrediens</strong></span> <span class='ocrx_word' id='word_1_726' title='bbox 3530 4523 3689 4578; x_wconf 81' lang='lat' dir='ltr'><strong>tanta</strong></span> <span class='ocrx_word' id='word_1_727' title='bbox 3745 4539 3842 4576; x_wconf 82' lang='lat' dir='ltr'><strong>ur-</strong></span> 
     </span>
    </p>
   </div>
   <div class='ocr_carea' id='block_1_109' title="bbox 2099 4606 3846 4690">
    <p class='ocr_par' dir='ltr' id='par_1_109' title="bbox 2099 4606 3846 4690">
     <span class='ocr_line' id='line_1_109' title="bbox 2099 4606 3846 4690; baseline 0.002 -26"><span class='ocrx_word' id='word_1_728' title='bbox 2099 4624 2147 4690; x_wconf 80' lang='lat' dir='ltr'><strong>D</strong></span> <span class='ocrx_word' id='word_1_729' title='bbox 2179 4610 2349 4676; x_wconf 88' lang='lat' dir='ltr'><strong>bium,</strong></span> <span class='ocrx_word' id='word_1_730' title='bbox 2368 4606 2712 4680; x_wconf 85' lang='lat' dir='ltr'><strong>oppidorum,</strong></span> <span class='ocrx_word' id='word_1_731' title='bbox 2739 4608 3112 4679; x_wconf 85' lang='lat' dir='ltr'><strong>villarumque</strong></span> <span class='ocrx_word' id='word_1_732' title='bbox 3144 4609 3344 4664; x_wconf 57' lang='lat' dir='ltr'><strong>latitia</strong></span> <span class='ocrx_word' id='word_1_733' title='bbox 3369 4612 3423 4664; x_wconf 84' lang='lat' dir='ltr'><strong>et</strong></span> <span class='ocrx_word' id='word_1_734' title='bbox 3478 4612 3846 4667; x_wconf 82' lang='lat' dir='ltr'><strong>concursione</strong></span> 
     </span>
    </p>
   </div>
   <div class='ocr_carea' id='block_1_110' title="bbox 2183 4696 3847 4770">
    <p class='ocr_par' dir='ltr' id='par_1_110' title="bbox 2183 4696 3847 4770">
     <span class='ocr_line' id='line_1_110' title="bbox 2183 4696 3847 4770; baseline 0 -16"><span class='ocrx_word' id='word_1_735' title='bbox 2183 4699 2476 4770; x_wconf 72' lang='lat' dir='ltr'><strong>excipitur,</strong></span> <span class='ocrx_word' id='word_1_736' title='bbox 2510 4700 2712 4768; x_wconf 88' lang='lat' dir='ltr'><strong>quanto</strong></span> <span class='ocrx_word' id='word_1_737' title='bbox 2733 4697 2981 4751; x_wconf 88' lang='lat' dir='ltr'><strong>omnium</strong></span> <span class='ocrx_word' id='word_1_738' title='bbox 3035 4697 3132 4768; x_wconf 90' lang='lat' dir='ltr'><strong>qui</strong></span> <span class='ocrx_word' id='word_1_739' title='bbox 3185 4696 3500 4752; x_wconf 86' lang='lat' dir='ltr'><strong>adviverent</strong></span> <span class='ocrx_word' id='word_1_740' title='bbox 3554 4701 3847 4758; x_wconf 86' lang='lat' dir='ltr'><strong>memoriis</strong></span> 
     </span>
    </p>
   </div>
   <div class='ocr_carea' id='block_1_111' title="bbox 2181 4783 3846 4859">
    <p class='ocr_par' dir='ltr' id='par_1_111' title="bbox 2181 4783 3846 4859">
     <span class='ocr_line' id='line_1_111' title="bbox 2181 4783 3846 4859; baseline -0.001 -16"><span class='ocrx_word' id='word_1_741' title='bbox 2181 4788 2576 4859; x_wconf 89' lang='lat' dir='ltr'><strong>incompertum</strong></span> <span class='ocrx_word' id='word_1_742' title='bbox 2601 4786 2786 4856; x_wconf 79' lang='lat' dir='ltr'><strong>fuerat</strong></span> <span class='ocrx_word' id='word_1_743' title='bbox 2814 4783 2956 4856; x_wconf 89' lang='lat' dir='ltr'><strong>quod</strong></span> <span class='ocrx_word' id='word_1_744' title='bbox 2984 4783 3284 4856; x_wconf 86' lang='lat' dir='ltr'><strong>aliquando</strong></span> <span class='ocrx_word' id='word_1_745' title='bbox 3327 4786 3640 4857; x_wconf 70' lang='lat' dir='ltr'><strong>apostolica:</strong></span> <span class='ocrx_word' id='word_1_746' title='bbox 3699 4787 3846 4844; x_wconf 84' lang='lat' dir='ltr'><strong>sedis</strong></span> 
     </span>
    </p>
   </div>
   <div class='ocr_carea' id='block_1_112' title="bbox 2179 4872 3849 4944">
    <p class='ocr_par' dir='ltr' id='par_1_112' title="bbox 2179 4872 3849 4944">
     <span class='ocr_line' id='line_1_112' title="bbox 2179 4872 3849 4944; baseline -0.001 -12"><span class='ocrx_word' id='word_1_747' title='bbox 2179 4876 2424 4932; x_wconf 87' lang='lat' dir='ltr'><strong>antistes&#39;</strong></span> <span class='ocrx_word' id='word_1_748' title='bbox 2444 4876 2505 4929; x_wconf 90' lang='lat' dir='ltr'><strong>in</strong></span> <span class='ocrx_word' id='word_1_749' title='bbox 2557 4873 2804 4944; x_wconf 83' lang='lat' dir='ltr'><strong>regiones</strong></span> <span class='ocrx_word' id='word_1_750' title='bbox 2860 4873 2956 4928; x_wconf 85' lang='lat' dir='ltr'><strong>has</strong></span> <span class='ocrx_word' id='word_1_751' title='bbox 3006 4873 3218 4929; x_wconf 86' lang='lat' dir='ltr'><strong>venisse</strong></span> <span class='ocrx_word' id='word_1_752' title='bbox 3274 4872 3567 4930; x_wconf 88' lang='lat' dir='ltr'><strong>videretur.</strong></span> <span class='ocrx_word' id='word_1_753' title='bbox 3631 4874 3849 4932; x_wconf 86' lang='lat' dir='ltr'><strong>Nullus</strong></span> 
     </span>
    </p>
   </div>
   <div class='ocr_carea' id='block_1_113' title="bbox 2180 4961 3846 5038">
    <p class='ocr_par' dir='ltr' id='par_1_113' title="bbox 2180 4961 3846 5038">
     <span class='ocr_line' id='line_1_113' title="bbox 2180 4961 3846 5038; baseline 0 -18"><span class='ocrx_word' id='word_1_754' title='bbox 2180 4965 2398 5038; x_wconf 89' lang='lat' dir='ltr'><strong>quippe</strong></span> <span class='ocrx_word' id='word_1_755' title='bbox 2427 4961 2686 5036; x_wconf 85' lang='lat' dir='ltr'><strong>pontifex</strong></span> <span class='ocrx_word' id='word_1_756' title='bbox 2716 4978 2750 5017; x_wconf 92' lang='lat' dir='ltr'><strong>a</strong></span> <span class='ocrx_word' id='word_1_757' title='bbox 2780 4961 2987 5018; x_wconf 90' lang='lat' dir='ltr'><strong>Leonis</strong></span> <span class='ocrx_word' id='word_1_758' title='bbox 3018 4963 3097 5018; x_wconf 86' lang='lat' dir='ltr'><strong>IX</strong></span> <span class='ocrx_word' id='word_1_759' title='bbox 3125 4965 3387 5035; x_wconf 88' lang='lat' dir='ltr'><strong>tempore</strong></span> <span class='ocrx_word' id='word_1_760' title='bbox 3409 4961 3470 5018; x_wconf 92' lang='lat' dir='ltr'><strong>in</strong></span> <span class='ocrx_word' id='word_1_761' title='bbox 3499 4961 3733 5020; x_wconf 86' lang='lat' dir='ltr'><strong>Gallias</strong></span> <span class='ocrx_word' id='word_1_762' title='bbox 3773 4964 3846 5022; x_wconf 85' lang='lat' dir='ltr'><strong>ad</strong></span> 
     </span>
    </p>
   </div>
   <div class='ocr_carea' id='block_1_114' title="bbox 2179 5050 3358 5124">
    <p class='ocr_par' dir='ltr' id='par_1_114' title="bbox 2179 5050 3358 5124">
     <span class='ocr_line' id='line_1_114' title="bbox 2179 5050 3358 5124; baseline -0.003 -15"><span class='ocrx_word' id='word_1_763' title='bbox 2179 5051 2399 5110; x_wconf 89' lang='lat' dir='ltr'><strong>Urbani</strong></span> <span class='ocrx_word' id='word_1_764' title='bbox 2421 5055 2689 5124; x_wconf 86' lang='lat' dir='ltr'><strong>tempora</strong></span> <span class='ocrx_word' id='word_1_765' title='bbox 2715 5050 2946 5108; x_wconf 85' lang='lat' dir='ltr'><strong>venisse</strong></span> <span class='ocrx_word' id='word_1_766' title='bbox 2976 5053 3358 5108; x_wconf 88' lang='lat' dir='ltr'><strong>memoratur.</strong></span> 
     </span>
    </p>
   </div>
   <div class='ocr_carea' id='block_1_115' title="bbox 2179 5156 3846 5230">
    <p class='ocr_par' dir='ltr' id='par_1_115' title="bbox 2179 5156 3846 5230">
     <span class='ocr_line' id='line_1_115' title="bbox 2179 5156 3846 5230; baseline -0.001 -14"><span class='ocrx_word' id='word_1_767' title='bbox 2179 5157 2392 5216; x_wconf 88' lang='lat' dir='ltr'><strong>CXCII.</strong></span> <span class='ocrx_word' id='word_1_768' title='bbox 2419 5157 2718 5230; x_wconf 69' lang='lat' dir='ltr'><strong>Ecclesium</strong></span> <span class='ocrx_word' id='word_1_769' title='bbox 2748 5157 2896 5230; x_wconf 71' lang='lat' dir='ltr'><strong>Cosse</strong></span> <span class='ocrx_word' id='word_1_770' title='bbox 2925 5157 3028 5230; x_wconf 77' lang='lat' dir='ltr'><strong>Dei</strong></span> <span class='ocrx_word' id='word_1_771' title='bbox 3073 5156 3304 5230; x_wconf 68' lang='lat' dir='ltr'><strong>dedicat.</strong></span> <span class='ocrx_word' id='word_1_772' title='bbox 3346 5157 3652 5230; x_wconf 85' lang='lat' dir='ltr'><strong>Privilegia</strong></span> <span class='ocrx_word' id='word_1_773' title='bbox 3713 5176 3846 5218; x_wconf 54' lang='lat' dir='ltr'><strong>con.</strong></span> 
     </span>
    </p>
   </div>
   <div class='ocr_carea' id='block_1_116' title="bbox 2489 5227 3507 5300">
    <p class='ocr_par' dir='ltr' id='par_1_116' title="bbox 2489 5227 3507 5300">
     <span class='ocr_line' id='line_1_116' title="bbox 2489 5227 3507 5300; baseline 0.001 -17"><span class='ocrx_word' id='word_1_774' title='bbox 2489 5227 2648 5285; x_wconf 86' lang='lat' dir='ltr'><strong>cedit.</strong></span> <span class='ocrx_word' id='word_1_775' title='bbox 2679 5230 2814 5285; x_wconf 80' lang='lat' dir='ltr'><strong>Item</strong></span> <span class='ocrx_word' id='word_1_776' title='bbox 2841 5229 3138 5284; x_wconf 86' lang='lat' dir='ltr'><strong>Basiliensi</strong></span> <span class='ocrx_word' id='word_1_777' title='bbox 3152 5227 3507 5300; x_wconf 84' lang='lat' dir='ltr'><strong>parthenoni.</strong></span> 
     </span>
    </p>
   </div>
   <div class='ocr_carea' id='block_1_117' title="bbox 2250 5313 3848 5390">
    <p class='ocr_par' dir='ltr' id='par_1_117' title="bbox 2250 5313 3848 5390">
     <span class='ocr_line' id='line_1_117' title="bbox 2250 5313 3848 5390; baseline 0.001 -17"><span class='ocrx_word' id='word_1_778' title='bbox 2250 5316 2520 5373; x_wconf 89' lang='lat' dir='ltr'><strong>Urbanus</strong></span> <span class='ocrx_word' id='word_1_779' title='bbox 2544 5315 2742 5390; x_wconf 89' lang='lat' dir='ltr'><strong>itaque</strong></span> <span class='ocrx_word' id='word_1_780' title='bbox 2769 5315 2971 5373; x_wconf 90' lang='lat' dir='ltr'><strong>Anicio</strong></span> <span class='ocrx_word' id='word_1_781' title='bbox 3001 5331 3300 5390; x_wconf 87' lang='lat' dir='ltr'><strong>egressus,</strong></span> <span class='ocrx_word' id='word_1_782' title='bbox 3333 5316 3597 5390; x_wconf 90' lang='lat' dir='ltr'><strong>primum</strong></span> <span class='ocrx_word' id='word_1_783' title='bbox 3617 5313 3684 5374; x_wconf 79' lang='lat' dir='ltr'><strong>in</strong></span> <span class='ocrx_word' id='word_1_784' title='bbox 3719 5334 3848 5375; x_wconf 87' lang='lat' dir='ltr'><strong>mo-</strong></span> 
     </span>
    </p>
   </div>
   <div class='ocr_carea' id='block_1_118' title="bbox 2179 5403 3850 5480">
    <p class='ocr_par' dir='ltr' id='par_1_118' title="bbox 2179 5403 3850 5480">
     <span class='ocr_line' id='line_1_118' title="bbox 2179 5403 3850 5480; baseline 0.004 -20"><span class='ocrx_word' id='word_1_785' title='bbox 2179 5405 2506 5462; x_wconf 90' lang='lat' dir='ltr'><strong>nasterium</strong></span> <span class='ocrx_word' id='word_1_786' title='bbox 2535 5406 2692 5462; x_wconf 67' lang='lat' dir='ltr'><strong>Casa:</strong></span> <span class='ocrx_word' id='word_1_787' title='bbox 2708 5403 2809 5461; x_wconf 91' lang='lat' dir='ltr'><strong>Dei</strong></span> <span class='ocrx_word' id='word_1_788' title='bbox 2827 5404 3394 5475; x_wconf 88' lang='lat' dir='ltr'><strong>divertissevidetur,</strong></span> <span class='ocrx_word' id='word_1_789' title='bbox 3426 5405 3528 5462; x_wconf 92' lang='lat' dir='ltr'><strong>ubi</strong></span> <span class='ocrx_word' id='word_1_790' title='bbox 3548 5406 3625 5462; x_wconf 89' lang='lat' dir='ltr'><strong>ad</strong></span> <span class='ocrx_word' id='word_1_791' title='bbox 3635 5424 3850 5480; x_wconf 85' lang='lat' dir='ltr'><strong>preces</strong></span> 
     </span>
    </p>
   </div>
   <div class='ocr_carea' id='block_1_119' title="bbox 2179 5492 3850 5566">
    <p class='ocr_par' dir='ltr' id='par_1_119' title="bbox 2179 5492 3850 5566">
     <span class='ocr_line' id='line_1_119' title="bbox 2179 5492 3850 5566; baseline 0.003 -17"><span class='ocrx_word' id='word_1_792' title='bbox 2179 5493 2368 5550; x_wconf 91' lang='lat' dir='ltr'><strong>Pontii</strong></span> <span class='ocrx_word' id='word_1_793' title='bbox 2391 5495 2518 5566; x_wconf 89' lang='lat' dir='ltr'><strong>ejus</strong></span> <span class='ocrx_word' id='word_1_794' title='bbox 2540 5493 2652 5550; x_wconf 91' lang='lat' dir='ltr'><strong>loci</strong></span> <span class='ocrx_word' id='word_1_795' title='bbox 2684 5493 2916 5550; x_wconf 88' lang='lat' dir='ltr'><strong>abbatis</strong></span> <span class='ocrx_word' id='word_1_796' title='bbox 2947 5492 3256 5550; x_wconf 88' lang='lat' dir='ltr'><strong>ecclesiam</strong></span> <span class='ocrx_word' id='word_1_797' title='bbox 3285 5511 3320 5551; x_wconf 88' lang='lat' dir='ltr'><strong>a</strong></span> <span class='ocrx_word' id='word_1_798' title='bbox 3349 5497 3554 5551; x_wconf 88' lang='lat' dir='ltr'><strong>sancto</strong></span> <span class='ocrx_word' id='word_1_799' title='bbox 3584 5495 3850 5553; x_wconf 79' lang='lat' dir='ltr'><strong>Roberto</strong></span> 
     </span>
    </p>
   </div>
   <div class='ocr_carea' id='block_1_120' title="bbox 2179 5581 3852 5657">
    <p class='ocr_par' dir='ltr' id='par_1_120' title="bbox 2179 5581 3852 5657">
     <span class='ocr_line' id='line_1_120' title="bbox 2179 5581 3852 5657; baseline 0.001 -19"><span class='ocrx_word' id='word_1_800' title='bbox 2179 5581 2370 5655; x_wconf 89' lang='lat' dir='ltr'><strong>primo</strong></span> <span class='ocrx_word' id='word_1_801' title='bbox 2402 5581 2741 5639; x_wconf 76' lang='lat' dir='ltr'><strong>monasterii</strong></span> <span class='ocrx_word' id='word_1_802' title='bbox 2770 5581 2980 5638; x_wconf 89' lang='lat' dir='ltr'><strong>abbate</strong></span> <span class='ocrx_word' id='word_1_803' title='bbox 3011 5585 3067 5638; x_wconf 91' lang='lat' dir='ltr'><strong>et</strong></span> <span class='ocrx_word' id='word_1_804' title='bbox 3088 5582 3388 5639; x_wconf 72' lang='lat' dir='ltr'><strong>conditore</strong></span> <span class='ocrx_word' id='word_1_805' title='bbox 3418 5583 3752 5657; x_wconf 69' lang='lat' dir='ltr'><strong>incoeptum</strong></span> <span class='ocrx_word' id='word_1_806' title='bbox 3795 5587 3852 5640; x_wconf 85' lang='lat' dir='ltr'><strong>et</strong></span> 
     </span>
    </p>
   </div>
   <div class='ocr_carea' id='block_1_121' title="bbox 2179 5669 3851 5744">
    <p class='ocr_par' dir='ltr' id='par_1_121' title="bbox 2179 5669 3851 5744">
     <span class='ocr_line' id='line_1_121' title="bbox 2179 5669 3851 5744; baseline 0.002 -16"><span class='ocrx_word' id='word_1_807' title='bbox 2179 5671 2253 5728; x_wconf 87' lang='lat' dir='ltr'><strong>ab</strong></span> <span class='ocrx_word' id='word_1_808' title='bbox 2281 5671 2409 5744; x_wconf 91' lang='lat' dir='ltr'><strong>ipso</strong></span> <span class='ocrx_word' id='word_1_809' title='bbox 2441 5669 2642 5730; x_wconf 81' lang='lat' dir='ltr'><strong>Pontio</strong></span> <span class='ocrx_word' id='word_1_810' title='bbox 2667 5674 2809 5726; x_wconf 88' lang='lat' dir='ltr'><strong>tunc</strong></span> <span class='ocrx_word' id='word_1_811' title='bbox 2840 5669 3193 5740; x_wconf 87' lang='lat' dir='ltr'><strong>absolutam,</strong></span> <span class='ocrx_word' id='word_1_812' title='bbox 3219 5672 3280 5728; x_wconf 92' lang='lat' dir='ltr'><strong>in</strong></span> <span class='ocrx_word' id='word_1_813' title='bbox 3303 5671 3590 5729; x_wconf 87' lang='lat' dir='ltr'><strong>honorem</strong></span> <span class='ocrx_word' id='word_1_814' title='bbox 3612 5678 3851 5731; x_wconf 88' lang='lat' dir='ltr'><strong>sancto-</strong></span> 
     </span>
    </p>
   </div>
   <div class='ocr_carea' id='block_1_122' title="bbox 2178 5757 3852 5834">
    <p class='ocr_par' dir='ltr' id='par_1_122' title="bbox 2178 5757 3852 5834">
     <span class='ocr_line' id='line_1_122' title="bbox 2178 5757 3852 5834; baseline 0.003 -18"><span class='ocrx_word' id='word_1_815' title='bbox 2178 5775 2310 5816; x_wconf 89' lang='lat' dir='ltr'><strong>rum</strong></span> <span class='ocrx_word' id='word_1_816' title='bbox 2339 5757 2545 5818; x_wconf 86' lang='lat' dir='ltr'><strong>Vitalis</strong></span> <span class='ocrx_word' id='word_1_817' title='bbox 2576 5762 2636 5818; x_wconf 91' lang='lat' dir='ltr'><strong>et</strong></span> <span class='ocrx_word' id='word_1_818' title='bbox 2665 5757 2946 5832; x_wconf 80' lang='lat' dir='ltr'><strong>Agricolae</strong></span> <span class='ocrx_word' id='word_1_819' title='bbox 2968 5764 3294 5834; x_wconf 81' lang='lat' dir='ltr'><strong>martyrum</strong></span> <span class='ocrx_word' id='word_1_820' title='bbox 3316 5759 3668 5822; x_wconf 87' lang='lat' dir='ltr'><strong>solemniter</strong></span> <span class='ocrx_word' id='word_1_821' title='bbox 3688 5762 3852 5822; x_wconf 63' lang='lat' dir='ltr'><strong>dedi»</strong></span> 
     </span>
    </p>
   </div>
  </div>
