3958 6224
144 340 176 406 ⁷1
186 345 260 407 5'7

1778 345 1962 411 VITA
1977 391 1992 409 .

3470 332 3589 419 {se

154 481 295 539 cavit
336 495 412 537 xv
461 478 780 538 Kalendas
842 474 1217 556 Septembris.
1276 480 1338 539 Id
1386 476 1513 557 ipse
1568 481 1826 556 pontifex
1854 482 1910 552 Α
1940 486 2206 542 recturus
2231 481 2487 560 primum
2515 484 3130 558 diverterit,incertum
3151 490 3259 547 est.
3291 489 3587 549 Habemus

46 588 53 605 ι
155 575 398 628 testatur
415 569 478 626 in
515 570 692 627 bulla
715 588 895 645 quam
913 570 1087 644 paulo
1103 573 1236 645 post
1264 571 1451 627 eidem
1472 572 1826 629 monasterio

158 663 302 735 apud
336 662 638 717 Sanctum
662 661 960 734 zEgidium
992 661 1384 717 concessiLDe
1412 661 1504 717 his
1536 666 1701 717 vetus
1723 679 1826 717 au-

157 756 276 807 ctor
311 750 590 806 Historiae
638 753 772 823 ejus
814 750 926 805 loci
970 751 1053 806 sic
1096 750 1358 823 loquitur
1408 768 1420 806 :
1476 756 1640 806 Anno
1690 752 1826 806 1095

162 840 406 898 Urbanus
434 856 587 912 papa
605 841 678 895 ad
687 856 879 911 preces
912 840 1129 895 abbatis
1171 842 1352 895 nostri
1395 840 1606 906 Pontii,
1642 840 1827 895 basili-

158 947 271 986 cam
301 929 705 985 (Iasedeensem
736 946 769 983 a
801 930 953 985 beato
986 929 1209 984 Roberto
1256 930 1564 999 incwptam,
1595 932 1830 1001 tuncque

161 1019 462 1073 absolutam
507 1026 563 1073 et
609 1022 1043 1073 consummatam
1067 1019 1300 1083 solemni
1329 1020 1440 1073 ritu
1472 1018 1562 1073 die
1612 1018 1677 1073 18
1720 1024 1828 1074 Au-

158 1111 302 1176 gusti
321 1106 627 1175 dedicavit,
659 1123 726 1162 ac
752 1109 920 1179 paulo
944 1112 1065 1179 post
1094 1110 1487 1163 monasterium
1526 1107 1758 1163 liberum
1774 1116 1826 1163 et

158 1199 403 1252 immune
447 1197 516 1251 ab
568 1198 944 1268 episcoporum
982 1197 1369 1269 jurisdictione
1410 1199 1558 1268 fecit,
1593 1205 1653 1253 ut
1678 1201 1825 1270 patet

156 1302 224 1341 ex
256 1286 567 1357 diplomate
614 1287 915 1357 pontiﬁcio.
948 1285 1252 1341 Consentit
1299 1286 1616 1341 Gaufridus
1670 1287 1827 1359 prior

153 1373 481 1440 Vosiensis,
518 1374 622 1446 qui
654 1374 714 1428 in
746 1374 1029 1429 Chronico
1060 1375 1143 1429 ait
1174 1374 1473 1430 Urbanum
1523 1375 1632 1429 hoc
1672 1392 1825 1430 anno

153 1465 559 1519 monasterium
609 1463 799 1518 Sancti
842 1464 1059 1519 Roberti
1104 1464 1169 1519 de
1214 1467 1353 1521 Casa
1397 1465 1495 1519 Dei
1534 1465 1591 1518 in
1624 1464 1827 1519 honore

150 1558 475 1607 sanctorum
504 1554 772 1621 Agricola?
802 1557 852 1607 et
889 1554 1101 1621 Vitatis,
1146 1569 1379 1625 quorum
1421 1553 1688 1625 reliquias
1719 1554 1823 1608 ibi-

153 1641 273 1697 dem
316 1641 603 1712 quondam
652 1642 824 1696 Renco
872 1643 1151 1713 episcOpus
1197 1642 1555 1697 Arvernensis
1594 1643 1822 1697 colloca-

155 1739 421 1793 rerat,xv
450 1729 735 1786 Kalendas
783 1729 1110 1801 Septembris
1159 1746 1514 1787 consecrasse.
1553 1731 1613 1786 In
1644 1731 1821 1785 veteri

1938 572 2173 645 quidem
2224 593 2342 649 prae
2389 578 2661 634 manibus
2702 577 3070 651 privilegium
3100 597 3136 634 x
3166 579 3450 637 Kalendas
3481 582 3587 639 Se-

1938 665 2221 733 ptembris
2249 666 2429 736 hujus
2459 667 2597 722 anni
2631 683 2974 723 concessum
3007 669 3305 725 canonicis
3335 670 3587 727 ecclesia

1936 753 2287 809 cathedralis
2315 754 2654 823 Caturcinae,
2689 755 2786 828 qui
2820 755 3149 828 regularem
3179 756 3357 812 vitam
3389 774 3589 813 recens

1936 840 2187 912 amplexi
2222 843 2577 911 fuerant,sed
2603 861 2733 899 cum
2770 845 2826 899 in
2861 844 3092 917 vulgato
3120 844 3384 917 exemplo
3405 847 3592 904 Roma?

1936 930 2140 985 datum
2173 931 2417 1001 dicatur,
2453 934 2605 1005 quod
2637 937 2726 988 est
2756 933 2994 988 omnino
3026 932 3408 1005 impossibile,
3442 934 3589 990 nihil

1937 1019 2053 1074 fere
2082 1019 2232 1076 lucis
2259 1022 2463 1076 alI‘erre
2483 1021 2815 1093 potest,nisi
2838 1022 2984 1077 forte
3020 1039 3126 1094 pro
3150 1023 3342 1078 Romaa
3364 1022 3591 1096 legatur

1936 1110 2321 1181 Romanis,qui
2356 1110 2519 1165 locus
2550 1115 2638 1166 est
2669 1109 2729 1164 in
2762 1109 3077 1175 Dalﬁnatu,
3110 1110 3376 1166 diceeesis
3414 1111 3586 1167 Vien-

1937 1198 2156 1263 nensis,
2195 1198 2427 1253 abbatia
2458 1198 2831 1271 insignis,ubi
2865 1198 3140 1270 pontifex,
3176 1200 3261 1254 uti
3309 1200 3588 1269 diximus,

1934 1284 2096 1340 litem
2131 1287 2201 1341 de
2233 1286 2676 1342 Salmoriacensi
2702 1304 2848 1360 pago
2870 1287 3143 1343 dirimere
3166 1289 3549 1345 constituerat
3572 1306 3585 1345 :

1931 1391 2134 1429 verum
2167 1375 2268 1430 illa
2297 1375 2585 1431 restitutio
2607 1377 2795 1449 magis
2818 1376 3116 1443 arrideret,
3147 1376 3195 1431 si
3224 1378 3360 1432 data
3383 1376 3589 1434 fuisset

1934 1463 2054 1517 haec
2084 1462 2245 1517 bulla
2276 1464 2440 1519 initio
2471 1464 2650 1536 hujus
2684 1465 2923 1532 mensis,
2959 1482 3075 1536 quo
3104 1469 3328 1521 certum
3362 1472 3473 1536 est,
3503 1467 3589 1522 uti

1934 1552 2639 1624 probavimus,Urbanum
2661 1553 2985 1609 Valentiam
3010 1554 3287 1622 adiisse,a
3306 1573 3424 1628 qua
3446 1556 3589 1611 urbe

1932 1640 2090 1696 haud
2126 1640 2375 1697 multum
2411 1643 2777 1699 Romanense
2810 1643 3230 1698 monasterium
3264 1644 3591 1701 distat.Huc

1934 1734 2129 1784 tamen
2163 1727 2383 1785 bullam
2406 1730 2564 1787 illam
2586 1748 2853 1787 revocare
2882 1731 3072 1787 visum
3105 1736 3346 1806 est,quaa
3369 1750 3587 1789 annum

156 1818 369 1874 notitia
391 1835 525 1890 quae
546 1817 1045 1889 subjiciturbullae
1063 1819 1373 1891 pontificiis
1397 1836 1530 1875 mox
1552 1819 1822 1890 laudatis,
1856 1850 1904 1915 Β
1938 1819 2073 1873 1096
2103 1820 2231 1889 ejus
2264 1819 2484 1875 scilicet
2510 1820 2648 1874 anni
2681 1819 2916 1875 initium
2941 1837 2974 1875 a
3003 1821 3209 1876 Martio
3242 1822 3589 1894 praecedenti

157 1912 567 1965 memorantur
595 1907 838 1978 quidam
868 1907 1122 1979 episcopi
1174 1907 1274 1979 qui
1322 1907 1586 1980 pontiﬁci
1622 1908 1679 1962 in
1718 1907 1825 1963 hac

155 1996 524 2054 solemnitati
556 1997 1064 2051 adfuerunt.Facta
1085 2000 1163 2050 est
1182 2001 1457 2062 autem,ut
1486 1997 1563 2052 ibi
1588 1996 1822 2070 legitur,

154 2086 516 2143 dedicationis
547 2084 714 2156 hujus
737 2086 1054 2140 solemnitas
1085 2102 1158 2151 xv
1188 2086 1458 2141 Kalendas
1488 2088 1823 2159 Septembris

147 2176 526 2249 praesentibus
575 2179 629 2229 et
670 2175 1083 2246 cooperantibus
1130 2174 1350 2229 domino
1392 2192 1551 2247 papa‘
1612 2178 1824 2232 Urbano

151 2264 466 2321 rererendis
515 2265 782 2335 episcopis
828 2265 1051 2333 Hugone
1110 2264 1480 2333 Lugdunensi,
1547 2265 1824 2321 Aldeberto

153 2354 515 2420 Bituricensi,
579 2353 773 2408 Amato
842 2351 1251 2424 Burdigalensi,
1309 2354 1568 2409 Dii-rando
1626 2356 1821 2410 Arver-

152 2445 329 2504 nensi.
366 2444 592 2513 Ilugone
615 2443 1151 2513 GratianOpolitano,
1198 2442 1418 2497 Giraldo
1469 2442 1822 2507 Cadurcensi,

152 2534 359 2589 Joanne
426 2532 743 2595 Portuensi,
812 2530 1064 2587 Daiberto
1121 2532 1345 2597 Pisano,
1416 2534 1673 2588 Brunone
1738 2533 1822 2587 Si-

155 2623 365 2691 gnensi.
401 2619 465 2675 In
502 2621 634 2692 ejus
664 2619 935 2675 beneﬁcii
968 2620 1312 2676 memoriam
1349 2619 1567 2676 Urbani
1611 2638 1824 2677 nomen

153 2727 264 2767 non
298 2708 501 2765 solum
546 2708 609 2763 in
652 2710 810 2763 Casae
860 2708 962 2763 Dei
1018 2708 1279 2780 principe
1312 2710 1688 2777 monasterio,
1723 2711 1824 2765 sed

151 2799 330 2856 etiam
385 2797 450 2852 in
499 2796 665 2853 cellis
713 2795 766 2852 ei
821 2797 1104 2868 subjectis
1151 2798 1377 2853 celebre
1425 2797 1626 2863 evasit,
1655 2804 1720 2854 ut
1756 2816 1825 2854 ex

148 2886 504 2960 Necrologio
536 2885 737 2942 Sancti
756 2885 990 2941 Roberti
1010 2884 1387 2942 Cornillionis
1404 2904 1583 2960 prope
1607 2888 1828 2945 Gratia-

145 2976 414 3051 nOpolim
449 2978 635 3048 patet.
670 2974 887 3029 Praeter
914 2973 1136 3030 bullam
1178 2975 1451 3048 superius
1500 2975 1823 3045 laudatam,

145 3067 305 3124 aliud
324 3064 710 3138 privilegium
728 3063 1020 3118 concessit
1044 3063 1313 3121 Urbanus
1325 3064 1513 3121 eidem
1535 3070 1825 3123 monaste-

1935 1908 2269 1979 repetendo.
2319 1912 2384 1962 ut
2433 1907 2783 1981 plerumque
2832 1908 2977 1977 aliis,
3032 1910 3263 1981 praefert
3314 1926 3326 1964 :
3365 1915 3589 1967 certum

1935 1996 2150 2068 quippe
2181 2013 2249 2051 ex
2288 1996 2420 2052 aliis
2467 1998 2620 2052 notis
2668 2014 2796 2053 eam
2847 1997 2917 2052 ad
2972 2002 3317 2070 praesentem
3368 2016 3590 2055 annum

1933 2085 2241 2156 pertinere,
2277 2102 2381 2141 nec
2411 2085 2678 2158 sequenti
2706 2089 3032 2159 competere
3060 2103 3252 2159 posse.

1934 2189 2166 2247 CXCIV.
2202 2193 2470 2247 Nemauso
2495 2194 2798 2248 transierit.
2832 2192 2987 2265 Apud
3016 2192 3071 2248 S.
3104 2192 3385 2265 1Egidium
3413 2210 3591 2250 versa-

2338 2272 2446 2317 tur.
2473 2264 2838 2335 Privilegium
2870 2264 3173 2320 Cosse-Dei.

2004 2352 2121 2406 Sub
2152 2352 2327 2407 ﬁnem
2362 2352 2582 2407 mensis
2622 2352 2875 2425 Augusti
2925 2353 3184 2424 pontifex
3232 2354 3590 2409 Nemausum

1934 2439 2149 2496 adiisse
2177 2441 2426 2495 videtur.
2444 2441 2671 2496 Etenim
2701 2439 2837 2496 licet
2869 2440 3103 2496 nonnisi
3135 2458 3290 2496 anno
3322 2443 3589 2514 sequenti

1934 2531 2063 2601 ejus
2110 2529 2275 2585 urbis
2320 2529 2627 2586 ecclesiam
2661 2528 3035 2591 dedicaverit.
3069 2534 3134 2585 ut
3180 2530 3259 2586 ibi
3299 2531 3592 2603 ostensuri

1934 2635 2166 2686 sumus,
2200 2636 2334 2674 cum
2368 2623 2566 2674 tamen
2616 2623 2821 2675 auctor
2868 2618 3136 2674 Chronici
3189 2618 3591 2677 Malleacensis

1933 2707 2233 2780 scripserit
2264 2708 2562 2764 Urbanum
2592 2713 2756 2775 tunc,
2790 2707 2847 2763 id
2879 2713 2968 2764 est
2990 2726 3143 2765 anno
3178 2710 3317 2764 1096
3355 2710 3589 2765 Nemau-

1931 2814 2054 2852 sum
2083 2814 2369 2862 remeasse,
2407 2798 2550 2853 satis
2582 2797 2775 2853 innuit
2803 2814 2938 2853 eum
2958 2798 3083 2870 jam
3136 2802 3270 2853 ante
3320 2798 3591 2855 invisisse

1933 2885 2083 2941 hanc
2141 2888 2367 2942 urbem.
2400 2888 2469 2942 Et
2524 2887 2762 2960 quidem
2824 2891 3045 2943 certum
3107 2893 3195 2943 est
3253 2887 3589 2960 pontificem

1934 2975 2150 3031 festum
2185 2975 2372 3030 sancti
2403 2976 2612 3048 {Egidii
2645 2976 2836 3048 prima
2866 2975 2959 3032 die
2978 2976 3337 3049 Septembris
3361 2975 3419 3031 in
3442 2977 3594 3048 ejus-

1933 3063 2066 3118 dem
2101 3064 2286 3119 sancti
2321 3064 2675 3120 monasterio
2700 3063 2886 3120 Vallis
2924 3064 3295 3132 Flaviniante,
3331 3066 3485 3138 quod
3518 3066 3591 3120 ad

147 3157 233 3213 rio
257 3156 319 3211 in
354 3156 475 3210 ista
504 3156 924 3221 memoratum,
941 3153 1097 3224 quod
1136 3153 1285 3209 forte
1315 3154 1491 3209 etiam
1523 3156 1827 3212 occasione
1865 3216 1896 3224 _
1939 3152 2237 3208 dioecesim
2269 3154 2729 3209 Nemausensem
2778 3152 3049 3224 pertinet,
3082 3154 3192 3210 hoc
3242 3171 3395 3208 anno
3442 3154 3591 3210 cele-

143 3245 330 3317 bujus
365 3240 762 3298 dedicationis
795 3216 996 3296 datum
1031 3245 1137 3297 est.
1171 3241 1406 3297 Nullam
1438 3242 1613 3299 habet
1643 3243 1702 3298 in
1730 3261 1829 3301 no-
1855 3216 1900 3284 (ἶ
1939 3242 2227 3297 brasse.Id
2253 3241 2612 3313 quippeipse
2633 3216 2894 3313 pontifex
2914 3216 3163 3296 testatur
3185 3241 3243 3295 in
3268 3240 3589 3315 privilegio,

42 3321 49 3330 ’
146 3340 273 3390 stro
304 3331 580 3404 exemplo
631 3328 971 3386 chronicam
1023 3332 1405 3403 notam,quod
1436 3331 1567 3387 ideo
1599 3332 1714 3389 huc
1741 3350 1828 3388 re-

146 3438 363 3478 vocare
390 3420 591 3476 visum
622 3423 733 3475 est.
769 3418 833 3473 In
867 3434 932 3473 eo
958 3424 1338 3475 recensentur
1368 3421 1660 3492 praecipua
1698 3439 1831 3477 mo-

146 3510 411 3567 nasteria
429 3512 591 3565 Casa:
621 3506 721 3563 Dei
742 3511 886 3562 tunc
909 3508 1267 3579 subjecta,ac
1282 3509 1412 3579 ejus
1428 3512 1831 3581 possessiones

149 3600 623 3665 conﬁrmantur;
682 3600 811 3651 tum
872 3600 1029 3652 vetat
1090 3597 1353 3669 pontifex
1409 3615 1482 3654 ne
1536 3600 1663 3671 ejus
1719 3599 1829 3656 loci

150 3689 336 3745 abbas
379 3688 670 3759 cuiquam
719 3685 1104 3755 subjectionis
1160 3686 1585 3758 professionem
1635 3690 1826 3760 faciat,

150 3777 313 3835 salva
342 3782 549 3833 tamen
600 3774 807 3831 debita
856 3775 1129 3848 episcopo
1157 3776 1511 3832 Arvernensi
1559 3794 1827 3835 reveren-

149 3867 250 3924 tia.

218 3957 300 4011 Eo
325 3957 459 4029 ipso
491 3954 586 4009 die
616 3969 736 4025 quo
767 3955 1104 4008 consecrata
1123 3952 1232 4008 fuit
1248 3953 1493 4009 ecclesia
1520 3959 1677 4010 Casae
1701 3955 1825 4024 Dei,

148 4046 424 4102 Urbanus
454 4045 529 4099 ad
578 4041 921 4115 petitionem
954 4041 1261 4098 Florentiae
1306 4042 1672 4100 Blasiliensis
1698 4063 1828 4118 par-

147 4133 426 4190 thenonis
458 4131 773 4188 abbatissae
805 4131 960 4202 apud
991 4133 1279 4188 Arvernos
1316 4132 1623 4207 privilegia
1667 4136 1820 4206 ejus-

152 4224 287 4279 dem
320 4223 435 4278 loci
470 4220 859 4286 conﬁrmavit,
894 4236 960 4274 ac
987 4221 1408 4276 monasterium
1441 4221 1637 4294 ipsum
1667 4225 1820 4295 quod

154 4313 230 4367 ab
274 4310 679 4384 Ermengarde
727 4308 1032 4364 comitissa
1079 4311 1206 4381 ejus
1261 4310 1577 4367 conditrice
1622 4317 1822 4369 sancto

151 4400 327 4456 Petro
359 4398 623 4455 oblatum
656 4397 866 4463 fuerat,
891 4397 1002 4452 sub
1031 4397 1269 4469 speciali
1303 4398 1632 4470 apostolicae
1665 4400 1823 4456 sedis

150 4488 344 4544 tutela
373 4491 815 4544 antecessorum
847 4502 1093 4541 suorum
1125 4487 1388 4556 exemplo
1438 4490 1717 4561 suscepit.
1749 4492 1822 4545 At

1941 3331 2095 3401 quod
2127 3329 2354 3386 Odiloni
2385 3330 2578 3385 abbati
2611 3329 2873 3399 eiusdem
2906 3328 3015 3383 loci
3069 3328 3242 3401 paulo
3284 3334 3418 3401 post
3456 3346 3591 3386 con-

1941 3419 2200 3486 cessit,in
2228 3435 2343 3491 quo
2374 3419 2455 3473 ait
2480 3434 2541 3474 se
2568 3433 2701 3488 erga
2730 3417 2946 3472 beatum
2992 3419 3285 3487 At‘gidium
3313 3419 3597 3475 devotione

1938 3510 2234 3579 ferventem
2265 3507 2592 3563 coercuisse
2621 3507 3078 3562 Nemausensem
3109 3507 3471 3579 episcopum,
3491 3507 3592 3579 qui

1938 3598 2066 3670 ejus
2098 3596 2206 3652 loci
2240 3595 2544 3652 monachis
2578 3595 2845 3669 infensus
2875 3595 3110 3651 erat.1bi
3141 3595 3333 3651 adhuc
3355 3600 3479 3651 erat
3500 3596 3594 3653 die

1938 3689 1973 3741 7
2002 3685 2521 3759 Septembris,quaa
2553 3684 2908 3741 monasterio
2931 3684 3087 3740 Cassa
3104 3685 3204 3741 Dei
3224 3684 3591 3758 privilegium

1939 3777 2249 3840 concessit,
2305 3775 2363 3830 in
2418 3792 2553 3847 quo,
2589 3779 2654 3829 ut
2701 3774 2874 3829 modo
2928 3773 3291 3843 dicebamus,
3340 3774 3589 3830 alterum

1938 3866 2125 3922 eidem
2158 3864 2285 3920 loco
2309 3864 2436 3935 jam
2470 3861 3010 3928 indultum,additis
3040 3862 3339 3918 nonnullis
3361 3864 3418 3918 in
3464 3879 3593 3938 gra-

1939 3954 2082 4010 tiam
2116 3952 2370 4009 basilica:
2404 3969 2438 4006 a
2468 3969 2530 4007 se
2560 3967 2763 4008 recens
2793 3954 3141 4006 consecratae
3174 3950 3590 4024 praerogativis,

1938 4040 2322 4099 conﬁrmavit.

2058 4130 2259 4187 CXCV.
2298 4133 2595 4186 Tarascone
2625 4131 2802 4185 locum
2831 4131 3155 4185 monasterii
3179 4130 3462 4186 benedicit.

2005 4219 2144 4276 Inde
2173 4222 2521 4287 Tarascone,
2556 4220 2711 4291 quod
2742 4219 3021 4291 oppidum
3056 4224 3144 4274 est
3186 4219 3493 4274 Provinciae
3526 4218 3585 4273 in

1933 4310 2175 4367 sinistra
2192 4308 2455 4364 Rhodani
2480 4306 2607 4380 ripa
2628 4307 2802 4380 paulo
2829 4307 2983 4362 infra
3006 4306 3358 4362 Avenionem
3381 4306 3585 4375 situm,

1931 4397 2245 4463 transiens,
2278 4396 2591 4468 quemdam
2624 4395 2817 4452 locum
2858 4413 2892 4450 a
2939 4394 3257 4467 Stephania
3287 4392 3589 4448 comitissa

1931 4485 2287 4544 monasterio
2318 4486 2516 4540 Sancti
2541 4484 2793 4541 Victoris
2826 4482 3233 4551 Massiliensis,
3268 4486 3333 4537 ut
3380 4480 3463 4537 ibi
3494 4498 3588 4537 ec-

155 4575 304 4633 nihil
336 4576 513 4632 habet
540 4574 804 4648 pontifex
835 4574 906 4628 de
936 4573 1193 4645 querelis
1225 4592 1373 4647 quas
1403 4576 1668 4646 ejusdem
1712 4577 1821 4633 loci
1847 4584 1895 4649 Ι)
1927 4577 2106 4636 clesia
2128 4571 3243 4641 construeretur,datum,assistentibus
3267 4570 3377 4626 sibi
3397 4569 3591 4624 tribus

153 4663 639 4722 sanctimoniales
669 4667 731 4718 et
757 4661 948 4718 clerici
982 4663 1055 4717 ad
1085 4680 1219 4719 eum
1252 4663 1584 4720 detulerant
1618 4671 1820 4722 contra

153 4753 315 4811 Casa:
348 4752 451 4809 Dei
482 4751 826 4818 monachos,
852 4752 1050 4823 qui,ut
1079 4751 1164 4806 illi
1194 4753 1484 4823 dicebant,
1516 4753 1822 4811 ecclesiam

154 4841 356 4899 Sancti
383 4835 667 4914 Stephani
700 4844 760 4896 et
785 4840 982 4895 Sancti
1017 4839 1228 4897 Leonis
1257 4842 1328 4897 ad
1360 4841 1589 4898 Basiliae
1624 4860 1822 4900 mona-

154 4931 403 4988 sterium
436 4930 853 5003 pertinentem,
875 4928 931 4983 vi
966 4933 1223 5001 ereptam
1256 4931 1605 4987 retinebant.
1638 4932 1822 4989 Blasi-

150 5019 409 5077 lensinm
441 5019 650 5075 litterae
681 5033 755 5074 ea
783 5017 1086 5074 occasione
1135 5020 1383 5092 scriptae,
1413 5020 1566 5076 inter
1604 5021 1821 5079 Urbani

154 5108 437 5184 epistolas
454 5108 1030 5179 reierentur,easque
1046 5108 1819 5184 subsequeturprivilegium

156 5199 377 5273 ipsum,
410 5198 571 5270 quod
621 5213 658 5252 a
706 5194 987 5252 sevisum
1040 5200 1097 5251 et
1142 5214 1246 5269 pro
1297 5198 1523 5254 sincero
1555 5202 1821 5272 agnitum

155 5287 462 5361 Philippus
484 5284 949 5342 Bituricensium
964 5284 1440 5358 archiepiscopus
1462 5288 1521 5342 in
1539 5288 1821 5346 Gallicam

154 5376 413 5450 linguam
447 5373 786 5440 transtulit,
825 5377 883 5428 et
924 5390 1031 5430 suo
1078 5373 1412 5431 testimonio
1456 5378 1824 5435 confirmavit

151 5465 291 5522 feria
319 5465 538 5539 quinta
562 5459 817 5533 majoris
846 5459 1221 5519 hebdomadas
1255 5465 1393 5520 anni
1426 5466 1586 5522 1243.

148 5554 369 5611 CXCIII.
408 5554 494 5609 An
524 5551 818 5607 abbatiam
843 5550 1254 5607 Rotmanensem
1299 5554 1500 5610 adierit
1552 5556 1816 5614 Urbanus.

210 5645 341 5709 Quo
398 5642 689 5698 Urbanus
744 5641 878 5709 post
932 5632 1214 5697 Caere-Dei
1268 5642 1691 5701 dedicationem
1745 5648 1817 5703 ad

155 5736 439 5790 extremos
490 5744 695 5800 usque
741 5723 1042 5783 Occitaniee
1074 5733 1131 5784 et
1162 5729 1472 5789 Provinciae
1503 5732 1650 5791 fines
1689 5751 1816 5806 per-

1930 4664 2330 4725 cardiualibus
2362 4667 2417 4718 et
2437 4663 2750 4718 abbatibus
2768 4662 2965 4717 Sancti
2984 4659 3235 4715 Victoris
3259 4663 3315 4714 et
3341 4658 3586 4713 Montis-

1934 4754 2171 4827 Majoris
2201 4768 2344 4824 aqua
2376 4753 2600 4806 lustrati
2627 4753 2877 4822 aspersit,
2910 4765 3079 4804 manu
3103 4749 3330 4820 propria
3373 4746 3591 4802 benedi-

1929 4845 2226 4915 xit,ibique
2255 4856 2469 4895 crucem
2499 4842 2677 4895 erexit
2707 4838 2799 4893 die
2833 4839 2893 4891 11
2928 4834 3595 4907 Septembris,concessa

1932 4928 2301 5003 indulgentia
2332 4927 2424 4992 iis,
2449 4928 2549 4999 qui
2582 4927 2652 4981 ad
2686 4924 2943 4982 ecclesiae
2972 4922 3470 4979 constructionem
3492 4922 3595 4978 ali-

1934 5021 2074 5095 quid
2107 5017 2455 5083 conferrent,
2490 5019 2556 5070 ut
2602 5014 2683 5069 ibi
2734 5013 3159 5071 monasterium
3210 5012 3271 5068 in
3309 5012 3593 5069 honorem

1933 5109 2132 5169 Sancti
2159 5104 2379 5162 Nicolai
2428 5121 2561 5160 cum
2605 5105 2935 5159 cmmeterio
2966 5102 3391 5158 institueretur.
3432 5102 3593 5158 Prio-

1933 5203 2096 5256 ratus
2127 5212 2258 5251 vero
2289 5195 2348 5250 S.
2381 5193 2601 5249 Nicolai
2634 5193 2729 5248 hic
2760 5195 3120 5249 memoratus
3150 5190 3440 5262 hodieque
3459 5191 3596 5246 sub-

1933 5289 2088 5347 sistit
2120 5300 2299 5358 prope
2325 5283 2957 5355 Tarasconem,Sancto
2988 5281 3206 5337 Victori
3238 5275 3591 5337 Massiliensi

1935 5377 2257 5448 subjectus.

2074 5464 2301 5520 CXCVI.
2335 5462 2608 5518 Avenione
2636 5461 2731 5518 dat
2755 5461 3114 5533 privilegium
3138 5458 3194 5513 S.
3227 5454 3463 5526 Ai'gidio.

2002 5553 2103 5609 Die
2134 5550 2425 5623 sequenti,
2459 5567 2587 5621 quis
2618 5554 2742 5605 erat
2790 5552 2861 5604 12
2908 5544 3288 5619 Septembris,
3322 5542 3595 5597 Urbanus

1928 5641 2225 5701 Avenione
2257 5626 2815 5710 privilegium,quod
2838 5640 2965 5709 jam
2997 5649 3176 5705 supra
3197 5629 3590 5689 laudavimus,

1930 5729 2282 5790 monasterio
2324 5726 2525 5785 Sancti
2554 5725 2852 5799 [Egidiiﬁn
2883 5740 2999 5796 quo
3030 5719 3359 5792 hospitatus
3380 5717 3592 5797 fuerat,
