3958 6224
385 365 506 436 159

1685 369 1756 435 B.
1800 367 2100 436 URBANI
2143 367 2198 434 ῙῙ
2241 367 2492 436 ΡΛΡΛΕ.

3679 367 3807 434 160

379 504 685 564 concessit.
735 505 815 562 Eo
865 501 1185 579 diplomate
1235 505 1491 580 pontiFex
1541 505 1769 562 Odiloni
1829 507 2022 561 abbati
2055 503 2109 572 Α
2138 508 2470 579 depositum
2501 507 2583 563 eis
2615 505 3261 565 tradidit.Postmodum
3287 507 3542 564 fervente
3563 507 3795 574 morbo,

378 599 624 670 ejusque
654 595 955 653 monachis
986 595 1283 652 abbatiam
1317 596 1512 654 Sancti
1535 595 1768 652 Eusebii
1799 602 1855 652 et
1883 595 2028 653 aiias

378 687 781 761 possessiones
812 685 1383 758 conﬁrmat,vultque
1414 704 1513 742 eos
1541 687 1649 742 sub
1683 685 1916 759 speciali
1948 703 2032 741 se-

378 779 470 833 dis
492 775 822 850 apostolicze
853 775 1098 831 tuitione
1128 775 1350 841 haberi,
1379 793 1444 831 ac
1474 794 1538 830 ac
1576 784 1835 848 tanquam
1885 777 2030 831 oculi

379 867 470 923 sui
498 866 777 938 pupillam
805 865 1086 919 custodiri.

425 955 677 1010 CXCVII.
714 955 968 1010 Trz'castri
991 954 1288 1025 privilegia
1319 952 1410 1007 dat
1439 955 1719 1008 canonicis
1747 954 1803 1006 S.
1844 955 1978 1024 Ruﬁ.

449 1046 724 1116 Ejusdem
749 1043 969 1098 mensis
997 1041 1089 1096 die
1123 1043 1188 1096 19
1219 1041 1473 1112 pontifex
1495 1042 1649 1113 apud
1673 1041 2028 1096 Tricastren-

376 1151 498 1189 sem
533 1133 726 1188 Sancti
759 1131 921 1188 Pauli
956 1132 1158 1185 urbem
1202 1129 1586 1202 Dalphinatus
1617 1129 2030 1202 bullamgdedit

377 1223 435 1278 in
465 1223 714 1295 gratiam
746 1219 986 1282 Alberti,
1022 1237 1123 1274 seu
1175 1219 1368 1290 potius
1420 1203 1642 1273 drberti
1679 1219 1926 1285 abbatis,
1973 1223 2030 1273 et

374 1311 787 1367 canonicorum
828 1311 886 1364 S.
925 1309 1075 1374 Rufi,
1112 1325 1362 1380 quorum
1416 1308 1856 1374 monasterium,
1892 1325 2025 1363 con-

371 1398 726 1474 gregationis
756 1398 1123 1470 cognominis
1173 1402 1367 1468 caput,
1404 1401 1544 1452 tunc
1598 1414 1774 1469 prepe
1830 1415 2027 1452 muros

371 1489 797 1545 Avenionenses
828 1487 1030 1555 situm,
1060 1491 1263 1557 postea
1291 1487 1363 1541 ob
1396 1484 1801 1556 Albigensium
1832 1485 2027 1542 clades

371 1578 428 1634 in
459 1576 813 1633 suburbium
839 1574 1138 1639 Valentiae,
1171 1591 1237 1629 ac
1269 1575 1506 1629 tandem
1548 1574 1605 1629 in
1658 1575 2025 1630 eam'urbem

371 1653 703 1724 saeculoixvr
735 1663 1089 1720 translatum
1119 1667 1227 1718 est.
1245 1665 1306 1717 In
1332 1680 1397 1718 eo
1420 1663 1736 1736 diplomate
1758 1664 2027 1719 Urbanus

370 1754 658 1812 Ecclesiae
701 1753 910 1808 Sancto
963 1751 1109 1807 Rufo
1154 1752 1445 1821 subjectae
1497 1755 1776 1817 recenset,
1809 1768 2026 1823 easque

2141 597 2239 669 qui
2271 597 2428 670 Ignis
2474 596 2935 654 Sancti-Antonii
2986 597 3158 672 vulgo
3199 595 3554 670 appellatur,
3587 596 3800 667 adjun-

2139 690 2298 742 ctum
2347 691 2436 742 est
2484 687 2835 744 monasterio
2866 687 3313 756 xenodochium,
3358 685 3458 742 ubi
3505 702 3801 758 pauperes

2141 777 2530 847 undequaque
2571 777 2956 832 adventantes
3004 777 3420 848 reciperentur,
3469 775 3801 845 fratresque

2141 864 2406 919 nonnulli
2453 865 2510 919 in
2560 881 2762 921 eorum
2794 865 3188 920 ministerium
3237 864 3498 936 deputati
3533 864 3797 930 fuerunt,

2140 954 2239 1025 qui
2271 971 2402 1008 cum
2436 955 2692 1026 primum
2725 955 3028 1010 monachis
3051 971 3154 1025 per
3175 953 3411 1025 aliquod
3435 956 3668 1025 tempus
3693 970 3800 1024 pa-

2138 1042 2415 1113 ruissent,
2439 1048 2657 1114 postea,
2681 1044 2751 1098 ob
2784 1044 3050 1116 ingentes
3080 1043 3478 1114 eleemosynas
3509 1057 3635 1114 qua:
3662 1058 3800 1097 ero-

2138 1131 2447 1203 gabantur,
2481 1132 2749 1188 elatiores
2778 1132 3024 1199 facti,eis
3073 1133 3317 1188 subesse
3369 1132 3793 1186 detrectarunt.

2137 1221 2350 1276 Graves
2395 1221 2548 1276 inter
2596 1225 2875 1293 utrosque
2926 1221 3059 1276 rixae
3109 1226 3164 1277 et
3212 1220 3613 1276 dissensiones
3651 1223 3796 1275 ortae

2138 1315 2295 1376 sunt,
2329 1311 2543 1381 quibus
2577 1311 2634 1365 in
2667 1312 2791 1366 dies
2831 1311 3251 1376 crescentibus,
3285 1327 3376 1364 res
3421 1325 3491 1364 eo
3537 1308 3796 1375 devenit,

2139 1403 2202 1452 ut
2229 1399 2592 1470 hospitalarii
2642 1399 2726 1455 illi
2780 1400 3134 1471 potentiores
3181 1398 3558 1474 eﬁ‘ecti,jugo
3591 1408 3799 1452 mona-

2137 1489 2378 1543 chorum
2414 1489 2645 1560 penitus
2675 1506 2940 1555 excusso,
2975 1488 3065 1543 sui
3109 1487 3263 1559 juris
3313 1503 3440 1543 esse
3489 1487 3798 1559 coeperint,

2136 1594 2202 1632 ac
2232 1579 2470 1633 tandem
2522 1578 2578 1632 in
2629 1577 2888 1633 ordinem
2943 1577 3235 1649 insignem
3279 1577 3654 1643 excreverint,
3689 1575 3796 1646 qui

2136 1666 2425 1738 hodieque
2454 1666 2967 1738 perseverat.Hanc
2999 1682 3127 1722 esse
3157 1666 3440 1738 originem
3464 1663 3713 1720 abbatissa
3733 1669 3794 1720 et

2135 1755 2356 1812 ordinis
2388 1754 2700 1811 Antoniani
2746 1754 2928 1811 aiunt.
2965 1756 3076 1810 Sed
3126 1754 3386 1827 pontifici
3436 1753 3663 1810 itineris
3702 1770 3796 1810 se-

371 1861 505 1900 cum
536 1843 670 1898 aliis
699 1843 827 1913 ejus
859 1841 1328 1912 possessionibus
1357 1840 1683 1906 confirmat,
1703 1839 1861 1896 salva
1883 1843 2024 1896 Ave-
2056 1875 2103 1939 B
2139 1845 2284 1900 riem
2306 1860 2752 1917 persequamur.

370 1931 672 1990 nionensis
699 1929 955 2003 episcopi
987 1930 1264 1985 canonica
1295 1929 1633 1984 reverentia.
1664 1929 1834 1983 Aliud
1881 1929 2017 1984 item

370 2021 585 2080 Urbani
621 2019 968 2092 rescriptum
1001 2019 1072 2073 ad
1104 2018 1405 2074 Albertum
1437 2018 1612 2073 etiam
1661 2018 1856 2072 Sancti
1893 2019 2022 2074 Ruﬁ

370 2109 770 2177 abbatem,sed
790 2109 914 2164 sine
933 2107 1051 2162 ulla
1075 2107 1352 2179 temporis
1367 2111 1505 2162 nota
1519 2124 1585 2162 ex
1598 2107 1722 2162 cod.
1736 2106 2028 2162 ms.habe-

371 2199 592 2266 mus,in
617 2214 733 2270 quo
757 2195 1031 2269 praeclara
1051 2194 1345 2250 habentur
1364 2194 1652 2250 canonica:
1668 2194 1792 2249 vita:
1816 2194 2024 2266 elogia,

369 2305 439 2345 ea
461 2287 718 2356 omnino,
745 2302 870 2358 quae
892 2284 949 2339 in
972 2282 1104 2340 aliis
1126 2284 1196 2338 ad
1224 2283 1370 2339 alios
1393 2284 1703 2339 canonicos
1729 2282 2024 2356 regulares

369 2374 633 2448 epistolis
654 2379 710 2430 et
731 2373 910 2429 bullis
925 2372 1144 2446 passim
1159 2373 1414 2428 habentu
1425 2374 1573 2440 r;sed
1591 2372 2024 2428 Sammarthani

367 2463 806 2521 tomoIVGalliie
819 2462 1247 2529 Christianae,in
1266 2461 1528 2534 catalogo
1544 2463 1822 2517 abbatum
1839 2461 2023 2516 sancti

369 2555 500 2610 Rufi
521 2552 830 2609 Arberium
857 2557 915 2607 et
935 2551 1464 2619 Adelbertum,acsi
1480 2552 1594 2606 duo
1616 2551 1826 2606 diversi
1855 2551 2027 2606 abba-

367 2641 1170 2713 tesfuerint,distinguunt,ac
1185 2640 1359 2711 priori
1378 2639 1643 2695 tribuunt
1657 2639 2023 2711 privilegium

371 2732 558 2805 primo
589 2730 945 2786 locoanobis
967 2729 1541 2800 laudatum,ejusque
1563 2728 1878 2784 maximam
1899 2745 2025 2799 par-

370 2825 488 2876 tem
501 2819 871 2885 exhibent;de
895 2817 1204 2873 Adclberto
1221 2820 1416 2872 autem
1437 2816 1582 2872 nihil
1604 2816 1760 2872 aliud
1783 2817 2020 2884 habent,

372 2909 485 2966 nisi
509 2908 664 2980 quod
687 2907 735 2962 ei
764 2906 1010 2963 Urbanus
1056 2907 1110 2961 II
1156 2905 1361 2960 direxit
1410 2908 1753 2977 rescriptum,
1787 2907 1925 2978 quod
1964 2909 2024 2961 in

369 2998 594 3054 scriniis
641 2995 934 3067 inquiunt,
967 2995 1130 3066 hujus
1160 2994 1390 3050 abbatiw
1421 3000 1702 3050 servatur.
1746 2997 1816 3050 At
1857 2995 2024 3051 fallor

371 3087 489 3143 nisi
518 3086 672 3141 idem
699 3084 824 3156 ipse
845 3085 923 3140 sit
953 3084 1046 3139 cui
1077 3089 1393 3157 utrumque
1424 3084 1640 3140 Urbani
1672 3085 2020 3156 rescriptum

370 3174 752 3232 tribuendum
785 3177 894 3241 est,
943 3173 1079 3229 licet
1118 3175 1248 3245 ejus
1294 3191 1528 3242 nomen,
1564 3174 1644 3229 uti
1693 3175 1819 3230 ﬁeri
1851 3173 2016 3241 solet,

2240 1934 2462 1990 CXCIX.
2493 1934 2740 1990 Urbanus
2771 1935 3060 1990 Matiscone
3089 1934 3334 1989 concedit
3362 1933 3680 2003 privilegia.

2207 2023 2506 2078 Urbanum
2539 2023 2762 2079 Vienna
2787 2028 2844 2078 et
2878 2023 3160 2095 Lugdune
3211 2021 3621 2094 pertransiisse
3650 2019 3796 2074 viri-

2136 2111 2327 2168 simile
2357 2116 2532 2181 est,at
2554 2111 2731 2168 nullis
2749 2112 3156 2167 instrumentis
3173 2112 3416 2183 pro-bare
3446 2123 3794 2182 possumus;

2135 2219 2270 2258 eum
2295 2217 2429 2256 vero
2459 2201 2553 2256 die
2583 2204 2651 2256 17
2681 2201 2946 2257 Octobris
2977 2201 3292 2256 Matiscone
3319 2199 3614 2255 exstitisse
3635 2198 3800 2254 colli-

2135 2291 2332 2363 gimus
2361 2307 2430 2345 ex
2452 2290 2626 2344 veteri
2661 2289 2867 2345 notitia
2895 2288 3361 2362 privilegii,quod
3387 2289 3496 2344 hac
3521 2287 3651 2361 ipsa
3670 2287 3796 2353 die,

2135 2384 2190 2435 et
2214 2379 2452 2450 quidem
2500 2396 2653 2434 anno
2703 2379 2842 2434 1096
2889 2395 2992 2451 pro
3051 2378 3202 2446 1095,
3235 2378 3321 2432 uti
3351 2377 3565 2434 habere
3595 2377 3798 2432 solent

2135 2467 2411 2541 pleraque
2441 2469 2570 2538 ejus
2601 2467 2702 2522 aevi
2727 2467 3138 2532 instrumenta,
3173 2466 3529 2523 monasterio
3556 2465 3797 2522 canoni-

2134 2574 2337 2612 corum
2370 2555 2729 2628 regularium
2759 2555 2956 2611 Sancti
3000 2555 3151 2610 Petri
3194 2572 3373 2627 prope
3401 2554 3552 2610 hanc
3579 2554 3792 2611 urbem

2135 2647 2247 2702 sito
2279 2645 2587 2711 concessit,
2619 2661 2685 2701 ac
2717 2645 2914 2700 statim
2946 2644 3289 2700 Cluniacum
3343 2643 3638 2715 profectus
3676 2647 3790 2699 est.

2133 2735 2320 2806 Hujus
2379 2732 2664 2806 privilegii
2713 2733 3046 2806 exemplum
3119 2733 3372 2804 reperire
3430 2744 3548 2787 non
3598 2731 3790 2798 licuit,

2133 2840 2313 2897 quare
2344 2823 2533 2878 visum
2564 2827 2654 2878 est
2683 2824 2810 2894 ejus
2833 2822 2957 2879 loco
2989 2821 3148 2877 illius
3188 2821 3452 2877 notitiam
3473 2821 3534 2876 in
3556 2822 3790 2892 Appen-

2132 2913 2256 2968 dice
2287 2913 2498 2968 referre
2531 2929 2600 2968 ex
2622 2911 2801 2968 veteri
2832 2913 2958 2968 cod.
2993 2927 3104 2966 ms.
3139 2928 3171 2966 a
3220 2911 3471 2967 Severtio
3516 2910 3788 2967 relatam.

2131 3019 2234 3076 CC.
2268 3019 2520 3075 Cluniaci
2547 3018 2642 3074 dat
2681 3019 3035 3090 privilegium
3085 3021 3328 3090 episcopo
3376 3017 3777 3074 Matisconensi.

2733 3090 2919 3146 Attare
2947 3089 3174 3145 dedicat.

2199 3179 2569 3246 Postridie,id
2601 3183 2690 3234 est
2717 3180 2781 3234 18
2803 3177 3353 3251 Octobris,pontifex
3378 3177 3640 3234 Cluniaci
3667 3176 3786 3234 exi-

372 3265 471 3322 alii
498 3264 666 3320 aliter
693 3243 1182 3336 expresserinLUit
1213 3268 1275 3318 ut
1301 3263 1397 3329 sit,
1432 3280 1640 3335 parum
1662 3264 1844 3319 nostri
1870 3263 2020 3318 inte-
2050 3243 2095 3312 (ἶ
2131 3271 2294 3325 stans
2351 3243 2632 3324 Landrico
2681 3243 3115 3323 Matisconensi-
3151 3268 3443 3340 episeopo,
3499 3267 3603 3339 qui
3647 3283 3785 3322 eum

372 3354 725 3411 rest.Pra3ter
754 3353 875 3408 hinc
905 3353 1059 3424 apud
1092 3352 1346 3422 Ivonem,
1373 3352 1736 3420 Gratianum,
1770 3356 1826 3408 et
1874 3351 2019 3408 alios

372 3445 734 3500 decretorum
787 3440 1143 3508 collectores,
1207 3443 1324 3498 duo
1393 3446 1706 3498 occurrunt
1770 3458 2021 3497 canones

369 3533 633 3606 ejusdem
665 3532 846 3588 ferme
875 3530 1228 3604 argumenti,
1261 3531 1422 3603 prior
1469 3533 1624 3602 apud
1655 3530 2018 3598 Gratianum,

327 3622 536 3691 ,0.19,
569 3639 626 3694 q.
679 3627 732 3689 2,
784 3638 832 3676 c.
885 3624 937 3675 2.
990 3622 1127 3677 Duae
1172 3629 1322 3686 sunt,
1372 3622 1610 3692 capitulo
1659 3620 1848 3675 Sancti
1875 3621 2018 3690 Ruﬁ,

369 3715 472 3768 aut
501 3712 704 3782 Ruﬁni,
737 3709 1080 3780 inscriptus,
1115 3709 1172 3763 in
1201 3708 1418 3764 Urbani
1449 3709 1658 3764 litteris
1692 3725 1806 3763 non
1845 3709 2022 3764 habe-

369 3805 504 3868 tur;
537 3798 683 3854 alter
711 3814 844 3853 vero
874 3797 1076 3852 eadem
1109 3813 1287 3852 causa
1330 3798 1416 3864 19,
1463 3814 1521 3868 q.
1571 3798 1623 3863 3,
1659 3813 1708 3851 c.
1743 3797 1796 3863 3,
1829 3799 2022 3853 statui-

370 3905 493 3944 mus
539 3887 722 3942 abbati
769 3887 954 3940 Sancti
1007 3886 1211 3960 Ruﬁni,
1239 3903 1309 3940 ex
1355 3886 1611 3942 secundo
1651 3903 1716 3941 ex
1768 3885 2020 3941 laudatis

372 3974 691 4050 privilegiis
719 3978 996 4045 exceptus
1029 3977 1134 4029 est.
1168 3974 1334 4028 Hunc
1357 3975 1629 4046 praecedit
1659 3973 1808 4030 alius
1839 3991 2022 4032 canon

372 4066 443 4121 de
473 4063 675 4119 eodem
706 4066 1074 4134 argumento,
1107 4062 1206 4117 sed
1239 4063 1454 4117 nemini
1487 4064 1824 4136 inscriptus.

491 4150 774 4206 CXCVIII.
808 4152 1136 4207 Monasterii
1161 4159 1212 4206 et
1235 4151 1446 4207 ordinis
1475 4154 1698 4209 Antonii
1726 4156 1896 4224 origo.

443 4239 706 4295 Tradunt
728 4244 996 4294 auctores
1023 4239 1239 4312 vulgati
1265 4240 1563 4297 Urbanum
1585 4247 1721 4298 tunc
1744 4242 2025 4314 temporis

373 4329 676 4386 condendo
709 4327 1023 4401 percelebri
1056 4329 1249 4384 Sancti
1280 4329 1514 4386 Antonii
1547 4331 1900 4388 monasterio
1926 4348 2026 4387 oc-

374 4419 666 4476 casionem
700 4415 1193 4490 praebuisseﬁum
1224 4418 1494 4490 enim,uti
1527 4419 1609 4474 illi
1635 4420 1819 4490 aiunt,
1851 4419 2024 4476 Vien-

374 4522 617 4563 nensem
649 4505 1004 4578 provinciam
1054 4506 1152 4562 illo
1206 4523 1360 4563 anno
1409 4513 1764 4581 peragraret,
1806 4507 2027 4564 audivit

2128 3358 2286 3413 haud
2318 3357 2494 3413 dubie
2524 3362 2762 3413 secutus
2795 3357 3000 3424 fuerat,
3018 3357 3329 3412 tuitionem
3361 3357 3519 3412 sedis
3550 3359 3786 3428 aposto-

2129 3446 2250 3502 licae
2279 3445 2621 3518 efﬂagitanti
2651 3445 2902 3500 libenter
2930 3444 3196 3512 indulsit,
3231 3445 3368 3500 data
3397 3443 3710 3516 bulla,qua
3737 3442 3793 3499 ei

2129 3540 2188 3592 et
2207 3536 2334 3606 ejus
2361 3533 2801 3590 successoribus
2823 3535 3019 3589 omnia
3043 3534 3490 3590 MatiscOnensis
3512 3532 3787 3590 Ecclesia!

2131 3626 2284 3680 bona
2315 3627 2373 3680 et
2402 3623 2704 3696 privilegia
2732 3624 3353 3679 conﬁrmantur.Vetat
3373 3623 3560 3679 etiam
3595 3620 3790 3695 ponti-

2131 3714 2224 3769 fex
2271 3729 2342 3768 ne
2391 3712 2706 3784 quisquam
2753 3712 3019 3783 ejusdem
3067 3711 3335 3768 Ecclesia:
3385 3710 3637 3779 clericis,
3688 3715 3795 3766 aut

2133 3802 2409 3867 claustro,
2445 3817 2548 3858 seu
2573 3802 2702 3873 ejus
2728 3800 3004 3857 domibus
3061 3802 3274 3857 audeat
3318 3800 3658 3857 violentiam
3678 3799 3784 3856 ali-

2132 3907 2308 3963 quam
2340 3891 2617 3962 irrogare.
2653 3890 2798 3945 Data
2827 3893 2916 3944 est
2946 3906 3018 3944 xv
3049 3889 3174 3945 Kal.
3208 3888 3573 3945 Novembris.

2203 3979 2347 4035 Cum
2379 3979 2610 4034 advenit
2639 3978 2982 4034 Cluniacum
3010 3979 3300 4044 Urbanus,
3335 3979 3462 4049 jam
3490 3995 3538 4033 va
3563 3980 3794 4049 septem

2135 4068 2305 4124 annis
2326 4067 2618 4138 insignem
2648 4066 2951 4124 basilicam
2977 4071 3274 4123 exstruere
3288 4070 3798 4138 cmperatsanctus

2133 4159 2298 4229 Hugo
2331 4155 2458 4226 ejus
2489 4155 2599 4211 loci
2633 4156 2836 4223 abbas,
2865 4173 3044 4228 quam
3076 4156 3147 4212 ab
3181 4157 3308 4228 ipso
3340 4153 3615 4228 pontiﬁce
3637 4154 3802 4212 dedi-

2135 4245 2253 4301 cari
2285 4245 2799 4316 cupiebat.Verum
2821 4262 2953 4300 cum
2978 4244 3228 4301 nimium
3261 4249 3400 4300 tunc
3422 4243 3620 4300 adhuc
3641 4248 3802 4300 esset

2136 4334 2494 4406 imperfecta,
2527 4332 2752 4390 curavit
2799 4338 3038 4389 sanctus
3087 4334 3268 4389 abbas
3298 4349 3390 4388 res
3421 4332 3503 4387 ita
3531 4331 3801 4403 disponi,

2135 4427 2202 4478 ut
2230 4421 2438 4478 saltem
2471 4422 2665 4493 majus
2691 4421 2895 4487 altare,
2928 4422 3269 4478 adveniente
3297 4421 3591 4493 pontifice,
3626 4437 3699 4477 eo
3742 4422 3800 4475 in

2136 4515 2292 4569 statu
2323 4515 2479 4567 esset
2509 4515 2573 4566 ut
2604 4515 2801 4583 posset
2844 4511 2918 4566 ab
2965 4511 3064 4566 illo
3119 4510 3469 4578 consecrari,
3503 4509 3664 4580 quod
3705 4525 3802 4565 re-

373 4595 563 4653 virum
586 4594 900 4668 quemdam
922 4595 1535 4663 nobilem,Guidonem
1552 4595 1684 4652 aliis
1703 4596 2025 4669 Guigonem
2057 4614 2107 4681 ι)
2134 4600 2266 4673 ipsa
2297 4600 2514 4655 factum
2541 4604 2632 4656 est
2651 4599 2746 4655 die
2776 4601 2847 4655 25
2870 4600 3154 4656 Octobris.
3189 4600 3379 4672 Hujus
3403 4597 3802 4654 dedicationis

373 4683 653 4742 Desiderii
685 4682 1260 4757 appellatumisolere
1290 4701 1488 4740 secum
1522 4701 1625 4756 per
1652 4685 1884 4741 diversa
1918 4684 2025 4740 hac
2138 4687 2408 4745 meminit
2455 4692 2659 4744 auctor
2707 4688 2976 4744 Chronici
3026 4688 3428 4746 Cluniacensis
3457 4687 3530 4743 ad
3573 4701 3803 4742 annum

375 4774 622 4848 illucque
649 4775 857 4830 itinera
887 4791 1100 4846 corpus
1130 4774 1318 4830 sancti
1349 4773 1812 4846 Antonii,magni
1835 4791 2023 4847 quon-

375 4864 509 4920 dam
559 4862 720 4918 illius
763 4862 1141 4918 eremitarum
1191 4861 1553 4934 patriarchae,
1587 4862 1831 4931 deferre,
1869 4863 2023 4935 quod

374 4949 872 5023 ConstantinOpoli
888 4951 958 5005 ab
973 4950 1196 5023 aliquot
1217 4951 1388 5006 annis
1409 4951 1712 5007 advectum
1736 4970 1771 5008 a
1792 4952 2025 5023 majori-

377 5041 490 5096 bus
507 5039 632 5096 suis
646 5039 1033 5110 acceperat.ld
1050 5038 1286 5114 indigne
1298 5038 1727 5096 tulissedieitur
1746 5040 2024 5112 pontifex,

379 5147 444 5186 ac
475 5129 586 5184 sub
621 5127 1015 5183 anathematis
1046 5128 1516 5184 interminatione
1546 5129 1801 5186 vetuisse
1851 5146 1922 5184 ne
1969 5129 2027 5182 id

379 5217 437 5274 in
469 5219 768 5290 posterum
801 5215 1426 5289 ﬁeret,imperasseque
1443 5221 1507 5271 ut
1530 5222 1648 5272 tam
1673 5216 2031 5273 venerabiles

381 5304 726 5378 reliquiaaﬁn
757 5303 1001 5360 ecclesia
1029 5305 1430 5377 aliqua,quam
1457 5305 1577 5375 ipse
1599 5304 1785 5360 Guido
1815 5305 2031 5372 mallet,

379 5395 488 5450 sub
520 5392 942 5450 monachorum
972 5393 1120 5449 bene
1149 5393 1470 5447 viventium
1493 5393 1762 5447 custodia
1789 5392 2034 5464 depone-

381 5488 560 5538 retur.
594 5482 810 5538 Urbani
837 5483 1024 5553 jussis
1070 5478 1492 5552 obtemperavit
1539 5478 1744 5552 Guigo,
1797 5480 2034 5537 advoca-

378 5571 572 5643 tisque
603 5589 637 5627 a
667 5573 859 5627 Monte
891 5571 1094 5643 Majori
1136 5583 1316 5641 prope
1365 5565 1654 5622 Arelatem
1704 5569 2028 5639 monachis,

383 5677 614 5717 sacrum
662 5677 873 5732 corpus
906 5660 966 5714 in
995 5659 1119 5712 vico
1165 5655 1322 5711 Mota
1367 5653 1643 5712 Desiderii
1695 5665 2033 5731 nuncupata

2134 4779 2294 4844 1095,
2327 4783 2385 4834 et
2413 4777 2723 4834 0rdericus
2769 4777 2974 4834 Vitalis
3025 4777 3194 4834 initio
3247 4777 3383 4833 libri
3435 4793 3513 4842 ιχ,
3561 4773 3669 4831 ubi
3720 4774 3806 4830 ait

2133 4867 2435 4924 Urbanum
2464 4866 2686 4922 "multas
2717 4870 3054 4922 sanctorum
3077 4865 3351 4922 basilicas
3380 4864 3441 4920 in
3460 4862 3674 4920 Galliis
3705 4865 3805 4920 de-

2136 4956 2542 5027 dicasse,quas
2563 4953 2884 5027 privilegiis
2903 4953 3234 5027 apostolicae
3259 4953 3416 5010 sedis
3435 4950 3804 5008 sublimavit.

2138 5047 2288 5102 Tum
2318 5043 2621 5116 signanter
2651 5042 2854 5100 laudat
2879 5043 3378 5100 consecrationem
3407 5041 3610 5097 altaris
3633 5040 3808 5097 Sanc-

2139 5136 2183 5190 ti
2211 5135 2366 5190 Petri
2394 5132 2540 5204 apud
2571 5132 2896 5189 Cluniacum
2921 5133 3225 5189 canobium
3252 5131 3325 5188 ab
3358 5147 3427 5188 eo
3453 5130 3703 5186 factam.
3733 5131 3808 5185 At

2141 5222 2295 5293 quod
2325 5221 2433 5276 iste
2464 5225 2666 5276 auctor
2687 5220 2902 5292 aliique
2933 5221 3322 5292 passim,data
3347 5217 3810 5285 eceasiene,uno

2139 5310 2312 5366 verbo
2343 5308 2752 5380 laudaverunt,
2783 5309 2976 5366 fusius
3023 5308 3333 5380 exponitur
3380 5311 3442 5364 in
3488 5305 3673 5364 veteri
3721 5307 3808 5361 in-

2140 5401 2468 5455 strumento
2499 5399 2656 5470 quod
2698 5398 2809 5454 sub
2857 5397 3026 5453 titulo
3076 5398 3345 5454 libertatis
3393 5397 3502 5452 loci
3550 5395 3813 5452 ϐιωιίαεί

2140 5487 2363 5543 editum
2382 5489 2470 5541 est
2487 5485 2546 5541 in
2571 5484 3671 5557 BibliothecaCluniacensi.Ibilegitur
3692 5498 3813 5540 non

2142 5573 2334 5631 solum
2389 5575 2604 5645 majus,
2637 5575 2739 5631 sed
2766 5579 2824 5630 et
2853 5573 3201 5633 matutinale
3228 5574 3412 5634 altare
3441 5573 3516 5630 ab
3544 5572 3812 5637 Urbano,

2143 5663 2257 5720 alia
2280 5679 2412 5719 vero
2442 5662 2554 5720 tria
2586 5679 2620 5718 a
2649 5663 2842 5742 trihps
2877 5663 3009 5722 aliis
3043 5663 3356 5737 episcopis,
3383 5677 3597 5734 nempe
3623 5662 3818 5734 Hugo-
