3958 6224
175 324 304 387 ὶῦὶ
1839 346 1847 356 “

2007 348 2054 409 t.
3532 368 3665 433 16¢

184 461 706 536 neLugdunensi,
733 466 1016 527 Daiberto
1038 468 1247 529 Pisano
1264 472 1606 534 etBrunone
1629 475 1891 549 Signien-
1918 483 1975 551 Α
2005 483 2127 537 tum
2167 486 2229 539 ut
2260 490 2501 557 paratus
2542 488 2619 545 sit
2662 490 2723 546 in
2772 492 3017 552 concilio
3067 497 3509 557 Claromontano
3543 519 3663 559 suis

185 553 607 615 siconsecrata
635 556 852 615 fuisse.
884 560 1035 616 Tum
1068 560 1316 619 refertur
1344 562 1567 637 prolixa
1589 566 1735 622 satis
1762 584 1883 624 ora-
1990 553 2721 637 Ecclesiarrestitutionem
2750 599 2937 656 nuper
2959 553 3171 643 factam
3193 553 3661 661 iqucdvihi

188 642 300 711 tio,
336 660 524 716 quam
555 647 831 719 pontifex
862 648 1014 706 inter
1044 651 1361 708 missarum
1394 655 1881 712 consecrationis»

191 747 319 804 que
344 731 647 790 solemnia
678 734 964 793 habuisse
996 738 1230 808 dicitur,
1257 740 1315 796 in
1348 757 1465 814 qua
1492 740 1884 815 limitesjuri-

191 820 517 877 sdictionis
556 826 907 881 monasterii
939 826 1287 900 designavit.
1322 830 1535 887 Praater
1565 848 1632 886 ea
1662 831 1884 911 inveni-

194 926 340 965 mus
365 910 427 965 in
449 917 686 970 vetusto
709 915 839 971 cod.
865 932 978 973 ms.
1004 916 1177 974 aliam
1201 919 1467 990 ejusdem
1491 920 1571 976 rei
1595 910 1883 989 notitiam,

198 998 331 1067 ubi,
366 1005 509 1072 post
558 1004 855 1061 recensita
886 1004 1074 1062 multa
1108 1006 1393 1065 beneﬁcia
1444 1025 1570 1082 quis
1614 1009 1887 1069 Urbanus

198 1091 581 1147 monasterio
604 1091 975 1150 Cluniacensi
996 1094 1343 1166 contulerat,
1368 1101 1657 1155 statutum
1686 1117 1720 1155 a
1749 1117 1886 1156 san-

199 1185 297 1235 cto
340 1179 598 1253 Hugone
641 1182 828 1238 fuisse
879 1184 1094 1239 dicitur
1149 1190 1214 1240 ut
1278 1187 1541 1258 ejusdem
1601 1188 1892 1260 pontiﬁcis

202 1271 725 1339 commemoratio,
756 1272 1018 1344 quandiu
1052 1272 1293 1343 videret,
1324 1275 1383 1329 in
1413 1275 1671 1347 generali
1706 1278 1891 1334 missa

201 1357 556 1431 specialiter
585 1366 887 1433 ageretur;
917 1367 974 1417 et
1006 1366 1067 1418 ut
1098 1368 1231 1436 post
1264 1365 1393 1435 ejus
1440 1370 1707 1437 mortem,
1742 1385 1891 1440 pra:-

202 1451 297 1502 ter
318 1447 530 1504 debita
550 1447 803 1522 singulis
823 1451 988 1522 ejusd
1004 1468 1097 1507 em
1118 1451 1228 1509 loci
1258 1453 1563 1511 monachis
1593 1456 1893 1529 suﬂ‘ragia,

202 1538 347 1608 ejus
379 1538 796 1601 anniversaria
837 1540 1228 1613 depositionis
1279 1542 1404 1599 dies
1451 1543 1792 1600 solemniter
1836 1545 1895 1600 in

201 1630 585 1697 perpetuum
606 1627 1028 1686 celebraretur.
1047 1631 1328 1687 Caeterum
1352 1633 1523 1689 bamu’
1542 1650 1644 1689 seu
1658 1634 1899 1705 jurnsdi-

204 1716 435 1772 ctionis
458 1715 869 1775 Cluniacensis
895 1719 1175 1776 terminos
1197 1721 1268 1777 ab
1285 1722 1519 1778 Urbano
1537 1724 1896 1794 praestitutos

209 1806 659 1863 conﬁrmarunt
698 1808 1130 1881 subsequentes
1179 1811 1516 1883 pontiﬁces,
1550 1830 1616 1868 ac
1663 1812 1897 1885 potissi'

1994 660 2231 717 astituri
2258 670 2458 721 essent
2478 666 2929 729 Cameracenses
2950 674 3230 731 adversus
3251 693 3380 735 eam
3408 660 3663 739 decerta-

1997 748 2135 836 turi.
2172 750 2432 824 Denique
2461 753 2521 810 in
2553 757 2821 826 ejusdem
2851 760 3147 818 Lamberti
3176 764 3380 836 gestis,
3406 767 3505 823 ubi
3529 785 3663 824 con-

1995 835 2223 892 tinuata
2255 855 2450 897 rerum
2506 842 2615 900 hoc
2664 862 2818 904 anno
2848 854 3147 923 gestarum
3177 835 3381 922 series,
3406 871 3542 911 cum
3569 856 3663 912 iti-

1998 941 2133 981 nere
2155 926 2461 987 Bernensis
2482 934 2791 1004 provincize
2810 938 3221 1012 episcoporum
3238 942 3308 998 ad
3326 942 3662 1003 Claromon-

1998 1016 2199 1104 tanam
2226 1019 2520 1090 synodum
2551 1030 2819 1081 accurate
2841 1032 2898 1082 et
2918 1027 3259 1103 singulatim
3283 1032 3657 1104 describitur,

1998 1101 2507 1194 nihil‘omninoﬁe
2536 1110 2643 1168 hac
2665 1116 2883 1186 synodo
2915 1101 3186 1187 occurrit,
3211 1137 3393 1192 quam
3412 1101 3658 1194 proinde

2000 1190 2265 1250 ﬁctitiam
2316 1212 2443 1253 esse
2489 1200 2694 1257 merito
2739 1204 3102 1262 credendum
3127 1190 3244 1264 est:
3269 1190 3436 1267 Haud
3468 1212 3660 1286 magis

2000 1286 2227 1337 certum
2267 1289 2356 1340 est
2400 1289 2555 1358 quod
2612 1290 2937 1349 Soucbetu‘s
2999 1295 3054 1349 in
3114 1296 3278 1353 Notis
3332 1299 3404 1354 ad
3464 1300 3659 1357 Ivonis

2000 1369 2171 1440 epist.
2203 1372 2273 1424 78
2304 1378 2359 1427 et
2393 1375 2678 1433 Robertus
2715 1397 2783 1435 ex
2812 1382 3102 1439 Amnlrico
3137 1384 3448 1443 Biterrensi
3482 1389 3540 1443 in
3570 1406 3663 1446 ve-

2001 1457 2109 1512 teri
2132 1459 2318 1517 Gallia
2338 1462 2668 1521 Christiana
2692 1468 2877 1540 aiunt,
2905 1472 3198 1529 Urbanum
3230 1474 3541 1533 ecclesiam
3563 1478 3657 1534 ab-

2002 1544 2172 1601 batize
2207 1548 2466 1608 Dolensis
2498 1554 2653 1626 apud
2684 1557 2972 1632 Bituriges
3004 1560 3112 1616 hoc
3149 1578 3302 1620 anno
3333 1564 3656 1623 dedicasse.

2004 1634 2112 1689 Vix
2146 1637 2300 1693 enim
2337 1639 2393 1695 id
2424 1642 2574 1698 ferre
2620 1651 2808 1717 potest
2839 1649 3119 1720 pontiﬁcii
3170 1651 3402 1710 itineris
3446 1655 3655 1722 series;

2004 1726 2061 1777 et
2077 1724 2316 1795 quidem
2339 1727 2459 1786 hzrc
2476 1731 2763 1789 dedicatio
2781 1751 2816 1790 a
2836 1735 3099 1793 Paschali
3123 1738 3173 1795 II
3193 1740 3407 1798 Urbani
3427 1759 3659 1801 succes-

2007 1828 2136 1869 sore
2168 1814 2318 1872 facta
2349 1818 2532 1876 fuisse
2564 1822 2781 1878 dicitur
2805 1824 2863 1880 in
2897 1826 3182 1885 Chronico
3210 1830 3557 1888 Turonensi.

214 1911 390 1995 malm
422 1896 809 2010 Inpocentius
830 1897 881 1955 ΙΙ
909 1897 1031 1970 (ποί,
1054 1898 1443 2010 δροξρεξξρἰ
1474 1917 1585 1999 quo
1619 1901 1888 2010 Urbfngs
1920 1896 1968 1919 ”
1996 1916 2154 1975 CCII.
2177 1920 2679 2010 Silviniacicorpus
2700 1931 2957 2010 spiram;
2978 1936 3264 2010 transfert.
3288 1938 3658 2010 Privilegium

208 1985 420 2055 majus
449 1984 637 2041 altare
681 1992 1134 2056 consecraverat,
1169 1987 1471 2045 basilicam
1500 1989 1686 2062 ipsam
1720 1989 1886 2046 dedi-
2483 1984 2588 2053 dat.
2605 1984 2751 2072 apud
2772 1984 3155 2062 ’i'w’diz‘ciiz'iihi'.

209 2074 390 2142 cavit,
427 2077 499 2129 ut
528 2090 599 2130 ex
630 2076 848 2146 ejuset
890 2074 1138 2131 aliorum
1181 2077 1525 2150 pontiﬁcum
1550 2078 1884 2150 diplomati-
2066 2078 2337 2139 Cluniaco
2383 2085 2581 2159 itaque
2636 2106 2908 2162 egressus
2956 2093 3226 2152 Urbanus
3276 2096 3655 2156 Silviniacum

206 2163 335 2218 bus
377 2167 544 2236 patet
587 2164 647 2218 in
692 2162 1051 2220 Bibliotheca
1079 2163 1446 2221 Cluniacensi
1496 2166 1690 2221 editis.
1732 2166 1884 2257 AHinc
1995 2184 2174 2241 prope
2214 2170 2464 2231 Molinas
2504 2178 2994 2236 Burboniensium
3027 2184 3311 2256 oppidum
3339 2187 3520 2257 venit,
3553 2188 3655 2245 ubi

206 2251 533 2325 utriusque
566 2252 954 2309 dedicationis
997 2254 1284 2310 memoria
1324 2254 1501 2310 simul
1532 2255 1592 2310 in
1625 2254 1884 2328 antiquis
1993 2272 2204 2329 corpus
2235 2263 2421 2317 sancti
2453 2263 2647 2336 Majoli
2689 2267 2990 2324 transtulit
3030 2251 3324 2329 iri—locum
3356 2251 3657 2332 decentio-

207 2340 447 2413 aliqunt
477 2341 913 2415 Martyrologiis
961 2341 1253 2401 recolitur.
1289 2342 1419 2398 Haec
1457 2348 1755 2416 postrema
1783 2344 1880 2400 de-

204 2430 431 2487 dicatio
463 2447 622 2489 anno
670 2432 810 2487 1130
851 2448 969 2487 non
999 2431 1289 2507 sequenti,
1323 2436 1387 2487 ut
1438 2430 1588 2488 fallit
1632 2431 1879 2488 chrono-

203 2518 477 2592 graphus
508 2519 931 2588 Cluniacensis,
968 2525 1202 2594 peracta
1231 2525 1341 2577 est.

276 2612 569 2664 Caeterum
586 2626 706 2665 non
728 2608 900 2666 modo
919 2608 1178 2665 Cluniaci
1202 2609 1486 2684 principis
1510 2610 1873 2679 monasterii,

202 2697 601 2755 sedatiorum
634 2715 867 2771 quoque
910 2699 980 2754 ad
1034 2698 1179 2755 illud
1227 2700 1616 2772 spectantium
1651 2702 1790 2773 jura
1819 2705 1878 2758 et

197 2787 634 2861 praerogativae
663 2803 924 2844 asserere
955 2787 1181 2844 studuit
1213 2787 1504 2856 Urbanus,
1528 2793 1594 2846 ut
1622 2794 1781 2862 patet
1809 2807 1877 2847 ex

200 2876 438 2946 multis,
454 2894 586 2949 qua:
609 2876 831 2950 passim
853 2881 1185 2944 occurrunt,
1208 2879 1625 2939 monumentis.
1652 2879 1875 2936 Lauda-

196 2968 302 3021 tur
330 2965 494 3039 banc
527 2965 587 3021 in
620 2982 741 3023 rem
772 2967 903 3038 ejus
935 2964 1097 3022 bulla
1125 2966 1264 3023 data
1295 2971 1491 3024 octavo
1524 2968 1653 3039 ejus
1680 2967 1871 3040 ponti-

194 3053 441 3123 ﬁcatus,
468 3053 529 3110 id
568 3060 659 3110 est
704 3055 973 3128 praesenti
1004 3072 1157 3111 anno
1197 3072 1313 3127 qua
1342 3055 1655 3112 Charitatis
1684 3060 1871 3113 Beata:

192 3144 399 3200 Maria:
431 3159 621 3216 supra
652 3143 907 3216 Ligerim
935 3143 1274 3200 monasterii
1300 3145 1439 3215 jura
1469 3147 1526 3200 et
1554 3146 1869 3218 exemptio-

1993 2362 2137 2412 rem,
2173 2352 2230 2402 et
2257 2350 2739 2410 Archimbaldum
2784 2373 2962 2429 super
2992 2361 3289 2417 tumulum
3341 2364 3529 2436 patris
3560 2364 3655 2421 sui

1987 2436 2388 2495 Archimbaldi
2439 2443 2631 2513 quarti
2671 2444 2875 2515 jura're
2905 2446 3041 2502 fecit
3087 2465 3149 2504 se
3196 2453 3318 2505 toto
3348 2451 3477 2507 vitae
3530 2469 3651 2508 sua

1988 2526 2249 2597 tempore
2276 2527 2449 2596 bona,
2484 2547 2611 2603 quae
2649 2549 2683 2586 a
2733 2538 2896 2606 patre
2941 2540 3043 2591 aut
3072 2554 3109 2592 a
3138 2538 3469 2609 majoribus
3522 2541 3649 2597 suis

1988 2616 2344 2674 monasterio
2376 2617 2588 2677 collata
2614 2621 2867 2689 fuerant,
2899 2622 3123 2682 illibata
3153 2631 3540 2686 servaturum.
3575 2630 3640 2686 Id

1988 2701 2181 2774 ipsum
2215 2708 2462 2763 testatur
2481 2710 2738 2781 pontifex
2761 2711 2819 2766 in
2846 2712 3007 2769 bulla
3028 2730 3208 2787 quam
3227 2718 3358 2789 ejus
3380 2717 3491 2774 loci
3514 2736 3637 2776 mo-

1986 2791 2190 2848 nachis
2214 2792 2412 2853 Idibus
2435 2796 2779 2856 Novembris
2812 2802 2967 2874 apud
2990 2802 3123 2859 Mon
3136 2803 3387 2861 ticulum
3407 2823 3645 2866 conces-

1984 2880 2082 2948 sit,
2103 2880 2162 2936 in
2195 2900 2313 2955 qua
2341 2886 2598 2943 declarat
2628 2905 2689 2945 se
2720 2895 3005 2961 praesente
3049 2893 3325 2952 Duranno
3363 2896 3638 2971 episcopo

1980 2971 2349 3041 Arvernensi,
2376 2976 2798 3035 monasterium
2831 2979 3214 3038 Silviniacum
3259 2985 3369 3040 sub
3399 2986 3645 3059 speciali

1981 3057 2136 3115 sedis
2160 3062 2485 3132 apostolicae
2507 3065 2751 3124 tuitione
2774 3068 3128 3142 suscepisse,
3147 3072 3391 3145 ejusque
3412 3057 3644 3147 posses-

1980 3147 2192 3215 siones,
2208 3165 2357 3220 quas
2376 3151 2716 3225 singillatim
2742 3162 3022 3226 recenset,
3037 3160 3429 3219 conﬁrmasse
3453 3180 3465 3219 :
3492 3163 3644 3220 hanc

194 3250 336 3290 nem
358 3233 701 3289 conﬁrmat.
721 3234 791 3288 At
824 3232 1035 3289 excidit
1060 3233 1180 3289 haec
1205 3231 1385 3301 bulla,
1409 3234 1578 3322 cujus
1601 3234 1869 3291 notitiam
1900 3221 1944 3290 C
1980 3235 2202 3292 bullam
2232 3238 2452 3295 Joellus
2477 3221 2799 3301 'Remorum
2834 3221 3268 3317 archiantistes,
3297 3252 3634 3322 petentibus

194 3323 493 3380 debemus
519 3322 683 3377 Actis
705 3323 1273 3394 controversiae,quze
1310 3323 1419 3379 sub
1452 3321 1736 3379 Rollando
1767 3324 1870 3381 ab-

192 3413 332 3468 bate
362 3410 865 3467 Cluniaciexorta
894 3414 1001 3479 est,
1027 3427 1177 3466 anno
1212 3411 1351 3465 1220
1380 3410 1683 3468 occasione
1722 3410 1869 3469 elec-

193 3500 381 3556 tionis
411 3499 630 3572 prioris
660 3499 731 3555 de
762 3498 1076 3555 Charitate.

264 3608 407 3665 CCI.
438 3610 535 3665 An
562 3608 743 3663 Remis
779 3605 1076 3662 concilium
1120 3606 1487 3664 celebraverit.
1519 3608 1801 3664 Dolensem

769 3679 1055 3733 ecclesiam
1083 3676 1313 3733 dedicat.

266 3769 327 3826 Si
377 3769 629 3825 Andreae
676 3766 927 3823 Chesnio
978 3764 1309 3835 credamus,
1344 3765 1635 3835 Urbanus,
1667 3785 1867 3827 mense

199 3859 437 3917 Octobri
457 3858 644 3930 hujus
665 3856 830 3923 anni,
851 3855 1049 3912 Remis
1078 3854 1287 3911 habuit
1307 3855 1645 3924 concilium,
1669 3857 1727 3913 in
1749 3874 1866 3931 quo

198 3948 521 4005 anathema
556 3947 687 4019 jam
737 3949 910 4001 antea
956 3945 1237 4001 adversus
1286 3944 1619 4018 Philippum
1670 3963 1864 4021 regem

198 4038 389 4096 latum
419 4035 816 4103 conﬁrmavit,
850 4032 1280 4106 expeditionem
1312 4049 1540 4089 sacram
1585 4035 1864 4093 adversus

210 4124 478 4181 inﬁdeles
510 4122 792 4190 decrevit,
844 4121 1210 4194 sancivitquc
1242 4125 1310 4177 ut
1339 4121 1621 4195 deinceps
1653 4122 1712 4178 in
1752 4126 1864 4180 As-

198 4213 560 4287 sumptionis
588 4212 853 4285 Deiparae
873 4209 1119 4285 virginis
1143 4209 1443 4284 pervigilio
1467 4211 1768 4283 jejunium
1791 4214 1864 4269 ab

199 4305 477 4363 omnibus
496 4303 938 4369 observaretur;
958 4317 1024 4356 ac
1045 4299 1296 4371 denique
1317 4298 1530 4356 indixit
1552 4299 1711 4357 aliud
1734 4318 1867 4358 con-

201 4395 399 4453 cilium
424 4393 580 4466 apud
602 4391 1104 4461 Clarummontem
1130 4388 1393 4461 proximo
1421 4405 1625 4445 mense
1649 4389 1864 4448 haben-

198 4486 358 4541 dum.
382 4483 515 4539 Haec
546 4481 648 4538 ille
692 4481 753 4536 in
790 4477 1043 4535 Historia
1080 4477 1479 4533 Romanorum
1517 4478 1862 4552 pontiﬁcum

1978 3324 2271 3382 Silviniaci
2317 3328 2642 3398 monachis,
2675 3348 2709 3387 a
2739 3349 2801 3388 se
2842 3333 3025 3390 visam
3078 3340 3134 3391 et
3178 3335 3450 3395 collatam
3482 3356 3634 3398 anno

1980 3414 2121 3468 1245
2149 3413 2435 3487 integram
2467 3434 2533 3473 ac
2563 3417 2851 3476 illibatam
2896 3421 3191 3480 inventam
3231 3424 3414 3483 fuisse
3444 3427 3635 3485 declat

1979 3502 2204 3559 ravitub
2219 3501 2368 3575 plico
2401 3506 2809 3576 instrumento,
2834 3509 2990 3580 quod
3022 3509 3213 3583 sigillo
3239 3527 3346 3567 suo
3369 3513 3638 3571 munivit.

1978 3590 2316 3647 Pontiﬁcem
2350 3593 2409 3649 in
2443 3610 2509 3649 eo
2541 3592 2665 3651 loco
2696 3595 2823 3651 dies
2854 3596 2970 3653 fere
3000 3603 3128 3655 octo
3162 3599 3423 3673 exegisse
3453 3601 3634 3658 discis-

1977 3694 2112 3735 mus
2142 3696 2211 3735 ex
2236 3681 2417 3737 veteri
2448 3681 2837 3740 instrumento
2867 3684 3142 3743 chartarii
3173 3686 3637 3760 Silviniacensis,

1976 3769 2277 3825 occasione
2293 3769 2693 3826 Archimbaldi
2712 3771 3131 3831 Burboniensis
3153 3776 3438 3851 principis
3461 3779 3638 3836 modo

1976 3859 2282 3915 memorati
2315 3859 2487 3929 facto,
2521 3860 2619 3933 qui
2652 3862 2837 3919 malas
2885 3866 3339 3924 consuetudines
3388 3885 3423 3924 a
3473 3874 3639 3941 patre

1975 3963 2082 4005 suo
2114 3952 2365 4018 exactas,
2397 3953 2453 4005 et
2483 3951 2554 4005 ab
2587 3951 2790 4007 eodem
2836 3954 3008 4010 morti
3049 3955 3311 4028 proximo
3344 3956 3631 4019 relaxatae

1973 4052 2249 4093 renovare
2270 4037 2637 4096 moliebatur.
2665 4063 2692 4093 «
2716 4041 2933 4097 Eodem
2958 4047 3246 4116 tempore,
3265 4046 3428 4101 verba
3466 4048 3638 4117 ipsius

1970 4124 2179 4183 rhartw
2225 4129 2420 4199 refero,
2455 4128 2603 4184 facto
2652 4128 2809 4185 intra
2848 4130 3067 4188 Gallias
3113 4149 3218 4205 pro
3267 4134 3635 4206 quibusdam

1973 4219 2185 4271 sanctis
2207 4214 2475 4272 Ecclesia;
2498 4216 2858 4275 utilitatibus
2879 4221 3128 4278 adventu
3152 4222 3385 4281 Domini
3407 4223 3630 4281 Urbani

1972 4320 2134 4376 papae
2166 4304 2236 4373 II,
2269 4321 2403 4361 cum
2450 4307 2605 4379 apud
2635 4306 3008 4366 Silviniacum
3042 4311 3158 4367 fere
3208 4328 3314 4383 per
3343 4312 3470 4369 dies
3499 4318 3632 4371 octo

1972 4395 2317 4462 moraretur,
2361 4397 2419 4450 et
2467 4396 2721 4467 quodam
2772 4398 2865 4454 die
2913 4398 2971 4452 in
3020 4399 3276 4472 capitulo
3329 4400 3633 4471 resideret,

1971 4485 2318 4538 cunctorum
2359 4482 2915 4541 circumsedentium
2972 4487 3220 4543 fratrum
3268 4492 3454 4546 cactus
3504 4490 3632 4563 ejus

199 4573 393 4631 Gallis
424 4571 601 4629 edita.
622 4572 696 4627 At
731 4572 1022 4642 quantum
1053 4584 1088 4623 a
1127 4583 1258 4623 vero
1290 4566 1378 4622 vir
1408 4584 1549 4623 sane
1580 4568 1856 4658 eruditis-
1890 4592 1936 4658 Β
1970 4570 2218 4643 pedibus
2246 4571 2586 4643 provolutus
2608 4572 2892 4629 auxilium
2915 4574 3230 4647 implorare
3251 4577 3431 4651 coepit
3454 4596 3632 4652 super

201 4663 379 4720 simus
426 4658 806 4724 aberraverit,
848 4659 1007 4729 patet
1063 4672 1178 4710 non
1228 4654 1420 4710 solum
1479 4673 1548 4710 ex
1608 4656 1854 4715 aliorum
1890 4654 1925 4658 ”
1967 4658 2139 4714 malis
2165 4676 2293 4731 qua:
2308 4659 2539 4731 jamdiu
2564 4662 2793 4718 fuerant
2824 4663 3402 4738 perpessi.Suscepta
3422 4683 3627 4737 eorum

203 4756 521 4819 auctorum,
554 4753 826 4805 veterum
876 4750 933 4800 et
992 4743 1382 4800 recentiorum
1443 4742 1695 4813 silentio,
1752 4748 1852 4804 sed

203 4841 366 4898 etiam
397 4858 467 4897 ex
506 4837 731 4896 Urbani
776 4835 1055 4891 itinerum
1103 4833 1272 4902 serie,
1305 4851 1370 4889 ac
1420 4834 1695 4891 omnibus
1726 4836 1854 4907 ejus

203 4930 299 4987 aevi
325 4927 742 4986 instrumentis
772 4942 807 4980 a
834 4923 1002 4980 nobis
1033 4922 1294 4995 prolatis,
1318 4939 1445 4996 qua:
1471 4922 1691 4979 nullam
1714 4928 1853 4982 tunc

204 5022 470 5095 temporis
501 5017 802 5093 synodum
836 5012 1033 5070 Remis
1061 5011 1322 5068 habitam
1349 5012 1531 5068 fuisse
1553 5029 1728 5085 super
1758 5031 1849 5070 sa-

205 5112 384 5185 tisque
418 5110 698 5184 probant.
732 5105 807 5160 Et
853 5100 1093 5175 quidem
1142 5100 1500 5174 Raynoldus,
1536 5101 1848 5161 Remorum

206 5207 327 5259 tunc
348 5196 844 5271 metropolitanus
865 5208 1007 5248 suos
1025 5190 1423 5264 suﬁ'raganeos
1442 5189 1512 5244 ad
1534 5190 1848 5249 concilium

205 5289 708 5348 Claromontanum
767 5300 834 5339 ex
878 5279 1095 5337 Urbani
1152 5277 1490 5352 praescripto
1548 5278 1846 5349 invitavit;

198 5386 435 5441 revocato
466 5378 545 5436 ob
585 5376 748 5432 hanc
778 5371 1086 5439 rationem,
1110 5366 1264 5442 quod
1306 5367 1475 5423 initio
1506 5367 1847 5428 Novembris

194 5471 591 5533 celebrandum
624 5463 939 5529 indixerat,
962 5458 1209 5516 concilio
1234 5455 1598 5530 provinciali,
1627 5461 1703 5514 ut-
1723 5457 1845 5531 ipse

189 5564 309 5622 dicit
325 5565 381 5620 in
404 5555 672 5634 epistola
693 5555 824 5626 jam
854 5549 1096 5611 laudata
1114 5547 1191 5606 ad
1212 5547 1609 5603 Lambertum.
1625 5546 1847 5604 Deinde

172 5656 292 5737 ipse
317 5649 591 5732 pontifex
610 5640 1025 5722 peculiaribus
1059 5637 1274 5701 litteris
1305 5634 1536 5696 monuit
1564 5635 1839 5697 Lamber-

1963 4748 2240 4820 petitione
2290 4748 2715 4821 benignissime
2754 4751 3006 4806 domnus
3046 4768 3217 4824 papa,
3251 4769 3389 4808 cum
3438 4752 3623 4811 altera

1961 4837 2055 4892 die
2086 4841 2387 4908 rogaretur
2430 4854 2463 4892 a
2504 4838 2629 4907 jam
2664 4837 2818 4893 dicto
2848 4838 3289 4907 Archimbaldo,
3326 4844 3392 4896 ut
3438 4843 3622 4915 patris

1960 4926 2049 4980 sui
2081 4924 2338 4980 animam
2371 4924 2688 4997 apostolica
2726 4925 3049 4982 absolveret
3088 4928 3452 4997 auctoritate,
3485 4936 3626 5005 post

1959 5012 2245 5085 expletam
2272 5011 2723 5083 absolutionem,
2743 5020 3061 5087 antequam
3094 5033 3129 5072 a
3158 5032 3220 5074 se
3250 5017 3621 5077 Archimbalp

1960 5101 2071 5159 dus
2102 5103 2257 5157 idem
2280 5119 2314 5158 a
2334 5118 2399 5158 se
2419 5101 2762 5171 discederet,
2785 5108 3101 5176 antequam
3133 5106 3313 5164 etiam
3336 5125 3369 5164 a
3390 5109 3620 5167 tumulo

1959 5192 2135 5264 pedes
2166 5195 2508 5261 removeret,
2532 5191 2772 5250 monitis
2816 5192 3004 5266 ipsius
3041 5194 3317 5269 princeps
3344 5198 3617 5270 praefata:

1957 5296 2160 5336 omnes
2192 5279 2380 5338 malas
2409 5282 2865 5339 consuetudines
2892 5299 3039 5356 quas
3072 5284 3288 5356 injuste
3318 5286 3615 5358 quaerebat

1955 5367 2222 5441 reliquit;
2257 5374 2314 5424 et
2336 5372 2398 5425 ut
2421 5368 2632 5426 melius
2650 5370 2742 5428 sui
2760 5372 2900 5428 dicti
2927 5388 3151 5429 memor
3169 5378 3325 5431 esset
3341 5371 3609 5429 osculum

1953 5457 2115 5529 pacis
2138 5457 2210 5513 ab
2234 5457 2439 5514 eodem
2461 5476 2613 5532 papa
2631 5460 2910 5534 accepit.»
2938 5461 3051 5517 Sed
3072 5477 3276 5519 eorum
3297 5461 3612 5517 immemor

1951 5563 2055 5607 eas
2081 5544 2254 5616 paulo
2286 5551 2418 5617 post
2461 5548 2792 5605 renovavit:
2816 5564 2994 5620 quare
3027 5565 3119 5604 res
3167 5550 3242 5606 ad
3290 5546 3604 5605 concilium

1953 5632 2468 5694 Claromontanum
2499 5634 2693 5696 delata
2719 5640 2827 5711 est,
2859 5640 2925 5695 ut
2952 5635 3107 5694 infra
3134 5636 3418 5697 dicemus.
