3950 6218
340 296 454 384 16⁸3

577 425 764 483 CCIII.
797 423 1254 480 Clarummo-ntem
1285 423 1468 478 arenit
1501 422 1768 478 Urbanus.

408 515 740 590 Peragratis
761 514 1034 570 Urbanus
1056 512 1149 568 his
1172 511 1488 585 provinciis
1503 511 2000 567 Clarummontem

339 607 434 663 die
459 604 808 662 Novembris
832 603 897 658 14
919 607 1020 658 aut
1045 601 1309 674 sequenti
1337 601 1590 668 advenit,
1616 615 1748 655 cum
1782 598 2002 653 interea

336 695 598 770 episcopi
628 710 698 750 ex
743 691 922 748 variis
965 692 1123 748 orbis
1153 691 1466 748 Christiani
1517 687 1854 762 regionibus
1885 685 2000 741 huc

338 785 740 858 properarent.
773 782 856 836 Ex
884 779 978 836 his
1015 779 1362 835 Lambertus
1401 775 1800 833 Atrebatensis
1831 791 1861 830 e
1893 790 2001 829 sua

339 874 485 929 urbe
517 871 610 928 die
651 872 721 926 28
751 869 1016 926 Octobris
1062 868 1376 940 profectus,
1408 865 1657 922 Pruvino
1701 865 1997 920 Senonum

339 961 595 1030 transiit,
615 977 730 1033 quo
753 975 820 1016 ex
842 957 1054 1030 oppido
1075 973 1346 1030 egressus
1365 972 1466 1010 vm
1490 954 1628 1010 Idus
1658 951 1999 1008 Novembris

343 1069 377 1108 a
409 1049 732 1107 Guarnerio
763 1048 1018 1121 quodam
1047 1045 1234 1101 milite
1264 1043 1488 1100 castelli
1521 1043 1594 1099 de
1621 1043 1766 1098 Pont
1794 1043 2002 1114 captus

341 1144 450 1196 est.
481 1141 554 1195 At
583 1155 649 1194 ea
680 1137 752 1193 de
782 1153 842 1192 re
873 1133 1135 1191 monitus
1175 1132 1432 1206 pontifex
1463 1129 1852 1188 Guarnerium
1884 1132 2000 1185 sta-

340 1227 449 1283 tim
493 1225 704 1282 litteris
735 1225 808 1281 ob
839 1228 1065 1280 tantam
1109 1221 1499 1279 temeritatem
1531 1217 1890 1292 objurgavit;
1923 1217 2000 1274 si-

343 1315 582 1388 mulque
617 1314 762 1370 alias
791 1313 1015 1370 litteras
1060 1310 1330 1368 Richerio
1369 1311 1667 1366 Senonum
1717 1306 2000 1379 archiepi-

343 1421 520 1476 scopo
537 1402 791 1475 scripsit,
807 1405 872 1457 ut
885 1400 1158 1458 eumdem
1177 1398 1423 1454 militem
1441 1397 1996 1464 commonefactum,

343 1493 392 1550 si
427 1509 541 1549 non
575 1490 967 1564 resipisceret,
988 1487 1166 1546 simul
1199 1504 1333 1544 eum
1363 1503 1471 1544 suo
1492 1488 1620 1558 ejus
1653 1488 1766 1542 loco
1794 1501 2004 1540 excom-

341 1583 710 1639 municationi
733 1579 1046 1652 subjiceret.
1070 1581 1289 1633 Verum
1321 1575 1667 1650 priusquam
1699 1591 1798 1630 eas
1847 1591 2001 1630 rece-

343 1671 530 1745 pisset
573 1668 955 1736 Guarnerius,
987 1684 1022 1722 a
1079 1666 1347 1739 Philippo
1405 1665 1678 1737 episeopo
1727 1663 2002 1720 Treeonsi

345 1775 454 1816 suo
499 1758 678 1814 fratre
714 1755 1036 1828 increpitus
1075 1756 1202 1827 jam
1251 1753 1612 1810 satisfecerat
1657 1753 1998 1820 Lamberto;

345 1861 599 1920 eumque
643 1844 754 1902 sibi
799 1843 1235 1901 reconciliatum
1281 1842 1751 1898 Antissiodorum
1792 1857 2000 1913 usque,

349 1936 447 1993 ubi
481 1935 574 1992 die
601 1953 636 1988 ν
665 1935 876 1990 lduum
911 1933 1174 2004 ejusdem
1219 1932 1438 1988 mensis
1479 1930 1732 2000 advenit,
1765 1929 2001 1986 honori-

349 2025 456 2081 fice
488 2025 678 2080 fuerat
706 2023 1038 2080 comitatus.
1064 2020 1378 2092 Occasione
1420 2023 1617 2076 tamen
1648 2019 1828 2090 hujus
1859 2018 2002 2074 faci-

349 2113 510 2170 noris
537 2113 764 2169 videtur
791 2111 1061 2168 conditus
1089 2111 1270 2166 fuisse
1299 2126 1485 2166 canon
1517 2109 1587 2163 32
1617 2107 1845 2164 concilii
1877 2107 2002 2163 Cla-

353 2201 853 2280 remontensis,ut
874 2216 980 2256 suo
1001 2199 1126 2255 loco
1149 2199 1433 2255 dicemus.
1457 2197 1631 2254 Porro
1656 2197 2004 2253 Lambertus

348 2289 737 2367 Antissiodori
786 2293 994 2362 praeter
1024 2286 1360 2366 Ricberium
1401 2287 1820 2352 Senonensem,
1845 2301 2003 2340 com-

350 2377 732 2452 provinciales
767 2393 833 2432 ac
852 2375 1076 2432 vicinos
1108 2392 1248 2432 suos
1292 2374 1604 2431 Gervinum
1649 2373 2002 2430 Ambianen-

351 2483 478 2522 sem
517 2472 576 2522 et
605 2465 928 2522 Gerardum
975 2464 1365 2521 Morinensem
1414 2463 1720 2536 episcopos
1770 2461 2004 2534 reperit,

351 2554 706 2628 quibuscum
745 2552 1041 2625 reliquum
1081 2551 1308 2608 itineris
1347 2552 1612 2620 confecit,
1644 2555 1701 2606 et
1742 2549 2007 2606 Clarum-

352 2649 610 2700 montem
645 2643 876 2700 advenit
906 2641 1003 2698 die
1038 2659 1113 2697 xv
1155 2640 1444 2697 Kalendas
1491 2640 1845 2707 Decembris,
1880 2657 2008 2712 quae

352 2731 657 2790 Dominica
675 2736 821 2800 erat,
850 2730 948 2786 ubi
981 2747 1017 2784 a
1041 2729 1296 2802 pontiﬁce
1325 2731 1558 2798 benigne
1588 2730 1645 2783 in
1678 2729 1855 2783 osculo
1885 2745 2010 2784 san-

353 2830 436 2878 cto
462 2824 738 2892 susceptus
767 2818 1233 2876 benedictionem
1266 2817 1644 2889 apostolicam
1677 2817 1914 2890 recepit.

429 2925 611 3004 CCIV.
645 2924 824 2980 Simul
851 2928 903 2980 et
932 2925 1038 3004 alii
1065 2925 1324 2996 episcopi,
1356 2932 1483 3004 etc.,
1513 2923 1658 2996 apud
1690 2923 1940 2979 Clarum-

872 2999 1109 3052 montem
1145 2997 1492 3050 conveniunt.

430 3086 576 3141 Cum
629 3085 826 3156 itaque
875 3085 1075 3140 omnia
1104 3083 1176 3139 ad
1236 3083 1649 3140 celebrandum
1700 3081 2012 3138 concilium

1616 284 1688 347 B.
1735 279 2074 348 URBANIS
2119 283 2172 343 II
2215 276 2465 342 ΡΑΡιΕ.

2009 417 2066 483 Α
2099 433 2276 485 num,
2324 429 2458 470 cum
2511 411 2662 484 apud
2715 408 3448 471 Clarummontem‘esset,
3499 401 3644 460 dona
3706 419 3780 471 (ιδ

3650 269 3776 328 164

2111 507 2312 577 legatos
2367 501 2708 566 transmisit,
2771 503 2914 555 teste
2973 495 3282 553 Laurentio
3338 493 3645 550 Leodiensi
3709 492 3778 547 in

2111 594 2365 650 llistoria
2403 591 2582 664 epise.
2615 587 3099 644 Virdunensium.
3134 585 3344 641 Nullus
3390 600 3523 640 vero
3553 599 3622 638 ex
3652 583 3780 637 An-

2109 681 2228 755 glia
2257 681 2567 754 episcopus
2597 678 2711 733 huc
2743 676 3046 733 advenisse
3076 689 3330 748 usquam
3361 675 3732 729 memoratur
3760 688 3777 726 :

2113 777 2254 827 Boso
2282 775 2481 826 tamen
2511 766 2970 838 monachus,qui
2997 763 3375 838 postmodum
3395 761 3563 818 Becci
3587 761 3779 816 abbas

2109 861 2240 927 fuit,
2267 877 2300 914 a
2329 863 2528 915 sancto
2559 855 2834 913 Anselmo
2865 853 3301 911 Cantuariensis
3331 850 3776 924 archiepiscopo

2110 949 2351 1014 missus,
2385 949 2514 1019 ejus
2546 945 2783 1001 nomine
2809 943 2892 1004 ibi
2925 941 3210 1010 interfuit,
3241 945 3308 997 ut
3337 958 3404 997 ex
3438 939 3628 1013 ipsius
3661 940 3774 994 Bo-

2109 1038 2271 1094 sonis
2297 1036 2429 1092 Vita
2459 1034 2763 1091 discimus.

2587 1123 2740 1180 CCV.
2775 1127 2978 1180 Eorum
3005 1136 3292 1176 numerus.

2181 1215 2486 1272 Bertoldus
2535 1214 2795 1270 tredecim
2850 1211 3277 1283 archiepiscopos
3313 1225 3438 1264 cum
3483 1208 3601 1263 suis
3645 1207 3776 1278 suf-

2108 1306 2411 1376 fraganeis,
2445 1303 2514 1360 ad
2547 1302 2698 1358 hanc
2743 1300 3054 1374 synodum,
3088 1314 3266 1371 quam
3313 1297 3623 1369 generalem
3665 1312 3777 1368 ap-

2111 1394 2310 1468 pellat,
2337 1393 2676 1450 convenisse
2707 1391 2884 1446 tradit
2912 1389 2972 1446 in
3001 1407 3117 1463 qua
3141 1389 3247 1444 205
3269 1387 3574 1461 pastorales
3599 1387 3782 1457 virga

2109 1491 2314 1540 notatw
2371 1485 2518 1537 sunt.
2559 1481 2861 1537 Urbanum
2921 1495 3104 1535 omnes
3165 1479 3436 1551 episcopos
3468 1475 3662 1532 Gallix
3725 1482 3784 1531 et

2110 1574 2394 1644 Hispania:
2422 1570 2566 1642 apud
2617 1570 3079 1625 Clarummontem
3125 1582 3534 1640 congregasse,
3567 1563 3777 1636 ibique

2108 1662 2408 1718 concilium
2459 1663 2650 1730 ingens
2703 1658 3026 1714 celebrasse
3075 1656 3156 1712 ait
3201 1655 3511 1712 Ordericus
3557 1653 3776 1710 Vitalis

2113 1749 2282 1806 initio
2316 1749 2448 1805 libri
2483 1767 2560 1814 1x,
2584 1748 2698 1815 cui,
2732 1747 2945 1820 inquit,
2979 1746 3369 1802 interfuerunt
3387 1741 3780 1816 archiepisco-

2113 1839 2170 1912 pi
2205 1837 2782 1910 tredecim,episcopi
2837 1835 3068 1892 ducenti
3121 1841 3178 1890 et
3225 1833 3432 1908 viginti
3481 1833 3770 1906 quinque,

2111 1945 2232 1985 eum
2276 1928 2643 1984 multitudine
2685 1927 2964 1992 abbatum,
2996 1927 3347 1996 aliarumque
3387 1939 3773 1996 personarum,

2113 2019 2307 2091 quibus
2338 2017 2467 2074 adeo
2509 2025 2824 2072 sanctarum
2851 2031 3003 2071 curse
3037 2015 3299 2085 delegata,
3333 2021 3462 2069 sunt
3499 2013 3778 2069 Ecclesia-

2113 2125 2258 2162 rum.
2284 2107 2588 2163 Cousentit
2617 2109 2820 2161 auctor
2851 2105 3155 2160 Gestorum
3189 2101 3480 2158 Lamberti
3513 2100 3778 2176 episcopi

2120 2196 2542 2264 Atrebatensis,
2566 2193 2664 2267 qui
2695 2194 2939 2250 totidem
2973 2193 3440 2266 archiepiscopos
3469 2196 3526 2248 et
3553 2190 3783 2264 episco-

2114 2303 2221 2358 pos
2251 2301 2384 2340 cum
2409 2283 2688 2340 Romanis
2718 2282 3115 2339 cardinalibus
3139 2282 3210 2337 ad
3234 2281 3342 2339 hoc
3365 2281 3619 2353 generale
3639 2297 3782 2336 con-

2116 2374 2316 2430 cilium
2351 2373 2688 2430 convenisse
2717 2372 2919 2437 trudit,
2952 2378 3009 2428 et
3061 2375 3268 2444 praeter
3297 2387 3394 2427 eos
3424 2371 3643 2426 abbates
3677 2385 3780 2426 no-

2115 2465 2347 2532 naginta
2375 2471 2428 2518 et
2455 2478 2516 2518 eo
2545 2463 2804 2534 amplius,
2853 2463 3092 2533 exceptis
3121 2462 3358 2516 honestis
3401 2463 3452 2516 et
3495 2459 3779 2528 religiosis

2115 2552 2455 2608 diversarum
2473 2553 2658 2622 region
2666 2567 2759 2606 um
2777 2555 2827 2606 et
2846 2551 3097 2622 provinci
3099 2566 3261 2605 arum
3281 2550 3494 2605 clericis
3514 2551 3564 2604 et
3589 2549 3773 2604 laicis.

2121 2641 2277 2696 Idem
2299 2643 2500 2712 postea
2521 2640 2580 2694 in
2605 2640 2718 2694 fine
2739 2639 2966 2711 repetit,
2987 2639 3097 2694 nisi
3123 2639 3278 2711 quod
3301 2637 3778 2710 archiepiscopos

2118 2727 2527 2802 quatuordecim
2558 2727 2772 2784 habeat
2802 2727 2859 2784 in
2891 2727 3114 2800 aliquot
3153 2727 3328 2784 editis
3353 2732 3411 2784 et
3438 2743 3582 2784 mss.
3607 2727 3778 2783 Unus

2121 2824 2316 2873 tamen
2335 2818 2512 2873 codex
2535 2821 2754 2885 noster,
2769 2820 2825 2873 et
2844 2817 3082 2889 quidem
3101 2816 3381 2874 vetustior
3400 2815 3779 2872 solummodo

2120 2906 2398 2962 tredecim
2434 2906 2680 2978 praefert.
2713 2909 2780 2960 In
2811 2904 2989 2961 veteri
3019 2905 3226 2962 notitia
3250 2905 3518 2976 ejusdem
3544 2905 3782 2962 concilii

2122 2995 2276 3068 apud
2315 2995 2612 3050 Labbeum
2663 3011 2731 3050 ex
2761 2993 2957 3049 codice
2987 2993 3178 3050 Cencii
3209 2994 3520 3050 Camerarii
3570 2992 3780 3052 conse-

2121 3084 2278 3139 disse
2294 3099 2428 3139 cum
2446 3083 2679 3138 Urbano
2703 3082 2982 3138 dicuntur
2998 3082 3417 3155 archiepiscopi
3439 3082 3779 3155 duodecim,

360 3174 648 3248 disposita
677 3178 893 3238 essent.
926 3173 996 3246 ad
1039 3173 1098 3228 id
1129 3173 1286 3230 enim
1325 3171 1497 3245 longo
1539 3176 1709 3228 antea
1739 3172 2010 3228 Urbanus
2041 3157 2084 3226 C
2121 3173 2376 3246 episcopi
2398 3171 2694 3246 octoginta
2712 3171 3084 3228 etinnumeri
3109 3171 3620 3229 abbates.Clarius
3638 3189 3777 3230 vero

359 3263 675 3321 Henricum
703 3249 986 3328 Siculum,
1020 3261 1120 3334 qui
1151 3265 1284 3334 post
1310 3261 1500 3318 varias
1531 3263 1798 3317 fortunas
1827 3261 2012 3317 cardi-

361 3350 512 3408 nalis
533 3355 590 3408 et
609 3349 940 3424 patriarcha
957 3349 1355 3406 Antiocheaus
1377 3351 1613 3406 tandem
1637 3351 1764 3416 fuit,
1785 3348 2012 3422 preemi-

361 3445 535 3508 serat,
569 3443 961 3496 convenerunt
987 3445 1186 3495 autem
1233 3439 1503 3496 condicto
1556 3439 1650 3495 die
1698 3439 1852 3512 apud
1885 3437 2009 3494 Cla-

360 3534 756 3586 rummontem
789 3545 858 3585 ex
886 3528 1162 3585 omnibus
1191 3529 1372 3584 ferme
1395 3528 1637 3600 Europae
1667 3527 1854 3600 plagis
1875 3543 2010 3582 cum

360 3619 594 3695 Urbano
659 3635 812 3691 papa
881 3615 1337 3689 archiepiseOpi,
1393 3615 1684 3688 episcopi,
1747 3616 2009 3684 abbates,

361 3707 589 3783 aliique
609 3707 878 3763 omnium
908 3705 1181 3762 ordinum
1227 3703 1333 3759 viri
1371 3703 1632 3760 illustres
1662 3720 1808 3776 pene
1838 3705 2010 3758 innu-

363 3796 528 3853 meri.
559 3797 778 3851 Auctor
821 3793 1092 3850 Chronici
1140 3792 1339 3848 Sancti
1367 3793 1561 3848 Vitoni
1605 3792 2012 3864 Virdunensis,

362 3883 524 3942 tome
545 3884 567 3939 Ι
589 3881 958 3940 Bibliotheca:
979 3881 1320 3948 Labbeanze,
1335 3881 1418 3936 ait
1436 3882 1504 3937 ad
1531 3879 1674 3937 illud
1699 3879 2012 3937 concilium

361 3975 637 4046 episcopos
673 3986 812 4042 pene
858 3971 1020 4027 totius
1061 3969 1207 4025 orbis
1253 3975 1636 4042 congregatos
1683 3970 1886 4036 fuisse,
1915 3986 2012 4026 em-

363 4063 532 4134 ceptis
577 4059 942 4130 Lotharingis,
995 4059 1311 4114 Alemannis
1355 4062 1406 4113 et
1454 4059 1743 4130 Hungaris.
1778 4058 1898 4114 Hoc
1926 4063 2014 4116 ta-

366 4166 501 4206 men
541 4149 951 4206 celeberrimum
999 4147 1180 4204 fuisse
1230 4145 1439 4214 scribit
1479 4147 1765 4204 Robertus
1815 4146 1963 4204 libro
1995 4164 2015 4204 ι

2119 3261 2322 3318 scribit
2371 3261 2429 3317 in
2479 3261 2762 3317 Chronico
2819 3260 3014 3316 Sancti
3050 3261 3200 3316 Petri
3229 3261 3356 3316 Vivi
3413 3261 3774 3320 Senonensis

2117 3351 2256 3406 huic
2287 3349 2532 3406 concilio
2575 3354 2890 3422 praesentes
2934 3350 3117 3405 fuisse
3146 3353 3434 3408 trecentos
3465 3350 3775 3424 episcopos

2119 3440 2377 3497 abbates.
2397 3439 2592 3495 Novus
2621 3438 2872 3511 scriptor
2895 3439 3204 3495 Gestorum
3235 3440 3336 3496 Dei
3367 3457 3471 3514 per
3491 3441 3772 3510 Francos,

2118 3532 2408 3584 trecentos
2438 3533 2495 3583 et
2524 3528 2725 3584 decem
2765 3532 2886 3583 tam
2907 3528 3223 3602 episcopos
3273 3546 3452 3602 quam
3505 3529 3770 3586 abbatesl

2121 3617 2380 3689 Denique
2423 3615 2738 3672 Guibertus
2782 3615 2892 3672 hoc
2937 3616 3250 3673 concilium
3299 3621 3450 3675 tanta
3505 3619 3778 3676 celebria:

2119 3709 2291 3779 fuisse
2317 3705 2477 3774 dicit,
2499 3713 2702 3778 quanto
2730 3707 3042 3762 excellentis
3083 3711 3137 3762 et
3178 3709 3463 3766 inusittum
3497 3725 3773 3780 persona,

2126 3795 2420 3852 Urbanum
2470 3793 2762 3867 intelligit,
2797 3811 2894 3852 ora
2932 3812 3168 3866 cernere,
3201 3799 3365 3853 verba
3410 3798 3609 3854 audire
3657 3804 3781 3856 erat

2120 3884 2554 3940 desiderabilius.
2584 3885 2732 3939 Tum
2765 3885 2961 3940 subdit
2987 3901 3000 3940 :
3027 3887 3146 3940 Illic
3169 3890 3372 3958 praeter
3399 3889 3781 3960 episcoporum

2121 3983 2174 4030 et
2201 3973 2460 4029 abbatum
2507 3975 2786 4039 examina,
2827 3989 2959 4044 quos
3007 3975 3228 4030 circiter
3263 3977 3654 4048 quadragintos
3679 3993 3784 4051 per

2117 4064 2490 4135 prominentes
2519 4063 2732 4132 ferulas
2749 4063 2922 4134 fuisse
2947 4063 3126 4134 aliqui
3142 4068 3588 4135 numeraveram,
3609 4069 3782 4124 totius

2122 4153 2370 4207 Francia:
2395 4158 2446 4207 et
2475 4151 2858 4222 appendicium
2905 4155 3269 4209 comitatuum
3312 4154 3625 4212 litteratura
3649 4173 3781 4213 con-

367 4237 634 4295 Historiaa
698 4235 1226 4310 Jerosolymitanm,
1294 4239 1560 4292 conventu
1619 4237 1899 4294 Gallorum
1953 4255 2018 4294 ac
2123 4242 2308 4311 ﬂuxit.
2341 4240 2455 4296 Nec
2487 4239 2702 4295 mirum
2736 4241 2784 4296 si
2816 4241 3020 4297 Franci
3071 4247 3232 4298 tanto
3280 4260 3411 4299 eum
3463 4244 3674 4303 ardore
3707 4247 3782 4303 ad

367 4327 760 4384 Germanorum
787 4331 906 4381 tam
955 4327 1324 4398 episcoporum
1369 4343 1534 4398 quam
1579 4329 1912 4399 principum.
1947 4329 2019 4383 At
2125 4329 2411 4386 illustrem
2445 4329 2586 4385 adeo
2637 4334 2694 4385 et
2742 4329 3091 4386 inusitatum
3120 4336 3336 4388 coetum
3367 4335 3779 4392 conﬂuxerint.

365 4416 694 4492 Alemanni,
716 4431 967 4488 quorum
991 4413 1258 4471 nonnulli
1283 4415 1514 4472 Urbano
1537 4420 1704 4472 erant
1731 4415 2017 4472 addictis-
2122 4418 2352 4474 Etenim
2383 4422 2591 4490 praeter
2621 4417 2884 4474 nativum
2913 4419 3214 4488 fervorem,
3238 4420 3544 4495 Philippus
3567 4440 3692 4493 rex,
3717 4429 3786 4480 ut

367 4505 524 4573 simi,
554 4504 667 4562 huc
701 4504 845 4561 forte
876 4521 989 4560 non
1022 4505 1603 4576 convenerant,quod
1635 4508 1768 4560 ante
1798 4520 2017 4576 paucos
2047 4522 2092 4588 D
2124 4507 2340 4563 Urbani
2371 4507 2519 4563 votis
2559 4507 3003 4578 obsecundaret,
3027 4509 3304 4566 omnibus
3333 4509 3497 4584 regni
3529 4513 3623 4568 sui
3657 4513 3786 4586 epi-

367 4610 602 4652 menses
632 4593 966 4650 Placentino
991 4593 1256 4661 concilio,
1292 4593 1374 4648 uti
1407 4592 1683 4660 vidimus,
1717 4592 2015 4649 intert’uis-
2126 4595 2318 4668 scepis
2339 4599 2396 4650 et
2415 4595 2727 4651 abbatibus
2751 4599 3098 4667 potestatem
3130 4597 3341 4654 fecerat
3367 4603 3432 4654 ut
3459 4615 3596 4655 cum
3620 4601 3787 4657 omni

365 4688 517 4741 sent.
547 4683 627 4740 Ex
659 4682 1026 4756 Lotharingis
1057 4687 1274 4754 autem,
1301 4681 1352 4738 si
1385 4681 1692 4738 Meurissio
1722 4683 2020 4739 credimus
2128 4683 2442 4740 securitate
2470 4682 2857 4753 commeandi,
2891 4685 3045 4756 quod
3083 4685 3208 4758 ipse
3244 4687 3502 4759 pontifex
3533 4688 3592 4744 in
3626 4689 3790 4747 litte-

366 4777 422 4830 et
451 4772 942 4842 Sammarthanis,
967 4771 1104 4827 huic
1135 4771 1380 4827 concilio
1409 4771 1646 4828 adfuere
1677 4770 1870 4844 Poppo
1902 4773 2019 4828 Me-

367 4863 552 4920 tensis
589 4861 922 4935 episcopus,
954 4865 1012 4916 et
1043 4860 1181 4916 Pibo
1211 4859 1526 4925 Tullensis,
1549 4860 1647 4932 qui
1682 4861 1840 4928 Pibo,
1876 4861 1924 4916 si
1957 4861 2016 4916 P.

371 4951 680 5006 Benedicto
712 4949 1026 5022 Capucino,
1052 4949 1273 5004 auctori
1315 4965 1474 5004 novae
1505 4948 1798 5005 Tullensis
1827 4949 2018 5004 Histo-

372 5039 490 5106 riae,
524 5037 854 5103 credamus,
885 5037 945 5092 in
989 5053 1160 5092 suam
1207 5036 1505 5093 dimcesim
1547 5055 1578 5093 e
1625 5037 1891 5102 concilio,
1926 5037 2020 5093 cui

373 5143 508 5182 cum
539 5125 806 5182 Renardo
837 5124 1097 5181 Tullensi
1137 5126 1346 5182 comite
1395 5130 1452 5182 et
1494 5127 1658 5182 Petro
1689 5127 1818 5198 ejus
1848 5126 2022 5182 fratre

371 5213 743 5281 interfuerat,
773 5213 976 5284 redux,
1008 5214 1080 5270 ad
1111 5231 1338 5273 sacram
1378 5213 1804 5286 expeditionem
1835 5214 2022 5268 susci-

373 5303 650 5378 piendam
708 5302 1018 5375 plerosque
1070 5302 1242 5360 istius
1300 5301 1556 5376 regionis
1583 5303 1740 5358 viros
1797 5299 2024 5358 nobiles

372 5391 635 5450 adduxit.
698 5390 1004 5448 Rieherius
1057 5408 1192 5448 vero
1247 5389 1494 5445 Virduni
1553 5389 1884 5461 episcopus,
1923 5389 2023 5460 qui

376 5480 552 5558 paulo
581 5483 718 5538 ante
745 5479 892 5536 illud
923 5485 1176 5555 tempus,
1199 5481 1430 5552 ejurata
1475 5476 1705 5534 Henrici
1745 5480 1922 5546 secta,
1952 5479 2024 5536 ab

376 5567 618 5648 Bagoae
647 5569 1026 5646 Lugdunensi
1074 5570 1264 5628 fuerat
1301 5570 1694 5642 consecratus,
1722 5567 1796 5626 ad
1845 5565 2024 5628 Urba-

2127 4774 2209 4828 ris
2240 4773 2311 4828 ad
2343 4771 2688 4829 Garnerium
2721 4789 2902 4844 supra
2940 4773 3191 4830 laudatis
3220 4779 3468 4834 testatus
3497 4783 3610 4834 est.
3636 4779 3788 4836 Cum

2127 4879 2261 4917 vero
2289 4862 2468 4933 hujus
2500 4861 2731 4917 concilii
2763 4864 2904 4918 Acta
2934 4867 3204 4920 accurate
3227 4864 3517 4938 descripta
3538 4884 3657 4924 non
3689 4869 3792 4924 ha-

2131 4951 2396 5017 beantur,
2431 4948 2576 5005 nihil
2617 4949 2833 5006 mirum
2874 4955 2963 5008 est
3003 4951 3050 5007 si
3079 4952 3222 5008 varii
3263 4955 3620 5027 quandoque
3661 4957 3791 5014 fue-

2130 5039 2248 5094 rint
2277 5043 2544 5094 auctores
2587 5039 2646 5094 in
2687 5040 3042 5113 assignando
3071 5042 3478 5115 episcoporum
3511 5045 3616 5118 qui
3649 5047 3790 5104 huic

2131 5125 2373 5182 concilio
2421 5127 2737 5184 interfuere
2787 5145 3049 5185 numero.
3084 5130 3192 5196 Qui
3236 5138 3430 5188 autem
3489 5135 3790 5202 minorem

2131 5231 2310 5286 quam
2342 5216 2532 5271 caeteri
2570 5233 2882 5273 numerum
2928 5217 3326 5292 assignarunt,
3357 5221 3416 5278 id
3461 5222 3674 5281 fecisse
3703 5225 3790 5282 vi-

2131 5304 2345 5359 dentur
2367 5305 2542 5377 quod,
2557 5322 2690 5361 cum
2721 5322 2926 5368 omnes
2952 5307 3230 5380 praesules
3259 5311 3536 5370 omnibus
3565 5314 3791 5372 sessio-

2133 5391 2307 5447 nibus
2337 5397 2650 5466 praesentes
2679 5411 2794 5450 non
2830 5397 3064 5466 fuerint,
3085 5397 3170 5452 illi
3197 5415 3298 5455 eos
3328 5404 3562 5459 tantum
3596 5421 3794 5462 recen-

2133 5481 2359 5538 suerint
2385 5481 2485 5554 qui
2525 5481 2807 5558 singulari
2854 5484 3027 5541 alicui
3076 5487 3325 5544 sessioni
3374 5489 3790 5552 interfuerant.

2133 5569 2204 5628 Et
2231 5568 2290 5628 id
2332 5570 2544 5645 sapius
2575 5571 2828 5630 occurrit
2853 5572 2915 5634 in
2946 5574 3356 5637 instrumentis
3406 5580 3792 5656 potissimum
