3950 6218
424 329 541 389 16⁸1

1723 325 1795 387 Β.
1841 323 2069 388 URBA]

2177 324 2231 387 Il
2273 324 2524 386 ΡΑΡιΕ.
3693 331 3792 392 553

423 459 864 518 obiissedicitur
895 475 1048 516 anno
1083 458 1240 514 1099.
1271 459 1352 516 Ex
1378 459 1660 532 Hispania
1687 475 1818 514 vero
1854 459 2075 515 Dalma-
2101 457 2159 526 Α
2188 457 2450 524 abbates,
2483 456 2582 529 qui
2614 472 2746 512 cum
2777 456 3047 529 episcopo
3093 471 3202 512 suo
3246 455 3543 514 Lamberto
3581 462 3788 520 Atreba-

423 551 542 606 tius
573 549 811 607 Iriensis
829 566 930 605 seu
943 548 1534 622 Compostellanus,et
1552 547 1757 604 Petrus
1783 547 2070 620 Pampilo-

423 624 647 694 nensis.
680 637 1110 716 Papebrochius
1158 637 1216 692 in
1269 636 1580 709 PrOpylai-o,
1615 653 1716 692 seu
1746 638 1966 692 Conatu
1999 637 2072 692 ad

423 725 753 798 catalogum
784 726 1132 782 Pontificum
1172 726 1440 794 Romam,
1490 725 1572 781 ait
1618 727 1690 780 de
1736 724 1968 781 Urbano
2022 724 2074 781 II

423 799 696 871 sanctum
761 813 1138 887 Oldegarium
1193 814 1702 881 Barcinonensem,
1757 813 1944 869 solum
2003 829 2072 869 ex

424 901 706 975 Hispania
752 901 1093 975 episcOpum
1143 900 1587 958 Claromontano
1635 901 1770 956 huic
1827 901 2070 958 concilio

423 989 781 1060 interfuisse,
813 993 982 1062 cujus
1010 993 1170 1058 Acta,
1203 991 1414 1064 inquit,
1446 990 1824 1046 Barcinonem
1868 1007 2070 1063 repor-

422 1079 662 1135 tavit.At
691 1079 910 1135 fallitur
939 1078 1026 1134 vir
1053 1079 1411 1147 eruditus,ac
1443 1096 1512 1136 ea
1539 1095 1668 1152 quas
1699 1078 1758 1134 in
1789 1079 1924 1136 Vita
1941 1079 2069 1150 eius

421 1167 608 1224 sancti
640 1167 733 1224 die
763 1169 796 1222 3
828 1167 1118 1235 Martii,de
1149 1167 1329 1224 altero
1361 1167 1607 1224 concilio
1623 1164 2070 1224 Claromonta'no

421 1245 537 1311 san
563 1257 894 1312 Innocentio
925 1255 974 1312 Il
1006 1273 1158 1330 papa
1185 1256 1477 1314 celebrare
1498 1257 1888 1325 habentur,ad
1913 1257 2068 1312 istud

420 1335 633 1400 Urbani
665 1343 977 1401 concilium
1009 1343 1242 1400 incaute
1285 1345 1503 1413 retulit,
1533 1350 1597 1401 ut
1639 1364 1707 1402 ex
1753 1345 1880 1418 ipso
1927 1345 2070 1400 Vita:

417 1433 708 1508 Oldegarii
740 1433 888 1502 loco,
922 1450 1099 1506 quem
1130 1433 1350 1502 laudat,
1385 1434 1608 1491 scilicet
1656 1451 1782 1508 cap.
1816 1436 1848 1489 4
1881 1435 2070 1490 mani-

417 1521 630 1578 festum
661 1527 770 1578 est.

485 1611 617 1667 Jam
648 1628 782 1668 vero
814 1613 965 1667 inter
995 1613 1235 1668 abbates
1267 1614 1368 1684 qui
1398 1613 1584 1668 eidem
1617 1612 1860 1669 concilio
1893 1614 2069 1669 inter-

418 1699 676 1767 fuerunt,
711 1699 818 1756 hos
849 1717 918 1756 ex
947 1699 1125 1756 variis
1158 1701 1555 1758 monumentis
1584 1700 1938 1774 colligimus,
1972 1702 2066 1757 Ri-

416 1788 699 1893 qbudum
725 1805 940 1893 pompa
973 1789 1185 1893 Sancti.
1205 1789 1457 1893 Victoris
1494 1790 1913 1893 MassilireLqui
1943 1796 2068 1893 erat
2095 1827 2142 1893 Β

417 1876 692 1934 Romana
723 1877 991 1934 Ecclesiae
1031 1877 1380 1946 cardinalis;
1418 1879 1732 1935 Gervinum
1763 1879 2068 1936 Centulen-

415 1981 540 2021 sem
574 1965 847 2022 abbatem
865 1965 1041 2022 simul
1058 1971 1114 2022 et
1126 1966 1576 2024 Ambianensem
1598 1968 2066 2040 episcopum,qui

416 2053 712 2110 abbatiam
743 2055 1038 2111 dimittere
1067 2054 1127 2110 in
1159 2055 1404 2112 concilio
1424 2060 1658 2112 coactus
1688 2055 2064 2125 fuit;Guiber-

415 2146 542 2196 tum
597 2142 792 2200 Sancti
835 2143 1106 2199 Germani
1156 2143 1704 2211 Autissiodurensis,
1747 2144 1805 2198 in
1861 2145 2063 2200 eadem

415 2230 654 2302 synodo,
697 2224 800 2286 aut
848 2236 1001 2288 certe
1058 2231 1117 2286 in
1162 2232 1545 2288 Nemausensi
1595 2249 1747 2288 anno
1798 2233 2061 2306 sequenti

413 2320 1202 2387 exauctoratum,Robertum
1215 2321 1718 2378 archimonasterii
1736 2321 2063 2394 Remigiani

413 2408 568 2480 apud
602 2404 813 2464 Remos
830 2408 1100 2465 abbatem
1117 2415 1176 2466 et
1195 2409 1454 2482 primum
1477 2415 1772 2467 auctorem
1800 2410 2062 2466 Historia;

409 2490 930 2568 Jerosolymitanea,
975 2498 1074 2570 qui
1125 2503 1183 2554 et
1215 2498 1340 2570 ipse
1370 2503 1574 2571 postea
1603 2499 1694 2555 sui
1725 2497 2063 2555 monasterii

411 2583 670 2656 regimen
729 2585 1023 2642 dimittere
1077 2585 1421 2659 compulsus
1478 2591 1588 2643 est.
1636 2587 1835 2643 Adfuit
1887 2588 2063 2644 etiam

413 2665 762 2730 Lambertus
792 2674 974 2730 abbas
1006 2675 1205 2731 Sancti
1238 2675 1477 2744 Bertini,
1511 2692 1579 2730 ex
1606 2675 1860 2732 Historia
1889 2676 2064 2733 Mori-

414 2776 645 2828 norum,
681 2761 870 2817 Lanzo
894 2763 1090 2818 Sancti
1119 2762 1408 2818 Vincentii
1442 2763 1848 2831 Metensis,cui
1883 2764 2062 2821 Urba-

412 2865 527 2904 nus
555 2865 710 2904 anno
740 2851 1006 2922 sequenti
1056 2850 1421 2924 privilegium
1467 2851 1729 2908 indulsit.
1759 2852 2062 2910 Baldricus

412 2939 539 2991 tum
558 2931 834 3009 'Burgulii
867 2938 1069 3006 abbas,
1103 2943 1305 3010 postea
1333 2938 1600 2996 Dolensis
1621 2940 2060 3014 episcopus.qui

412 3029 470 3081 et
510 3021 636 3097 ipse
667 3019 983 3083 Historiam
1027 3027 1530 3102 Jerosolymitanze
1575 3029 1958 3102 expeditionis
2005 3035 2063 3087 et

413 3111 530 3170 alia
557 3111 840 3187 opuscula
869 3105 1133 3188 scripsit;
1168 3116 1340 3190 Hugo
1381 3116 1798 3186 Cluniacensis,
1832 3118 1921 3176 vel
1954 3136 2061 3176 suo

2183 547 2333 602 tensi
2365 551 2420 604 et
2452 545 2580 603 aliis
2609 545 2874 616 ejusdem
2900 543 3168 602 dioecesis
3199 545 3566 622 primoribus,
3592 550 3658 605 ad
3675 568 3789 608 con-
3829 597 3831 600 ‹

2182 635 2381 692 cilium
2413 635 2653 708 profecti
2698 634 2880 690 fuisse
2925 634 3203 690 dicuntur
3229 633 3288 688 in
3319 635 3500 706 ipsius
3531 637 3789 696 Lamberti

2182 724 2392 779 Gestis.
2424 723 2637 778 Aderat
2679 721 2854 778 etiam
2901 738 2970 777 ex
3015 721 3360 777 Taurinensi
3401 724 3680 794 provincia
3703 727 3787 782 Er-
3850 775 3861 785 .

2181 812 2548 885 mengandus
2599 812 2782 868 abbas
2813 809 3132 880 Clusensis,
3185 815 3248 866 ut
3296 827 3365 866 ex
3411 812 3536 882 ejus
3577 813 3791 886 epistola

2181 900 2486 967 discimus,
2519 917 2697 972 quam
2730 917 2840 956 ms.
2867 899 3183 968 habemus;
3219 900 3278 956 in
3308 913 3376 956 ea
3404 901 3610 974 quippe
3639 903 3788 960 Ram-
3815 939 3820 944 ς

2179 989 2412 1046 nult'um
2427 990 2768 1062 episcopum
2791 992 3212 1046 Santonensem
3244 993 3407 1062 rogat
3435 994 3499 1045 ut
3527 992 3787 1064 negotium

2180 1079 2252 1134 de
2281 1077 2536 1134 Ecclesia
2564 1077 2766 1146 Vallis,
2801 1076 2955 1150 quod
2987 1081 3190 1134 contra
3215 1066 3681 1152 Angeriacensem
3707 1082 3789 1138 ab-

2179 1167 2373 1224 batem
2429 1167 2701 1234 habebat,
2757 1170 3151 1238 componeret,
3200 1165 3352 1221 sicut
3399 1165 3449 1222 ei
3491 1167 3545 1222 in
3575 1167 3787 1226 concilio

2179 1255 2641 1312 Claromontensi
2674 1254 2971 1328 pollicitus
3003 1255 3208 1310 fuerat.

2568 1343 2771 1400 CCVII.
2799 1343 3105 1400 Concilium
3127 1342 3434 1399 inchoatur.

2251 1433 2628 1506 Congregatis
2680 1431 2875 1504 itaque
2922 1448 2991 1487 ex
3037 1431 3193 1486 omni
3229 1434 3393 1503 parte
3429 1430 3786 1504 pontiﬁcibus,

2182 1523 2449 1579 Urbanus
2469 1539 2564 1578 xiv
2591 1521 2878 1578 Kalendas
2910 1520 3244 1577 Decembris
3265 1519 3579 1578 concilium.
3590 1521 3790 1580 inchoa-

2179 1612 2260 1666 vit
2291 1610 2419 1684 ipsa
2448 1611 2541 1666 die
2572 1614 2773 1666 octava
2804 1609 2934 1665 festi
2969 1609 3154 1665 sancti
3188 1607 3441 1676 Martini,
3463 1613 3528 1666 ut
3555 1611 3789 1668 observat

2178 1701 2502 1766 Bertoldus,
2535 1699 2626 1755 cui
2654 1699 2946 1755 consentit
2975 1697 3198 1755 Clarius
3230 1697 3286 1753 in
3321 1697 3598 1755 Chronico
3623 1700 3786 1756 Sancti

2180 1789 2328 1845 Petri
2358 1788 2483 1844 Vivi
2513 1787 3045 1854 Seuonensis,sicut
3075 1793 3128 1843 et
3160 1787 3350 1859 ipsius
3372 1784 3592 1844 concilii
3615 1788 3790 1844 notitia

2175 1895 2244 1934 ex
2273 1877 2718 1934 cod.Camerarii
2745 1877 2870 1946 jam
2903 1875 3138 1932 laudato
3171 1877 3524 1932 eruta.Certe
3554 1876 3790 1934 Urbanus

2175 1967 2298 2039 ipse
2329 1967 2388 2021 in
2419 1965 2668 2039 epistola
2689 1965 2760 2021 ad
2793 1965 3171 2021 Lambcrtum
3201 1966 3632 2022 Atrebatenscm
3653 1964 3788 2022 illam

2174 2055 2462 2129 synodum
2521 2057 2580 2110 in
2636 2055 2836 2110 octavis
2893 2057 3069 2110 sancti
3131 2054 3361 2110 Martini
3420 2054 3787 2111 celebrandam

2173 2145 2292 2200 fore
2323 2144 2797 2211 denuntiaverat;
2832 2143 2986 2216 quod
3018 2143 3089 2198 de
3122 2142 3253 2215 ipsa
3283 2143 3380 2199 die
3410 2146 3602 2198 octava
3644 2143 3788 2199 intel-

2173 2233 2471 2306 ligendum
2504 2249 2632 2289 esse
2664 2237 2824 2305 patet
2853 2249 2920 2288 ex
2951 2231 3232 2305 Rayuoldi
3256 2231 3559 2290 Remensis
3577 2231 3792 2306 epistola

2173 2320 2501 2376 invitatoris
2531 2321 2767 2376 nomine
2789 2321 3005 2379 Urbmi
3029 2321 3101 2376 ad
3125 2321 3401 2378 eumdem
3425 2321 3790 2389 Lambertum,

2173 2411 2232 2465 in
2263 2427 2380 2482 qua
2410 2410 2622 2466 diserte
2668 2409 2902 2482 legitur,
2931 2408 3245 2466 concilium
3295 2412 3360 2465 in
3403 2411 3601 2467 octavis
3643 2409 3794 2465 sancti

2171 2501 2400 2555 Martini
2445 2516 2544 2554 xm
2592 2498 2840 2554 videlicet
2888 2499 2978 2554 die
3021 2498 3142 2554 Kal.
3197 2498 3503 2556 Decembris
3551 2495 3793 2556 celebrari

2172 2589 2400 2644 debere.
2436 2587 2577 2643 Hinc
2606 2587 3037 2643 emendandum
3087 2592 3175 2642 est
3220 2587 3545 2644 Chronicon
3589 2585 3790 2642 Malles-

2171 2694 2362 2742 cense,
2407 2675 2464 2731 in
2517 2693 2634 2748 quo
2682 2674 2825 2731 illud
2881 2693 2943 2732 m
2994 2675 3132 2732 ldus
3180 2675 3526 2734 Novembris
3555 2677 3788 2732 coactum

2174 2766 2358 2822 fuisse
2379 2765 2615 2838 legitur.

2171 2871 2398 2927 CCVIII.
2435 2871 2689 2928 Durandi
2710 2873 2947 2942 episcopi
2973 2871 3396 2954 Claromontani
3417 2887 3560 2926 mors
3585 2874 3636 2926 et
3661 2883 3788 2924 exse-

2911 2957 3077 3013 quan.

2240 3032 2486 3087 Tantam
2535 3030 2965 3087 solemnitatem
3028 3029 3203 3103 paulo
3263 3031 3520 3088 turbavit
3563 3026 3786 3086 Durandi

2173 3119 2360 3192 ipsius
2390 3120 2713 3175 Arvernicze
2764 3119 2927 3176 urbis
2972 3119 3228 3192 episcopi
3262 3137 3442 3188 mors,
3470 3136 3592 3191 quas
3631 3117 3788 3191 primo

413 3197 652 3258 nomine
680 3202 1066 3274 clarissimus,
1095 3205 1249 3277 quod
1282 3211 1492 3278 praater
1533 3205 1650 3262 alia
1698 3207 1918 3264 indicat
1960 3208 2063 3264 Pa-
2097 3194 2140 3262 C
2170 3207 2400 3264 concilii
2433 3209 2525 3264 die
2555 3209 2816 3282 contigit.
2852 3209 2955 3264 Hic
2985 3225 3052 3264 ex
3081 3210 3238 3265 Casae
3265 3209 3366 3264 Dei
3399 3209 3603 3265 abbate
3631 3208 3790 3264 factus

412 3290 634 3348 schalis
659 3291 821 3349 bulla
850 3293 918 3350 ad
952 3310 1087 3350 eum
1129 3294 1324 3366 ipsum
1367 3295 1504 3351 data
1554 3312 1656 3368 pro
1702 3297 2064 3368 subiectione

411 3381 599 3437 sancti
629 3379 899 3454 Cypriani
923 3381 1512 3456 Pictaviensis,quam
1535 3383 1714 3440 habet
1737 3385 2066 3442 Soucbetus

409 3468 469 3525 in
497 3469 652 3526 notis
681 3470 754 3526 ad
784 3471 978 3527 Vitam
1007 3472 1286 3530 Bernardi
1314 3473 1694 3530 Turonensis.
1728 3475 2064 3532 Bernardus

409 3553 666 3631 Majoris'
694 3557 1050 3629 Monasterii,
1093 3567 1149 3618 et
1191 3562 1524 3634 Stephanus
1574 3562 1950 3620 Nucariensis
1995 3581 2064 3621 ex

407 3647 643 3704 dimcesi
673 3640 1022 3712 Turonensi.
1053 3649 1346 3706 Gotfridus
1376 3650 1842 3719 Vindocinensis,
1889 3653 2063 3710 rebus

407 3736 589 3808 gestis
619 3740 677 3792 et
705 3733 941 3810 scriptis
972 3737 1238 3808 celebris,
1287 3738 1528 3794 Jarento
1573 3740 1772 3795 Sancti
1821 3741 2062 3814 Benigni

411 3823 803 3891 Divionensis,
843 3825 1182 3882 Guutardus
1240 3827 1660 3884 Gemeticensis
1716 3829 1826 3884 sub
1885 3830 2061 3887 finem

409 3911 662 3980 concilii,
696 3917 763 3968 ut
785 3913 962 3970 habet
1003 3913 1313 3971 Ordericus
1369 3914 1567 3972 Vitalis
1597 3916 1744 3973 libro
1773 3935 1829 3985 x,
1862 3919 2062 3976 defun-

410 4005 562 4068 ctus,
595 4017 768 4072 quem
803 4003 875 4058 ad
907 4001 1219 4059 concilium
1262 4021 1389 4058 cum
1433 4007 1646 4062 caeteris
1690 4007 1920 4079 collegis
1943 4011 2061 4065 suis

408 4090 830 4148 Northmanm'ze
850 4092 1165 4164 pastoribus
1189 4095 1494 4166 pen-exisse
1523 4094 1677 4151 idem
1700 4101 1903 4153 auctor
1933 4115 2062 4154 nar-

410 4181 504 4234 rat
532 4176 682 4233 libro
711 4179 957 4246 1v;unde
986 4179 1280 4254 colligitur
1299 4181 1498 4260 plures
1519 4200 1588 4240 ex
1607 4185 1806 4241 eadem
1835 4186 2060 4260 provin-

409 4264 500 4321 cia
519 4265 762 4323 abbates
778 4266 914 4324 huic
939 4269 1160 4342 synodo
1183 4259 1796 4346 interfuisse,quorum
1821 4275 2062 4333 nomina

407 4354 766 4411 exciderunt.
825 4356 928 4413 His
981 4355 1230 4414 addendi
1287 4359 1508 4416 Natalis
1573 4363 1770 4418 Sancti
1839 4363 2058 4420 Nicolai

405 4460 590 4516 prope
616 4442 955 4515 Andegavos
986 4446 1542 4516 abbas,Guillelmus
1563 4451 1757 4506 Sancti
1786 4451 2055 4508 Florentii

408 4550 477 4628 ex
505 4533 708 4628 eadem
739 4527 1000 4628 dioecesi;
1034 4536 1397 4628 Causmarus
1426 4539 1619 4594 Sancti
1655 4539 1802 4595 Petri
1851 4542 2058 4597 Insulas
2082 4563 2128 4628 D

407 4621 782 4691 Germanicae,
817 4640 918 4680 seu
947 4625 1019 4681 de
1045 4625 1201 4682 Cella
1229 4643 1409 4699 prope
1456 4629 1686 4704 Trecas,
1723 4629 2057 4702 Raynaldus

404 4710 598 4768 Sancti
629 4710 916 4786 Cypriani,
951 4714 1261 4770 Gervasius
1309 4716 1504 4771 Sancti
1546 4716 1740 4772 Savini
1771 4723 1827 4774 et
1855 4719 2058 4776 Petrus

402 4801 762 4859 Carrot‘ensis
791 4803 944 4874 apud
978 4803 1272 4872 Pictones;
1310 4805 1513 4860 Petrus
1542 4792 1776 4860 Anianze
1813 4806 1874 4863 in
1916 4808 2055 4864 dice-

404 4887 516 4945 cesi
549 4889 968 4962 Magalonensi,
993 4894 1316 4949 Ademarus
1349 4894 1544 4948 Sancti
1587 4895 1872 4952 Martialis
1902 4899 2054 4970 apud

405 4973 761 5041 Lemovices,
795 4984 851 5034 et
879 4995 947 5035 ex
977 4982 1180 5037 eadem
1229 4980 1463 5038 dimcesi
1515 4985 1808 5040 Gerardus
1851 4985 2056 5042 Useer-

405 5065 600 5122 censis
626 5060 942 5123 Anseulf’us
990 5057 1186 5124 Sancti
1233 5070 1475 5128 Joannis
1524 5071 1960 5144 Angeriacensis
1990 5093 2058 5130 ex

405 5149 639 5210 diua-cesi
670 5157 1040 5212 Santonensi.
1073 5157 1155 5212 Ex
1201 5159 1448 5215 Arvenia
1494 5177 1651 5225 vero,
1701 5166 1908 5232 praeter
1956 5163 2055 5216 Pe-

403 5244 563 5295 trum
617 5241 816 5298 Sancti
868 5241 1041 5298 lllidii
1091 5245 1546 5313 Claromontani,
1580 5247 1825 5304 aderant
1853 5247 2057 5304 Petrus

402 5327 820 5386 Auriliacensis
849 5335 906 5386 et
928 5327 1165 5390 Prultus
1209 5335 1369 5391 Casa:
1407 5333 1509 5390 Dei
1542 5333 1806 5401 abbates,
1837 5351 2058 5408 anony-

406 5434 542 5474 mus
569 5419 764 5474 Sancti
795 5421 1207 5494 Sumphoriani
1251 5423 1323 5478 de
1370 5421 1675 5493 Tbigemo,
1709 5425 1768 5475 et
1803 5421 2057 5483 decanus

406 5506 602 5563 Sancti
643 5507 795 5564 Petri
851 5509 922 5566 de
972 5511 1289 5575 Mauriaco,
1341 5508 1557 5580 quibus
1599 5507 1887 5581 jungendi
1920 5519 2059 5571 sunt

404 5593 624 5656 Modus
655 5597 852 5660 Sancti
885 5599 1142 5672 Vedasti,
1168 5602 1226 5657 et
1251 5594 1594 5657 Hamericus
1613 5596 2058 5676 Aquicentensis

2172 3299 2632 3372 episcopus,tum
2665 3297 3174 3354 Claromontanam
3218 3297 3536 3355 Ecclesiam
3567 3297 3786 3370 regebat,

2171 3387 2408 3460 quando
2438 3387 2554 3442 huc
2585 3386 2817 3443 advenit
2847 3386 3106 3460 pontifex
3135 3391 3202 3442 ut
3231 3385 3548 3443 concilium
3573 3384 3790 3443 celebra-

2171 3480 2276 3544 ret,
2307 3477 2407 3532 sed
2441 3476 2498 3530 in
2531 3474 2880 3532 necessariis
2928 3475 2998 3530 ad
3050 3474 3385 3548 pontiﬁcem
3423 3475 3672 3548 aliosque
3693 3470 3792 3544 epi-

2171 3581 2378 3638 scopos
2409 3569 2472 3620 ut
2505 3564 2746 3620 decebat
2778 3563 3164 3636 excipiendos,
3197 3563 3590 3638 praeparandis
3616 3559 3790 3618 defati-

2171 3658 2340 3728 gatus
2393 3657 2502 3721 est,
2555 3659 2619 3708 ut
2665 3657 2960 3710 contracto
3009 3653 3168 3726 gravi
3219 3653 3448 3722 morbo,
3487 3650 3789 3710 adveniente

2170 3759 2340 3816 papa,
2365 3743 2491 3814 jam
2519 3743 2590 3798 de
2619 3743 2748 3813 ejus
2776 3741 2892 3798 vita
2921 3759 3067 3815 pene
3098 3743 3527 3814 desperaretur.
3576 3742 3641 3798 Et
3684 3737 3786 3811 qui-

2169 3833 2397 3900 dem,ut
2426 3831 2602 3886 habet
2633 3831 2797 3903 Hugo
2823 3830 3276 3888 Flaviniacensis
3306 3831 3366 3888 in
3397 3830 3671 3888 Chronico
3688 3826 3789 3880 Vir-

2168 3919 2442 3988 dunensi,
2473 3921 2544 3976 ab
2575 3915 2808 3975 Urbano
2839 3921 3092 3976 visitatus
3143 3924 3193 3975 et
3241 3921 3522 3977 absolutus
3557 3935 3668 3974 cum
3688 3917 3788 3988 jam

2169 4013 2471 4065 extremum
2518 4009 2778 4082 spiritum
2817 4009 3074 4074 traheret,
3113 4013 3270 4065 nocte
3297 4009 3545 4080 sequenti
3569 4005 3786 4087 primam

2169 4097 2388 4154 scilicet
2445 4097 2676 4152 concilii
2727 4097 2903 4166 diem,
2951 4100 3211 4170 spiritum
3269 4099 3522 4155 Creatori
3565 4091 3786 4152 reddidit.

2169 4187 2412 4243 Funeris
2425 4203 2625 4242 curam
2649 4202 2954 4259 suscepere
2977 4185 3142 4260 Hugo
3163 4184 3590 4260 Gratianopolis
3605 4183 3790 4257 episco-

2169 4292 2299 4349 pus,
2329 4275 2568 4331 Jarento
2598 4274 2794 4330 Sancti
2830 4275 3099 4347 Benigni,
3131 4281 3190 4331 et
3220 4275 3464 4332 Pontius
3513 4274 3666 4330 Cassa
3707 4263 3790 4328 Dei

2169 4363 2537 4435 abbates,qui
2563 4367 2680 4419 tres
2704 4363 2814 4419 sub
2839 4379 2905 4419 eo
2927 4363 3082 4437 apud
3097 4367 3304 4420 Casam
3323 4363 3422 4420 Dei
3441 4359 3790 4420 monasticam

2167 4454 2348 4509 vitam
2383 4453 2703 4508 duxerant:
2735 4469 2838 4508 nec
2870 4469 3132 4524 unquam
3164 4451 3509 4509 celebriores
3537 4442 3791 4518 exsequic

2163 4542 2299 4598 visae
2329 4541 2660 4610 fuerant,ad
2693 4558 2840 4613 quas
2873 4557 3081 4614 nempe
3103 4558 3236 4596 cum
3264 4541 3536 4614 pontiﬁce
3562 4539 3788 4595 Romano

2166 4637 2252 4687 tot
2283 4631 2575 4687 antistites
2604 4636 2660 4686 et
2690 4631 2954 4686 omnium
2973 4633 3244 4687 ordinum
3269 4636 3324 4687 et
3349 4631 3603 4686 illustres
3625 4624 3717 4682 viri
3733 4637 3788 4676 ex

2166 4725 2286 4776 toto
2336 4735 2480 4791 pene
2527 4719 2668 4774 orbe
2715 4719 3042 4776 Christiano
3076 4721 3417 4776 convenisse
3447 4719 3783 4792 videbantur.

2166 4813 2282 4864 IIas
2315 4807 2516 4880 paucis
2563 4808 2755 4864 verbis
2803 4809 2968 4881 Hugo
3022 4809 3334 4864 Flaviuiaci
3381 4808 3466 4864 sic
3515 4797 3786 4872 descripsit

2163 4898 2288 4953 loco
2320 4896 2578 4952 laudato.
2612 4898 2796 4964 Lotus,
2831 4897 3042 4968 inquit,
3077 4902 3129 4952 et
3161 4903 3386 4953 curatus
3436 4911 3642 4952 summa
3667 4889 3785 4963 ﬁlio-

2165 5005 2311 5050 rum,
2360 4986 2417 5042 id
2462 4993 2541 5041 est
2594 4986 2806 5042 abbatis
2857 4987 3218 5051 Divionensis,
3251 4988 3463 5042 abbatis
3507 4984 3647 5040 Casa:
3689 4976 3781 5040 Dei,

2164 5077 2402 5146 episcopi
2445 5075 2964 5147 Gratianopolitani,
3011 5085 3062 5131 et
3109 5076 3348 5131 aliorum
3391 5071 3695 5143 diligentia.
3735 5062 3786 5118 Εἰ

2163 5165 2244 5218 sic
2271 5167 2564 5234 antequam
2593 5165 2891 5219 concilium
2922 5166 3258 5236 inciperetur
3286 5173 3393 5220 toto
3421 5163 3547 5217 orbe
3585 5159 3651 5214 ad
3691 5155 3785 5224 ei“

2165 5254 2452 5324 exsequias
2480 5261 2812 5320 occurrente,
2845 5254 2913 5308 ab
2945 5255 3060 5325 ipso
3087 5271 3232 5326 papa
3278 5263 3330 5310 et
3375 5251 3632 5325 episcopis
3657 5249 3786 5300 terre

2165 5343 2244 5394 est
2272 5339 2592 5396 mandatum
2620 5357 2745 5397 cum
2777 5342 2992 5420 gloria;
3031 5351 3083 5398 et
3126 5343 3304 5398 sedem
3347 5341 3466 5414 ejus
3499 5333 3783 5396 Willelmm

2163 5428 2230 5485 de
2260 5430 2424 5484 Basia
2453 5429 2677 5501 adeptus
2723 5435 2801 5486 est
2852 5430 3019 5486 laude
3061 5432 3198 5488 eleri
3247 5435 3301 5488 et
3341 5429 3534 5503 populi
3554 5420 3780 5500 ρνεεεερέθ

2163 5517 2405 5589 ejusdem
2435 5504 2737 5588 apostolici.
2772 5517 2995 5592 Duplex
3021 5519 3287 5591 ejusdem
3320 5515 3597 5574 antistitis
3626 5509 3781 5588 epita-

2166 5604 2373 5684 phium
2395 5604 2630 5682 scripsit
2651 5605 2956 5670 Baldricus
2970 5611 3098 5668 tum
3118 5605 3520 5684 Burguliensis
3549 5593 3779 5670 abbas,in
