3950 6218
83 291 205 351 169⁷

1696 297 1906 360 νιΤΑ.

3387 283 3524 368 ηδ’

84 424 284 515 quibus
303 421 436 515 ejus
453 424 781 499 exsequias
798 421 1098 515 triumpho
1118 423 1340 484 similes
1361 427 1565 497 fuisse,
1587 443 1747 485 eum-
1774 432 1830 499 Α
1860 431 2194 506 Philippum
2242 446 2376 513 vero
2422 448 2616 507 regem
2649 432 2728 490 ibi
2760 432 2832 492 ob
2863 434 3030 511 illum
3059 440 3292 515 raptum
3322 420 3535 500 fuisse'

81 527 186 585 que
216 510 284 567 13
319 507 418 569 die
463 515 611 570 ante
665 514 1039 571 Decembrem
1094 515 1310 573 obiisse
1356 520 1606 574 testatur
1649 517 1744 576 his

78 599 343 667 versibus
362 619 378 657 :

79 700 374 770 Exsequias
400 699 660 769 celebres,
694 715 822 774 quae
848 703 1028 774 forma
1054 707 1212 775 [uere
1241 704 1530 777 triumphi,

146 789 497 861 Dispensavit
523 789 579 845 ei
605 791 795 860 gratia
821 805 1037 845 summa
1056 791 1173 856 Dei,

85 878 334 935 Urbanus
363 876 570 951 synodo
598 877 855 949 generali
878 893 1026 951 papa
1053 887 1261 947 vocata,

153 967 345 1023 Patres
378 967 463 1023 bis
483 975 707 1022 centum
735 968 903 1023 movit
931 967 1001 1023 ad
1029 967 1366 1040 obsequium.

86 1057 282 1123 Tertia,
314 1071 444 1127 qua
471 1055 747 1111 decimam
776 1055 952 1111 lucem
976 1059 1141 1128 praeit
1162 1065 1291 1113 ante
1309 1057 1671 1125 Decembrem,

157 1146 297 1202 Vita:
314 1146 603 1212 prasentis
625 1145 815 1200 lumen
844 1144 1052 1203 ademit
1079 1148 1152 1215 ei,
1177 1150 1284 1203 etc.

84 1236 146 1291 In
176 1232 362 1291 altero
394 1232 695 1308 epitaphio
717 1233 870 1289 inter
900 1238 1108 1290 caetera
1138 1235 1222 1290 sic
1252 1234 1457 1291 habet:

151 1324 332 1398 Ipsius
362 1323 649 1394 exsequias
678 1322 831 1378 dicas
859 1323 1131 1379 similasse
1160 1324 1524 1397 triumphum,

219 1412 288 1468 Et
313 1412 689 1484 dispensantis
716 1412 878 1482 signa
905 1413 1075 1483 fuisse
1101 1413 1238 1479 Dei,-

149 1502 346 1574 Adfuit
377 1501 629 1558 Urbanus
658 1504 883 1556 centeno
907 1501 1143 1571 praesule
1168 1509 1369 1573 septus,

220 1590 501 1647 Abbalum
532 1604 659 1645 vero
689 1590 866 1661 major
893 1592 1013 1645 erat
1032 1606 1314 1657 numerus,
1347 1594 1455 1646 etc.

82 1698 261 1757 CCIX.
306 1696 456 1767 Quid
506 1698 567 1752 in
614 1695 847 1753 concilio
890 1693 1308 1753 Claromontano
1363 1700 1594 1767 gestum.
1637 1697 1747 1754 Cur

332 1769 545 1825 diverse
564 1786 597 1824 a
625 1767 856 1824 diversis
883 1783 1114 1825 canones
1158 1770 1490 1839 referuntur.

150 1860 341 1917 Multa
365 1865 423 1915 et
451 1857 693 1931 quidem
724 1855 917 1930 gravis
937 1857 1222 1913 momenti
1256 1858 1486 1930 negotia
1516 1858 1572 1914 in
1606 1874 1742 1915 con-

84 1949 217 2007 cilio
248 1948 711 2006 Glaromontano
761 1948 1007 2002 tractata
1051 1946 1237 2001 fuisse
1284 1962 1457 2002 nemo
1504 1950 1611 2016 est,
1642 1947 1743 2020 qui

80 2056 196 2096 non
227 2038 521 2106 fateatur;
557 2039 617 2090 at
636 2032 739 2090 illa
754 2033 1099 2107 singillatim
1121 2034 1446 2107 expendere
1466 2034 1743 2091 difﬁcilli-

72 2144 242 2184 mum
259 2128 441 2195 esset,
466 2140 598 2180 cum
621 2121 899 2196 pleraque
920 2127 1305 2179 monumenta
1319 2124 1446 2196 ejus
1462 2124 1743 2196 temporis

69 2215 422 2283 exciderint,
452 2217 513 2269 et
540 2230 608 2269 ea
628 2228 758 2285 quae
780 2206 1096 2284 supersunt
1116 2209 1176 2266 in
1201 2212 1379 2267 variis
1402 2212 1741 2269 auctoribus

69 2308 349 2381 dispersa
377 2318 498 2359 non
529 2316 764 2374 semper
792 2317 909 2356 uno
956 2300 1132 2357 modo
1162 2317 1256 2356 res
1285 2305 1736 2374 repraesentem;

69 2399 215 2464 imo,
251 2391 414 2468 quod
447 2389 639 2465 magis
686 2389 919 2457 mirere,
953 2406 1205 2446 canones
1234 2390 1361 2461 ejus
1392 2389 1620 2448 concilii
1652 2391 1737 2446 di-

66 2484 227 2543 versi
258 2490 405 2543 sunt
433 2481 497 2537 in
528 2478 777 2535 diversis
806 2477 1167 2534 auctoribus.
1200 2479 1283 2534 Ne
1313 2483 1509 2535 tamen
1535 2480 1592 2535 in
1619 2479 1740 2535 ani-

67 2590 241 2630 mum
274 2570 528 2627 inducas
559 2580 658 2625 eos
680 2567 781 2640 qui
811 2571 1131 2639 supersunt
1149 2567 1224 2622 ab
1244 2566 1375 2624 istis
1397 2569 1738 2626 auctoribus

66 2664 259 2718 fuisse
290 2657 596 2726 conﬁctos,
630 2655 989 2724 memineris,
1018 2656 1176 2727 quod
1202 2654 1298 2711 uni
1323 2654 1545 2729 aliquot
1571 2674 1739 2714 cano-

66 2768 198 2819 nes,
232 2748 339 2806 alii
370 2746 538 2816 alios,
573 2744 800 2802 ceteris
831 2743 1088 2812 omissis,
1115 2759 1263 2816 quos
1285 2744 1358 2799 ad
1380 2760 1443 2801 se
1472 2749 1735 2818 spectare

64 2859 185 2898 non
232 2835 552 2912 putabant,
603 2831 947 2901 retulerint;
994 2832 1115 2888 imo
1154 2848 1260 2888 nec
1301 2831 1415 2904 ipsi
1458 2849 1732 2903 canones,

62 2947 220 3004 quos
240 2941 474 2994 omnes,
500 2926 603 2980 aut
623 2921 885 2996 plerique
907 2920 1200 2987 exhibent,
1223 2922 1427 2978 eodem
1448 2922 1650 2979 ordine
1668 2939 1735 2979 ac

62 3019 283 3075 iisdem
312 3014 514 3071 verbis
545 3013 1059 3085 repraesentantur,
1082 3009 1239 3082 quod
1268 3026 1470 3066 eorum
1501 3015 1732 3067 tantum

64 3105 493 3173 substantiam,
524 3116 643 3157 non
692 3100 824 3173 ipsa
867 3099 1045 3156 verba
1093 3100 1306 3156 referre
1353 3103 1618 3157 auctores
1647 3099 1731 3155 illi

1854 520 2425 579 excommunicatum
2457 539 2571 580 non
2603 521 2911 582 Bertoldus
2941 523 3155 597 solum,
3189 528 3293 597 sed
3322 532 3381 587 et
3410 529 3506 589 Ivo

1852 613 2211 668 Carnotenus
2231 610 2399 683 epist.
2423 611 2484 668 24
2498 613 2549 682 1,
2575 610 2912 671 Willelmus
2939 611 3506 689 Malmesburiensis,

1852 698 2178 771 Sigibertus
2209 704 2265 756 et
2296 698 2393 757 alii
2420 700 2640 774 passim
2670 706 3025 760 asseverant.
3048 705 3122 761 At
3142 702 3364 777 ﬂustra
3383 722 3509 765 mo-

1852 791 1988 843 vent
2015 787 2152 845 inde
2210 789 2591 862 quaestionem
2635 788 2926 861 nonnulli,
2976 809 3051 850 an
3092 793 3273 851 etiam
3306 788 3508 853 Gallias

1855 892 2097 949 regnum
2132 881 2273 933 tunc
2295 878 2577 951 temporis
2608 879 2917 937 interdicto
2938 882 3275 954 subjectum
3308 882 3519 959 fuerit,

1855 981 1989 1020 cum
2007 968 2234 1022 certum
2252 967 2330 1023 sit
2348 966 2688 1040 hujusmodi
2706 970 3341 1031 excommunicationes
3358 970 3509 1032 nihil

1856 1071 2118 1126 unquam
2149 1054 2398 1127 populos
2420 1055 2704 1124 affecisse,
2737 1073 2804 1113 ac
2833 1056 3019 1116 multo
3049 1058 3251 1116 minus
3283 1059 3509 1135 aliquid

1855 1157 1920 1200 ex
1972 1142 2170 1200 debita
2219 1143 2455 1218 regibus
2504 1145 2837 1202 obedientia
2881 1151 2988 1204 aut
3036 1148 3363 1207 reverentia
3408 1148 3510 1208 dc-

1853 1232 2120 1301 traxisse,
2153 1237 2221 1289 ut
2248 1249 2317 1289 ex
2346 1233 2537 1290 Ivonis
2568 1233 2957 1311 aliorumque,
2977 1236 3079 1309 qui
3094 1236 3424 1310 ferventius
3444 1236 3507 1296 in

1854 1321 2213 1379 adulterinas
2245 1321 2497 1395 Philippi
2526 1323 2762 1398 nuptias
2792 1324 3238 1395 invehebantur,
3272 1327 3513 1402 scriptis

1854 1414 2037 1482 patet:
2059 1428 2399 1484 quanquam
2420 1410 2709 1481 Urbanus,
2729 1414 3051 1471 uttandum
3071 1412 3417 1475 scandalum
3434 1416 3507 1473 ab

1853 1499 2108 1556 Ecclesia
2118 1499 2481 1570 amoliretur,
2493 1501 2785 1558 censuerit
2799 1517 2934 1580 eum
2947 1504 3361 1561 communione
3375 1520 3506 1562 esse

1851 1586 2221 1660 privandum,
2246 1589 2778 1663 abstinendumque
2798 1607 2833 1646 a
2853 1590 3101 1648 solemni
3118 1592 3248 1664 ejus
3269 1609 3507 1666 corona-

1852 1678 2030 1745 tione,
2057 1694 2185 1750 quae
2201 1681 2341 1733 tunc
2364 1679 2666 1751 temporis,
2690 1696 2724 1735 a
2746 1678 3020 1737 Remensi
3042 1680 3504 1757 archiepiscopo,
3528 1679 3532 1684 ’

1853 1771 1955 1821 aut
1981 1783 2048 1821 eo
2078 1767 2342 1835 absente,
2373 1767 2444 1823 ab
2474 1767 2670 1840 aliquo
2692 1767 2807 1843 alio
2823 1768 3094 1847 episcopo
3112 1768 3172 1826 in
3196 1760 3507 1845 praecipuis

1855 1856 2269 1912 festivitatibus
2327 1856 2452 1911 fieri
2501 1854 2747 1913 solebat.
2803 1856 2921 1914 Nec
2971 1856 3129 1915 aliud
3180 1859 3516 1933 quidquam

1852 1944 2189 2019 intelligunt
2216 1946 2311 2001 Ivo
2342 1944 2685 2020 similesque
2706 1946 2835 2018 ejus
2858 1945 2961 2003 sevi
2986 1948 3254 2006 auctores
3278 1963 3413 2007 cum
3433 1948 3507 2006 de

1850 2050 2074 2090 corona:
2098 2034 2420 2107 privatione
2451 2037 2553 2091 aut
2582 2036 2953 2093 restitutione
2980 2035 3325 2113 loquuntur.

1920 2121 2363 2180 CCX.Canonum
2384 2122 2800 2181 Claromontani
2822 2126 3052 2182 concilii
3071 2125 3430 2184 collectiones.

1921 2210 2095 2268 Porro
2125 2211 2279 2268 inter
2305 2229 2423 2281 eos,
2458 2212 2558 2284 qui
2580 2214 2863 2286 majorem
2887 2213 2947 2270 iu
2970 2212 3313 2289 colligendis
3335 2229 3503 2293 cano.

1849 2300 2025 2358 nibus
2054 2300 2518 2358 Claromontanis
2548 2300 2907 2374 diligentiam
2941 2318 3057 2375 prae
3087 2301 3309 2361 castoris
3339 2303 3503 2377 adhi-

1846 2390 2046 2447 buisse
2075 2389 2365 2460 videntur,
2397 2388 2618 2446 censeri
2650 2390 2821 2446 debet
2847 2392 3050 2447 auctor
3078 2389 3297 2448 codicis
3327 2392 3519 2463 Lam-7

1844 2479 1994 2536 berti
2024 2478 2419 2535 Atrebalensis
2434 2478 2819 2552 episcopi,qui
2842 2479 2970 2552 ejus
2990 2478 3221 2536 concilii
3245 2495 3500 2555 canones

1844 2567 2088 2641 triginta
2115 2568 2265 2624 duos
2308 2566 2561 2625 exhibet.
2612 2567 2877 2625 Labbeus
2923 2569 3126 2627 decem
3176 2568 3393 2642 adjecit
3430 2585 3502 2628 ex

1843 2657 2021 2713 veteri
2052 2656 2397 2731 membrana
2442 2654 2594 2712 Petri
2640 2655 2874 2726 Pitbaai,
2928 2673 3138 2715 novem
3187 2670 3258 2715 ex
3300 2657 3502 2733 codice

1843 2744 2035 2801 Cencii
2055 2742 2389 2815 Camerarii,
2411 2761 2477 2801 ac
2497 2745 2778 2801 tredecim
2799 2762 2869 2802 ex
2897 2745 3093 2821 codice
3117 2744 3497 2823 Dionysium,

1843 2850 1990 2905 quos
2023 2831 2241 2889 Gallice
2260 2851 2295 2889 a
2314 2832 2653 2890 Beli‘orestio
2675 2832 2824 2890 livro
2845 2852 2903 2892 ιν
2916 2834 3233 2913 Annalium
3256 2835 3503 2894 Francos

1842 2939 1974 2978 rum
2006 2922 2348 2995 descriptos,
2381 2922 2649 2979 Serarius
2676 2922 2738 2979 in
2779 2923 3056 2981 Latinum
3088 2924 3497 2984 transtulerat.

1842 3010 2063 3085 Viginti
2092 3011 2355 3084 quinque
2396 3012 2635 3068 omnino
2682 3013 2838 3085 apud
2869 3011 3211 3071 Ordericum
3240 3012 3496 3072 Vitalem

1843 3100 2010 3157 initio
2061 3099 2197 3156 libri
2241 3117 2299 3156 rx
2330 3105 2726 3172 recensentur,
2757 3117 2824 3157 ac
2854 3102 3037 3158 ferme
3065 3092 3310 3160 totidem
3339 3103 3495 3176 apud

68 3199 129 3254 in
161 3195 367 3252 animo
396 3188 751 3248 habuerint:
784 3189 939 3244 unde
971 3188 1259 3245 breviaria
1281 3205 1384 3246 seu
1411 3189 1738 3246 summaria
1766 3176 1810 3244 C
1846 3187 2205 3247 Willelmum
2245 3187 2829 3267 Malmesburiensem
2861 3193 2920 3246 et
2957 3178 3299 3247 Matthmum
3338 3191 3499 3248 Pari-

70 3299 395 3348 canonum,
412 3279 613 3353 potius
630 3293 808 3350 quam
822 3277 1003 3349 hujus
1024 3276 1252 3334 concilii
1271 3294 1523 3335 canones
1545 3276 1738 3352 appel-

66 3372 180 3429 lari
210 3371 452 3427 debent.
477 3364 787 3423 Bertoldus
808 3365 1013 3438 paucis
1038 3366 1229 3422 verbis
1248 3366 1361 3422 tria
1380 3383 1410 3423 e
1428 3366 1738 3440 praecipuis

68 3462 253 3533 hujus
301 3456 511 3532 synodi
562 3454 855 3527 capitibus
886 3454 968 3511 ita
1006 3453 1275 3510 exhibet:
1325 3455 1387 3510 ln
1423 3472 1491 3511 ea
1517 3456 1738 3528 synodo

71 3551 330 3607 dominus
380 3563 551 3621 papa,
612 3543 829 3617 inquit,
876 3542 1064 3600 eadem
1120 3546 1347 3611 statuta,
1399 3560 1519 3617 quae
1573 3549 1625 3600 et
1678 3547 1741 3601 in

65 3641 361 3713 praeterita
386 3634 597 3709 synodo
626 3634 949 3689 Placentina
1004 3631 1388 3704 conﬁrmavit;
1436 3636 1663 3706 insuper
1690 3642 1741 3690 et

68 3730 395 3801 Philippum
422 3740 608 3798 regem
631 3721 940 3778 Galliarum
958 3725 1476 3790 excommunicauit,
1496 3739 1558 3779 eo
1578 3722 1736 3795 quod,

60 3818 299 3891 prapria
329 3830 509 3871 uxore
536 3812 787 3881 dimissa,
819 3812 1017 3868 militis
1035 3812 1125 3867 sui
1145 3827 1375 3868 uxorem
1394 3813 1506 3868 sibi
1528 3814 1588 3868 in
1612 3828 1739 3868 con-

54 3908 293 3982 jugium
323 3904 595 3965 sociavit;
627 3901 707 3957 ibi
744 3902 912 3958 etiam
940 3900 1113 3956 aliam
1140 3900 1407 3972 synodum
1435 3902 1497 3956 in
1525 3904 1743 3958 tertiam

61 3994 450 4067 subsequentis
502 3989 955 4061 Quadragesimae
984 3989 1372 4045 hebdomadam
1403 3991 1629 4046 Turonis
1656 4007 1741 4047 ce-

68 4083 403 4142 lebrandam
433 4081 798 4138 denuntiavit.
825 4080 898 4134 At
922 4094 1035 4134 non
1061 4078 1251 4134 solum
1274 4095 1402 4151 qua:
1420 4078 1478 4134 in
1510 4078 1744 4135 Placen-

70 4176 289 4241 tiuam,
314 4172 419 4227 sed
441 4169 622 4226 etiam
643 4184 772 4240 quae
793 4167 853 4223 in
876 4166 1172 4240 prioribus
1194 4167 1432 4240 synodis
1452 4167 1740 4240 Melphias,

70 4260 393 4319 Beneventi
416 4262 474 4315 et
489 4258 675 4329 Trojaa
697 4256 929 4312 decreta
952 4256 1208 4327 fuerant,
1229 4255 1582 4312 claromonti
1603 4272 1743 4313 con-

70 4352 318 4408 ﬁrmata
333 4347 539 4417 fuisse,
563 4350 775 4420 praeter
794 4343 941 4401 alios
961 4345 1179 4401 diserte
1197 4343 1474 4418 eXprimit
1505 4360 1690 4401 canon
1711 4346 1748 4401 5

69 4459 146 4499 ex
168 4438 371 4497 codice
392 4452 504 4493 ms.
528 4434 724 4492 Ceucii
745 4433 1081 4490 Camerarii.
1102 4434 1225 4490 Imo
1242 4436 1300 4490 et
1317 4431 1630 4490 nonnullos
1647 4450 1746 4490 an-

69 4528 411 4603 tiquiorum
439 4522 823 4582 conciliorum
863 4536 1116 4578 canones
1172 4521 1233 4578 in
1288 4522 1491 4578 eadem
1523 4523 1745 4595 synodo

74 4621 262 4675 lectos
293 4620 353 4672 et
384 4613 767 4669 conﬁrmatos
790 4611 972 4667 fuisse
992 4610 1189 4667 innuit
1214 4610 1557 4667 Lambertus
1586 4612 1749 4667 Atre-

74 4705 346 4764 batensis
375 4704 437 4759 in
469 4702 675 4758 charta
714 4699 1049 4756 donationis
1097 4700 1392 4772 prioratus
1422 4699 1749 4756 Ambrisnze

72 4796 361 4854 Gualtero
391 4791 591 4849 abbati
638 4789 865 4845 Sanctae
923 4788 1231 4845 Trinitatis
1261 4786 1750 4861 Rothomagensis

74 4886 270 4952 facta,
308 4883 371 4938 in
399 4896 519 4955 qua
548 4878 777 4946 statuit,
805 4881 869 4934 ut
895 4877 1243 4948 monachus,
1267 4878 1367 4949 qui
1393 4878 1443 4934 ei
1467 4877 1592 4934 loco
1614 4895 1753 4952 pris-

75 4974 379 5039 ﬁceretur,
413 4987 482 5027 eo
541 4968 700 5041 quod
760 4968 909 5022 foret
967 4983 1037 5022 ex
1089 4963 1280 5022 aliena
1330 4967 1584 5033 dioecesi,
1636 4967 1750 5023 sibi

75 5063 327 5135 suisque
353 5057 802 5116 successoribus
822 5055 1163 5128 promittere
1185 5055 1393 5111 debeat
1413 5055 1753 5112 canonicam

74 5150 506 5217 obedientiam,
530 5150 675 5204 sicut
704 5148 765 5201 in
797 5143 1243 5213 Chalcedonensi,
1278 5143 1490 5216 inquit,
1521 5145 1756 5219 concilio

78 5243 289 5312 legitur
311 5237 723 5309 conﬁrmatum,
756 5237 806 5290 et
834 5224 895 5290 in
927 5234 1367 5291 Claromontensi
1412 5233 1597 5305 dignae
1642 5249 1758 5290 me-

77 5331 271 5386 moriae
304 5326 622 5385 venerabili
655 5324 869 5383 Urbano
894 5324 946 5380 ΙΙ
970 5326 1049 5379 est
1094 5329 1435 5379 renovatum.
1480 5321 1757 5379 Nonnulli

84 5420 249 5477 aiunt
270 5415 596 5476 Fulconem
624 5413 1072 5486 Andegavorum
1103 5410 1377 5468 comitem
1400 5427 1467 5467 eo
1488 5410 1761 5487 inconci-

82 5508 160 5566 lio
190 5510 486 5568 adversus
536 5503 898 5562 Francorum
949 5491 1150 5578 regem
1190 5499 1354 5557 litem
1402 5500 1656 5559 movisse
1686 5500 1761 5557 ob

93 5598 440 5661 Bertradam
480 5591 597 5653 sibi
651 5591 725 5653 ab
754 5609 820 5651 eo
852 5596 1137 5671 ereptam,
1170 5589 1330 5671 quod
1387 5587 1489 5649 alii
1545 5587 1759 5665 silent;

415 5724 685 5790 Panos.
738 5719 883 5789 GLI.

1847 3278 2024 3345 sium,
2063 3277 2417 3350 Anglicanos
2475 3278 2812 3350 scriptores.
2856 3278 3067 3336 Prister
3110 3276 3220 3335 bos
3268 3292 3498 3348 omnes,

1847 3366 1945 3424 alii
1974 3366 2150 3423 etiam
2182 3364 2449 3421 nonnulli
2498 3365 2719 3438 passim
2769 3370 3087 3423 occurrunt
3118 3367 3275 3439 apud
3306 3367 3503 3426 varios

1848 3460 2114 3512 auctores
2146 3455 2282 3510 data
2327 3453 2631 3510 occasione
2680 3454 2926 3523 laudati,
2976 3454 3080 3527 qui
3133 3470 3271 3513 eum
3301 3452 3376 3512 ad
3409 3468 3505 3514 res

1848 3544 2207 3618 privatarum
2230 3532 2608 3599 ecclesiarum
2628 3547 2731 3599 aut
2745 3558 3131 3616 personarum
3150 3542 3501 3616 pertineant,

1849 3633 2027 3690 simul
2059 3649 2192 3687 cum
2215 3632 2441 3688 caeteris
2473 3648 2589 3688 non
2619 3631 2933 3689 habentur.
2956 3632 3074 3689 Hos
3093 3646 3301 3691 omnes
3320 3631 3507 3691 simul

1849 3721 2122 3779 collectos
2143 3720 2387 3778 habebis
2416 3720 2568 3777 inter
2597 3720 2815 3778 Urbani
2844 3720 3147 3794 epistolas.

1850 3828 2026 3887 CCXI.
2062 3828 2202 3899 Quid
2231 3829 2292 3883 in
2320 3829 2398 3885 eis
2424 3832 2707 3885 statutum.
2756 3826 2831 3885 De
2861 3827 3152 3900 beneﬁciis.
3183 3828 3262 3887 De
3286 3829 3511 3887 investi-

2412 3902 2574 3956 turis.
2606 3900 2684 3956 De
2720 3901 2944 3971 treugis.

1919 3989 2001 4045 Eo
2033 3993 2224 4045 autem
2259 3988 2636 4062 potissimum
2685 3986 3025 4045 intendebat
3069 3988 3132 4046 in
3183 3988 3508 4046 condendis

1850 4079 2033 4151 hujus
2063 4078 2291 4134 concilii
2315 4076 2639 4133 canonihus
2659 4076 2940 4150 pontifex,
2959 4081 3027 4134 ut
3042 4077 3323 4136 adversus
3340 4077 3504 4147 vitia,

1852 4185 1979 4242 quae
2009 4171 2137 4223 tum
2166 4167 2226 4222 in
2258 4165 2536 4235 Ecclesia,
2569 4165 2822 4223 maxime
2851 4165 3177 4238 Gallicana,
3208 4166 3509 4241 vigebant,

1852 4255 2112 4313 remedia
2130 4259 2460 4328 opportuna
2489 4258 2863 4328 praepararet,
2896 4256 3053 4328 quod
3077 4257 3205 4329 jam
3233 4255 3379 4313 olim
3402 4255 3513 4312 ob-

1853 4344 2103 4402 servavit
2131 4343 2440 4401 Ordericus
2470 4343 2677 4400 Vitalis
2698 4341 2847 4400 libro
2868 4362 2946 4400 Ix.
2971 4343 3118 4401 Hinc
3132 4343 3193 4400 iu
3214 4342 3513 4417 plerisque

1855 4433 1973 4491 illis
2000 4433 2248 4490 decretis
2276 4432 2417 4489 vitia
2445 4436 2787 4506 carpuntur,
2813 4449 2941 4505 quae
2963 4436 3090 4490 tum
3119 4433 3181 4489 in
3210 4431 3513 4491 beneﬁcii-

1777 4544 1825 4610 Ι)
1854 4521 2272 4591 ecclesiasticis
2302 4520 2698 4594 adipiscendis
2723 4525 2827 4610 aut
2861 4521 3186 4579 retinendis
3214 4525 3282 4579 ut
3328 4520 3513 4595 pluri-

1858 4628 2023 4668 mum
2055 4610 2557 4679 admittebantur;
2601 4627 2637 4665 a
2693 4609 2909 4682 quibus
2956 4610 3200 4683 proinde
3239 4613 3517 4666 arcentur

1860 4699 2196 4766 Simoniaci,
2250 4696 2676 4769 concubinarii,
2734 4697 2940 4770 spurii.
3006 4697 3294 4754 Vetantur
3334 4696 3517 4754 etiam

1860 4788 2277 4845 beneﬁciorum
2307 4786 2636 4859 pluralitas,
2659 4790 2719 4843 et
2741 4803 2810 4843 ex
2832 4803 2949 4843 uno
2971 4785 3031 4842 in
3057 4784 3312 4843 alterum
3329 4788 3521 4842 trans-

1858 4877 2109 4934 lationes
2136 4894 2150 4944 ;
2182 4875 2464 4931 statuitur
2490 4879 2576 4942 ut,
2625 4875 2728 4948 qui
2780 4874 3129 4949 dignitatem
3160 4871 3424 4947 aliquam
3453 4873 3518 4932 in

1860 4964 2135 5022 Ecclesiis
2164 4963 2415 5020 voluerit
2440 4963 2707 5037 adipisci,
2739 4981 2809 5021 eo
2841 4964 3046 5021 ordine
3085 4963 3392 5021 decoratus
3422 4962 3521 5033 sit,

1864 5055 1963 5128 qui
1994 5054 2065 5110 ad
2100 5053 2265 5108 illum
2295 5052 2545 5125 gradum
2587 5053 2938 5110 conveniens
2969 5057 3097 5123 est;
3130 5056 3197 5110 ut
3222 5050 3426 5110 nullus
3453 5068 3526 5110 ex

1863 5143 2032 5199 laicis
2061 5146 2165 5198 aut
2199 5140 2428 5198 clericis
2477 5141 2631 5198 infra
2658 5142 3031 5199 diaconatum
3063 5142 3421 5200 constitutus
3450 5140 3526 5199 ad

1865 5232 2272 5305 episcopatum
2303 5234 2675 5300 assumatur;
2710 5234 2776 5288 ut
2803 5229 2937 5287 laici
2980 5231 3240 5289 decimas
3270 5229 3523 5299 solvant,

1866 5337 1973 5378 nec
2002 5321 2158 5377 bona
2187 5319 2590 5389 ecclesiarum,
2622 5323 2725 5377 aut
2769 5319 3304 5377 ecclesiasticarum
3335 5316 3528 5374 homio.

1867 5426 2033 5477 num,
2053 5412 2186 5481 post
2199 5424 2404 5465 eorum
2422 5411 2672 5464 mortem
2690 5406 2879 5480 spolia
2889 5407 3142 5480 rapiant.
3158 5404 3532 5479 Jejuniorum

1869 5502 2046 5572 atque
2057 5496 2498 5553 ordinationum
2510 5500 2777 5568 tempora
2789 5498 3154 5553 statuuntur.
3171 5493 3534 5554 Investitm

1870 5584 2256 5666 prohibentur
2281 5582 2534 5667 vulgatis
2565 5581 2890 5645 cauonibus
2909 5583 2978 5645 15
2995 5586 3057 5646 et
3078 5584 3171 5660 ιϐ,
3194 5585 3280 5646 ita
3309 5586 3533 5653 tamen;
