3950 6218
469 290 579 352 171

1763 295 1832 358 B.
1880 295 2176 360 URBANI
2221 296 2276 358 ΙΙ
2319 295 2572 360 ΡΑΡᾹΞ.

3719 298 3814 366 l7!

465 432 529 484 ut
568 428 1003 502 interpretatur,
1046 434 1104 487 et
1149 429 1211 487 s'e
1261 431 1331 488 ab
1381 429 1612 488 Urbano
1651 432 1778 504 ipso
1817 431 2107 487 audivisse
2133 435 2190 500 Α
2217 447 2348 487 vero
2379 449 2505 503 quae
2540 430 2758 487 nullam
2816 429 3247 503 praestationem
3303 431 3600 501 debebant,
3647 452 3816 494 cense-

463 522 756 574 asseverat
784 521 878 576 Ivo
908 520 1078 592 epist.
1111 522 1182 576 60
1210 521 1282 576 ad
1314 520 1616 594 Hugonem
1638 522 2106 594 Lugdunensem,

463 609 532 662 ut
581 607 891 663 concilium
935 626 1086 681 reges
1135 615 1351 666 tantum
1392 629 1425 666 a
1471 612 1744 683 corporali
1790 612 2111 666 investitura

463 695 753 766 excludat;
800 714 911 753 non
955 701 1024 754 ab
1070 701 1346 771 electione,
1395 702 1453 754 in.
1503 703 1766 770 quantum
1795 708 1922 754 sunt
1949 703 2109 770 caput

456 785 670 855 populi,
701 787 787 843 vel
806 791 1161 856 concessione,
1214 794 1320 845 etc.
1356 791 1479 855 Qua
1509 790 1568 844 in
1600 806 1659 843 re
1689 804 1822 843 cum
1856 789 2107 842 Franco—

463 889 599 930 cum
627 890 792 948 reges
823 877 1195 948 pontiﬁcibus
1227 877 1647 945 consenserint,
1674 876 1836 932 nulla
1857 878 1927 932 de
1959 877 2110 932 inve-

462 963 691 1020 stituris
719 967 1111 1022 controversia
1140 966 1498 1023 Gallicanam
1529 965 1844 1022 Ecclesium
1876 970 2106 1036 pertur-

461 1051 640 1108 bavit.
673 1054 746 1108 At
774 1071 957 1110 canon
1006 1072 1277 1128 sequens,
1328 1059 1528 1111 contra
1574 1072 1672 1110 eos
1721 1055 1820 1126 qui
1873 1053 2109 1126 regibus

461 1140 800 1198 fidelitatem
815 1143 1014 1216 ligiam
1037 1148 1336 1216 prastant,
1355 1143 1584 1200 nullum
1608 1160 1872 1215 unquam
1895 1144 1952 1198 in
1974 1141 2106 1198 Gal-

460 1228 556 1285 liis
583 1230 792 1288 habuit
821 1233 1099 1305 vigorem,
1133 1237 1197 1288 ut
1244 1252 1312 1290 ex
1362 1234 1551 1306 ipsius
1582 1234 1772 1289 Ivonis
1803 1232 1972 1305 epist.
2009 1232 2109 1288 190

457 1321 616 1390 patet
645 1321 716 1375 ad
744 1321 1083 1377 Paschalem
1115 1323 1162 1378 II
1193 1324 1430 1395 scripta,
1463 1340 1577 1394 qua
1607 1323 1677 1377 de
1709 1339 1768 1377 re
1800 1325 1983 1393 agunt
2013 1322 2110 1378 Ju-

459 1410 618 1463 retus
651 1407 711 1463 in
734 1410 889 1465 notis
913 1411 984 1466 ad
1006 1410 1157 1466 hanc
1173 1412 1502 1483 epistolam,
1527 1415 1583 1466 et
1605 1411 1806 1466 Petrus
1823 1411 1890 1466 de
1917 1411 2111 1466 Marca

457 1494 560 1552 lib.
593 1515 690 1552 vm
726 1499 1081 1570 Concordiae,
1104 1518 1232 1572 cap.
1263 1503 1353 1556 21.

530 1587 834 1643 Provisum
857 1589 1032 1644 etiam
1064 1590 1122 1644 in
1152 1590 1261 1645 hoc
1283 1589 1525 1646 concilio
1544 1591 1653 1646 fuit
1676 1589 1918 1663 publica:
1950 1605 2112 1644 secu-

461 1674 643 1741 ritati,
679 1677 930 1732 maxime
961 1694 1164 1735 eorum
1192 1679 1292 1751 qui
1310 1696 1417 1734 sua
1439 1679 1768 1735 conditione
1785 1682 1885 1735 aut
1903 1683 2112 1733 natura

2222 521 2440 576 bantur
2472 522 2909 592 impersonalit-er
2940 522 3145 578 teneri.
3171 523 3274 578 Ast
3300 538 3432 578 cum
3451 527 3578 595 post
3615 524 3815 598 aliquod

2216 613 2451 681 tempus
2484 611 2956 667 animadversum
2989 610 3195 666 fuisset
3241 629 3274 666 a
3317 610 3454 667 viris
3493 611 3598 683 piis
3625 618 3678 668 et
3702 632 3820 670 ocu-

2218 697 2352 752 latis
2403 699 2508 754 has
2551 699 2865 770 pensiones
2924 701 3147 771 absque
3189 700 3382 771 aliqua
3421 700 3675 756 Simoniaa
3716 703 3823 759 labe

2219 787 2343 840 dari
2376 805 2486 842 non
2518 805 2710 858 posse,
2743 793 2808 843 ut
2838 788 3152 860 scripserat
3182 791 3275 844 lvo
3297 789 3462 860 epist.
3490 791 3554 843 12
3573 790 3639 845 ad
3659 790 3825 862 ipsum

2220 875 2541 944 Urbanum,
2575 878 2832 949 pontifex
2853 878 3113 950 primum
3143 879 3203 934 in
3235 879 3578 936 Arvernensi
3596 880 3822 946 concilio,

2217 969 2343 1020 tum
2377 966 2552 1021 etiam
2587 967 2644 1021 in
2676 967 3084 1031 Nemausensi,
3106 983 3170 1022 ac
3190 967 3426 1023 demum
3451 966 3544 1022 alii
3562 968 3826 1039 pontiﬁces

2217 1054 2480 1126 exemplo
2510 1058 2836 1124 vetuerunt,
2872 1072 2944 1111 ne
2975 1055 3250 1126 deinceps
3304 1054 3549 1126 pecunia
3592 1053 3701 1110 ulla
3742 1072 3827 1127 pro

2217 1142 2489 1198 altarium
2522 1143 2918 1216 redemptione
2954 1143 3244 1216 episcopis
3276 1144 3532 1200 daretur.
3561 1143 3636 1199 Ne
3661 1148 3825 1199 tamen

2217 1231 2324 1286 hac
2356 1232 2658 1287 occasione
2705 1232 2984 1305 episcopi,
3026 1233 3182 1304 quod
3234 1231 3473 1287 nonnisi
3525 1248 3650 1286 cum
3686 1247 3830 1287 onere

2219 1321 2502 1376 solvendae
2528 1319 2686 1376 illius
2719 1322 2973 1393 pecuniae
3007 1337 3363 1377 consensum
3392 1337 3562 1376 suum
3586 1320 3830 1392 praebuis'

2220 1415 2370 1476 sent,
2416 1410 2621 1464 altaria
2672 1409 3044 1466 monasteriis
3094 1412 3315 1467 donata
3361 1411 3604 1475 auferre,
3637 1410 3833 1480 sibique

2219 1499 2535 1554 attribuere
2570 1499 2931 1568 molirentur,
2965 1504 3262 1556 statutum
3296 1501 3357 1555 in
3386 1498 3622 1558 concilio
3656 1499 3834 1563 fuerat,

2218 1593 2282 1642 ut
2316 1589 2706 1656 monasteriis,
2760 1607 2884 1661 qure
2945 1605 3046 1661 per
3095 1605 3282 1645 annos
3317 1588 3557 1661 triginta
3582 1585 3836 1659 ejusmodi

2218 1677 2441 1745 altaria,
2468 1695 2568 1732 seu
2593 1678 2849 1733 decimas
2877 1679 3280 1750 possederant,
3307 1677 3503 1749 quiete
3522 1676 3838 1749 possidenda

463 1763 533 1818 ab
557 1765 716 1820 omni
735 1781 1032 1822 armorum
1053 1767 1297 1839 strepitu
1317 1768 1608 1824 abstinere
1631 1768 1939 1823 debebant.
1965 1768 2109 1822 Hinc
2139 1805 2186 1868 Β
2218 1765 2702 1838 relinquerentur.
2737 1771 2926 1838 Atque
2957 1784 3085 1823 eam
3116 1766 3348 1823 concilii
3382 1771 3439 1823 et
3469 1765 3679 1822 Urbani
3701 1781 3835 1820 men-

462 1867 704 1920 canone,
739 1871 854 1926 quo
885 1856 1025 1910 certi
1059 1855 1425 1912 induciarum
1445 1859 1568 1913 dies
1599 1861 1957 1924 statuuntur,
1981 1874 2110 1911 san-

462 1940 646 1998 citum
659 1941 769 1997 fuit
783 1945 1016 1999 utomni
1037 1948 1293 2017 tempore
1308 1946 1597 2010 monachi,
1621 1946 1833 2013 clerici,
1855 1945 2106 2010 feminm,

463 2033 520 2084 et
552 2030 650 2102 qui
682 2048 814 2086 eum
846 2032 929 2088 eis
948 2033 1182 2102 fuerint,
1217 2036 1276 2089 in
1291 2053 1426 2106 pace
1442 2038 1821 2106 permaneant.
1845 2033 2106 2089 Celebres

461 2123 667 2189 postea
695 2119 782 2175 hae
813 2121 1060 2178 induciae
1091 2124 1200 2178 sub
1249 2128 1463 2196 treuga
1491 2129 1548 2179 et
1577 2125 1738 2197 pacis
1770 2123 2109 2179 nominibus

461 2205 839 2278 potissimum
870 2212 1170 2268 occasione
1202 2229 1498 2269 sacrarum
1532 2213 1964 2285 expeditionum
1987 2212 2108 2266 fue-

462 2299 601 2350 runt
624 2314 636 2365 ;
669 2297 740 2352 de
764 2297 978 2369 quibus
1010 2299 1234 2355 erudite
1256 2318 1359 2374 pro
1383 2318 1489 2356 suo
1514 2318 1673 2356 more
1693 2300 1948 2366 disserit,
1973 2315 2112 2370 prae-

462 2388 552 2439 ter
582 2385 726 2442 alios
759 2388 1141 2461 quamplures
1169 2395 1451 2458 auctores,
1483 2389 1782 2447 illustriss.
1814 2393 2018 2447 Petrus
2041 2391 2111 2445 de

463 2473 658 2530 Marca
687 2475 747 2531 in
779 2477 935 2532 notis
968 2480 1039 2534 ad
1071 2479 1226 2535 hunc
1257 2497 1536 2536 canonem
1564 2499 1576 2549 ;
1602 2482 1704 2552 qui
1727 2481 1784 2536 in
1807 2481 1936 2535 aliis
1959 2479 2112 2536 notis

464 2564 536 2619 ad
558 2563 667 2620 hoc
681 2565 994 2621 concilium
1013 2567 1529 2623 Claromontanum
1546 2569 1917 2625 multaetiam
1934 2569 2114 2625 habet

466 2651 537 2707 de
569 2654 1002 2722 communione,
1036 2656 1106 2710 de
1137 2657 1679 2723 chrismationibus,
1713 2663 1842 2725 etc.,
1877 2658 2030 2713 sicut
2058 2661 2115 2713 et

467 2739 528 2794 in
545 2739 714 2797 libris
730 2742 811 2797 De
828 2743 1158 2811 concordia,
1180 2749 1237 2800 et
1259 2745 1317 2800 in
1337 2746 1617 2817 opusculo
1639 2747 1719 2802 De
1741 2746 2110 2818 primatibus,

470 2845 595 2900 quae
629 2831 827 2886 omnia
858 2831 952 2888 hic
980 2832 1169 2889 fusius
1191 2838 1545 2905 pertractare
1565 2837 1635 2891 ad
1660 2840 1924 2892 nostrum
1954 2835 2116 2892 insti-

464 2921 660 2974 tutum
691 2920 837 2977 nihil
868 2927 1111 2994 spectat.

467 3022 671 3108 CCIlX.
708 3027 894 3108 canon
938 3029 1004 3085 de
1059 3030 1425 3108 redemptione
1455 3033 1929 3108 altarium.__Ejus
1963 3049 2113 3108 occa-

535 3101 690 3175 sione
754 3101 932 3175 turbae
981 3101 1315 3159 excitantur.
1381 3104 1649 3175 Goffridus
1713 3101 2114 3161 Vindocinensis

534 3169 701 3224 abbas
728 3171 1054 3228 vindicatur.

538 3277 752 3334 Mirum
783 3282 979 3334 autem
1009 3284 1098 3336 est
1146 3298 1427 3338 canonem
1459 3283 1530 3338 de
1581 3281 1852 3338 altarium
1886 3282 2110 3337 redem-

464 3369 685 3443 ptione,
701 3373 800 3442 qui
816 3374 958 3430 adeo
971 3373 1126 3445 apud
1139 3376 1402 3428 auctores
1415 3372 1762 3438 celebratur,
1777 3373 1836 3427 in
1857 3370 2110 3443 vulgatis

461 3464 685 3537 passim
703 3463 882 3536 hujus
903 3463 1414 3537 synodicanonum
1431 3460 1872 3516 collectionibus
1891 3460 2112 3515 deside-

460 3563 596 3617 rari.
654 3561 723 3616 Et
767 3564 964 3615 tamen
1013 3558 1218 3627 praeter
1273 3551 1531 3606 codicem
1571 3549 1762 3605 Cencii
1794 3549 2109 3604 Camerarii

459 3651 636 3723 apud.
669 3649 968 3704 Labbeum
1000 3649 1156 3699 tomo
1187 3642 1232 3696 X
1257 3638 1452 3696 Concil
1479 3643 1534 3692 et
1558 3638 1738 3693 alium
1761 3638 2108 3694 Ananiensis

458 3737 799 3794 monasterii
822 3734 978 3807 apud
1001 3729 1373 3787 Baluziumin
1396 3727 1551 3782 notis
1573 3727 1644 3782 ad
1665 3743 1788 3798 cap.
1804 3727 1892 3794 31,
1908 3725 2035 3782 livri
2051 3745 2108 3785 v1

457 3826 536 3883 De
568 3824 878 3881 concordia
907 3819 1218 3877 sacerdotii
1249 3822 1305 3872 et
1332 3815 1586 3888 imperii,
1637 3815 1792 3870 hunc
1824 3832 2104 3872 canonem

458 3915 704 3972 laudant
726 3911 1022 3968 Goﬁ‘ridus
1038 3905 1345 3963 Vindocini
1364 3906 1545 3961 abbas
1566 3904 1712 3960 libro
1741 3921 1824 3972 ιιι,
1849 3905 2018 3977 epist.
2039 3908 2107 3961 l2

455 4005 530 4061 ad
564 4003 857 4076 Ulgerium
882 3999 1351 4057 Andecavensem
1383 3995 1741 4067 epiSCOpum,
1773 3998 1827 4049 et
1855 3994 2104 4051 Pascha-

454 4093 529 4148 lis
561 4093 610 4148 II
633 4108 783 4164 papa
815 4091 885 4146 ad
918 4086 1296 4144 Ramnulfum
1328 4086 1750 4140 Santonensem
1781 4086 1837 4138 et
1869 4083 2101 4140 lvonem

454 4183 866 4237 Carnotensem
897 4177 1221 4250 episcopos,
1256 4174 1355 4246 qui
1386 4173 1521 4229 huic
1544 4171 1788 4228 concilio
1820 4171 2101 4228 interfue-

455 4275 607 4326 rant.
642 4269 752 4325 Sed
802 4269 947 4325 forte
977 4267 1017 4321 ii
1047 4281 1336 4322 canonum
1374 4263 1708 4318 collectores
1739 4261 1919 4317 istum
1952 4261 2098 4317 omi-

453 4363 677 4428 serunt,
697 4358 854 4431 quod
881 4358 937 4412 in
957 4355 1198 4411 concilio
1222 4351 1607 4410 Nemausensi
1627 4351 1834 4406 iisdem
1860 4349 2097 4406 omnino

451 4449 642 4504 verbis
692 4464 760 4503 ex
818 4447 930 4503 isto
974 4448 1318 4501 Arvernensi
1372 4445 1689 4514 repetatur.
1746 4439 1818 4493 Ut
1869 4443 1933 4492 ut
1987 4446 2095 4505 est,

2213 1861 2331 1910 tem
2366 1856 2542 1910 fuisse
2576 1873 2642 1910 ex
2675 1856 2798 1928 ipso
2827 1857 3098 1927 pontifice
3145 1857 3456 1923 discimus,
3509 1855 3607 1928 qui
3639 1872 3701 1910 ea
3727 1855 3837 1910 dere

2217 1944 2452 2016 scripsit
2482 1945 2551 1998 ad
2576 1945 3011 2016 Ingelramnum
3033 1944 3377 2017 episcopum
3401 1945 3838 2007 Laudunensem,

2217 2037 2343 2089 tum
2375 2033 2551 2088 etiam
2585 2035 2654 2087 ad
2690 2033 3006 2090 monachos
3039 2034 3226 2090 sancti
3258 2034 3502 2090 Bertini.

2289 2123 2505 2177 Verum
2551 2139 2684 2178 cum
2727 2123 2837 2178 hoc
2880 2124 3197 2190 decretum,
3251 2123 3414 2179 salvo
3461 2123 3841 2196 episcoporum

2219 2229 2414 2267 annuo
2445 2228 2644 2277 censu,
2679 2229 2854 2284 quem
2889 2211 2970 2267 illi
3021 2230 3088 2268 ex
3119 2213 3367 2285 antiquo
3403 2214 3541 2284 jure
3572 2212 3769 2268 habere
3797 2210 3844 2264 in

2219 2301 2543 2356 dioeceseon
2574 2318 2817 2356 suarum
2865 2301 3148 2367 ecclesiis,
3204 2319 3335 2371 seu,
3388 2307 3456 2358 ut
3485 2300 3843 2375 appellabant,

2220 2390 2525 2460 altaribus,
2552 2394 2991 2458 consueverant,
3026 2390 3320 2447 sancitum
3353 2408 3487 2447 esse
3508 2389 3753 2464 pontifex
3771 2389 3847 2444 de-

2219 2478 2518 2544 clarasset,
2553 2479 2817 2535 nonnulli
2848 2478 3103 2551 episcopi
3126 2479 3235 2535 hac
3267 2480 3576 2537 occasione
3600 2477 3845 2552 pecunias

2220 2567 2353 2624 illas
2399 2586 2544 2640 quas
2577 2569 2646 2623 ad
2699 2567 2960 2639 singulas
3010 2585 3422 2640 personarum,
3482 2568 3572 2624 uti
3602 2567 3847 2631 diximus,

2222 2657 2574 2712 mutationes
2597 2674 2698 2728 pro
2731 2657 3003 2712 altarium
3033 2657 3441 2730 redemptione
3462 2656 3846 2730 percipiebant,

2223 2746 2293 2801 ad
2324 2749 2572 2800 veterem
2606 2745 2774 2800 illum
2805 2761 3046 2801 censum
3078 2763 3345 2802 annuum
3379 2763 3558 2819 quem
3583 2746 3690 2803 sub
3711 2759 3852 2817 syno-

2222 2834 2357 2903 dici,
2388 2834 2650 2900 circadae,
2684 2834 3108 2905 procurationis
3139 2837 3242 2890 aut
3267 2834 3384 2891 alio
3409 2835 3618 2908 quovis
3649 2833 3850 2890 nomine

2223 2923 2435 2978 habere
2487 2921 2641 2978 soliti
2692 2927 2880 2990 erant,
2926 2923 3120 2978 conati
3165 2927 3303 2978 sunt
3360 2924 3705 2997 adjungere,
3733 2919 3853 2976 illud

2223 3011 2444 3066 scilicet
2471 3015 2635 3066 vetus
2657 3010 2917 3065 debitum
2941 3010 3073 3065 novi
3094 3026 3306 3066 census
3331 3013 3678 3069 accessione
3705 3012 3852 3066 adau-

2223 3099 2444 3171 gendo:
2479 3103 2536 3154 at
2566 3098 2961 3154 reclamarunt
3009 3099 3249 3155 abbates
3307 3105 3369 3156 et
3425 3100 3722 3157 monachi.
3762 3098 3854 3153 Nec

2137 3174 2179 3240 C
2219 3189 2464 3244 dubium
2499 3188 2641 3260 quin
2671 3187 2786 3244 huc
2817 3188 3071 3243 revocari
3093 3188 3304 3244 debeat
3336 3190 3590 3246 Goﬂ‘ridi
3621 3187 3854 3244 Vindoci-

2218 3278 2420 3333 nensis
2450 3277 2696 3350 epistola
2726 3277 2814 3345 12,
2847 3277 2980 3332 libri
3000 3293 3063 3333 III
3094 3278 3166 3333 ad
3198 3276 3511 3350 Ulgerium
3537 3280 3849 3352 episcopum

2216 3367 2714 3438 Andegavensem,
2761 3369 2817 3420 et
2863 3364 3045 3421 altera
3091 3367 3358 3438 ejusdem
3395 3368 3472 3423 ad
3526 3369 3592 3425 G.
3627 3367 3853 3440 legatum

2217 3454 2545 3527 apostolicae
2588 3455 2764 3520 sedis,
2812 3454 2912 3509 lib.
2959 3471 2999 3520 ι,
3049 3454 3218 3526 epist.
3263 3456 3357 3510 27.
3418 3456 3548 3512 Imo
3580 3455 3855 3530 pontiﬁces

2216 3542 2329 3615 ipsi
2360 3543 2781 3600 monachorum
2810 3542 2920 3598 hac
2951 3543 3008 3597 in
3056 3559 3117 3598 re
3169 3545 3582 3615 patrocinium
3617 3558 3859 3614 suscepe-

2217 3640 2371 3699 runt,
2407 3633 2491 3687 uti
2523 3636 2683 3704 patet
2713 3650 2782 3688 ex
2812 3649 2929 3687 una
2957 3631 3258 3688 Paschalis
3307 3649 3486 3706 papas
3537 3633 3781 3707 epistola
3805 3629 3859 3686 ad

2214 3722 2445 3778 Ivonem
2478 3721 2866 3777 Carnotenum
2907 3726 2965 3776 et
3009 3721 3395 3779 Ramnulfum
3454 3724 3864 3780 Santonensem

2214 3812 2538 3884 episcopos,
2554 3815 2609 3866 et
2625 3827 2693 3866 ex
2709 3809 2823 3866 alia
2844 3828 2918 3882 qu
2929 3827 3020 3866 am
3044 3810 3362 3867 Gaufridus
3386 3811 3538 3869 item
3563 3814 3865 3870 Carnutum

2213 3900 2522 3972 episcopus
2581 3903 2639 3954 et
2686 3899 3016 3971 apostolicae
3067 3899 3224 3955 sedis
3282 3899 3528 3973 legatus
3560 3903 3636 3958 de
3695 3900 3873 3957 eodem

2212 3992 2556 4061 argumento
2587 3987 2820 4059 scripsit
2878 3989 2968 4060 (ex
3015 3987 3252 4044 Goﬁ‘ridi
3284 3987 3391 4045 lib.
3437 4008 3480 4062 1,
3537 4009 3638 4064 ep.
3676 3990 3769 4061 27)
3815 3985 3869 4041 ad

2212 4077 2279 4132 Β.
2327 4077 2802 4132 archidiaconum
2825 4081 2911 4138 ..ει
2955 4077 3066 4133 Hu.
3111 4077 3403 4132 decanum
3437 4074 3874 4154 Andegavensis

2209 4165 2512 4233 Ecclesiae;
2547 4183 2692 4238 quas
2749 4165 2975 4222 litteras
3031 4165 3304 4222 Baluzius
3354 4167 3576 4225 retulit
3639 4170 3698 4224 in
3741 4165 3872 4224 notis

2210 4256 2280 4311 ad
2314 4255 2413 4311 lib.
2448 4273 2568 4322 vm,
2601 4273 2727 4327 cap.
2761 4255 2824 4310 31
2879 4255 2959 4310 De
2990 4256 3298 4311 concordia
3329 4258 3667 4314 sacerdotii
3697 4262 3752 4314 et
3778 4255 3870 4310 im-

2207 4345 2372 4417 perii.
2407 4347 2595 4412 Quare
2627 4350 2691 4400 ut
2715 4344 2774 4398 in
2802 4344 2911 4400 hac
2938 4345 3258 4416 quaestione
3277 4344 3429 4400 nihil
3459 4348 3870 4407 confundatur,

2205 4435 2468 4508 apprime
2512 4434 2994 4506 distinguendum
3045 4437 3134 4488 est
3182 4433 3313 4489 novi
3360 4451 3592 4492 census
3646 4434 3873 4496 exactio,

453 4537 815 4594 occasionem
850 4537 1029 4608 hujus
1049 4534 1286 4590 canonis
1319 4531 1607 4588 condendi
1641 4545 1770 4584 eam
1793 4527 1974 4582 fuisse
2002 4530 2096 4584 ob-
2127 4545 2174 4609 ι)
2206 4531 2307 4579 aut
2362 4521 2581 4578 additio
2634 4523 2705 4577 ad
2765 4525 3020 4577 veterem
3073 4521 3379 4578 occasione
3458 4522 3877 4598 redemptionis

450 4632 685 4684 servant
713 4627 819 4682 viri
851 4624 1063 4682 eruditi
1093 4624 1298 4678 Petrus
1358 4621 1428 4674 de
1488 4619 1684 4673 Marca
1739 4620 1794 4672 et
1838 4617 2094 4674 Jacobus

449 4715 819 4782 Sirmundus,
835 4713 988 4786 quod
1011 4727 1143 4765 cum
1163 4707 1334 4763 multi
1349 4711 1519 4761 antea
1535 4705 1612 4776 pii
1629 4705 1897 4760 homines
1919 4705 2096 4761 eccle-

448 4803 566 4860 sias
587 4820 621 4860 a
641 4821 702 4860 se
728 4804 1014 4868 conditas,
1037 4803 1138 4854 aut
1155 4795 1417 4868 quolibet
1438 4795 1609 4850 modo
1637 4810 1742 4849 suo
1760 4794 1883 4864 juri
1902 4793 2095 4864 subje-

447 4897 570 4950 ctas
582 4891 956 4950 monasteriis
969 4886 1377 4950 contulissent,
1394 4885 1448 4939 id
1470 4883 2089 4956 permiserantepisco-

445 4981 504 5052 pi
525 4981 838 5038 dimcesani
857 4976 1247 5050 (necessarius
1271 4974 1486 5046 quippe
1507 4973 1577 5028 ad
1611 4972 1718 5028 hoe
1750 4978 1874 5027 erat
1893 4990 2092 5028 eorum

442 5070 788 5139 consensus)
803 5067 1094 5139 ealege,ul
1107 5064 1276 5120 statis
1288 5063 1887 5135 temporibus,nempe
1900 5063 2096 5133 singu-

441 5159 517 5215 lis
536 5157 910 5222 vicariorum,
937 5171 1037 5211 seu
1063 5154 1146 5208 uti
1169 5151 1560 5224 appellabant,
1585 5166 1968 5222 personarum
1991 5153 2092 5205 aut

440 5247 934 5321 presbyterorum,
971 5243 1070 5315 qui
1119 5241 1384 5298 videlicet
1431 5239 1668 5294 nomine
1717 5237 1946 5292 abbatis
1988 5242 2090 5293 aut

440 5334 862 5392 monachorum
880 5331 1168 5404 ejusmodi
1181 5329 1468 5404 parochias
1482 5343 1683 5382 curam
1697 5325 2088 5396 sustinebant,

440 5420 866 5481 mutationibus
883 5426 1038 5478 certa
1059 5421 1142 5477 eis
1167 5417 1422 5492 pecuniae
1449 5431 1683 5471 summa
1701 5414 2049 5485 penderetur
2071 5433 2083 5471 :

439 5510 542 5584 qui
573 5527 783 5567 census
811 5513 1076 5569 altarium
1096 5507 1391 5576 redemptio
1414 5501 1740 5576 appellatus
1759 5505 1867 5571 est,
1890 5509 1945 5561 et
1966 5504 2086 5562 haec

438 5600 648 5676 altaria
703 5602 802 5661 sub
851 5607 1149 5682 personam
1197 5609 1474 5665 concessa
1519 5591 1905 5667 dicebantur;
1965 5594 2079 5652 alia

2204 4613 2498 4681 altarium,
2533 4629 2567 4667 a
2597 4611 2804 4666 veteris
2836 4627 3047 4666 census
3070 4611 3286 4666 debito.
3323 4611 3718 4671 Fatebantur
3735 4611 3874 4669 enim

2204 4719 2429 4769 omnes,
2460 4702 2508 4757 si
2542 4718 2661 4756 non
2694 4699 2883 4770 fallor,
2909 4703 3160 4755 veterem
3193 4717 3470 4769 censum,
3510 4704 3589 4759 de
3615 4721 3736 4777 quo
3763 4717 3882 4757 mox

2202 4791 2609 4864 loquebamur,
2657 4789 2948 4861 episcopis
2993 4789 3359 4845 reddendum
3415 4808 3603 4861 esse;
3660 4799 3721 4848 at
3757 4806 3876 4848 con-

2203 4879 2482 4938 troversia
2513 4883 2636 4935 erat
2666 4879 2816 4934 inter
2835 4877 3059 4950 aliquot
3088 4877 3391 4951 episcopos
3417 4883 3483 4935 et
3511 4881 3789 4950 abbates,
3816 4893 3876 4933 an

2203 4971 2328 5026 loco
2362 4967 2776 5040 redemptionis
2826 4967 3100 5023 altarium
3150 4985 3329 5039 quam
3371 4971 3662 5040 synodus
3697 4966 3874 5025 abole-

2203 5063 2382 5127 verat,
2417 5057 2710 5114 introduci
2745 5058 2977 5112 deberet
3008 5061 3108 5112 aut
3155 5061 3354 5128 posset
3407 5073 3622 5116 novus
3679 5054 3878 5130 aliquis

2200 5165 2432 5216 census,
2449 5152 2548 5202 aut
2565 5147 2842 5218 antiquus
2861 5145 3090 5202 debitus
3104 5146 3325 5218 augeri.
3342 5145 3402 5202 Id
3429 5147 3880 5206 contendebant

2199 5236 2421 5308 aliquot
2450 5236 2730 5308 praesules
2777 5234 3130 5307 negantibus
3178 5235 3532 5303 abbatibus,
3570 5242 3636 5294 et
3682 5235 3879 5295 merito

2198 5325 2458 5398 quidem,
2492 5329 2557 5380 ut
2585 5341 2653 5380 ex
2682 5323 2944 5396 epistolis
2974 5322 3194 5378 Urbani
3239 5327 3295 5378 et
3345 5323 3682 5384 Paschalis
3715 5338 3882 5397 supra

2196 5414 2449 5470 laudatis
2481 5417 2655 5486 patet,
2705 5413 2765 5467 in
2823 5412 3039 5483 quibus
3091 5412 3398 5484 pontiﬁces
3429 5416 3880 5472 monachorum

2195 5503 2588 5579 patrocinium
2610 5504 2812 5557 contra
2833 5501 3140 5575 episcopos
3163 5516 3509 5574 suscepere.
3546 5505 3625 5563 Et
3649 5506 3878 5579 quidem

2196 5595 2267 5656 de
2300 5591 2432 5652 novi
2463 5593 2590 5666 ejus
2623 5607 2833 5650 census
2855 5589 3150 5649 exactione
3172 5589 3568 5652 solummodo
3599 5583 3879 5672 agebatur
