3950 6218
153 270 253 329 173

1749 261 1955 326 VITA.

3435 271 3553 331 171

152 403 288 456 inter
329 399 672 454 Goft‘ridum
725 395 1032 453 Vindocini
1083 396 1352 452 abbatem
1401 400 1457 450 et
1506 395 1800 467 Ulgerium
1830 397 1886 462 Α
1915 397 2084 467 odalz,
2119 412 2191 452 ne
2221 412 2336 469 qua
2357 400 2732 468 supperesset
2760 397 2820 452 in
2851 413 2916 453 eo
2947 414 3166 456 canone
3190 400 3554 460 difﬁcultatis

145 491 625 562 Andegavensem
660 491 719 543 et
763 487 908 543 alios
954 486 1278 559 episcopos.
1330 485 1493 540 Unde
1532 484 1668 540 licet
1699 486 1800 541 Pa-

146 577 352 635 schalis
383 578 445 633 in
479 575 737 650 epistola
766 576 1005 632 laudata
1030 574 1307 630 editionis
1337 573 1664 629 Baluzianaa
1695 573 1802 629 ali-

132 684 313 741 quem
327 683 600 723 annuum
617 683 864 722 censum
879 664 1171 736 episcopis
1198 663 1462 719 debitum
1479 663 1800 731 admiserit,

141 757 362 829 ubique
390 761 595 810 tamen
629 754 1016 825 rejiciendum
1062 769 1192 808 esse
1236 750 1637 823 pronuntiavit
1667 766 1801 805 eum

139 861 383 901 censum
411 860 592 916 quem
627 845 724 899 Ivo
754 847 810 898 et
841 840 1195 898 Ramnulfus
1225 842 1572 912 simplicitati
1616 842 1804 894 incon-

136 952 304 1007 gruas
331 935 694 1005 duplicitates
719 935 1051 987 innectentes
1079 947 1149 986 ex
1188 946 1547 1002 personarum
1587 929 1802 984 redem-

130 1027 320 1097 ptione
373 1024 607 1078 mutatis
663 1021 977 1077 nominibus
1033 1028 1359 1091 extorquere
1417 1019 1797 1073 conabantur.

133 1114 251 1170 Nec
284 1113 362 1170 iis
390 1111 689 1184 episcopis
732 1108 954 1180 imponi
1003 1113 1248 1180 poterat,
1294 1112 1494 1179 utpote
1541 1107 1641 1178 qui
1689 1105 1800 1177 ipsi

133 1200 390 1258 concilio
429 1197 802 1264 Arvernensi,
842 1198 925 1252 uti
975 1203 1108 1270 post
1158 1197 1456 1252 Urbanum
1505 1195 1800 1252 Paschalis

129 1292 360 1347 ibidem
391 1289 628 1358 asserit,
662 1287 1068 1343 interfuerant.
1110 1287 1404 1341 Goffridus
1434 1290 1628 1340 autem
1661 1302 1798 1339 nus-

126 1396 316 1453 quam
351 1382 610 1434 veterem
643 1375 810 1431 illum
843 1392 1088 1431 censum
1122 1374 1468 1448 impugnare
1490 1390 1801 1447 aggressus

125 1475 245 1538 est,
277 1472 388 1524 aut
417 1466 542 1521 ullo
566 1466 739 1520 modo
762 1481 1023 1536 unquam
1050 1462 1351 1519 contendit
1374 1480 1508 1518 eum
1537 1462 1719 1517 fuisse
1740 1461 1799 1516 in

119 1556 493 1614 Arvernensi
525 1554 771 1610 concilio
803 1554 1042 1609 vetitum
1071 1571 1083 1618 ;
1119 1553 1219 1608 sed
1261 1569 1392 1607 eum
1426 1567 1665 1606 censum
1711 1566 1799 1604 re-

124 1647 455 1721 probabat,
491 1660 667 1716 quem
699 1641 967 1715 Ulgerius
998 1641 1067 1695 de
1097 1657 1244 1695 novo
1290 1639 1586 1694 nitebatur
1624 1638 1800 1692 indu-

121 1753 282 1793 cere.
346 1732 754 1790 Contendebat
808 1730 964 1786 enim
1025 1729 1340 1796 Golfridus,
1400 1732 1465 1782 ut
1520 1726 1618 1782 ille
1675 1727 1800 1798 ipse

123 1825 401 1897 scripsit,
435 1821 540 1877 lib.
577 1839 617 1888 ι,
653 1820 825 1892 epist.
859 1822 927 1873 27
960 1819 1033 1874 ad
1065 1817 1411 1874 Gaufridum
1456 1814 1630 1888 episc.
1668 1816 1801 1869 Car—

125 1923 449 1971 nolensem
497 1910 790 1967 annutlari
837 1909 1132 1964 decretum
1175 1905 1394 1960 Urbani
1450 1905 1506 1958 in
1559 1903 1802 1959 concilio

126 1999 496 2058 Arvernensi
515 1995 1052 2053 contraSimoniam
1078 1991 1494 2064 redemptionis
1507 1990 1800 2055 altarium,

1913 485 2141 540 umbra.

1911 574 2144 630 CCXIII.
2197 575 2429 629 Cononis
2468 575 2533 630 de
2563 575 2928 647 redemptione
2957 576 3223 632 altarium
3259 579 3556 651 appendix.

1983 662 2177 718 Canon
2210 668 2239 717 7
2287 663 2657 736 vulgatarum
2706 664 3112 721 collectionum
3154 665 3384 721 videtur
3435 683 3562 724 esse

1911 752 2288 823 praecedentis
2318 754 2386 807 de
2419 752 2694 809 altarium
2725 753 3122 826 redemptione
3143 754 3453 827 appendix.
3484 756 3559 810 Eo

1912 841 2126 913 quippe
2157 846 2404 909 cavetur,
2441 846 2505 896 ut
2534 842 2741 898 altaria
2764 860 2890 914 quae
2912 843 3210 900 canonicis
3233 848 3334 900 aut
3354 861 3561 900 mona-

1911 929 2036 983 chis
2082 947 2185 1002 per
2232 947 2512 1002 personas
2543 931 2679 986 data
2705 932 2942 1000 fuerint,
2989 937 3122 1004 post
3169 950 3557 1005 personarum

1912 1023 2156 1074 mortem
2188 1020 2258 1074 ad
2289 1021 2593 1091 episcopos
2624 1021 2881 1088 redeant,
2916 1020 3030 1076 nisi
3062 1021 3173 1093 ipsi
3206 1022 3461 1096 episcopi
3492 1038 3561 1079 ea

1910 1107 2256 1180 perlitteras
2287 1112 2388 1163 aut
2437 1109 2738 1182 privilegia
2787 1111 3157 1167 monasteriis
3187 1112 3555 1168 conﬁrment.

1910 1198 2032 1251 lIuc
2063 1197 2218 1252 enim
2260 1203 2563 1254 revocatur
2611 1199 2905 1270 possessio
2952 1199 3195 1272 triginta
3242 1217 3554 1257 annorum.

1911 1303 2034 1357 qua:
2067 1286 2125 1341 in
2160 1304 2378 1342 canone
2411 1288 2480 1342 de
2510 1287 2783 1342 altarium
2809 1289 3226 1361 redemptione,
3246 1291 3318 1345 ad
3350 1289 3558 1346 altaria

1909 1375 2280 1431 monasteriis
2308 1377 2621 1431 asserenda
2643 1378 3054 1448 praescribitur.
3098 1379 3259 1444 Quod
3307 1396 3441 1435 vero
3493 1379 3551 1434 in

1910 1479 2008 1519 eos
2035 1465 2334 1532 statuitur,
2369 1469 2432 1520 ut
2462 1465 2657 1520 vicarii
2691 1483 2725 1520 a
2753 1466 3056 1522 monachis
3087 1467 3338 1522 instituti
3361 1467 3421 1522 in
3454 1485 3556 1540 pa-

1910 1553 2144 1619 rochiis,
2197 1570 2398 1608 curam
2449 1553 2781 1610 animarum
2841 1555 2913 1610 ab
2977 1555 3268 1628 episcopis
3317 1556 3557 1628 quidem

1909 1641 2254 1712 suscipiant,
2288 1643 2387 1697 sed
2413 1643 2684 1698 monachi
2717 1643 2965 1698 reddant
2997 1643 3412 1716 temporalium
3465 1662 3557 1701 ra-

1912 1731 2152 1801 tionem,
2212 1731 2443 1787 nullam
2501 1732 2721 1804 patitur
2765 1732 3195 1789 difficultatem.
3245 1733 3314 1803 ,Si
3361 1737 3558 1790 tamen

1912 1820 2081 1892 plura
2103 1822 2235 1892 quis
2257 1822 2453 1892 cupiat
2475 1839 2541 1876 ea
2558 1822 2628 1877 de
2647 1839 2727 1890 re,
2751 1824 2922 1878 adeat
2944 1821 3247 1878 Baluzium
3271 1822 3328 1878 in
3343 1823 3559 1879 additis

1912 1910 1981 1964 ad
2013 1927 2140 1981 cap.
2175 1911 2238 1964 21
2272 1909 2404 1965 libri
2435 1927 2490 1964 γι
2529 1911 2609 1966 De
2658 1911 2968 1966 concordia
3005 1911 3316 1967 sacerdotii
3363 1915 3420 1968 et
3447 1911 3559 1968 im-

1911 1998 2053 2070 perii
2082 1997 2383 2054 illustriss.
2407 1999 2514 2053 viri
2540 1999 2690 2055 Petri
2713 2000 2782 2054 de
2805 2000 3019 2068 Marca,
3044 2003 3102 2055 et
3123 1999 3270 2057 alios
3292 2000 3560 2058 canonici

128 2109 265 2163 quae
304 2092 370 2145 in
398 2089 500 2143 illo
528 2103 740 2156 magno
788 2086 1016 2140 concilio
1053 2084 1297 2154 pravitas
1333 2081 1589 2135 haeretica
1619 2082 1804 2134 vocata
1901 2087 2057 2158 juris
2085 2086 2451 2159 interpretes.

132 2184 360 2248 fuerat,
397 2178 718 2247 sancitum,
753 2175 799 2230 si
831 2175 887 2230 id
920 2174 1076 2245 quod
1108 2172 1343 2227 nonnisi
1377 2169 1556 2226 semel
1590 2187 1691 2240 per
1719 2168 1800 2222 vi-

111 2273 337 2340 _carios
368 2272 543 2325 antea
575 2265 930 2329 solvebatur,
955 2263 1065 2318 sub
1085 2264 1308 2317 nomine
1327 2276 1514 2315 census
1535 2261 1712 2314 annui
1734 2258 1803 2312 de

135 2378 291 2417 novo
327 2357 587 2414 instituti
620 2356 692 2410 ab
716 2352 1006 2425 episcopis
1032 2351 1305 2422 deinceps
1325 2351 1798 2420 extorqueretur:

135 2450 300 2522 quod
337 2462 550 2520 parum
583 2444 894 2498 interesset
933 2441 1004 2495 ad
1053 2439 1378 2495 Simoniam
1411 2437 1800 2500 contlandam,

136 2558 213 2594 an
246 2538 353 2593 illa
386 2534 636 2609 pecunia
667 2531 878 2596 rarius,
913 2529 1081 2584 sicuti
1123 2531 1294 2582 antea
1340 2525 1534 2592 ﬁebat,
1585 2523 1806 2579 scilicet

137 2625 562 2684 tantummodo
593 2623 653 2678 in
685 2635 1069 2693 personarum
1101 2616 1547 2681 mutationibus,
1595 2631 1668 2669 an
1699 2614 1806 2668 fre-

139 2717 450 2790 quentius,
484 2728 696 2784 nempe
729 2707 978 2781 singulis
1005 2707 1194 2772 annis,
1248 2707 1356 2761 sub
1405 2704 1517 2759 alio
1569 2703 1804 2759 nomine

141 2806 526 2880 penderetur.
560 2800 775 2856 Eadem
799 2798 978 2852 ferme
1000 2795 1206 2867 repetit
1232 2793 1522 2850 Golfridus
1553 2792 1611 2847 in
1636 2793 1804 2864 epist.

145 2899 234 2963 12,
266 2895 308 2949 1.
346 2909 433 2957 III,
469 2892 543 2946 ad
575 2890 772 2962 ipsum
804 2885 1104 2958 Ulgerium
1127 2883 1365 2956 scripta.
1387 2885 1458 2937 At
1476 2882 1536 2937 in
1558 2881 1652 2937 his
1678 2899 1808 2936 con-

140 2982 455 3040 troversiis
478 2995 785 3051 nunquam
809 2976 930 3032 ulla
950 2974 1192 3046 quaestio
1215 2973 1323 3027 fuit
1345 2973 1416 3027 de
1434 2971 1610 3026 veteri
1628 2987 1806 3026 censu

144 3072 447 3146 episcopis
460 3069 686 3136 debito;
712 3067 866 3122 unde
887 3063 1177 3119 immerito
1201 3061 1525 3118 Goll‘ridum
1540 3061 1810 3115 temerita-

2443 2177 2670 2232 CCXIV.
2704 2178 2829 2232 Alia
2855 2177 3084 2233 decreta.

1982 2265 2194 2318 Praeter
2223 2265 2330 2320 hos
2371 2281 2642 2336 canones,
2698 2266 2991 2321 Gotfridus
3029 2265 3336 2321 Vindocini
3379 2267 3562 2324 abbas

1912 2352 2013 2407 lib.
2049 2353 2292 2425 11,epist.
2326 2355 2395 2408 29
2422 2362 2472 2408 et
2502 2355 2574 2408 30
2603 2355 2673 2408 ad
2703 2353 3026 2409 Gotfridum
3049 2354 3390 2426 episcOpum
3421 2355 3558 2411 Car-

1912 2447 2237 2511 notensem,
2265 2466 2291 2490 «
2317 2441 2518 2496 laudat
2539 2441 2913 2514 prolatamjab
2931 2443 3160 2498 Urbano
3182 2459 3334 2515 papa
3349 2443 3408 2498 in
3422 2459 3558 2499 con-

1912 2531 2043 2587 cilio
2077 2531 2420 2586 Arvernensi
2452 2531 2825 2600 sententiam,
2858 2531 3134 2588 omnibus
3181 2531 3473 2605 episcopis
3503 2537 3562 2590 et

1913 2621 2244 2687 abbatibus,
2280 2620 2379 2692 qui
2409 2622 2670 2687 aderant,
2704 2620 3102 2685 laudantibus,
3137 2624 3202 2675 ut
3223 2620 3558 2694 quicunque

1914 2710 2040 2765 sine
2087 2710 2383 2764 vocatione
2431 2715 2487 2765 et
2537 2710 2763 2780 judicio
2829 2708 3310 2782 exspoliarentur,
3381 2710 3559 2767 etiam

1913 2798 2038 2853 sine
2078 2797 2376 2853 vocatione
2424 2801 2481 2852 et
2521 2797 2747 2869 judicio
2805 2798 3243 2868 investirentur;
3306 2815 3378 2856 ne
3445 2799 3560 2856 sci-

1912 2887 2046 2942 licet
2095 2888 2204 2942 sub
2253 2886 2599 2942 occasioune
2647 2887 2968 2943 vocationis
3021 2891 3078 2943 et
3113 2886 3325 2959 judicii
3373 2888 3560 2945 inter-

1914 2976 2135 3031 venerit
2182 2975 2405 3043 dilatio,
2459 2979 2517 3030 et
2567 2991 2669 3047 per
2716 2975 3054 3032 dilationem
3109 2980 3210 3031 aut
3285 2976 3564 3033 diuturna

1918 3069 2019 3119 aut
2084 3065 2439 3136 sempiterna
2502 3069 2766 3120 maneret
2824 3064 3184 3136 exspoliatio.
3221 3087 3247 3114 »
3314 3066 3563 3123 Consule

145 3132 214 3218 είς
241 3132 547 3216 videretur
575 3132 779 3212 notare
809 3153 1074 3210 eruditus
1105 3151 1376 3206 Baluzius
1422 3150 1478 3204 in
1529 3149 1683 3204 notis
1731 3149 1802 3203 ad
1833 3132 1875 3198 C
1918 3158 2086 3208 notas
2156 3132 2231 3206 ini
2302 3151 2471 3224 epist,
2560 3154 2655 3208 172
2723 3132 2946 3208 Ivoni;
2996 3153 3325 3209 carnotenL
3401 3154 3562 3210 Idem

144 3252 498 3308 Gratianum
534 3249 587 3313 1,
621 3263 678 3318 q.
711 3247 768 3312 3,
797 3261 845 3299 c.
897 3243 1208 3313 quaesitum,
1261 3239 1428 3311 quasi
1479 3237 1571 3293 ille
1624 3237 1804 3294 abbas
1911 3247 2006 3297 Ivo
2049 3241 2208 3296 aliud
2252 3241 2454 3296 laudat
2493 3242 2757 3312 ejusdem
2802 3241 3030 3296 concilii
3073 3241 3394 3312 decretum,
3445 3259 3560 3315 quo

145 3340 307 3396 malo
340 3339 539 3394 animo
569 3332 898 3390 clausulam
931 3329 1305 3403 expunxisset
1325 3346 1355 3384 e
1376 3344 1596 3384 canone
1617 3326 1807 3382 Claro-

141 3434 452 3492 montano,
487 3442 614 3498 quae
646 3422 874 3479 salvum
913 3436 1041 3476 esse
1085 3417 1316 3474 volebat
1363 3417 1650 3489 episcOpis
1702 3433 1803 3470 an-

145 3535 334 3574 nuum
369 3529 633 3578 censum,
666 3515 734 3566 ut
763 3511 847 3566 eis
878 3523 1108 3564 omnem
1136 3505 1373 3561 omnino
1399 3521 1660 3574 censum,
1687 3505 1806 3561 sive

134 3613 404 3679 veterem
437 3602 778 3675 synodalem,
812 3602 878 3654 ut
907 3599 1032 3670 ipse
1073 3594 1348 3651 Baluzius
1379 3593 1653 3666 appellat,
1688 3593 1806 3649 sive

147 3713 370 3753 novum
423 3694 758 3764 denegaret.
819 3691 1052 3744 Certum
1103 3689 1192 3741 est
1240 3683 1395 3740 enim
1445 3701 1513 3739 ex
1561 3687 1808 3754 utraque

149 3784 404 3857 epistola
445 3780 688 3839 Goffridi
737 3777 995 3846 laudata,
1046 3779 1112 3848 ut
1145 3775 1270 3846 jam
1323 3772 1600 3843 diximus,
1650 3773 1805 3844 quod

150 3875 331 3930 etiam
352 3871 591 3928 cuilibet
611 3867 744 3923 illas
769 3864 1047 3938 epistolas
1065 3865 1283 3919 attente
1303 3860 1537 3930 legenti,
1571 3865 1633 3934 ut
1659 3878 1806 3929 reor,

150 3962 398 4036 patebit,
431 3976 560 4015 eum
610 3954 847 4012 nonnisi
895 3955 966 4008 de
1013 3969 1189 4008 censu
1246 3967 1412 4016 novo,
1464 3967 1634 4021 quem
1683 3950 1809 4006 loco

153 4054 321 4108 illius
350 4047 693 4111 exactionis,
727 4060 854 4114 quae
887 4042 958 4096 ad
991 4040 1256 4112 singulas
1300 4039 1648 4094 vicariorum
1681 4057 1808 4093 mu-

154 4141 412 4196 tationes
443 4142 611 4193 antea
636 4132 763 4188 ﬁeri
796 4129 1038 4199 solebat,
1084 4128 1339 4200 episcopi
1375 4128 1670 4182 intrudere
1712 4145 1808 4183 vo-

154 4231 380 4293 lebant,
413 4226 672 4282 locutum
707 4221 907 4277 fuisse.
947 4219 1105 4273 Unde
1134 4222 1190 4273 et
1229 4215 1484 4288 episcopi
1533 4217 1811 4272 adversus

153 4335 308 4393 quos
339 4317 544 4389 agebat
576 4311 871 4368 Goll‘ridus
901 4324 1079 4365 causa
1100 4307 1454 4372 ceciderunt,
1481 4309 1537 4393 et
1558 4304 1811 4359 abolitus

151 4391 246 4463 est
269 4404 512 4462 omnino
535 4399 880 4457 auctoritate
905 4396 1244 4469 pontiﬁcum
1274 4410 1457 4448 novus
1480 4391 1576 4447 ille
1602 4409 1811 4447 census

1913 3329 2176 3386 sancitur
2195 3334 2258 3384 ut
2305 3329 2844 3385 excommunicatus
2894 3331 2965 3385 ab
3017 3345 3130 3384 uno
3179 3330 3473 3402 episcopo,
3526 3348 3560 3386 a

1910 3419 2116 3475 vicinis
2147 3435 2379 3490 quoque
2419 3417 2708 3489 episcopis
2733 3418 3286 3473 excommunicetur.
3317 3419 3447 3475 Hac
3486 3419 3558 3475 de

1914 3507 2236 3564 canonibus
2266 3507 2382 3561 illis
2413 3507 2719 3562 observare
2749 3507 2941 3562 visum
2973 3510 3064 3562 est
3092 3506 3268 3562 Plura
3297 3507 3558 3580 cupienti

1914 3600 2123 3670 praesto
2156 3601 2326 3650 erunt
2357 3595 2488 3649 libri
2524 3595 2602 3650 De
2632 3593 3011 3652 conciliorum
3034 3596 3280 3652 decretis
3305 3597 3467 3653 editi.
3491 3598 3564 3654 At

1915 3691 2084 3742 notas
2116 3684 2444 3758 singulares
2488 3684 2548 3738 in
2593 3672 3074 3741 Claromdntanos
3125 3702 3378 3742 canones
3428 3686 3566 3743 fecit

1917 3775 2220 3830 illustriss.
2256 3773 2458 3829 Petrus
2489 3773 2560 3828 de
2593 3773 2785 3828 Marca
2813 3777 2956 3829 tom.
2980 3774 3024 3829 X
3055 3774 3276 3830 Concil.
3326 3775 3563 3847 Lahbei,

1917 3865 1988 3919 ad
2023 3881 2171 3936 quos
2199 3863 2376 3919 etiam
2410 3865 2634 3934 spectat
2665 3861 2815 3918 liber
2843 3863 2969 3934 ejus
3002 3863 3080 3919 De
3111 3863 3484 3936 primatibus.

1917 3971 2315 4027 CCXV.Varim
2342 3985 2520 4025 causae
2549 3971 2606 4023 in
2629 3969 2830 4039 synodo
2854 3970 3278 4026 Ctaromontana
3295 3974 3565 4029 tractata.

2415 4042 2694 4096 Primatus
2724 4041 3124 4110 Lugdunensis.

1991 4133 2148 4186 Inter
2168 4129 2356 4185 varias
2380 4147 2609 4197 causas,
2637 4145 2762 4202 qua:
2785 4130 2842 4184 in
2867 4130 3086 4202 synodo
3117 4128 3569 4188 Claromontana

1920 4221 2149 4293 agitatae
2173 4222 2331 4288 sunt,
2357 4218 2600 4273 celebris
2620 4234 2689 4272 ea
2709 4222 2797 4272 est
2817 4235 2943 4289 quin
2967 4219 3036 4274 ad
3062 4219 3380 4290 primatum
3418 4220 3565 4291 Lug-

1919 4310 2243 4364 dunensem
2277 4307 2545 4379 pertinet.
2579 4307 2924 4362 Obtinuerat
2953 4306 3264 4362 Gilbuinus
3297 4307 3565 4378 Lugduni

1920 4396 2393 4468 archiepiscopus
2425 4395 2646 4450 litteras
2685 4413 2718 4449 a
2767 4395 3041 4468 Gregorio
3080 4395 3203 4466 VII,
3250 4395 3470 4467 quibus
3513 4396 3566 4452 ei

153 4511 336 4569 quem
371 4492 453 4547 illi
499 4490 727 4562 exigere
778 4490 1159 4542 tentaverant.
1213 4487 1327 4537 Cur
1373 4498 1506 4537 vero
1552 4481 1814 4537 clausula
1844 4503 1888 4567 Ι)
1921 4484 2308 4558 primatumin
2338 4484 3024 4556 quatuorLugdunenses
3042 4484 3456 4556 provincias,id
3479 4488 3570 4540 est

151 4585 259 4640 illa
274 4583 426 4638 salvo
443 4583 634 4650 utique
649 4592 831 4639 censu,
848 4580 956 4630 etc.
969 4617 982 4640 ,
1000 4575 1054 4628 in
1073 4570 1374 4627 Chartario
1395 4571 1810 4626 Vindocinensi

154 4673 330 4736 desit,
367 4667 700 4739 nihiljuvat
721 4663 999 4728 divinare,
1025 4678 1157 4716 cum
1181 4662 1252 4715 de
1277 4677 1347 4716 ea
1366 4659 1532 4714 nulla
1554 4676 1814 4730 unquam

157 4761 336 4818 fuerit
394 4759 546 4814 inter
591 4752 941 4818 Golfridum,
999 4767 1099 4806 seu
1158 4751 1286 4820 ejus
1336 4764 1705 4804 successores
1763 4752 1819 4801 et

157 4851 468 4924 episcopos
499 4841 916 4902 controversia.
949 4841 1072 4895 Non
1106 4839 1261 4894 enim
1294 4838 1637 4893 auctoritate
1657 4835 1818 4891 illius

159 4937 404 4995 canonis
439 4953 502 4992 se
530 4947 798 5006 unquam
833 4947 866 4984 a
896 4927 1158 5000 quolibet
1187 4943 1383 4990 censu,
1408 4926 1506 4980 sed
1534 4929 1760 4979 tantum
1787 4941 1821 4979 a

147 5044 308 5088 novo
325 5025 428 5082 illo
445 5022 751 5084 solvendo,
775 5034 950 5090 quem
966 5016 1092 5072 loco
1111 5013 1527 5086 redemptionis
1545 5013 1817 5069 altarium

161 5115 461 5172 intrudere
492 5109 756 5184 episcopi
785 5107 1074 5172 volebant,
1107 5103 1320 5159 liberos
1352 5120 1479 5159 esse
1510 5103 1819 5159 contende-

157 5209 296 5262 runt
322 5201 821 5262 Vindocineuses,
863 5195 1018 5266 quod
1067 5193 1262 5264 reipsa
1307 5208 1508 5247 verum
1559 5196 1700 5248 erat.
1757 5194 1824 5248 Et

158 5294 406 5350 fortasse
437 5307 560 5347 non
595 5283 835 5343 sublata
883 5286 1020 5338 sunt
1049 5299 1084 5336 a
1127 5280 1655 5336 Vindocinensibus
1702 5281 1823 5336 haec

151 5384 351 5453 verba,
383 5381 490 5438 sed
524 5377 604 5435 ab
637 5372 774 5430 aliis
807 5372 876 5427 ad
909 5371 1191 5442 majorem
1222 5369 1461 5424 canonis
1491 5368 1822 5442 intelligen-

146 5474 291 5540 tiam
313 5471 437 5531 ista
459 5469 525 5526 in
543 5464 686 5524 aliis
709 5459 1008 5517 codicibus
1027 5458 1228 5516 addita
1249 5457 1503 5527 fuerunt,
1522 5461 1587 5514 ut
1612 5458 1825 5531 aliquis

141 5564 209 5652 ιιι
235 5563 444 5628 codice
479 5553 685 5620 sancti
713 5550 910 5611 Albini
941 5550 1012 5610 ad
1040 5564 1240 5611 vocem
1270 5563 1434 5609 censu
1457 5548 1681 5608 addidit
1699 5566 1826 5629 syn-

1922 4577 1977 4630 in
1995 4576 2183 4647 ipsam
2203 4575 2679 4645 Lugdunensem,
2705 4572 3260 4646 Rothomagensem,
3274 4575 3574 4629 Turonen-

1926 4682 2073 4730 scm,
2105 4668 2160 4717 et
2191 4664 2587 4717 Senonensem
2641 4661 3046 4730 conﬁrmabat,
3107 4661 3342 4734 scriptis
3391 4661 3571 4717 etiam

1925 4751 2059 4808 aliis
2076 4751 2284 4806 litteris
2299 4751 2368 4806 ad
2387 4749 2622 4804 illarum
2641 4748 3075 4821 provinciarum
3094 4748 3577 4822 metropolitano:

1928 4841 2144 4912 quibus
2175 4840 2259 4894 eis
2292 4840 2344 4893 in
2348 4839 2656 4912 jungcbat,
2684 4843 2749 4894 ut
2771 4839 3122 4908 Lugdunensi
3141 4840 3397 4897 Ecclesiw
3415 4839 3581 4896 hono-

1926 4945 2040 4984 rem
2087 4933 2138 4984 et
2183 4930 2564 4996 reverentiam,
2613 4945 2647 4982 a
2692 4929 3011 5000 majoribus,
3057 4929 3248 5001 inquit
3295 4930 3576 5003 pontifex,

1926 5019 2146 5085 nostris,
2161 5017 2226 5071 de
2237 5018 2425 5071 ecclesi
2429 5019 2473 5071 is
2486 5019 2681 5072 vestris
2688 5018 3002 5088 prwﬁxam,
3023 5019 3582 5076 exhiberent.Ponti-

1929 5105 2303 5163 ﬁciislitteris
2315 5105 2513 5160 statim
2533 5106 2727 5177 paruit
2744 5106 3580 5175 RodulfusTuronensis,forte

1931 5195 2086 5268 quod
2100 5211 2166 5249 eo
2180 5198 2347 5266 pacto
2362 5192 2665 5250 Dolensem
2683 5212 2749 5252 ac
2763 5199 2997 5252 caeteros
3011 5197 3322 5254 Britanniae
3336 5196 3580 5253 minoris

1931 5284 2260 5357 episcopos,
2283 5282 2382 5354 qui
2407 5298 2534 5337 sese
2559 5283 2630 5338 ab
2649 5285 2776 5354 ejus
2798 5284 3066 5341 Ecclesiae
3090 5284 3421 5342 obedientia
3440 5284 3580 5340 sub-

1933 5375 2240 5439 duxerant,
2275 5371 2506 5426 facilius
2550 5372 2964 5440 restituendos,
3016 5375 3242 5430 favente
3282 5371 3582 5445 pontiﬁce,

1936 5463 2237 5535 speraret;
2270 5464 2331 5515 at
2362 5459 2667 5516 Richerius
2699 5461 3072 5532 Senoncnsis,
3108 5461 3208 5536 qui
3239 5465 3296 5518 et
3342 5459 3469 5534 ipse
3518 5475 3589 5517 ex

1932 5548 2180 5613 Joannis
2210 5547 2338 5606 VIII
2369 5546 2670 5628 privilegio
2693 5549 3012 5628 primatum
3035 5567 3096 5610 se
3116 5550 3330 5612 habere
3349 5551 3591 5628 conten:
