3950 6218
436 317 549 380 I75

1754 320 1827 380 B.
1872 315 2167 382 URBANI
2209 317 2262 379 II
2305 317 2564 379 ΡΑΡᾸΞ.

3720 317 3832 379 170

433 453 625 520 debat,
659 465 893 508 omnem
916 466 1158 524 prorsus
1179 450 1448 508 Ecclesiae
1471 451 1849 526 Lugdunensi
1876 453 2073 524 subje-
2102 453 2155 520 Α
2188 452 2343 506 titice
2373 457 2428 506 et
2458 451 2680 506 caeteris
2710 450 2939 507 concilii
2972 450 3241 508 Patribus
3267 450 3608 523 conquestis
3637 467 3833 508 mona-

431 542 680 597 ctionem
695 541 1020 614 denegavit.
1032 542 1196 597 Hunc
1210 541 1475 596 imitatus
1488 546 1577 598 est
1592 541 2078 615 Rothomagensis

431 630 697 697 antistes,
729 631 898 701 cujus
929 631 1226 702 provincia
1253 635 1394 685 tunc
1426 632 1782 687 Francorum
1819 630 2078 686 dominio

432 719 696 791 subjecta
714 737 826 776 non
857 724 998 785 erat,
1025 725 1198 792 atque
1223 721 1364 775 adeo
1388 720 1532 775 nihil
1560 721 1675 776 fere
1699 725 1833 775 tunc
1861 721 2076 791 profuit

430 807 692 864 Gebuino
724 809 982 880 Gregorii
1013 811 1333 864 decretum.
1366 811 1437 863 At
1459 809 1621 880 Hugo
1654 813 1783 879 post
1831 808 2077 862 Gebuini

434 897 659 954 obitum
681 914 712 953 e
732 898 928 954 Diensi
960 898 1028 953 ad
1055 899 1462 971 Lugdnensem
1489 896 1806 952 Ecclesiam
1829 897 2080 952 transla-

434 989 552 1054 tus,
586 988 686 1058 qui
709 988 780 1043 ob
803 987 1147 1042 vicariatum
1172 987 1328 1043 sedis
1348 986 1679 1058 apostolicae
1703 985 1812 1041 sibi
1837 986 2080 1041 deman-

433 1076 637 1132 datum
671 1077 926 1132 maxima
957 1075 1296 1132 auctoritate
1329 1075 1602 1147 pollebat,
1635 1091 1867 1130 omnem
1902 1075 2083 1130 movit

432 1164 710 1238 lapidem,
732 1171 795 1221 ut
815 1166 1133 1237 primatum
1149 1165 1271 1220 sedi
1286 1182 1403 1220 sua:
1428 1168 1732 1230 assereret,
1758 1167 2082 1235 nactusque

433 1255 769 1326 praeclaram
783 1255 881 1325 buj
891 1273 958 1310 us
980 1254 1061 1310 rei
1083 1255 1425 1327 priestandze
1439 1254 1803 1309 occasionem
1814 1296 1826 1320 ,
1843 1270 2080 1308 causam

432 1344 503 1398 ad
526 1342 838 1400 concilium
861 1342 1383 1400 Claromontanum
1426 1342 1634 1398 detulit
1682 1359 1808 1413 qua:
1849 1343 1974 1413 jam
2021 1343 2080 1397 in

428 1431 604 1489 variis
641 1431 972 1488 minoribus
1021 1432 1284 1488 conciliis
1335 1432 1552 1504 agitata
1603 1433 1807 1487 fuerat.
1859 1432 2082 1487 Citatus

430 1521 736 1577 Richerius
766 1522 1142 1586 Senonensis,
1179 1521 1279 1593 qui
1305 1537 1562 1593 praesens
1588 1522 1808 1589 aderat,
1836 1528 1966 1594 post
1986 1538 2080 1576 va-

431 1611 548 1666 rias
577 1610 1109 1683 tergiversationes,
1143 1627 1277 1666 cum
1310 1611 1379 1665 de
1402 1611 1495 1665 die
1539 1611 1596 1664 in
1642 1610 1794 1666 diem
1841 1625 2082 1683 respon-

431 1699 566 1755 dere
599 1700 876 1768 differret,
908 1704 1072 1756 sexta
1097 1700 1191 1754 die
1224 1715 1402 1755 causa
1433 1698 1637 1754 cecidit
1662 1717 1674 1766 ;
1696 1715 1760 1754 ac
1783 1704 1915 1771 post
1935 1700 2082 1754 duas

2189 540 2333 608 chis,
2354 540 2796 612 archipiscopus
2818 541 3037 596 factum
3062 540 3310 612 negavit,
3329 540 3379 596 si
3401 540 3711 609 monacho,
3735 541 3832 613 qui

2189 628 2452 684 libellum
2495 629 2573 684 De
2605 629 2786 702 gestis
2835 629 3407 702 archiepiscoporum
3457 633 3514 686 et
3556 629 3833 687 abbatum

2191 718 2796 787 l\t:_ijoris-l\Ionasterii
2817 735 2849 773 a
2865 718 3129 774 Bochelle
3147 718 3369 775 editum
3387 719 3641 792 scripsit,
3664 720 3835 775 {idem

2189 806 2533 875 habeamus,
2553 809 2969 880 responditque
2986 807 3143 880 quod,
3162 810 3212 863 si
3224 807 3337 864 tale
3354 807 3578 881 aliquid
3593 824 3837 880 unquam

2187 911 2256 950 ea:
2285 897 2400 965 ejus
2429 913 2519 952 ore
2536 901 2798 966 evaserat,
2814 897 2939 968 plus
2960 913 3030 952 ex
3048 900 3405 954 commotione
3424 913 3549 952 cum
3580 898 3835 969 indigna-

2189 987 2333 1040 tione
2362 988 2559 1056 animi,
2595 1004 2758 1057 quam
2778 1003 2847 1042 ex
2866 987 3257 1042 deliberatione
3270 988 3610 1058 processisse.
3632 986 3836 1043 Visum

2193 1074 2389 1145 itaque
2420 1079 2529 1142 est,
2563 1075 2799 1131 omissis
2832 1076 3310 1142 circumstantiis,
3359 1091 3598 1132 causam
3649 1076 3835 1148 ipsam

2192 1163 2522 1218 accuratius
2552 1164 2903 1220 examinare.
2937 1165 3126 1230 Quare
3155 1165 3414 1238 repetitis
3454 1165 3551 1233 iis,
3601 1181 3729 1238 qua:
3776 1164 3834 1220 in

2188 1252 2367 1306 variis
2399 1252 2659 1308 conciliis
2690 1269 2755 1308 ac
2788 1254 3170 1310 conventibus
3198 1255 3418 1328 agitata
3437 1257 3495 1310 et
3517 1255 3748 1309 decreta
3767 1254 3842 1309 de

2192 1341 2301 1396 hac
2334 1358 2392 1396 re
2424 1343 2668 1409 fuerant,
2721 1344 2977 1414 pontifex
3018 1343 3385 1416 privilegium
3417 1361 3452 1398 a
3497 1360 3559 1399 se
3607 1343 3842 1414 Majori-

2193 1430 2542 1486 Monasterio
2556 1447 2900 1488 concessum
2918 1448 3112 1487 coram
3133 1433 3290 1488 omni
3311 1449 3588 1489 consessu
3607 1431 3844 1488 recitari

2194 1520 2362 1574 fecit:
2399 1526 2522 1574 tum
2556 1537 2689 1575 cum
2720 1521 2923 1592 paucis
2957 1522 3148 1577 verbis
3179 1522 3657 1587 demonstrasset,
3693 1519 3844 1576 nihil

2193 1608 2250 1662 in
2280 1625 2345 1663 eo
2387 1609 2692 1676 contineri,
2747 1610 2899 1681 quod
2931 1629 2964 1664 a
2995 1611 3132 1666 sede
3178 1611 3499 1684 apostolica
3549 1609 3844 1682 indulgeri

2193 1714 2306 1750 non
2359 1698 2631 1768 potuerit,
2680 1699 2819 1753 illud
2865 1702 3187 1756 auctoritate
3234 1700 3352 1764 Dei,
3399 1705 3454 1754 et
3502 1699 3650 1755 beati
3691 1700 3848 1754 Petri

433 1787 579 1843 alias
609 1787 756 1856 dies,
793 1805 927 1844 cum
960 1789 1151 1844 adhuc
1182 1788 1573 1844 obedientiam
1605 1787 2080 1860 promittentibus
2114 1823 2159 1888 Β
2189 1788 2438 1858 apostoli,
2471 1790 2822 1858 omniumque
2851 1790 3216 1860 apostolorum
3245 1795 3296 1844 et
3322 1805 3444 1856 sua,
3472 1789 3628 1844 modo
3667 1787 3847 1843 indis-

432 1877 562 1948 ejus
588 1877 992 1950 sull‘raganeis,
1019 1894 1147 1933 eam
1170 1877 1504 1948 promittere
1527 1877 1891 1943 detrectaret,
1919 1875 2080 1948 pallii

432 1983 546 2022 usu
571 1970 628 2022 et
647 1967 1058 2039 jurisdictione
1082 1966 1142 2022 in
1187 1983 1325 2023 suos
1375 1966 1774 2038 suifraganeos
1821 1966 2081 2038 privatus

433 2059 543 2122 est,
577 2057 759 2112 donec
789 2056 1016 2111 decreto
1045 2056 1488 2126 obtemperaret.
1542 2055 1752 2110 Eadem
1803 2072 1973 2126 poena
2021 2056 2080 2109 in

431 2143 934 2216 archiepiscopum
968 2144 1516 2216 Rothomagensem,
1549 2144 1648 2214 qui
1681 2143 1932 2199 concilio
1966 2160 2080 2198 non

433 2233 729 2302 intererat,
748 2235 977 2288 decreta
994 2237 1100 2300 est,
1129 2232 1243 2288 nisi
1269 2233 1422 2287 intra
1442 2237 1560 2287 tres
1587 2248 1818 2288 menses
1840 2232 2079 2303 primati

436 2322 817 2394 Lugdunensi
834 2322 1259 2392 subjectionem
1273 2324 1492 2392 scripto,
1515 2321 1782 2392 siquidem
1804 2321 1926 2375 viva
1959 2336 2084 2376 voce

426 2425 538 2465 non.
581 2415 758 2482 posset
813 2412 1198 2482 polliceretur,-
1239 2415 1413 2482 atquc
1462 2428 1527 2466 eo
1578 2415 1743 2482 pacto
1789 2409 2082 2482 primatus

430 2499 843 2572 Lugdunensis
871 2499 929 2554 in
963 2517 1061 2554 eas
1095 2499 1368 2555 ecclesias
1398 2499 1660 2554 invaluit.
1701 2498 1835 2553 Haec
1883 2497 2084 2554 omnia

430 2589 620 2644 fusius
651 2589 915 2660 exposita
939 2593 1078 2644 sunt
1107 2589 1166 2642 in
1199 2588 1362 2643 bulla
1393 2588 1610 2643 Urbani
1643 2604 1710 2642 ea
1741 2587 1810 2642 de
1853 2604 1912 2642 re
1951 2590 2085 2658 post

432 2677 656 2749 aliquot
685 2678 810 2732 dies
845 2678 998 2732 data.

714 2765 939 2821 CCXVI.
968 2766 1058 2820 Lis
1087 2765 1154 2819 de
1175 2766 1601 2820 Salmoriacensi
1637 2781 1794 2836 pago.

501 2855 667 2911 Haud
699 2854 910 2910 minori
936 2854 1304 2910 contentione
1319 2854 1598 2925 agebatur
1615 2858 1755 2910 tunc
1772 2853 2078 2926 temporis,

434 2942 577 2998 linet
607 2959 714 2998 noc
746 2943 890 2998 tanti
922 2943 1096 2998 fuerit
1143 2943 1443 3009 momenti,
1494 2942 1886 2998 controversia
1934 2942 2086 2998 inter

432 3031 758 3089 Guidonem
769 3033 1157 3089 Viennensem
1171 3031 1768 3104 metropolitanum,et
1781 3032 1825 3085 Η
1835 3047 2083 3104 agonem

433 3121 1031 3194 Gratianopolitanum
1045 3122 1385 3194 episcopum
1399 3123 1468 3177 de
1483 3120 2024 3194 pagoSalmoriacen
2033 3120 2082 3176 si

2190 1875 2414 1930 solubili
2433 1877 2679 1944 ﬁrmavit
2700 1882 2750 1932 et
2775 1879 3151 1933 auctorimvit.
3177 1878 3385 1934 Latum
3408 1880 3497 1933 est
3517 1877 3626 1933 hoc
3652 1877 3847 1933 decre-

2192 1970 2316 2018 tum
2350 1965 2735 2035 praesentibus
2765 1983 2833 2021 ex
2854 1983 2972 2022 una
2992 1971 3154 2039 parte
3177 1965 3614 2039 archiepiscopo
3636 1971 3695 2022 et
3715 1966 3848 2037 ejus

2190 2052 2417 2108 clericis
2444 2071 2455 2120 ;
2491 2071 2556 2107 ex
2588 2053 2770 2110 altera
2799 2072 2954 2124 vero,
2989 2055 3284 2110 Bernardo
3315 2055 3529 2112 abbate
3573 2055 3850 2127 Majoris-

2192 2142 2527 2197 Monasterii
2560 2159 2694 2198 cum
2727 2145 2856 2214 ejus
2889 2143 3212 2215 monachis,
3255 2144 3408 2200 inter
3451 2161 3598 2216 quos
3644 2160 3849 2200 recen-

2192 2235 2395 2286 sentur
2429 2232 2752 2304 Rangcrius
2786 2233 3101 2288 cardinalis
3133 2236 3190 2288 et
3229 2233 3706 2306 archiepiscopus
3737 2234 3852 2291 Re-

2191 2321 2433 2392 giensis,
2467 2321 2833 2377 Gausmarus
2864 2323 3045 2378 abbas
3076 2321 3275 2378 Sancti
3319 2323 3470 2378 Petri
3512 2324 3853 2390 Trecensis,

2190 2409 2520 2481 Stephanus
2543 2411 2726 2466 abbas
2747 2411 3141 2479 Nucariensis,
3169 2415 3226 2467 et
3246 2411 3530 2485 Hilgodus
3553 2413 3654 2484 qui
3679 2413 3858 2470 Sues-

2193 2500 2524 2555 sionensem
2560 2500 2964 2572 episcopatum
3009 2501 3332 2557 dimiserat.
3380 2502 3461 2556 Ex
3503 2502 3672 2557 curia
3715 2519 3856 2559 vero

2194 2589 2458 2643 Romana
2489 2594 2800 2660 praesentes
2831 2593 2998 2645 erant
3041 2590 3400 2657 Portuensis,
3452 2591 3736 2659 Pisensis,
3801 2598 3858 2648 et

2191 2677 2516 2750 Signiensis
2546 2678 2824 2750 episcopi,
2851 2679 3177 2735 Richardus
3200 2679 3395 2735 Sancti
3419 2679 3670 2736 Victoris
3694 2680 3856 2737 Mas-

2192 2765 2336 2821 silia:
2369 2767 2571 2833 abbas,
2607 2766 2772 2834 Hero,
2828 2766 3098 2823 Albertus
3129 2767 3474 2840 cardinales,
3509 2771 3567 2824 et
3597 2768 3721 2824 alii.
3771 2771 3855 2826 Ex

2193 2854 2506 2911 Gallicanis
2537 2855 2826 2928 episcOpis
2856 2857 3020 2929 Hugo
3049 2857 3340 2930 Lugduni,
3363 2859 3609 2914 Amatus
3634 2857 3852 2915 Burdi-

2193 2943 2354 3016 galae,
2400 2944 2732 3016 Raynoldus
2778 2946 3114 3014 Remorum,
3163 2945 3466 3003 Richerius
3512 2948 3844 3016 Senonum,

2193 3032 2514 3088 Rollandus
2547 3033 2857 3101 Dollensis,
2890 3034 3303 3101 Narbonensis,
3344 3035 3634 3105 Axiensis,
3681 3042 3741 3094 et
3779 3055 3850 3094 ex

2193 3122 2473 3194 Hispania
2509 3121 2846 3190 Toletanus,
2895 3123 3354 3196 archiepiscopi;
3406 3124 3665 3198 episcopi
3709 3143 3848 3183 vero

432 3227 606 3283 quem
639 3216 884 3284 uterque
914 3228 1032 3267 suae
1062 3227 1190 3267 esse
1221 3210 1488 3266 dioecesis
1521 3209 1927 3266 contendebat.
1964 3209 2076 3265 Res
2109 3194 2152 3262 C
2190 3209 2427 3265 Hoellus
2445 3211 3038 3278 Cenomannensis,et
3055 3194 3846 3286 GaufridusAr—idegavensis,

432 3301 754 3356 secundum
769 3301 1094 3374 Hugonem,
1107 3306 1173 3356 ut
1177 3301 1303 3371 jam
1321 3316 1436 3354 non
1453 3298 1631 3354 semel
1649 3299 1867 3353 factum
1895 3298 2076 3355 fuisse

429 3389 703 3457 diximus,
719 3389 986 3461 judicata
1007 3394 1113 3458 est,
1141 3389 1242 3460 qui
1265 3407 1299 3443 a
1317 3387 1600 3443 Guidonis
1627 3387 1718 3443 sui
1749 3386 2080 3459 metropoli-

427 3479 548 3534 tani
593 3479 925 3535 obedientia
981 3477 1286 3533 absolutus
1333 3476 1460 3544 fuit,
1498 3477 1681 3531 donec
1721 3475 1818 3531 ille
1847 3476 2076 3532 decreto

426 3567 656 3624 concilii
689 3567 970 3636 obediret,
1004 3570 1070 3620 ut
1099 3566 1222 3637 ipse
1245 3565 1503 3637 pontifex
1526 3564 1584 3619 in
1609 3563 1819 3619 litteris
1842 3565 1912 3619 ad
1945 3564 2080 3618 Gui-

426 3672 636 3728 gonem
658 3659 933 3712 comitem
959 3671 1023 3710 ac
1035 3655 1253 3708 clerum
1269 3659 1326 3709 et
1344 3653 1627 3726 populum
1653 3652 2075 3724 Gratianopoli-

425 3749 633 3801 tanum
665 3743 998 3800 declaravit.

579 3832 856 3888 CCXVIII.
891 3834 968 3888 De
989 3831 1300 3904 privilegiis
1323 3829 1902 3902 Majoris-Monasterii.

497 3923 709 3980 Actum
732 3937 964 3993 quoque
986 3919 1065 3975 ibi
1089 3924 1177 3975 est
1197 3921 1266 3976 de
1292 3936 1470 3976 causa
1499 3919 1757 3976 Dolensis
1784 3919 2070 3989 Ecclesiae,

428 4012 600 4082 cujus
625 4010 882 4083 episcopi
915 4028 949 4065 a
970 4011 1327 4067 Turonensis
1350 4009 1687 4083 metropolis
1708 4011 2073 4082 subjectione

428 4116 490 4156 se
520 4099 864 4156 subtrahere
902 4100 1281 4156 conabantur.
1314 4101 1383 4154 Et
1425 4100 1659 4172 quidem
1697 4117 1788 4155 res
1832 4101 1954 4170 jam
1999 4101 2070 4156 ab

427 4187 660 4243 Urbano
689 4188 930 4244 definita
958 4189 1166 4257 fuerat,
1202 4189 1282 4244 uti
1308 4189 1592 4258 diximus;
1617 4189 1740 4255 sed,
1775 4189 1914 4259 quia
1945 4187 2074 4244 Rol-

427 4276 909 4335 landusDolensis
923 4278 1167 4334 antistes
1179 4279 1354 4350 pallio
1367 4276 2070 4349 donatus,archiepiscopi

424 4366 594 4422 titulo
625 4370 680 4422 et
705 4367 1037 4441 insignibus
1083 4369 1377 4434 utebatur,
1428 4368 1736 4424 verebatur
1783 4366 2067 4421 Radulfus

423 4456 799 4525 Turonensis,
826 4473 896 4512 ne
917 4457 1045 4528 ejus
1066 4473 1298 4529 quoque
1322 4471 1690 4513 successores
1706 4453 1863 4508 idem
1876 4454 2070 4509 ambi-

2190 3299 2290 3370 qui
2323 3299 2438 3354 duo
2469 3315 2537 3354 ex
2566 3298 2890 3354 Turonensi
2923 3300 3221 3372 provincia
3249 3299 3386 3357 huic
3429 3303 3848 3359 controversis

2188 3388 2623 3460 componendas,
2660 3392 2725 3443 ut
2754 3389 2929 3443 refert
2959 3389 3052 3444 Ivo
3073 3389 3243 3461 epist.
3268 3389 3364 3445 23l
3395 3389 3656 3446 multum
3679 3391 3846 3448 inau-

2188 3476 2504 3545 daverant;
2541 3493 2609 3532 ex
2642 3477 2772 3532 aliis
2803 3494 2936 3532 vero
2968 3478 3302 3550 provinciis,
3330 3479 3456 3550 ipse
3488 3479 3582 3535 Ivo
3627 3484 3847 3537 Carno-

2187 3565 2390 3633 tensis,
2423 3565 2722 3622 Johannes
2753 3565 3212 3634 Aurelianensis,
3253 3565 3534 3640 Rogerius
3580 3568 3847 3627 Bellova-

2187 3655 2398 3722 censis,
2432 3655 2866 3723 Namnetensis,
2899 3655 3250 3712 Pictavensis
3298 3660 3355 3712 et
3403 3655 3503 3712 alii
3551 3657 3845 3732 episcopi,

2185 3761 2320 3798 cum
2353 3743 2654 3800 nonnullis
2685 3744 2996 3801 abbatibus
3021 3749 3078 3800 et
3109 3745 3466 3818 proceribus,
3494 3747 3595 3818 qui
3629 3765 3843 3806 omnes

2183 3835 2324 3899 Fiat,
2373 3835 2471 3904 ﬁat
2524 3833 2595 3888 ad
2648 3834 3152 3891 confirmationem
3203 3833 3488 3906 privilegii
3542 3836 3844 3894 acclama-

2181 3925 2406 3977 verunt.

2181 4027 2406 4083 CCXIX.
2454 4028 2577 4084 Alia
2621 4029 2750 4084 item
2797 4028 3114 4156 ρέἷυίιὲθέῗη
3138 4033 3366 4086 asserta.
3417 4029 3840 4091 Vindocinense.

2895 4117 2952 4156 re
2991 4119 3023 4155 a
3118 4117 3192 4156 se.

2895 4117 3192 4156 reoatense.

2250 4189 2583 4261 Approbata
2613 4189 2751 4245 item
2783 4189 2943 4245 fuere
2973 4189 3032 4245 in
3055 4206 3120 4245 eo
3151 4188 3394 4246 concilio
3428 4189 3546 4246 alia
3581 4191 3844 4250 aliarum

2181 4276 2555 4333 ecclesiarum
2580 4281 2636 4334 et
2657 4277 3145 4334 monasteriorum
3169 4278 3489 4352 privilegia.
3515 4280 3691 4338 Certe
3707 4283 3840 4352 hoc,

2179 4365 2332 4421 sicut
2355 4371 2412 4421 et
2438 4367 2562 4439 ipse
2587 4365 2859 4422 Urbanus
2879 4366 2938 4422 in
2955 4367 3131 4424 variis
3156 4367 3475 4442 rescriptis,
3500 4369 3574 4426 de
3596 4373 3696 4427 sui
3718 4389 3845 4430 mo-

2177 4454 2414 4511 nasterii
2448 4454 2747 4528 privilegio
2780 4456 3037 4512 affirmat
3061 4457 3353 4514 Goﬁ'ridus
3374 4457 3844 4518 Vindocinensis

423 4547 578 4600 rent:
603 4561 782 4617 quare
803 4546 990 4603 effecit
1010 4549 1076 4601 ut
1100 4547 1318 4602 Urbani
1343 4542 1788 4616 desubjectione
1804 4541 2068 4600 Dolensis
2097 4560 2144 4625 D
2176 4545 2378 4612 abbas,
2430 4543 2530 4599 lib.
2565 4561 2625 4615 Il,
2658 4544 2826 4616 epist.
2856 4545 2924 4600 47
2963 4545 3038 4600 ad
3087 4545 3431 4602 Gaufridum
3482 4549 3845 4623 episcOpum

420 4633 686 4690 Ecclesiae
719 4635 1014 4692 decretum
1037 4636 1096 4690 in
1119 4635 1364 4691 concilio
1387 4635 1912 4698 confirmaretur,et
1939 4632 2066 4704 qui-

419 4730 552 4778 dem
587 4723 906 4781 Rollandus
937 4724 1183 4778 Radulfo
1216 4720 1663 4793 metropolitano
1691 4737 1798 4776 suo
1829 4721 2064 4777 obedire

417 4814 759 4886 compulsus
771 4819 954 4881 est,ut
968 4811 1545 4870 testaturWillelmus
1559 4810 1868 4884 epiSOOpus
1882 4811 2063 4866 Picta-

415 4902 652 4971 viensis,
674 4904 772 4975 qui
794 4907 928 4958 ante
951 4902 1353 4973 episcopatum
1376 4901 1532 4956 haud
1557 4901 1804 4956 dubium
1841 4901 1899 4955 in
1941 4902 2062 4974 epi-

416 4993 575 5064 scopi
590 4992 680 5048 sui
700 4991 980 5047 comitatu
995 4990 1184 5045 eidem
1198 4988 1440 5045 concilio
1456 4990 1818 5045 interfuerat.
1839 4990 2060 5046 Instru-

416 5086 682 5136 mentum
703 5095 772 5134 ea
787 5080 859 5134 de
882 5095 940 5133 re
960 5078 1771 5134 Marteniusnosterrctulitin
1802 5084 2059 5134 veterum

415 5169 777 5241 Scriptorum
813 5184 958 5222 nova
989 5167 1327 5223 collectione
1357 5185 1411 5239 p.
1444 5170 1532 5222 68.

691 5256 892 5312 CCXII.
926 5258 1000 5312 De
1029 5258 1250 5314 Dolensi
1279 5258 1769 5327 archiepiscopum.

482 5345 570 5399 Ad
601 5345 867 5400 eamdem
898 5348 1187 5419 synodum
1230 5344 1423 5400 delata
1471 5344 1581 5398 fuit
1621 5360 1799 5398 causa
1837 5345 1963 5413 jam
1996 5343 2056 5399 in

413 5430 614 5488 multis
628 5432 1228 5504 agitataconventibus
1240 5433 1393 5487 inter
1404 5431 1864 5486 eumdemRadul
1871 5432 2054 5504 phum

410 5524 468 5577 et
497 5521 812 5578 monachos
843 5519 1473 5597 Maioris-Monasterii,
1507 5535 1655 5593 quos
1686 5519 1782 5575 ille
1824 5522 1911 5576 uti
1957 5538 2052 5579 ex-

412 5613 873 5685 communicatps
903 5612 1105 5674 haberi
1137 5609 1387 5668 volebat.
1413 5608 1494 5666 Ea
1515 5608 1584 5667 de
1606 5625 1666 5669 re
1688 5625 1882 5669 coram
1907 5628 2050 5689 pon-

2177 4633 2611 4700 Carnotensem,
2647 4634 2705 4688 in
2738 4651 2854 4706 qua
2882 4633 3100 4690 Urbani
3129 4652 3196 4690 ea
3225 4636 3296 4691 de
3327 4653 3387 4691 re
3414 4636 3726 4695 decretum
3748 4655 3845 4694 ex-

2172 4722 2354 4790 hibet,
2387 4723 2542 4794 quod
2575 4740 2682 4778 suo
2714 4722 2837 4778 loco
2869 4722 3023 4778 inter
3047 4724 3174 4795 ejus
3205 4724 3502 4797 pontificis
3543 4727 3843 4798 epistolas

2172 4813 2512 4884 proteretur.
2547 4813 2712 4867 Tunc
2742 4813 2921 4869 etiam
2951 4814 3496 4869 excommunicatus
3529 4814 3646 4872 fuit
3670 4816 3837 4884 Eblo,

2171 4903 2416 4957 omnium
2445 4902 2832 4970 religiosorum
2859 4904 2958 4973 qui
2998 4902 3229 4958 aderant
3263 4918 3507 4970 assensu,
3557 4921 3628 4959 eo
3678 4904 3836 4978 quod

2171 4989 2434 5046 Oleronis
2465 4989 2792 5057 ecclesiam,
2829 5008 2955 5062 quae
2989 4992 3059 5046 ad
3084 4991 3547 5048 Vindocinenses
3573 4994 3839 5065 pertine-

2169 5080 2290 5144 bat,
2321 5079 2535 5151 injuste
2581 5080 2891 5135 retineret:
2927 5081 3097 5151 cujus
3144 5081 3227 5135 rei
3275 5084 3485 5136 testem
3535 5081 3838 5139 habemus

2170 5167 2547 5223 Guillelmum
2578 5168 2902 5241 Aquitaniae
2935 5170 3166 5240 ducem,
3191 5169 3292 5242 qui
3323 5170 3381 5226 id
3405 5170 3467 5226 in
3489 5169 3707 5229 charta
3727 5187 3842 5229 sua.

2169 5255 2441 5311 afﬁrmat.

2238 5345 2522 5416 Tempore
2571 5345 2836 5416 ejusdem
2894 5347 3098 5420 synodi
3156 5347 3530 5421 privilegium
3589 5348 3837 5424 insigne

2165 5434 2452 5489 concessit
2480 5433 2751 5490 Urbanus
2782 5435 3132 5508 parthenoni
3153 5441 3366 5493 sanctae
3389 5437 3590 5494 Mariae
3614 5439 3834 5495 Santo-

2163 5523 2384 5592 nensis,
2405 5524 2506 5595 qui
2529 5523 2600 5580 ab
2623 5524 2768 5596 ipsis
2781 5523 2892 5580 loci
2907 5526 3313 5582 conditoribus
3331 5526 3618 5584 Romanae
3635 5513 3832 5586 Eccle-

2162 5613 2259 5670 siaa
2275 5613 2298 5687 j
2308 5611 2396 5670 uri
2420 5613 2790 5689 mancipatus
2813 5613 3020 5674 fuerat.
3045 5615 3420 5697 Privilegium
3441 5616 3699 5679 Arsendi
3721 5617 3828 5677 ab-
