3950 6218
148 308 300 396 ἰτι

1795 296 2010 390 vm.

3487 326 3608 399 1⁸78

185 464 422 528 Datim
449 464 841 542 inscriptum,
862 463 1067 525 datum
1095 466 1186 523 θει
1213 461 1308 522 die
1334 480 1392 520 VI
1424 460 1712 522 Kalendas
1733 459 1839 520 ΒΘ·
1867 460 1926 532 Α
1953 472 2011 528 et
2032 465 2334 528 comitissa
2361 463 2648 526 Montensi
2680 468 2880 524 contra
2907 462 3202 541 legitimos
3223 465 3525 544 episcopos
3547 470 3602 529 ei

186 558 463 625 cembrls,
495 573 656 615 anno
689 558 831 615 1096
862 573 966 631 pro
998 556 1157 622 1095,
1190 558 1258 612 ut
1286 554 1561 629 pleraque
1583 554 1697 611 alia
1718 556 1846 628 ejus

183 649 473 724 temporis
493 648 1089 719 mouumenta,juxta
1100 645 1391 703 calculum
1408 646 1685 704 Pisanum
1706 664 1847 721 prae-

182 741 403 798 ferunt.

260 826 892 887 Observandaomnino
905 830 1141 892 euntes,
1160 843 1287 898 quae
1310 826 1381 882 de
1402 826 1845 884 confirmatione

180 920 469 993 privilegii
492 917 866 974 renovationis
892 924 945 972 et
969 917 1331 972 restitutionis
1350 916 1607 974 Ecclesiae
1623 916 1844 973 Atreba-

185 1011 357 1067 tensis
385 1011 590 1065 narrat
614 1010 819 1063 auctor
858 1006 1167 1063 Gestorum
1223 1006 1531 1063 Lamberti.
1566 1008 1619 1062 Is
1670 1006 1847 1063 refert

183 1098 529 1175 pontificem
551 1096 645 1153 die
666 1113 727 1152 ιν
745 1095 1034 1152 Kalendas
1064 1096 1419 1163 Decembris,
1446 1112 1579 1151 cum
1594 1097 1845 1167 jamjam

183 1187 438 1245 concilio
468 1186 647 1242 finem
677 1190 834 1242 esset
862 1184 1273 1259 impositurus,
1298 1185 1572 1257 jussisse,
1604 1188 1671 1240 ut
1698 1184 1842 1241 illud

180 1280 521 1335 recitaretur
548 1278 613 1333 in
639 1279 925 1349 conspectu
953 1279 1116 1333 totius
1143 1277 1389 1345 concilii,
1419 1277 1481 1331 in
1512 1293 1615 1347 quo
1659 1276 1842 1332 cardi-

177 1369 342 1424 nales
384 1368 619 1423 Romani
645 1368 700 1422 ei
724 1365 1100 1432 concedebant,
1150 1370 1205 1422 et
1251 1366 1646 1438 archiepiscopi
1677 1367 1763 1433 14,
1795 1374 1845 1422 et

177 1458 429 1531 episcopi
452 1457 584 1526 225,
607 1459 658 1511 et
686 1457 908 1511 abbates
925 1457 1229 1527 nonaginta
1257 1464 1309 1513 et
1329 1457 1586 1528 amplius,
1610 1458 1845 1527 aliisque

172 1544 578 1619 propemodum
605 1544 873 1613 inﬁnistis
898 1545 1164 1615 personis.
1188 1546 1491 1601 Recitatum
1509 1553 1692 1601 autem
1709 1548 1839 1618 fuit,

176 1639 231 1693 et
254 1635 522 1691 distincte
548 1640 601 1689 et
624 1640 810 1705 aperte
837 1633 1055 1700 lectum,
1095 1637 1257 1705 atque
1285 1635 1352 1690 ab
1398 1636 1551 1690 omni
1595 1652 1843 1692 consessu

178 1725 410 1783 concilii
434 1722 538 1780 sub
566 1737 768 1792 magno
797 1723 1018 1778 silentio
1046 1724 1252 1779 intente
1278 1724 1547 1791 auditum,
1568 1725 1843 1781 collauda-

1956 562 2201 627 tavente,
2228 560 2488 619 schisma
2508 559 2566 615 in
2599 576 2665 615 ea
2697 556 2953 615 Ecclesia
2974 558 3208 627 foveret,
3233 562 3301 614 ut
3319 560 3604 619 discimus

1953 667 2023 707 ex
2052 651 2249 707 libello
2280 651 2361 709 De
2388 648 2811 707 restauratione
2863 647 3062 705 Sancti
3103 647 3338 704 Martini
3383 651 3604 707 Torna-

1955 742 2148 797 cencis
2170 740 2459 814 Spicilegii
2483 745 2641 796 tomo
2664 740 2706 805 Ι,
2730 743 2787 795 et
2807 755 2875 794 ex
2894 737 3071 795 variis
3092 736 3358 811 epistolis
3375 742 3536 796 tomo
3556 739 3606 795 V

1955 831 2458 888 Miscellaneorum
2484 830 2699 885 Baluzii
2723 828 2942 885 relatis.
2968 828 3063 883 Ha:
3096 828 3280 883 turbae
3313 828 3607 885 Sammar-

1953 921 2151 977 thanis
2182 920 2414 976 errandi
2464 920 2829 975 occasionem
2878 919 3256 992 prmbueruut
3306 917 3367 974 in
3419 918 3606 975 Gallia

1954 1010 2304 1077 Christiana,
2328 1008 2588 1065 ubiduos
2610 1008 2911 1065 Manasses
2936 1009 3205 1079 duosque
3227 1006 3604 1064 Gualcherios

1954 1101 2319 1155 admiserunt
2347 1099 2441 1154 his
2470 1098 2850 1171 temporibus,
2883 1098 2956 1153 ob
2985 1097 3147 1153 varia
3188 1097 3601 1153 instrumenta.

1953 1189 2013 1244 in
2046 1189 2261 1261 quibus
2302 1188 2623 1256 Manasses,
2676 1192 2802 1243 tum
2848 1185 3252 1254 Gualcherius,
3304 1188 3361 1241 et
3404 1189 3606 1258 postea

1951 1280 2272 1347 Manasses,
2325 1294 2390 1333 ac
2439 1277 2651 1333 iterum
2693 1275 3080 1333 Gualcherius
3130 1275 3439 1331 memorati
3499 1275 3604 1331 ha-

1952 1368 2186 1424 bentur.
2606 1386 2609 1391 ·

1950 1474 2176 1532 CCXXI.
2211 1475 2470 1532 Cervinus
2501 1477 2779 1547 episcopus
2808 1474 3188 1530 Ambianensis
3218 1472 3439 1529 abbatia
3467 1473 3603 1529 Cen-

2555 1548 2689 1603 tulw
2715 1548 2991 1617 privatur.

2021 1637 2448 1693 Ambianorum
2470 1636 2788 1692 Ecclesiam
2817 1636 2876 1690 in
2909 1636 3113 1692 eadem
3147 1632 3421 1690 Remensi
3462 1649 3601 1706 pro-

1947 1726 2139 1782 vincia
2174 1731 2316 1782 tunc
2346 1726 2582 1799 regebat
2605 1725 2907 1793 Cervinus,
2941 1724 3040 1796 qui
3072 1740 3139 1780 ex
3169 1722 3456 1779 monacho
3498 1720 3604 1779 Re-

179 1823 303 1871 tum
330 1817 386 1871 et
411 1812 800 1883 conﬁrmatum
831 1827 977 1867 anno
1007 1813 1109 1869 Dei
1139 1812 1344 1870 Christi
1371 1814 1529 1869 1095.
1554 1814 1701 1870 Hinc
1723 1815 1837 1871 mi-
1869 1833 1917 1899 Β
1948 1814 2207 1888 migiano
2226 1816 2380 1888 apud
2396 1816 2609 1871 Remos
2623 1812 3196 1871 factusCentulensis
3221 1812 3423 1883 abbas,
3447 1811 3600 1868 hanc

178 1920 316 1960 rum
350 1918 474 1958 non
506 1904 619 1969 est,
650 1901 702 1957 si
728 1900 934 1957 exinde
961 1900 1315 1958 inconcussa
1354 1919 1588 1976 semper
1616 1906 1843 1962 steterit

175 1990 591 2050 Atrebatensis
608 1989 878 2047 Ecclesiae
901 2009 934 2047 a
952 1992 1356 2048 Cameracensi
1377 1994 1685 2066 exemptio,
1714 2012 1842 2067 quae

179 2100 216 2140 a
234 2085 327 2140 tot
345 2081 653 2154 tantisque
672 2080 1045 2153 praesulibus,
1069 2086 1204 2153 post
1221 2081 1411 2138 varias
1434 2085 1688 2156 synodos
1709 2102 1841 2158 pro-

176 2171 468 2229 vinciales
497 2175 556 2227 et
586 2170 883 2241 Romanas
910 2169 972 2226 in
1002 2170 1259 2244 generali
1306 2172 1545 2228 tandem
1595 2173 1841 2239 concilio

179 2261 566 2334 comprobata
599 2264 658 2316 et
685 2259 1032 2316 conﬁrmata
1059 2260 1269 2317 fuerat.

180 2350 388 2408 CCXX.
424 2349 675 2405 Schisma
702 2350 765 2404 in
794 2348 1168 2406 Cameracensi
1204 2352 1431 2406 ecclesia
1458 2367 1837 2423 compressum.

250 2438 732 2496 Atrebatensium
753 2455 943 2495 caussa
965 2438 1194 2495 favebat
1215 2439 1477 2495 schisma
1496 2440 1556 2494 in
1581 2440 1843 2498 Camera-

179 2528 346 2587 censi
396 2526 658 2583 Ecclesia
698 2527 792 2584 his
820 2528 1187 2601 temporibus
1232 2530 1567 2599 excitatum,
1620 2530 1842 2586 scilicet

114 2650 117 2651 ν
180 2619 339 2674 inter
351 2617 786 2686 Manassem,ex
798 2616 1481 2675 archidiaconoRemensi
1497 2620 1771 2692 episcopu
1782 2637 1838 2675 m

176 2707 464 2774 electum,
484 2706 545 2761 in
565 2720 742 2778 quem
759 2705 1078 2761 Remorum
1099 2706 1367 2773 antistes,
1390 2707 1694 2778 provincia?
1718 2726 1839 2765 me-

175 2795 601 2869 tropolitanus,
626 2794 1044 2868 propendebat,
1064 2798 1123 2851 et
1137 2794 1552 2853 Gualcherium
1570 2797 1669 2870 qui
1688 2798 1840 2855 hanc

173 2886 383 2944 sedem
403 2883 664 2940 Simonia
682 2883 965 2940 ambiisse
986 2883 1307 2940 dicebatur.
1329 2884 1580 2942 Venerat
1600 2887 1838 2959 quidem

174 2976 291 3033 iste
307 2974 382 3031 ad
406 2972 743 3040 concilium,
764 2990 884 3028 suo:
905 2971 1195 3040 Ecclesia,
1220 2974 1306 3029 uti
1325 2976 1687 3045 autumabat,
1700 2978 1841 3049 jura

182 3067 395 3121 contra
422 3062 835 3118 Atrebatenses
864 3066 1383 3133 propugnaturus;
1417 3067 1494 3131 at,
1543 3080 1679 3120 cum
1731 3082 1840 3122 sua

175 3153 375 3228 ipsius
405 3167 587 3208 causa
606 3150 941 3206 examinata
961 3149 1187 3217 fuisset,
1209 3150 1479 3207 inventus
1502 3157 1591 3208 est
1612 3154 1836 3226 episco-

176 3241 300 3316 pali
334 3240 521 3313 gradu
551 3239 868 3312 indignus;
903 3256 1085 3311 quare
1115 3239 1255 3312 fuga
1284 3240 1539 3312 elapsus,
1574 3245 1632 3297 et
1667 3242 1839 3298 tertio

178 3332 406 3387 frustra
435 3327 799 3396 admonitus,
828 3332 895 3383 ut
924 3345 1120 3384 coram
1150 3328 1417 3403 patribus
1465 3330 1590 3402 ipse
1641 3337 1838 3404 ageret

178 3433 429 3475 causam
455 3433 648 3485 suam,
681 3433 819 3473 cum
850 3416 1096 3474 minime
1131 3417 1576 3491 comparuisset,
1600 3420 1667 3475 ab
1688 3424 1840 3477 omni

176 3506 510 3564 sacerdotali
537 3513 588 3562 et
609 3506 908 3578 episcopali
926 3506 1127 3578 ofﬁcio,
1151 3510 1217 3561 ut
1241 3506 1301 3562 in
1333 3507 1521 3563 Gestis
1543 3508 1839 3567 Lamberti

178 3596 422 3670 legitur,
447 3594 775 3668 approbata
794 3594 1085 3651 Manassis
1108 3594 1406 3663 electione,
1431 3596 1707 3668 depositus
1726 3604 1839 3661 est;

175 3686 473 3741 intentata
501 3684 562 3739 in
593 3699 731 3739 eum
760 3683 1384 3752 excommunicatione,
1418 3686 1468 3740 si
1506 3702 1564 3742 se
1609 3687 1841 3744 ulterius

176 3774 252 3829 de
294 3771 567 3828 Ecclesiae
617 3771 1058 3828 Cameracensis
1107 3773 1427 3844 prxiatione
1476 3776 1843 3832 intromittere

174 3864 441 3927 tentaret,
473 3864 539 3915 ut
567 3859 747 3917 habet
777 3861 1051 3918 Urbanus
1080 3860 1208 3933 ipse
1236 3860 1297 3917 in
1319 3863 1567 3935 epistola
1601 3880 1667 3920 ea
1689 3865 1760 3921 de
1780 3882 1842 3921 re

176 3951 251 4007 ad
282 3953 739 4005 Cameracenses
769 3949 1009 4023 scripta.
1034 3950 1088 4006 ls
1114 3950 1349 4023 quidem
1375 3952 1758 4009 Gualcherius
1780 3954 1840 4010 in

180 4039 529 4113 episcopum
562 4054 597 4092 a
624 4037 823 4094 nescio
854 4055 969 4111 quo
1019 4043 1398 4096 consecratus
1446 4041 1663 4111 fuerat;
1716 4043 1840 4112 sed,

182 4127 329 4201 quia
373 4126 527 4183 hanc
573 4127 894 4184 electionem
938 4131 991 4184 et
1028 4129 1391 4200 episcopalem
1438 4129 1840 4188 Cameracensis

186 4216 451 4273 Ecclesia
482 4216 908 4273 benedictionem
944 4217 1296 4290 subripuerat
1334 4234 1435 4289 per
1483 4221 1838 4291 invasionem,

187 4308 241 4362 et
285 4321 389 4377 per
432 4320 631 4361 manus
678 4305 904 4361 Henrici
953 4308 1409 4362 excommzmicati
1452 4309 1840 4379 imperatoris;

186 4396 443 4451 sanctum
478 4394 774 4450 concilium
818 4393 1131 4466 adjudicato
1177 4396 1433 4452 Manassi
1481 4396 1839 4469 episcopatu,

189 4482 464 4550 decrevit,
494 4485 555 4537 ut
584 4484 646 4538 in
677 4481 1055 4539 Cameracensi
1083 4485 1344 4552 Ecclesia,
1400 4484 1615 4556 rejecto
1665 4484 1840 4541 Gual-

1952 1906 2150 1962 sedem
2182 1922 2299 1961 non
2316 1906 2538 1977 absque
2558 1904 2831 1961 Simoniae
2853 1903 3184 1977 suspicione
3207 1902 3455 1974 adeptus
3476 1900 3599 1957 fue-

1954 1998 2061 2051 rat.
2097 1995 2404 2067 Utcunque
2433 1998 2630 2049 tamen
2666 2010 2732 2050 eo
2760 1993 2900 2050 vitio
2931 1997 3236 2066 purgatus,
3285 1992 3373 2048 uti
3420 2007 3601 2064 supra

1953 2101 2035 2140 ss.
2069 2083 2173 2139 414
2194 2088 2252 2140 et
2271 2084 2371 2140 434
2395 2083 2671 2152 diximus,
2696 2082 2990 2139 abbatiam
3016 2081 3192 2138 simul
3217 2085 3273 2138 et
3304 2081 3601 2154 episcopa-

1951 2178 2078 2230 tum
2102 2174 2407 2243 retinebat,
2432 2189 2645 2247 magno
2668 2172 3009 2229 monasterii
3026 2172 3242 2228 damno
3254 2172 3424 2243 cujus
3446 2171 3602 2226 bona

1952 2265 2024 2319 ab
2054 2280 2121 2320 eo
2148 2262 2642 2336 dilapidabantur.
2687 2266 2830 2317 Cum
2880 2261 3080 2333 itaque
3127 2259 3291 2315 nulla
3332 2260 3602 2315 subesset

1950 2352 2375 2410 emendationis
2426 2368 2581 2424 spes,
2622 2354 2821 2422 fratres
2871 2351 3230 2415 Centulenses,
3277 2366 3313 2405 a
3349 2348 3601 2404 Remensi

1951 2443 2187 2498 Ecclesia
2214 2441 2522 2498 consilium
2556 2443 2923 2512 acceperunt,
2957 2442 3015 2494 ut
3044 2439 3265 2495 domino
3302 2451 3465 2509 papa
3505 2438 3598 2494 Ur-

1951 2533 2113 2599 bano,
2144 2534 2240 2603 qui
2267 2548 2327 2588 eo
2353 2534 2593 2602 tempore
2639 2530 2934 2586 concilium
2981 2530 3043 2584 in
3091 2527 3439 2584 Claromonto
3477 2529 3597 2582 erat

1948 2623 2013 2677 de
2055 2624 2307 2694 proximo
2351 2621 2658 2687 habiturus,
2711 2620 2817 2675 loci
2874 2618 3263 2675 desolationem
3321 2617 3601 2689 aperirent

1950 2720 1999 2767 et
2026 2712 2328 2785 majestatis
2360 2710 2476 2782 ejus
2494 2710 2840 2765 clementiam
2860 2708 3241 2780 implorarent.
3266 2706 3334 2762 Et
3354 2703 3594 2777 quidem

1949 2817 2042 2858 res
2070 2816 2342 2873 prospere
2372 2799 2457 2855 eis
2486 2797 2790 2855 successit.
2819 2797 2959 2852 Nam
2980 2798 3234 2869 pontifex
3271 2796 3333 2850 in
3365 2793 3595 2850 concilio

1946 2890 2190 2946 residens
2210 2891 2430 2961 prolata
2458 2890 2517 2943 in
2546 2904 2671 2944 eum
2710 2887 3002 2952 sententia,
3053 2886 3238 2941 baculo
3285 2884 3500 2941 abbatis
3543 2884 3596 2938 et

1946 2978 2337 3035 monachorum
2364 2994 2495 3034 cura
2524 2976 2809 3048 spolianda
2838 2975 3091 3031 absolvit.
3116 2975 3245 3030 Haec
3265 2974 3443 3031 dubio
3468 2994 3597 3050 pro-

1947 3066 2040 3123 cul
2058 3084 2237 3123 causa
2256 3067 2366 3122 fuit
2383 3065 2666 3122 condendi
2690 3064 2931 3121 canonis
2949 3066 2980 3120 4
3003 3064 3157 3136 apud
3179 3064 3518 3121 Ordericum
3541 3070 3599 3124 et

1949 3154 2095 3212 alios
2126 3159 2393 3212 auctores
2416 3154 2604 3219 relati,
2628 3171 2743 3225 quo
2763 3156 3013 3221 vetetur,
3036 3168 3108 3207 ne
3129 3152 3260 3224 quis
3284 3153 3596 3226 episcopus

1869 3205 1913 3273 Ο
1950 3245 2128 3301 simul
2155 3249 2213 3301 et
2242 3244 2422 3299 abbas
2445 3205 2911 3299 sit.Seiitentiam
2943 3205 3599 3314 in,

1946 3334 2030 3390 cis
2050 3351 2147 3389 ore
2168 3332 2452 3405 prolatam
2477 3332 2649 3387 refert
2670 3328 2969 3386 Hariulfus
2991 3328 3351 3387 domesticus
3372 3335 3595 3401 auctor,

1944 3422 2006 3479 in
2035 3421 2319 3478 Chronico
2349 3418 2679 3477 Centulensi
2712 3424 2870 3474 tomo
2902 3418 2970 3474 IV
2995 3416 3312 3489 Spicilegii,
3368 3419 3469 3475 ubi
3515 3420 3599 3476 sic

1946 3512 2231 3568 habetur:
2259 3532 2287 3560 »
2316 3511 2400 3566 Tu
2435 3509 2729 3565 abbatiam
2761 3505 2959 3563 Sancti
2993 3504 3269 3574 Richarii,
3314 3522 3440 3579 quae
3491 3524 3596 3564 no-

1948 3601 2084 3657 bilis
2115 3600 2255 3656 olim
2282 3604 2340 3655 et
2368 3600 2528 3655 dives
2556 3597 2762 3665 fuerat,
2797 3600 2921 3653 tam
2952 3595 3207 3669 pessime
3226 3596 3493 3653 tractasti
3531 3601 3598 3654 ut

1948 3689 2073 3746 suis
2094 3688 2398 3745 ecclesiam
2422 3686 2783 3743 ornamentis
2805 3683 3166 3758 spoliaveris,
3195 3687 3252 3740 et
3277 3684 3596 3742 monachos

1947 3778 2168 3834 multos
2196 3776 2316 3832 tuis
2337 3775 2492 3831 vitiis
2525 3774 2865 3830 resistentes
2894 3772 3127 3829 exsules
3159 3771 3407 3828 feceris:
3440 3773 3599 3829 unde

1948 3867 2162 3941 dignus
2193 3882 2321 3922 eras
2352 3869 2419 3921 ut
2448 3880 2681 3921 omnem
2715 3861 2962 3936 gratiam
2981 3860 3387 3918 ecclesiasticas
3404 3860 3596 3934 digni-

1946 3956 2085 4011 tatis
2112 3970 2179 4010 ex
2211 3958 2328 4010 tuto
2359 3954 2652 4026 perderes,
2686 3950 2863 4008 veluti
2895 3950 3094 4005 ovium
3125 3948 3339 4005 Christi
3374 3953 3594 4006 macta-

1946 4050 2058 4110 tor,
2092 4048 2149 4100 et
2176 4046 2389 4099 sanctae
2420 4040 2688 4097 Ecclesiae
2716 4037 3060 4110 dissipator;
3094 4038 3218 4109 sed,
3252 4053 3325 4093 ne
3356 4036 3495 4094 bina
3540 4040 3599 4094 te

1948 4133 2168 4189 ultione
2191 4131 2361 4187 ferire
2379 4130 2703 4196 videamur,
2725 4131 2846 4184 esto
2869 4129 3182 4183 contentus
3216 4125 3598 4184 Ambianensi

1947 4222 2307 4294 episcopatu,
2340 4235 2514 4292 quem
2545 4224 2664 4273 tam
2710 4217 2851 4273 dure
2909 4215 3240 4287 acquisisti,
3288 4215 3596 4272 monachis

1949 4315 2144 4367 autem
2172 4308 2369 4366 Sancti
2411 4307 2666 4364 Richarii
2716 4305 2793 4361 sit
2833 4305 3001 4377 copia
3049 4303 3302 4376 eligendi
3362 4303 3597 4360 abbatis

1948 4400 2042 4456 cui
2073 4403 2137 4455 tu
2168 4397 2455 4455 contraire
2486 4395 2646 4452 nulla
2677 4394 2897 4451 ratione
2927 4408 3272 4466 praesumas,
3326 4393 3481 4464 quod
3534 4392 3599 4448 in

1947 4490 2159 4544 virtute
2180 4486 2435 4559 Spiritus
2448 4485 2635 4542 sancti
2649 4488 2703 4541 te
2714 4484 3021 4540 observare
3028 4483 3333 4554 jubemus.
3355 4502 3385 4531 »
3404 4480 3600 4537 Rediit

186 4570 405 4639 cherio,
427 4571 783 4628 ordinaretur
799 4573 1112 4645 episcopus;
1133 4573 1233 4645 qui
1256 4577 1456 4628 tamen
1479 4572 1714 4629 nonnisi
1732 4573 1841 4628 sub
1877 4575 1920 4640 D
1953 4576 2151 4648 itaque
2181 4574 2465 4632 Gervinus
2495 4573 2554 4628 in
2582 4589 2752 4629 suam
2775 4572 2971 4629 sedem
2994 4569 3227 4626 abbatis.
3259 4568 3599 4625 Centulensi

186 4661 367 4717 ﬁnem
384 4659 524 4716 anni
536 4659 837 4732 sequentis
848 4661 920 4716 ob
943 4661 1177 4718 comitis
1196 4660 1475 4717 Flandrim
1488 4661 1841 4729 absentiam,

186 4753 248 4806 et
270 4749 479 4805 turbas
509 4748 583 4805 ab
612 4748 742 4821 ipso
772 4748 1119 4806 Gualcherio
1158 4749 1438 4805 excitatas
1469 4754 1847 4807 consecratus

188 4841 300 4905 est,
326 4841 396 4893 ut
422 4853 493 4892 ex
519 4836 812 4893 Manassis
835 4837 1139 4894 Remensis
1161 4836 1580 4912 archiepiscopi
1600 4839 1849 4912 epistola

190 4926 265 4983 ad
290 4925 751 4982 Cameraceuses
770 4928 950 4998 patet,
977 4926 1244 4999 quamvis
1266 4926 1393 4982 dies
1415 4927 1485 4983 ad
1516 4926 1667 4984 hanc
1708 4945 1845 4984 con-

190 5013 579 5072 secrationem
634 5013 1049 5071 celebrandam
1068 5058 1083 5082 ,
1133 5016 1196 5070 in
1252 5016 1451 5071 octavis
1512 5018 1847 5074 Pentecostes

190 5103 351 5159 dicta
380 5102 613 5169 fuisset,
644 5106 711 5157 ut
736 5117 806 5157 ex
836 5101 952 5157 alia
981 5103 1244 5173 ejusdem
1277 5104 1705 5176 metropolitani
1728 5106 1849 5178 epi-

192 5191 349 5249 stola
364 5192 436 5249 ad
460 5191 847 5248 Lambertum
866 5192 1308 5248 Atrebatensem
1330 5190 1659 5250 invitatoris
1679 5194 1850 5250 disci-

191 5296 345 5337 mus.
386 5279 650 5338 Manassi
699 5282 905 5353 postea
952 5280 1231 5337 suﬁ’ectus‘
1258 5282 1349 5337 est
1377 5279 1501 5337 Odo
1524 5298 1593 5339 ex
1639 5283 1849 5340 abbate

188 5369 544 5428 Tornacensi
598 5369 801 5426 Sancti
842 5369 1100 5437 Martini,
1151 5370 1253 5443 qui
1301 5367 1477 5426 etiam
1512 5387 1546 5427 a
1581 5371 1850 5430 Manasse

168 5494 173 5497 »
188 5458 1090 5534 metropolitano,assistantibus
1103 5458 1467 5515 eiLamberto
1479 5460 1791 5517 Atrebaten
1799 5462 1849 5518 si

189 5547 433 5623 aliisque
482 5545 809 5623 provincias
854 5547 1145 5620 episcopis
1197 5548 1505 5606 ordinatus
1554 5553 1662 5617 est,
1714 5566 1849 5607 cum

188 5638 409 5699 interea
424 5635 850 5703 Gualcherius,
874 5636 1120 5695 Henrico
1142 5636 1493 5710 imperatore
1515 5638 1851 5711 adjuvante,

1951 4664 2229 4737 privatus,
2261 4662 2362 4736 qui
2395 4661 2569 4718 etiam
2603 4667 2733 4733 post
2762 4660 2987 4730 aliquot
3025 4673 3209 4712 annos
3259 4656 3601 4729 episcopatu

1954 4754 2154 4809 cedere
2176 4754 2410 4807 coactus
2439 4749 2499 4805 in
2531 4744 3181 4821 Majus-Monasterium
3215 4744 3476 4814 secessit,
3498 4745 3601 4802 ubi

1952 4844 2153 4914 postea
2183 4839 2494 4895 defunctus
2525 4843 2633 4905 est,
2665 4834 2975 4893 Godefrido
3001 4836 3201 4890 sancto
3226 4833 3371 4902 viro,
3391 4833 3452 4889 in
3474 4835 3602 4907 ejus

1953 4929 2145 4986 locum
2176 4944 2246 4984 ex
2276 4928 2484 4984 abbate
2516 4924 2855 4983 monasterii
2884 4922 3078 4979 Sancti
3113 4921 3377 4987 Quintini
3425 4940 3606 4998 prope

1953 5019 2259 5083 Peronam,
2290 5021 2602 5089 postquam
2631 5015 2754 5071 haec
2804 5014 2972 5070 sedes
3019 5012 3200 5068 ferme
3248 5011 3485 5069 biennio
3506 5031 3608 5071 ναι

1954 5110 2167 5173 cesset,
2192 5105 2509 5161 substituto
2532 5104 2591 5160 in
2617 5102 2860 5160 concilio
2905 5101 3179 5157 Trecensi
3232 5117 3388 5158 anno
3439 5102 3601 5171 1095,

1958 5200 2024 5252 ut
2070 5195 2246 5251 refert
2293 5194 2635 5251 Guibertus
2669 5191 2971 5266 Novigenti
3019 5191 3123 5246 lib.
3176 5205 3219 5247 ιι
3274 5191 3418 5247 Vita
3461 5208 3604 5261 suis,

1957 5292 2085 5366 cap.
2117 5285 2172 5338 2.

1957 5389 2208 5448 CCXXII.
2238 5391 2372 5448 Unio
2402 5391 2857 5514 monasteriogum
2879 5385 3219 5513 tFigiacensis
3243 5390 3299 5439 et
3331 5383 3613 5442 Conchen—

2605 5477 2683 5514 szs
2752 5476 2874 5514 rma
2901 5475 2954 5513 a.

2605 5462 2683 5515 sis
2717 5462 2954 5514 ﬁrmata.

2029 5548 2381 5604 Conﬁrmata
2409 5548 2520 5604 fuit
2549 5548 2607 5603 in
2638 5547 2840 5602 eadem
2886 5544 3337 5600 Claromontana
3384 5544 3616 5613 synodo

1960 5635 2317 5694 Conchensis
2338 5640 2398 5693 et
2416 5633 2772 5708 Figiaceusis
2794 5628 3283 5690 monasteriorum
3304 5629 3415 5687 sub
3439 5631 3615 5688 unico

2060 5920 2076 5973 τέ
