3950 6218
407 370 524 440 I79

1703 378 1774 441 B.
1819 377 2114 443 URBANI
2155 377 2213 442 II
2255 376 2510 440 ΡΑΡᾸΞ.

3671 385 3799 451 180·

409 507 618 568 abbate
676 503 848 574 unio;
895 509 970 580 et,
1031 507 1166 584 quia
1224 513 1428 568 contra
1492 508 1638 568 illud
1708 510 2046 570 institutum
2075 513 2132 583 Α
2161 513 2380 582 turum,
2415 509 2571 585 quod
2603 507 2797 585 reipsa
2825 506 2998 585 paulo
3030 511 3163 586 post
3191 506 3328 570 fecit
3355 523 3543 572 coram
3581 511 3772 578 iisdem

405 598 775 658 Conchenses
839 600 1110 656 abbatem
1177 602 1478 674 proprium
1549 601 1661 657 sibi
1729 601 2048 676 elegerant,

402 689 563 746 hunc
592 687 820 746 concilii
851 689 1052 747 Patres
1082 695 1618 747 exauctoraverunt.
1651 691 1868 748 Verum
1920 708 2055 748 cum

406 778 531 836 hac
553 794 746 836 rerum
767 778 1074 852 dispositio
1093 779 1618 836 controversiarum
1635 795 1886 852 perenne
1900 785 2056 836 esset

407 867 814 938 seminarium,
848 868 907 924 in
931 868 1174 926 concilio
1201 869 1584 927 Nemansensi
1615 871 1878 942 sequenti
1902 886 2054 926 anno

411 961 638 1015 mutata
665 957 794 1027 fuit,
825 961 892 1014 ut
919 957 1000 1014 ibi
1032 959 1317 1016 dicemus.

508 1047 1024 1105 CCXXlIl.Anianae
1052 1048 1269 1106 abbatis
1293 1049 1652 1122 presumptio
1679 1064 1945 1121 repressa.

481 1137 849 1211 Conquestus
870 1142 960 1194 est
979 1155 1174 1194 coram
1199 1138 1404 1212 synodi
1421 1137 1691 1194 Patribus
1705 1138 2056 1194 Bertrandus

408 1226 838 1300 Magalonensis
869 1227 1134 1296 antistes,
1159 1228 1246 1284 uti
1287 1227 1461 1284 refert
1481 1226 1679 1284 Gariet
1707 1227 1766 1282 in
1789 1228 2054 1299 ejusdem

409 1315 682 1374 Ecclesiae
719 1315 1127 1390 episcoporum
1175 1315 1454 1382 Historia,
1498 1317 1776 1372 adversus
1820 1317 2054 1371 Petrum

409 1403 648 1462 Anienis
680 1405 974 1472 abbatem,
1000 1407 1154 1477 quod
1179 1405 1295 1473 ille,
1320 1423 1381 1461 se
1403 1405 1530 1478 ipso
1553 1405 1823 1477 episcopo
1853 1404 2056 1460 dioece-

411 1511 555 1552 sano
585 1495 826 1566 insuper
853 1493 1074 1562 habito,
1106 1498 1333 1550 exteros
1352 1493 1644 1550 antistites
1675 1493 1944 1548 invitaret
1983 1493 2055 1549 ad

409 1582 836 1639 consecrandas
856 1581 1130 1638 ecclesias
1147 1581 1376 1653 aliaque
1396 1581 1750 1654 pontificalia
1776 1581 1976 1636 munia
1996 1581 2054 1636 in

410 1687 518 1727 suo
540 1669 893 1728 monasterio
923 1671 1322 1743 exsequenda;
1355 1669 1472 1726 imo
1501 1675 1559 1726 et
1589 1671 2055 1726 excommunica-

408 1763 503 1817 tos
549 1757 785 1833 propria
831 1758 1171 1814 auctoritate
1229 1758 1474 1815 solveret
1535 1758 1764 1830 aliaque
1817 1759 2058 1814 aude-ret

411 1851 618 1906 contra
641 1848 740 1920 jus
764 1847 1031 1904 Ecclesiae
1076 1846 1528 1920 Magalonensis.
1581 1849 1764 1914 Quam
1817 1847 2055 1920 quidem

411 1936 928 2012 praesumptionem
959 1936 1238 2010 pontifex,
1271 1935 1446 1992 salvis
1476 1940 1674 1992 tamen
1705 1937 2055 1992 Anianensis

413 2024 755 2082 monasterii
783 2025 1130 2099 privilegiis,
1179 2025 1478 2098 repressit,
1528 2025 1872 2082 confirmata
1917 2041 2054 2081 sen-

407 2113 608 2184 tentia,
643 2130 822 2189 quam
849 2114 989 2172 olim
1023 2113 1350 2171 Alexander
1365 2115 1415 2171 II
1447 2115 1505 2170 in
1528 2114 1706 2170 simili
1739 2131 1915 2171 causa
1927 2115 2054 2187 jam

407 2203 640 2261 tulerat.

512 2291 786 2348 CCXXIV.
825 2293 1002 2350 Varia:
1028 2293 1156 2348 aliae
1188 2307 1365 2348 causae
1392 2294 1626 2349 minoris
1655 2294 1934 2349 momenti.

473 2380 678 2439 Plures
707 2380 836 2438 alia;
865 2382 1269 2438 controversis:
1291 2381 1364 2438 ad
1386 2381 1697 2438 concilium
1721 2380 2054 2438 Claromon-

402 2472 610 2528 tanum
640 2469 844 2528 delatae
871 2471 1127 2539 fuerunt,
1161 2471 1262 2528 sed
1296 2486 1420 2544 quae
1443 2471 1590 2526 tanti
1615 2471 1895 2527 momenti
1917 2471 2052 2528 visas

404 2576 522 2617 non
551 2563 693 2617 sunt
711 2559 972 2632 antiquis
1002 2559 1361 2628 auctoribus,
1387 2564 1451 2615 ut
1467 2577 1566 2616 eas
1587 2561 1930 2633 proferrent,
1955 2564 2056 2616 aut

405 2652 560 2706 certe
587 2647 736 2704 tales
755 2665 871 2705 non
892 2651 1052 2716 sunt,
1075 2664 1202 2720 quae
1223 2648 1472 2704 debeant
1491 2647 1586 2703 hic
1608 2649 1799 2704 fusius
1821 2649 2048 2721 exponi.

405 2737 487 2793 Ex
513 2735 608 2793 his
646 2736 758 2792 fuit
803 2735 1042 2808 querela
1089 2735 1506 2792 canonicorum
1539 2737 1732 2792 Sancti
1771 2737 2051 2810 Stephani

406 2824 654 2894 Tolosa,
685 2823 784 2898 qui
815 2823 1123 2880 ecclesiam
1143 2824 1325 2880 beata:
1347 2825 1564 2893 Mariae,
1589 2841 1766 2898 quam
1789 2825 1880 2881 sui
1893 2827 2052 2898 juris

403 2930 536 2972 esse
563 2913 1012 2983 contendebant,
1045 2930 1079 2969 a
1107 2911 1587 2970 Cluniacensibus
1617 2913 1917 2987 repetiisse
1967 2915 2051 2969 di-

402 3006 638 3062 cuntur.
657 3001 847 3059 Variae
867 3001 1042 3058 etiam
1063 3001 1700 3077 erantinterHugonem
1713 3003 1972 3060 Cluniaci
1995 3008 2052 3060 et

403 3091 678 3151 Pontium
697 3092 856 3148 Cassa
873 3091 973 3147 Dei
995 3091 1234 3148 abbates
1254 3091 1669 3160 contentiones,
1694 3109 1820 3165 quae
1834 3092 2046 3149 ibidem

400 3180 1013 3250 Urbani-auctoritate,
1049 3197 1116 3237 ac
1146 3181 1408 3254 Hugonis
1440 3181 1845 3254 Lugdunensis
1873 3187 1930 3238 et
1955 3181 2046 3238 A1-

2164 601 2502 658 memoratis
2517 601 2656 658 viris
2675 602 2830 675 apud
2843 601 3244 672 Silviniacum,
3261 603 3416 674 quod
3427 603 3498 660 ad
3520 603 3773 678 placitum

2164 708 2232 747 ea
2261 691 2334 746 de
2363 707 2422 746 re
2453 691 2734 746 indictum
2767 695 3182 760 convenerant,
3213 695 3280 747 ut
3307 692 3567 764 ejusdem
3601 695 3775 768 placiti

2163 777 2398 852 publico
2431 779 2822 836 instrumento
2854 783 3102 836 constat.
3135 781 3197 836 In
3226 781 3428 836 eadem
3449 783 3655 856 synodo
3674 785 3780 841 Ste-

2164 867 2396 940 phanus
2413 869 2572 940 prior
2591 868 2788 924 Sancti
2810 868 2962 924 Flori
2986 869 3142 940 apud
3172 871 3427 926 Avernos
3451 877 3776 944 conquestus

2163 960 2253 1012 est
2268 957 2548 1013 adversus
2570 957 2928 1014 Bernardum
2946 974 3013 1014 ac
3033 959 3162 1030 ejus
3177 957 3351 1028 filios,
3376 975 3521 1032 quos
3536 959 3778 1019 Urbanus

2162 1045 2687 1102 excommunicavit
2705 1046 2787 1104 ob
2820 1045 3083 1103 invasam
3106 1045 3413 1104 ecclesiam
3436 1047 3624 1105 Sancti
3639 1049 3776 1106 Mar-

2163 1133 2272 1190 tini
2303 1136 2374 1191 de
2405 1135 2842 1208 Calidis-aquis,
2879 1139 2943 1192 ut
2991 1135 3145 1192 infra
3187 1153 3353 1192 num.
3395 1137 3502 1192 232
3545 1138 3772 1194 dicitur:
3873 1135 3880 1140 ’

2165 1222 2418 1280 similem
2449 1240 2681 1296 pinnam
2715 1223 2952 1297 pertulit
2979 1224 3144 1292 Eblo,
3167 1228 3234 1280 ut
3254 1225 3382 1296 jam
3405 1225 3668 1295 diximus,
3689 1228 3777 1300 qui

2163 1311 2438 1368 ecclesias
2467 1313 2989 1370 Vindocinensium
3021 1313 3079 1369 in
3112 1313 3359 1370 01erona
3389 1306 3579 1371 insula
3603 1314 3780 1388 inique

2163 1401 2503 1474 occupabat.
2527 1403 2773 1458 Asserta:
2795 1401 2971 1458 etiam
2995 1402 3053 1458 in
3087 1403 3289 1458 eodem
3314 1403 3554 1460 concilio
3573 1403 3782 1460 fuerunt

2164 1489 2531 1546 Cluniacensi
2553 1491 2908 1547 monasterio
2927 1491 3097 1546 varia:
3117 1492 3519 1564 possessiones
3535 1509 3674 1565 quas
3687 1491 3786 1548 sin-

2163 1578 2408 1652 gulatim
2438 1595 2736 1635 recensere
2780 1579 2984 1636 inutile
3030 1581 3194 1636 foret.
3249 1581 3366 1637 Nec
3413 1580 3580 1654 plura
3618 1581 3786 1638 dicere

2162 1672 2328 1723 vacat
2355 1669 2426 1723 de
2457 1668 2729 1724 societate
2759 1685 2998 1741 precum
3023 1685 3171 1742 quas
3195 1669 3466 1726 nonnulli
3487 1669 3712 1726 abbates
3729 1687 3788 1725 ex

2163 1755 2340 1812 variis
2369 1757 2682 1828 provinciis
2713 1757 2785 1813 ad
2817 1757 2926 1814 hoc
2951 1757 3264 1814 concilium
3297 1758 3631 1832 congregati
3657 1757 3790 1815 inter

2165 1861 2294 1902 sese
2319 1845 2596 1913 inierunt,
2629 1850 2694 1902 ut
2723 1845 2977 1902 dicimus
3007 1864 3076 1903 ex
3103 1847 3280 1903 veteri
3313 1847 3526 1904 notitia
3553 1848 3674 1920 ejus
3717 1847 3788 1902 rei

2164 1933 2222 1990 in
2252 1951 2364 1990 ms.
2393 1935 2590 1992 codice
2612 1935 2954 1992 monasterii
2979 1935 3231 1992 lllidiani
3253 1937 3523 2008 ejusdem
3545 1936 3699 1993 urbis
3719 1953 3790 1992 re-

2163 2021 2300 2080 lata.
2335 2023 2398 2080 In
2431 2040 2499 2080 ea
2528 2028 2930 2080 memorantur
2959 2041 3093 2080 cum
3125 2025 3332 2081 abbate
3380 2025 3574 2083 Sancti
3613 2023 3787 2095 Illidii,

2163 2113 2402 2168 abbates
2431 2112 2630 2169 Sancti
2651 2112 2944 2182 Florentii,
2978 2113 3175 2170 Sancti
3196 2113 3420 2170 Nicolai
3441 2115 3790 2187 Andegaven-

2163 2201 2266 2269 sis,
2300 2202 2495 2258 Sancti
2525 2201 2796 2275 Cypriani
2823 2218 3002 2274 prope
3035 2202 3360 2273 Pictavum,
3385 2203 3581 2260 Sancti
3609 2201 3788 2259 Savini

2161 2290 2301 2346 item
2324 2291 2480 2364 apud
2502 2291 3102 2359 Pictones,Casze-Dei:
3122 2287 3248 2347 tuin
3273 2291 3552 2348 monachi
3571 2291 3788 2348 Portus-

2161 2379 2284 2445 Dei,
2317 2381 2512 2436 Sancti
2533 2379 2685 2436 Petri
2706 2380 3146 2450 Mauriacensis,
3169 2385 3226 2436 et
3246 2380 3433 2438 abbas
3458 2397 3524 2439 ac
3540 2377 3790 2438 monachi

2161 2469 2356 2524 Sancti
2387 2469 2796 2542 Symphoriani
2823 2469 3225 2526 Thiernensis.

2161 2575 2408 2632 CCXXV.
2435 2575 2726 2648 Expeditio
2753 2591 2914 2648 sacra
2943 2577 3025 2632 ibi
3051 2576 3284 2632 decreta.
3321 2577 3606 2634 Orationes
3631 2576 3794 2648 ponti-

2255 2648 2392 2718 ficis.
2424 2647 2721 2720 Episcopus
2750 2647 2911 2703 Podii
2940 2650 3280 2704 exercituum
3305 2647 3428 2704 dux
3454 2647 3696 2721 eligitur.

2228 2735 2443 2791 Verum
2478 2735 2624 2790 nihil
2652 2737 2795 2792 adeo
2838 2736 3067 2792 concilii
3118 2736 3559 2794 Claromontani
3592 2737 3787 2793 famam

2157 2824 2406 2898 posteris
2417 2823 2845 2880 commendavit
2863 2841 2930 2881 ac
2943 2824 3186 2882 celebris
3206 2824 3380 2882 illain
3402 2831 3618 2882 terram
3640 2841 3789 2882 sanc-

2155 2916 2278 2968 tam
2309 2912 2750 2986 expeditio,quze
2777 2911 2857 2970 ibi
2897 2913 3155 2986 primum
3195 2915 3504 2972 communi
3543 2913 3786 2972 omnium

2155 3001 2428 3058 ordinum
2440 3018 2729 3059 consensu
2747 3007 2805 3059 et
2821 3003 3108 3076 applausu
3122 3003 3348 3060 sancita
3361 3010 3421 3061 et
3431 3004 3787 3078 promulgata

2156 3091 2285 3146 fuit.
2321 3091 2536 3148 Urbani
2567 3091 2675 3148 hac
2704 3092 3010 3148 occasione
3056 3092 3118 3148 in
3168 3093 3416 3150 dicendo
3469 3093 3785 3150 facundiam

2153 3179 2396 3236 laudant
2415 3180 2637 3252 passim
2653 3179 2870 3254 vulgati
2894 3185 3182 3250 auctores,
3207 3198 3388 3254 quem
3411 3183 3493 3239 rei
3500 3199 3608 3256 psa
3624 3179 3787 3238 veluti

398 3271 617 3330 deberti
669 3271 1049 3328 Bituricensis
1086 3270 1659 3344 archiepiscoporum
1716 3272 2043 3328 interventu
2077 3255 2119 3322 (ἶ
2153 3271 2342 3324 tubam
2389 3270 2652 3324 caelestem
2695 3271 2999 3326 intonuisse
3043 3269 3248 3326 scribit
3293 3255 3598 3344 Eugenius
3625 3271 3697 3328 III
3725 3269 3786 3326 ad

397 3377 736 3435 compressa
763 3361 1018 3429 fuerunt,
1047 3364 1113 3417 ut
1140 3363 1299 3434 patet
1327 3377 1396 3417 ex
1434 3360 1830 3418 instrumento
1860 3379 1928 3418 ea
1975 3362 2046 3418 de

396 3457 460 3508 re
487 3451 752 3508 confecto
777 3467 833 3506 IV
849 3449 1144 3508 Kalendas
1159 3449 1517 3506 Decembris.
1543 3451 1708 3506 Forte
1733 3449 1848 3506 huc
1867 3450 2044 3506 etiam

397 3539 652 3599 revocari
686 3541 859 3598 debet
881 3540 940 3596 id
961 3540 1117 3612 quod
1141 3538 1439 3596 Paschalis
1460 3537 1504 3593 Il
1525 3538 1703 3594 habet
1731 3539 1791 3594 in
1822 3538 2048 3612 privile-

396 3629 490 3702 gio
517 3633 575 3685 S.
607 3628 839 3702 Hugoni
870 3645 964 3684 an.
992 3628 1133 3682 1100
1157 3643 1434 3682 concesso
1455 3626 1609 3682 edito
1639 3625 1698 3682 in
1726 3627 2045 3700 appendice

393 3715 542 3773 Bibl.
573 3714 996 3783 Cluniacensis,
1030 3713 1130 3768 ubi
1152 3713 1410 3786 pontifex
1429 3715 1737 3770 conﬁrmat
1757 3715 1956 3773 omnia
1975 3719 2046 3774 de

393 3805 593 3877 quibus
620 3803 682 3858 in
710 3802 955 3859 concilio
969 3801 1704 3859 Claromontanoadversus
1726 3821 1859 3859 eum
1890 3807 2048 3862 nulla

393 3893 622 3966 quastio
649 3893 801 3947 mota
822 3899 919 3947 est.
953 3890 1115 3946 Idem
1147 3893 1387 3945 sanctus
1423 3893 1590 3964 Hugo
1620 3891 1692 3947 ad
1733 3892 2043 3950 concilium

391 3979 601 4039 detulit
620 3978 1127 4037 Silviniacensium
1149 3978 1568 4034 monachorum
1583 3995 1816 4037 causam
1845 3982 2042 4038 adver-

390 4085 495 4128 sus
523 4066 1004 4127 Archimbaldum
1035 4066 1306 4122 Borbonii
1336 4067 1683 4140 principem,
1717 4085 1835 4138 eos,
1868 4075 2043 4127 utsu-

391 4175 500 4232 pra
519 4157 650 4230 jam
669 4155 947 4225 diximus,
981 4172 1186 4212 vexare
1205 4159 1538 4229 pergentem
1571 4157 1834 4232 exemplo
1855 4160 2041 4216 Patris

391 4247 508 4318 sui,
533 4245 634 4320 qui
659 4245 878 4302 frustra
905 4262 939 4302 a
967 4245 1138 4302 beato
1167 4245 1376 4302 abbate
1407 4245 1741 4318 frequenter
1779 4249 2040 4305 monitus

389 4340 448 4395 et
474 4337 536 4393 in
561 4335 782 4410 synodo
803 4333 1045 4391 Cariloci
1064 4351 1132 4391 ea
1153 4334 1454 4392 occasione
1483 4334 1684 4392 habita
1723 4337 2040 4410 reprehen-

389 4443 512 4496 sus,
547 4423 783 4482 nonnisi
813 4423 987 4481 morti
1018 4423 1317 4497 proximus
1359 4424 1703 4498 resipuerat,
1759 4425 1857 4482 Ille
1903 4443 2036 4483 vero

385 4514 573 4589 patris
601 4513 718 4581 sui,
749 4512 869 4568 imo
897 4515 954 4569 et
998 4529 1262 4579 suorum,
1311 4516 1377 4569 ut
1423 4529 1604 4586 supra
1651 4515 1760 4569 202
1810 4515 2032 4571 dictum

2153 3357 2508 3414 Ludovicum
2543 3359 2893 3414 Francorum
2927 3375 3142 3433 regem,
3166 3363 3232 3414 ut
3255 3361 3305 3415 si
3327 3361 3402 3417 ad
3427 3360 3680 3417 similem
3704 3374 3788 3415 ex-

2152 3446 2508 3519 peditionem
2522 3447 2955 3520 suscipiendam
2968 3447 3233 3504 animum
3247 3448 3791 3522 adjiceret.Audien-

2153 3536 2265 3591 dus
2277 3553 2344 3592 ea
2363 3536 2434 3592 de
2455 3553 2515 3592 re
2535 3535 2849 3592 Guibertus
2869 3536 3171 3610 Novigenti
3185 3538 3394 3606 abbas,
3417 3539 3520 3612 qui
3535 3537 3786 3612 postlau-

2153 3625 2348 3681 datam
2366 3625 2657 3698 pontiﬁcis
2673 3625 2732 3680 in
2753 3642 2821 3681 ea
2841 3625 3204 3699 expeditione
3225 3627 3664 3702 promulganda
3683 3641 3787 3681 ma-

2153 3713 2622 3787 gnanimitatem,
2645 3713 2728 3770 sic
2749 3731 2884 3770 eum
2906 3713 3149 3770 concilio
3170 3714 3585 3788 praesidentem
3606 3731 3792 3788 reprae-

2154 3806 2378 3859 sentat:
2425 3805 2569 3858 Erat
2621 3803 2703 3858 ibi
2751 3811 2991 3876 spectare
3041 3821 3208 3877 quam
3255 3821 3460 3862 serena
3516 3806 3789 3878 gravitate,

2149 3891 2448 3964 ponderosa
2477 3893 2726 3948 comitate
2745 3892 3068 3964 praesideret
3078 3910 3100 3955 ,'
3127 3896 3216 3964 et,
3253 3902 3316 3950 ut
3359 3894 3584 3951 Sidonii
3629 3892 3791 3949 verbis

2149 3988 2296 4048 utar,
2324 3997 2491 4052 quam
2505 3982 2755 4052 piperata
2771 3981 3038 4052 facundia
3056 3981 3127 4036 ad
3147 3982 3350 4054 objecta
3381 3983 3650 4056 quaelibet
3661 3996 3792 4054 papa

2149 4069 2544 4124 disertissimus
2571 4069 2871 4126 detonaret.
2904 4070 3203 4128 Notabatur
3239 4075 3453 4142 quanta
3491 4074 3582 4128 vir
3607 4071 3793 4126 claris-

2147 4160 2322 4214 simus
2343 4157 2604 4214 modestia
2639 4159 2906 4214 tolerabat
2950 4175 3077 4215 suas
3107 4161 3446 4218 tumultuose
3489 4176 3682 4217 causas
3709 4159 3794 4214 in-

2145 4248 2451 4319 gerentium
2478 4247 2882 4318 loquacitatem,
2922 4264 3089 4320 quam
3109 4265 3316 4320 parum
3358 4249 3792 4322 appretiabatur,

2145 4337 2263 4392 nisi
2273 4335 2571 4392 secundum
2589 4338 2776 4403 Deum,
2800 4339 3110 4410 cujuspiam
3124 4338 3622 4410 personalitatem;
3644 4333 3788 4410 quod

2146 4425 2206 4480 in
2238 4441 2305 4481 eo
2337 4425 2588 4480 maxime
2613 4425 2901 4498 apparuit,
2935 4426 3022 4482 uti
3053 4426 3433 4499 prosequitur
3453 4427 3556 4483 ille
3579 4430 3791 4486 auctor.

2143 4513 2284 4586 quod
2311 4514 2631 4586 Philippum
2655 4529 2846 4587 regem
2877 4518 3033 4571 tanta
3061 4517 3388 4572 auctoritate
3426 4513 3794 4572 excommuni-

383 4607 494 4674 est,
519 4601 944 4677 promissorum
969 4601 1227 4675 pontifici
1251 4603 1537 4658 factorum
1557 4603 1887 4672 immemor,
1922 4604 2033 4660 Sil-
2063 4624 2110 4689 Β
2142 4603 2304 4672 cavit,
2339 4610 2398 4658 ut
2427 4603 2837 4658 intercessiones
2887 4603 3267 4676 spectabilium
3307 4620 3702 4676 personarum,
3749 4603 3796 4655 et

381 4691 609 4750 viniaco
639 4690 832 4748 adhuc
863 4695 990 4748 erat
1017 4691 1298 4747 infestus:
1331 4707 1510 4764 quare
1537 4691 1708 4764 Hugo
1761 4695 1826 4748 ut
1855 4692 1916 4748 in
1949 4693 2033 4748 in-

381 4785 711 4840 strumento
739 4779 959 4838 ibidem
987 4779 1225 4836 laudato
1269 4779 1538 4846 refertur,
1578 4781 1638 4834 in
1677 4781 1780 4836 illa
1822 4799 2030 4852 magna

380 4871 604 4944 synodo,
636 4886 754 4941 quae
781 4869 928 4942 apud
956 4870 1343 4924 Arvernensem
1365 4867 1636 4924 celebrata
1656 4878 1735 4926 est
1753 4871 2030 4927 civitatem

383 4959 571 5016 damni
602 4973 768 5030 papae
809 4957 1038 5013 auribus
1077 4957 1190 5012 haec
1235 4959 1532 5012 intimavit.
1583 4958 1647 5012 At
1691 4975 1816 5015 vero
1859 4959 2029 5015 isdem

378 5063 546 5121 papa,
578 5049 640 5102 ut
665 5061 875 5118 semper
897 5049 1128 5116 paratus
1173 5049 1292 5101 erat
1337 5047 1399 5101 in
1441 5047 1692 5102 omnibus
1726 5049 1849 5119 jam
1896 5048 2030 5104 dicti

375 5137 556 5210 patris
584 5133 952 5207 obtemperare
968 5136 1124 5203 votis,
1145 5139 1356 5192 evocato
1381 5134 1452 5191 ad
1471 5135 1762 5190 concilium
1779 5135 2026 5190 Archim-

383 5224 564 5294 baldo,
597 5223 669 5281 ad
713 5225 812 5280 hoc
855 5226 1025 5296 coegit
1067 5229 1130 5280 ut
1169 5226 1512 5296 promitteret
1554 5239 1610 5278 se
1647 5225 1816 5294 juxta
1859 5227 2031 5280 consi-

381 5315 522 5371 lium
549 5313 945 5388 archiepiscopi
973 5315 1332 5369 Bituricensis
1360 5315 1412 5366 et
1439 5313 1646 5382 epicopz
1700 5311 2024 5384 Aniciensis,

380 5401 682 5460 Guillelmi
711 5419 945 5476 quoque
973 5402 1046 5457 de
1074 5401 1252 5466 Baﬁa,
1284 5399 1336 5454 is
1365 5401 1454 5452 est
1484 5398 1586 5470 qui
1615 5399 1676 5454 in
1699 5397 1892 5456 locum
1914 5404 2027 5457 Du-

377 5492 549 5548 ranni
580 5491 840 5564 episcopi
859 5487 1297 5546 Claromontani
1319 5485 1575 5541 defuncti
1601 5487 1881 5544 suffectus
1915 5495 2025 5560 est,

377 5584 436 5637 et
467 5580 717 5638 aliorum
748 5576 1139 5652 quorumdam
1172 5573 1458 5630 nobilium
1511 5573 1770 5631 virorum
1817 5584 2026 5636 cuncta

384 5686 560 5743 prave
589 5688 623 5726 a
653 5685 716 5726 se
747 5669 950 5724 contra
971 5665 1254 5720 domuum
1277 5663 1548 5720 abbatem
1573 5668 1738 5736 gesta
1751 5667 2026 5724 emenda-

2139 4692 2532 4764 multiplicium
2587 4708 2880 4748 munerum
2936 4693 3210 4750 illationes
3268 4695 3698 4767 contempserit;
3749 4692 3797 4744 et

2137 4780 2279 4854 quod
2308 4783 2458 4836 intra
2487 4781 2646 4850 regni
2673 4783 2844 4852 ipsius
2871 4781 3254 4839 demorabatur
3281 4783 3494 4839 limites
3518 4798 3634 4840 non
3662 4780 3792 4838 exti-

2136 4871 2358 4926 muerit.

2208 4958 2415 5014 Finitis
2444 4956 2639 5029 itaque
2664 4958 2842 5014 variis
2873 4959 3148 5033 negotiis,
3187 4975 3315 5032 qua
3359 4960 3438 5016 ad
3487 4957 3794 5018 concilium

2137 5045 2328 5102 delata
2359 5047 2606 5112 fuerant,
2653 5046 2929 5119 pontifex,
2975 5053 3042 5104 ut
3083 5049 3368 5106 Robertus
3412 5047 3793 5122 Remigianus

2136 5135 2318 5190 abbas
2349 5135 2540 5202 refert,
2574 5135 2675 5206 qui
2707 5151 2962 5206 presens
2986 5137 3206 5206 aderat,
3249 5138 3424 5194 exivit
3470 5139 3537 5194 in
3567 5135 3797 5212 quadam

2134 5225 2390 5296 spatiosae
2423 5223 2735 5279 latitudinis
2758 5225 2944 5296 platea
2973 5227 3109 5298 quia
3131 5243 3242 5282 non
3267 5229 3487 5299 poterat
3534 5227 3667 5283 illas
3711 5237 3794 5278 ca-

2127 5327 2260 5385 pere
2275 5311 2565 5383 cujuslibet
2579 5311 2808 5384 azdiﬁcii
2821 5315 3102 5381 clausura,
3122 5313 3224 5370 ubi
3241 5313 3604 5385 orationem,
3623 5325 3793 5388 quam

2134 5401 2290 5456 idem
2308 5405 2512 5456 auctor
2527 5401 2870 5458 summatim
2887 5403 3082 5472 refert,
3101 5403 3330 5472 habuit,
3348 5406 3416 5458 ut
3438 5405 3520 5461 ad
3533 5403 3700 5461 illam
3713 5415 3796 5456 ex-

2134 5489 2488 5564 peditionem
2513 5490 2832 5546 astantium
2851 5491 3078 5548 animos
3096 5493 3403 5559 excitaret;
3426 5509 3589 5565 quos
3607 5503 3800 5550 revera

2133 5581 2216 5635 ita
2245 5577 2546 5650 permovit,
2579 5581 2645 5633 ut
2673 5579 2875 5636 statim
2901 5596 3106 5638 omnes
3129 5579 3643 5638 conclamaverint
3663 5581 3793 5635 Deus

2134 5665 2276 5722 illud
2307 5665 2440 5732 vult,
2475 5666 2610 5722 Deus
2646 5666 2788 5722 illud
2809 5669 2945 5738 vult,
2971 5685 3098 5742 quae
3135 5669 3308 5726 verba
3328 5669 3722 5742 postmodum
3742 5665 3796 5721 in
