3950 6218
137 332 245 400 181

1749 328 1962 397 VITA.

3441 338 3559 403 182

139 478 420 532 tesseram
435 452 1377 543 peregrinantium,veterigallico
1396 460 1673 523 idiomate
1687 464 1803 524 Deu
1829 467 1886 537 Α
1914 466 2072 526 Gesta
2094 465 2196 543 Dei
2216 481 2320 541 per
2356 468 2609 526 Francos.
2632 469 2848 527 Earum
2871 485 3005 527 vero
3027 471 3421 535 sinceritatem
3454 495 3556 536 ne-

143 566 191 623 lo
211 564 331 621 wolt
355 563 678 633 assumpta
688 557 871 623 fuere,
886 554 1102 629 quibus
1115 553 1330 612 milites
1343 559 1399 612 et
1414 554 1510 611 alii
1524 554 1802 629 perigrini

142 656 198 711 in
214 650 591 728 gravioribus
602 648 887 704 itinerum
901 649 958 702 et
972 645 1200 702 viarum
1223 644 1799 710 difficultatibus,seu

140 745 198 800 in
228 740 443 799 mediis
463 736 895 796 certaminibus
919 735 1196 791 adversus
1213 734 1498 802 infideles,
1517 751 1644 791 sese
1661 735 1802 790 invi-

137 849 262 889 cem
277 832 349 888 ad
370 835 617 886 strenue
630 825 924 899 agendum
942 824 1586 880 cohortabantur.ldem
1601 827 1802 879 auctor

136 925 339 978 narrat
386 916 742 991 Gregorium
789 913 1144 971 cardinalem
1190 913 1265 985 (is
1294 916 1497 985 postea
1541 912 1802 984 pontifex

136 1014 351 1077 lactus,
363 1004 752 1065 Innocentius
767 1003 818 1059 ΙΙ
838 1004 1033 1059 dictus
1048 1003 1185 1074 est),
1198 1002 1395 1057 statim
1418 1005 1552 1073 post
1570 1001 1797 1056 ﬁnitam

134 1099 357 1158 Urbani
388 1093 858 1154 exhortationem
884 1107 987 1164 pro
1032 1092 1282 1147 omnibus
1311 1098 1467 1146 terra:
1508 1091 1799 1162 prostratis

131 1190 541 1262 confessionem
566 1200 729 1242 suam
754 1183 978 1250 dicisse,
1031 1188 1083 1237 et
1125 1183 1206 1235 sic
1241 1195 1425 1236 omnes
1449 1182 1667 1251 pectora
1695 1195 1801 1234 sua

130 1279 431 1337 tundentes
453 1277 776 1346 impetrasse
805 1272 871 1328 de
917 1271 1020 1338 his,
1054 1286 1171 1342 quae
1199 1270 1345 1325 male
1390 1270 1795 1333 commiserant,

128 1369 545 1428 absolutionem
565 1382 587 1427 ;
617 1371 669 1419 et
715 1364 867 1434 facta
900 1360 1241 1416 absolutione
1270 1358 1713 1424 benedictionem,
1746 1361 1799 1413 et

131 1458 518 1516 benedictione
545 1459 833 1509 consecuta
849 1451 919 1506 ad
943 1450 1169 1522 propria
1188 1447 1473 1504 remeandi
1493 1448 1793 1515 licentiam,

130 1552 199 1605 ut
230 1546 464 1604 scilicet
493 1560 623 1615 quae
653 1541 725 1597 ad
758 1543 993 1596 tantum
1018 1538 1148 1606 iter,
1182 1538 1336 1609 quod
1371 1535 1643 1608 deinceps
1673 1537 1793 1591 Via-

130 1640 231 1695 Dei
260 1632 634 1709 appellatum
667 1630 797 1695 fuit,
828 1627 1160 1685 necessaria
1189 1630 1357 1682 erant
1386 1625 1499 1681 sibi
1531 1625 1794 1697 provide-

132 1730 286 1793 rent,
308 1741 381 1780 ac
412 1721 582 1788 alios,
603 1718 704 1792 qui
727 1718 997 1775 absentes
1025 1719 1212 1784 erant,
1237 1715 1306 1770 ad
1334 1715 1601 1771 eamdem
1632 1729 1798 1785 expe-

134 1816 427 1872 ditionem
461 1808 900 1880 suscipiendam
931 1805 1402 1862 adhortarentur.

204 1900 505 1960 Postridie
533 1897 886 1963 convocatis,
919 1898 986 1950 ut
1003 1894 1159 1951 idem
1179 1896 1379 1950 auctor
1400 1891 1795 1965 prosequitur,

135 1990 459 2068 episcopis,
490 1987 765 2045 Urbanus
795 1985 866 2041 de
894 1983 1161 2056 eligendo
1204 1998 1382 2057 sacrae
1413 1980 1797 2053 expeditionis

136 2085 286 2141 duce
319 2079 621 2154 agendum
655 2091 782 2132 esse
806 2073 1131 2147 proposuit,
1156 2089 1222 2127 ac
1242 2072 1507 2127 unanimi
1529 2070 1795 2127 omnium

137 2186 438 2230 consensu
471 2167 693 2224 electus
723 2167 813 2220 est
838 2163 1207 2219 Adhemarus
1251 2161 1413 2216 Podii
1461 2161 1793 2234 episcopus,

136 2265 348 2335 utpote
405 2259 506 2329 qui
556 2255 813 2310 humanis
861 2252 1025 2307 rebus
1079 2267 1143 2306 ac
1198 2251 1402 2306 divinis
1460 2249 1615 2306 valde
1662 2256 1797 2305 esset

139 2352 391 2414 idenm,
424 2350 478 2403 et
517 2350 751 2417 utraque
796 2342 1028 2398 scientia
1065 2341 1454 2411 peritissimus,
1486 2341 1707 2411 suisque
1735 2340 1796 2393 in

132 2439 453 2497 actionibus
478 2431 879 2490 multivividus.
915 2430 1021 2495 Qui
1053 2428 1252 2485 statim
1284 2430 1411 2484 licet
1437 2430 1646 2484 invitus
1674 2444 1793 2483 sus-

134 2531 279 2602 cepit
333 2526 499 2600 quasi
540 2525 681 2579 alter
727 2521 889 2577 Moses
938 2519 1195 2575 ducatum
1223 2535 1288 2573 ac
1340 2520 1580 2589 regimen
1611 2519 1794 2573 Domi-

134 2621 255 2675 nisi
276 2616 476 2691 populi
502 2629 632 2668 cum
684 2610 1053 2667 benedictione
1097 2607 1310 2662 domini
1335 2622 1496 2679 papae
1520 2624 1583 2662 ac
1627 2608 1794 2662 totius

132 2708 379 2765 concilii.
411 2703 585 2759 Vices
617 2717 757 2756 suas
788 2698 900 2771 ipsi
930 2714 1095 2770 super
1133 2696 1507 2752 Christianum
1530 2697 1795 2768 populum

130 2809 459 2870 quocunque
494 2792 744 2848 venirent
774 2786 1110 2861 pontificem
1141 2786 1584 2841 commendasse
1615 2784 1795 2841 tradit

131 2886 478 2949 Guibertus,
524 2878 690 2946 unde,
741 2877 956 2949 inquit,
987 2878 1037 2931 et
1083 2891 1277 2931 manus
1331 2876 1384 2930 ei
1425 2876 1793 2946 apostolorum

130 2990 307 3042 more,
328 2972 464 3028 data
482 2971 701 3042 pariter
731 2965 1117 3032 benedictione,
1151 2966 1427 3035 imposuit.
1450 2964 1636 3027 Quam
1656 2979 1791 3018 vero

131 3061 369 3137 egregie
397 3060 582 3132 hujus
602 3054 915 3130 legationis
936 3058 1133 3126 partes
1153 3051 1483 3124 impleverit
1501 3052 1789 3108 Adhema-

132 3170 259 3218 rus,
288 3150 509 3224 probat,
534 3146 728 3219 inquit
748 3143 846 3199 ille
893 3147 1111 3208 auctor,
1136 3142 1415 3197 mirabilis
1443 3143 1620 3213 operis
1648 3142 1793 3195 tanti

374 3240 447 3295 Et
475 3212 714 3309 quidem
745 3231 979 3306 egregia
1005 3230 1166 3287 illius
1196 3212 1483 3286 antistitis
1534 3229 1791 3285 facinora
1821 3212 1863 3278 C

134 3330 365 3406 passim
389 3326 547 3400 apud
571 3327 837 3380 auctores
858 3323 1278 3376 memorantur.
1292 3319 1433 3389 Ejus
1452 3335 1586 3375 vero
1606 3334 1794 3374 exem-

135 3420 305 3493 plum
336 3415 439 3473 alii
469 3412 728 3487 episcopi
761 3408 1082 3475 subsecuti,
1113 3408 1465 3480 expeditioni
1488 3424 1665 3463 sacrm
1697 3423 1793 3479 po-

134 3514 264 3566 stea
294 3520 514 3562 nomen
546 3502 862 3567 dederunt;
897 3499 1049 3571 quod
1083 3498 1144 3552 in
1188 3497 1317 3569 ipso
1368 3497 1545 3552 etiam
1593 3496 1789 3552 Claro-

136 3600 426 3653 montano
456 3590 702 3649 concilio
720 3588 927 3645 fecisse
956 3586 1174 3643 dicitur
1200 3584 1535 3642 Willelmus
1562 3584 1794 3641 Arausi-

136 3684 354 3742 censis.
376 3682 596 3738 Eodem
617 3679 796 3735 etiam
820 3693 882 3733 se
896 3679 1026 3732 voto
1046 3675 1437 3731 obstrinxerat
1460 3675 1793 3731 Bernardus

136 3772 326 3832 Toleti
350 3767 851 3841 archiepiscopus,
884 3765 985 3821 sed
1025 3765 1098 3821 ab
1128 3780 1194 3820 eo
1217 3768 1349 3820 voto
1380 3762 1628 3820 absolvit
1658 3779 1792 3818 eum

136 3861 423 3939 pontifex,
447 3858 602 3931 quod
623 3854 878 3912 turbatis
893 3854 952 3909 in
965 3853 1246 3925 Hispania
1256 3853 1396 3908 rebu
1405 3870 1432 3908 s
1445 3853 1631 3909 satius
1643 3855 1797 3908 esset

137 3951 308 4008 utibi
345 3949 760 4005 remoraretur.
801 3943 943 4014 Ejus
972 3940 1358 3998 absolutionis
1387 3941 1660 3997 meminit
1688 3941 1793 3995 Pa-

138 4038 364 4098 schalis
386 4037 435 4093 II
466 4035 526 4090 in
558 4034 732 4106 epist.
754 4032 824 4088 ad
850 4031 1069 4089 clerum
1101 4034 1158 4086 et
1189 4029 1470 4103 populum
1502 4030 1664 4103 regni
1698 4029 1793 4085 Al-

140 4129 317 4194 fonsi,
352 4125 510 4199 apud
530 4122 836 4180 Tamaiam
854 4120 947 4177 die
961 4121 996 4176 3
1010 4119 1244 4191 Aprilis,
1268 4119 1370 4174 ubi
1389 4119 1604 4174 dicitur
1622 4118 1799 4174 Urba-

141 4233 259 4274 nus
280 4212 562 4272 Bernardi
582 4216 785 4268 votum
808 4213 1202 4266 commutasse
1225 4208 1284 4263 in
1308 4207 1795 4264 restaurationem

141 4305 312 4363 urbis
341 4308 400 4360 et
428 4299 700 4358 Ecclesiae
722 4296 1180 4354 Tarraconensis
1213 4297 1689 4370 promovendam.
1736 4296 1796 4351 Si

141 4393 409 4453 Bonfinio
438 4395 497 4448 et
525 4390 662 4447 aliis
692 4387 993 4444 historicis
1023 4387 1352 4452 credamus,
1385 4386 1444 4441 in
1476 4387 1606 4457 ejus
1635 4402 1799 4458 expe-

142 4482 389 4541 ditionis
408 4482 619 4536 ducem
642 4477 865 4534 electus
878 4480 968 4532 est
987 4480 1229 4532 sanctus
1250 4473 1556 4530 Ladislaus
1569 4474 1799 4545 Hunga-

1910 573 2006 614 mo
2020 556 2081 614 in
2102 557 2351 615 dubium
2373 574 2639 616 revocare
2657 560 2827 617 debet
2839 562 2993 634 quod
3013 562 3170 619 varie
3192 568 3345 639 apud
3364 563 3573 626 varios

1910 651 2177 705 auctores
2207 649 2550 718 referantur,
2585 649 2849 723 plerique
2879 651 3036 708 enim
3076 670 3278 711 eorum
3309 655 3460 729 illas,
3491 662 3559 715 ut

1909 737 2147 809 quidem
2170 738 2472 795 Baldricus
2495 744 2548 795 et
2571 739 2887 797 Guibertus
2910 742 2981 797 de
3015 756 3077 798 se
3106 742 3252 815 ipsis
3279 744 3554 814 fatentur,

1910 842 2086 882 sensu
2109 826 2477 884 solummodo
2490 833 2546 884 et
2566 831 2884 896 intentione,
2909 834 2976 886 ut
2998 831 3288 889 audiendo
3306 835 3558 892 retinere

1908 918 2240 986 potuerant,
2264 933 2378 972 non
2404 916 2549 989 ipsis
2581 918 2797 975 Urbani
2826 919 3019 977 verbis
3041 922 3565 994 repraesentarunt.

1907 1003 2127 1061 Deinde
2146 1022 2278 1061 cum
2301 1022 2415 1061 non
2448 1006 2628 1063 semel
2658 1023 2725 1064 ea
2755 1009 2825 1064 de
2855 1025 2915 1063 re
2944 1010 3201 1081 pontifex
3225 1028 3554 1071 sermonem

1907 1094 2198 1166 habuerit,
2218 1095 2320 1150 uni
2343 1112 2544 1162 unam,
2570 1095 2668 1151 alii
2693 1096 2868 1154 aliam
2891 1100 3020 1171 ejus
3040 1100 3364 1159 orationem
3395 1106 3555 1160 retu-

1907 1183 2047 1240 lisse
2063 1183 2195 1255 quis
2220 1184 2619 1241 inliciabitur?
2639 1186 2793 1250 Quas
2820 1203 2953 1244 vero
2985 1204 3053 1245 ex
3080 1188 3154 1246 iis
3184 1191 3374 1265 magis
3422 1208 3552 1267 ger-

1907 1288 2115 1329 manas
2159 1272 2416 1330 invenire
2463 1274 2850 1347 potuerimus,
2895 1277 2957 1333 in
2987 1280 3305 1352 appendice
3334 1277 3554 1341 refere4

1906 1379 2060 1419 mus.

1906 1476 2178 1558 CQXXVI.
2243 1479 2448 1558 Urbani
2489 1482 2581 1558 __in
2633 1481 3061 1558 ‘promulganda
3146 1484 3247 1558 hac
3328 1488 3549 1558 expedi-

1974 1550 2123 1631 tione
2150 1552 2601 1631 magnanimitas.
2627 1550 2961 1631 Plenitentiae
2991 1555 3104 1609 loco
3120 1550 3549 1631 instituta-pro-

1974 1621 2133 1748 (coitu;
2176 1621 2259 1750 Sed
2313 1621 2731 1693 expeditionem.
2790 1625 2979 1680 Preces
3033 1625 3221 1682 eadem
3274 1621 3555 1687 occasione

1974 1708 2063 1747 ins
2090 1710 2105 1748 τ
2137 1710 2174 1748 u
2255 1736 2267 1747 .

1974 1708 2267 1748 institutae.

1826 1838 1874 1903 Β
1974 1809 2056 1863 Ex
2087 1808 2217 1864 istis
2238 1825 2409 1881 porro
2432 1810 2838 1903 scriptoribus,
2863 1827 3011 1884 quos
3033 1813 3271 1885 quidem
3294 1814 3549 1874 historia

1906 1914 2082 1953 sacrae
2113 1898 2409 1954 studiosos
2437 1898 2694 1955 evolvere
2737 1917 2851 1957 non
2882 1902 3204 1974 paenitebit,
3236 1904 3430 1962 videre
3461 1911 3552 1964 est

1907 1990 2127 2058 quanta
2147 1987 2219 2043 ab
2241 1987 2473 2044 Urbano
2494 1988 2754 2060 praestita
2783 1988 3001 2047 fuerint
3020 1993 3093 2047 ad
3113 1992 3265 2050 hanc
3295 1995 3552 2067 promul-

1906 2077 2182 2148 gandam,
2226 2077 2801 2150 promovendamque
2847 2080 3294 2152 expeditionem.
3344 2088 3487 2141 Eum
3516 2101 3564 2141 α’

1905 2165 2008 2221 Deo
2034 2166 2202 2221 Israel
2227 2168 2533 2221 maximum
2548 2168 2857 2238 principem
2874 2173 3065 2225 contra
3085 2172 3400 2245 Allophylos
3428 2190 3553 2231 con-

1904 2255 2155 2309 stitutum
2183 2253 2363 2310 fuisse
2393 2270 2461 2309 ea
2491 2255 2794 2311 occasione
2824 2257 3100 2329 praedicat
3128 2260 3438 2319 0rdericus
3458 2263 3553 2317 Vi-

1904 2342 2038 2398 talis
2058 2342 2206 2399 libro
2243 2360 2364 2409 vm,
2396 2345 2489 2397 cui
2519 2343 2620 2399 ille
2649 2352 2861 2400 turrem
2882 2330 3063 2402 'David
3090 2364 3216 2403 cum
3237 2365 3553 2422 propugna-

1902 2433 2040 2486 culis
2058 2439 2248 2488 contra
2265 2434 2467 2503 faciem
2493 2434 2746 2488 Damasci
2773 2437 3137 2491 commiserat.
3168 2436 3343 2494 Plura
3372 2438 3553 2496 habet

1902 2520 2051 2577 libro
2081 2539 2158 2577 IX.
2212 2522 2494 2577 Eumdem
2536 2521 2871 2594 pontificem
2929 2524 3073 2596 apud
3101 2541 3286 2582 omnes
3332 2528 3552 2584 illustre

1899 2626 2013 2666 suae
2040 2612 2512 2681 magnanimitatis
2559 2619 2945 2681 argumentum
2975 2628 3044 2670 ea
3070 2615 3373 2683 occasione
3403 2633 3550 2690 prae-

1902 2698 2101 2755 buisse
2141 2698 2222 2755 ait
2251 2698 2586 2768 Guibertus,
2619 2717 2755 2755 cum
2795 2717 2864 2757 ex
2892 2701 3056 2773 hujus
3080 2706 3430 2775 profectionis
3459 2709 3551 2762 in-

1900 2790 2126 2855 centivo,
2157 2788 2297 2860 quod
2316 2788 2446 2843 dum
2471 2791 2686 2860 primus
2708 2791 2824 2861 ipse
2845 2791 3108 2862 praebuit,
3139 2786 3378 2865 quonam
3392 2802 3550 2867 pacto

1899 2877 1957 2932 id
1984 2878 2134 2949 fieret
2162 2881 2301 2932 totus
2327 2878 2565 2933 mundus
2592 2878 2887 2951 obstupuit.
2925 2880 2995 2935 Et
3043 2880 3282 2953 quidem
3330 2882 3549 2940 mirum

1899 2969 1988 3022 est
2014 2966 2346 3039 pontificem
2364 2983 2698 3040 pauperem,
2722 2968 2807 3022 uti
2828 2972 2957 3024 tum
2978 2974 3103 3025 erat
3122 2970 3552 3039 Urbanus,abs-

1899 3071 2013 3127 que
2043 3072 2248 3128 regum
2298 3072 2425 3128 ope,
2479 3056 2605 3111 sine
2652 3056 2774 3111 ulla
2830 3059 3128 3115 exactione
3174 3064 3276 3116 aut
3302 3061 3544 3130 tributo,

1897 3148 2124 3200 tantam
2154 3144 2488 3215 principum
2519 3144 2897 3217 virorumque
2913 3146 3201 3203 nobilium
3234 3165 3300 3204 ac
3320 3153 3550 3206 caetero-

1901 3250 2031 3288 rum
2077 3248 2146 3288 ex
2176 3232 2335 3287 omni
2372 3233 2596 3299 ordine,
2623 3236 2781 3289 statu
2810 3237 2867 3289 et
2895 3250 3070 3307 regno
3103 3235 3544 3295 multitudinem

1900 3337 2307 3395 congregasse,
2340 3320 2441 3392 qui
2470 3321 2542 3376 ad
2574 3320 2874 3377 difficilem
2924 3323 3068 3379 adeo
3115 3324 3544 3397 expeditionem

1899 3414 2106 3483 sponte
2125 3414 2180 3465 et
2201 3410 2397 3465 animo
2420 3409 2593 3465 alacri
2618 3414 3023 3482 properarent;
3056 3411 3273 3483 quibus
3302 3430 3408 3486 pro
3439 3414 3549 3470 sti-

1899 3499 2111 3572 pendio
2124 3499 2249 3554 sola
2264 3500 2698 3571 proponebatur
2715 3502 3083 3571 peccatorum
3096 3500 3546 3575 indulgentia,et

1902 3606 2005 3663 pro
2036 3587 2273 3661 praemio
2298 3603 2432 3659 spes
2460 3588 2589 3642 vitae
2620 3591 2867 3645 aeterna.

1972 3677 2275 3734 Habebant
2304 3680 2520 3745 autem,
2574 3680 2639 3733 ut
2672 3677 2799 3750 jam
2837 3677 3116 3747 diximus,
3165 3696 3269 3751 pro
3323 3683 3549 3738 tessera

1902 3767 2009 3822 has
2037 3782 2207 3822 voces
2235 3767 2351 3821 Deu
2381 3767 2432 3822 lo
2460 3767 2604 3832 wolt,
2639 3782 2744 3839 pro
2792 3766 3031 3823 militari
3082 3768 3251 3841 signo
3291 3785 3545 3839 crucem,

1903 3857 2070 3928 cujus
2114 3856 2431 3928 imaginem
2477 3855 2589 3910 sibi
2632 3855 2690 3910 in
2723 3855 2985 3912 vestibus
3016 3873 3197 3930 super
3242 3858 3548 3932 scapulam

1904 3945 2200 4000 dexteram
2248 3943 2684 4016 imprimebant.
2721 3944 2868 4000 Hinc
2923 3948 3446 4017 orucesignatorum,
3499 3954 3552 4005 et

1901 4035 2273 4089 cruciatorum
2293 4032 2531 4088 nomina
2559 4032 2941 4089 inoleverunt.
2964 4034 3161 4091 Refert
3178 4037 3550 4093 Hermannus

1904 4122 1963 4177 in
1995 4122 2249 4178 Historia
2278 4122 2472 4177 Sancti
2523 4122 2757 4178 Martini
2806 4123 3217 4191 Tornacensis,
3249 4125 3551 4182 Urbanum

1903 4210 1963 4266 in
1994 4209 2238 4266 concilio
2284 4209 2730 4267 Claromontano
2782 4212 3085 4286 episcopos
3133 4214 3454 4281 monuisse,
3486 4214 3567 4269 ut‘

1905 4317 2038 4356 cum
2070 4300 2142 4355 ad
2175 4316 2314 4355 suas
2353 4299 2631 4356 dimceses
2682 4302 2896 4357 reversi
2949 4301 3218 4369 fuissent,
3267 4303 3552 4373 subjectis

1905 4389 2016 4444 sibi
2044 4387 2276 4460 populis
2296 4405 2400 4459 pro
2421 4391 2790 4460 peccatorum
2812 4389 3156 4446 remissione
3175 4389 3554 4463 injungerent

1906 4476 1964 4531 in
2017 4475 2368 4549 poenitentiae
2428 4476 2619 4532 locum
2678 4494 2891 4533 nomen
2948 4477 3041 4534 his
3084 4476 3553 4551 expeditionibus

140 4574 239 4629 ι’ἱω
270 4589 391 4637 τοι,
422 4583 695 4641 eamque,
718 4566 805 4622 uti
837 4566 1019 4633 aiunt,
1069 4563 1428 4636 provinciam
1471 4565 1598 4635 jam
1641 4578 1795 4619 rece-
1826 4581 1873 4647 Ι)
1905 4566 2060 4622 dare.
2092 4565 2240 4620 Hinc
2267 4564 2329 4621 in
2359 4569 2629 4621 canone2
2652 4566 2898 4640 vulgatae
2925 4566 3196 4623 editionis
3219 4566 3453 4640 legitur,
3487 4571 3555 4623 ut

140 4665 333 4735 perat;
358 4676 426 4717 ac
457 4654 800 4714 domesticis
820 4652 1272 4719 tumultibus,ac
1298 4652 1473 4708 etiam
1491 4651 1621 4725 ipsa
1636 4668 1797 4707 mor-

140 4755 218 4820 te,
260 4766 380 4822 qua
431 4748 546 4803 hoc
575 4761 735 4803 anno
783 4744 1021 4799 functus
1048 4747 1155 4811 est,
1190 4757 1263 4797 ne
1292 4741 1350 4797 id
1383 4745 1798 4813 exsequeretur

139 4839 463 4912 impeditus
492 4834 629 4891 fuit.

209 4928 543 4992 Orationes,
570 4939 725 4997 quas
756 4937 824 4978 ea
852 4919 1155 4978 occasione
1184 4919 1392 4975 habuit
1421 4919 1698 4992 pontifex,
1733 4935 1802 4974 ex

139 5017 402 5092 antiquis
432 5011 805 5078 auctoribus,
827 5014 885 5066 et
901 5008 1193 5066 veteribus
1214 5008 1448 5064 schedis
1469 5008 1635 5065 editae
1662 5012 1801 5063 sunt

138 5124 171 5163 a
198 5105 449 5163 Baronio
480 5106 541 5159 et
572 5102 635 5156 in
660 5099 838 5155 variis
861 5097 1240 5154 conciliorum
1271 5096 1646 5153 editionibus.
1689 5098 1799 5153 Eas

135 5196 381 5253 retulere
405 5189 762 5249 Willelmus
781 5186 1346 5252 Malmesburiensis,
1371 5185 1680 5242 0rdericus
1699 5186 1795 5240 Vi-

130 5285 283 5357 talis,
299 5284 608 5342 Robertus
620 5276 823 5334 Sancti
837 5275 1084 5348 Remigii
1097 5279 1153 5331 et
1165 5274 1481 5332 Guibertus
1493 5275 1631 5331 Novi
1637 5291 1706 5349 ge
1714 5275 1797 5331 nti

126 5376 394 5443 abbates,
417 5366 782 5427 Willelmus
809 5364 1104 5437 Tyriensis
1132 5368 1189 5419 et
1217 5363 1315 5419 alii
1339 5367 1604 5419 auctores
1649 5364 1797 5420 anti-

120 5466 238 5541 qui,
264 5464 371 5540 qui
394 5463 547 5519 data
568 5470 757 5529 opera
776 5452 951 5525 hujus
971 5452 1459 5526 aequantiumque
1478 5453 1800 5526 expeditio-

112 5574 253 5615 num
288 5563 623 5613 sacrarum
656 5541 966 5599 historiam
1003 5542 1385 5615 scripserunt,
1434 5541 1615 5598 simul
1660 5543 1797 5598 editi

109 5664 262 5706 anno
312 5640 496 5708 1611,
557 5630 843 5694 Hanoviaa
883 5630 1036 5706 typis
1064 5629 1459 5689 Wechelianis
1490 5631 1599 5688 sub
1628 5631 1798 5689 titulo

1903 4654 2006 4726 qui
2038 4655 2109 4709 ad
2141 4653 2503 4710 liberandam
2534 4655 2635 4710 Dei
2668 4655 2980 4712 Ecclesium
3011 4655 3340 4710 Jerusalem
3370 4655 3556 4727 profe-

1903 4747 2036 4799 ctus
2067 4742 2263 4810 fuerit,
2289 4742 2399 4798 iter
2429 4742 2573 4799 illud
2616 4760 2720 4816 pro
2751 4744 2910 4800 omni
2944 4743 3288 4817 poenitentia
3315 4746 3554 4815 repute-

1903 4835 2021 4887 tur.
2075 4830 2377 4887 Consentit
2406 4832 2736 4900 0rdericus,
2773 4834 2942 4904 cujus
2973 4832 3151 4889 verba
3180 4831 3297 4888 huc
3341 4832 3556 4890 referre

1907 4937 2023 4977 non
2055 4920 2357 4992 gravabor.
2382 4941 2410 4969 ‹‹
2436 4920 2738 4988 Providus,
2774 4923 2975 4992 inquit,
3009 4938 3161 4995 papa
3190 4937 3416 4990 omnes,
3450 4921 3553 4994 qui

1908 5025 2162 5081 congrue
2214 5025 2379 5064 arma
2437 5008 2585 5064 ferre
2644 5012 2933 5082 poterant,
2966 5011 3037 5066 ad
3095 5009 3314 5066 bellum
3354 5015 3557 5067 contra

1906 5097 2177 5153 inimicos
2207 5096 2306 5152 Dei
2340 5097 2582 5166 excivit;
2614 5102 2671 5153 et
2700 5097 3048 5171 pmnitentes
3077 5103 3319 5156 cunctos
3357 5115 3428 5155 ex
3455 5099 3557 5156 illa

1908 5187 2068 5254 hora,
2103 5203 2220 5258 qua
2250 5202 2479 5242 crucem
2502 5187 2734 5243 Domini
2767 5191 3088 5255 sumerent,
3111 5204 3181 5245 ex
3210 5188 3557 5245 auctoritate

1906 5275 2008 5333 Dei
2030 5277 2102 5332 ab
2123 5275 2399 5332 omnibus
2438 5276 2690 5348 peccatis
2722 5276 2847 5334 suis
2877 5276 3155 5345 absolvit;
3189 5280 3246 5333 et
3274 5277 3346 5332 ab
3395 5274 3557 5332 omni

1906 5364 2217 5439 gravedine
2239 5381 2366 5437 quae
2384 5365 2450 5420 fit
2465 5365 2523 5420 in
2539 5365 2785 5437 jejuniis
2807 5365 3055 5437 aliisque
3067 5363 3559 5420 macerationibus

1908 5454 2101 5510 carnis
2129 5453 2223 5525 pie
2251 5452 2545 5519 relaxavit,
2573 5476 2599 5503 ››
2630 5458 2740 5510 etc.
2773 5453 2939 5510 Alius
2954 5454 3197 5525 insuper
3219 5452 3277 5507 in
3300 5451 3555 5508 crucesi-

1908 5546 2219 5615 gnatorum
2251 5543 2500 5614 gratiam
2532 5558 2718 5597 canon
2766 5543 3036 5598 conditus
3067 5539 3288 5613 passim
3319 5539 3552 5613 legitur,

1908 5634 1975 5686 ut
2005 5629 2227 5687 scilicet
2257 5628 2455 5686 omnia
2501 5646 2703 5686 eorum
2757 5630 2911 5687 bona
2960 5645 3191 5700 semper
3226 5631 3286 5685 et
3340 5627 3559 5700 ubique
