3950 6218
411 348 534 414 N3

1707 349 1778 410 B.
1824 338 2120 411 URBANI
2165 340 2219 404 ῙῙ
2262 343 2519 406 ΡΑΡᾹΞ.

3680 358 3779 424 ιω

410 482 572 554 salva
597 485 814 555 essent,
855 482 1071 558 rejects.
1095 481 1304 558 quavis
1323 481 1577 542 rationis
1607 483 1818 557 specie,
1871 498 2058 557 usque
2085 476 2142 546 Α
2171 477 2471 538 CCXXVII.
2533 479 2740 542 Urbani
2803 480 3055 559 apologia
3109 481 3175 559 in
3221 478 3322 540 his'
3377 483 3779 559 expeditionibus

412 574 490 650 ad
512 589 721 634 eorum
753 572 1028 634 reditum.
1063 575 1199 640 Qua
1225 575 1462 648 quidem
1495 575 1609 630 duo
1633 573 1934 648 privilegia
1964 574 2060 630 alii

411 663 719 741 pontiﬁces
751 663 1250 737 subsequentibus
1271 664 1638 736 temporibus
1663 663 1735 718 iis
1758 663 1880 736 qui,
1903 662 2064 720 simi-

411 752 572 810 libus
587 751 1056 825 expeditionibus
1073 769 1284 808 nomen
1308 753 1531 820 darent,
1551 753 1696 830 conti
1708 756 2060 818 rmaverunt,

415 844 475 900 et
491 841 552 898 id
575 840 789 900 Urbani
813 841 1098 914 exemplo,
1132 845 1198 896 ut
1218 841 1431 897 diserte
1462 840 1710 896 habetur
1730 842 1787 896 in
1819 840 2060 896 concilio

415 929 813 997 Lateranensi,
865 931 1018 1003 quod
1047 947 1198 987 anno
1232 931 1374 986 1122
1419 931 1530 986 sub
1575 929 1796 986 Calixto
1836 931 1884 986 Il
1915 929 2060 986 cele-

413 1019 653 1080 bratum
675 1023 782 1078 est.
1031 1068 1034 1069 ν

487 1108 621 1166 Vidi
667 1108 729 1166 in
762 1110 889 1166 cod.
923 1109 1248 1182 Bigotiano,
1283 1125 1442 1165 nunc
1471 1107 1641 1182 regia
1673 1108 2062 1175 Bibliotheca,

417 1197 730 1272 epistolam
758 1197 1058 1256 Paschalis
1079 1198 1128 1254 II
1161 1199 1231 1254 ad
1251 1198 1737 1271 archiepiscopos,
1761 1199 2064 1270 episcopos

417 1291 476 1345 et
504 1287 745 1346 abbates
770 1286 992 1357 Gallia,
1035 1304 1151 1360 qua
1179 1287 1437 1360 pontifex
1467 1292 1598 1359 post
1628 1291 1860 1360 captam
1906 1288 2065 1343 Jero-

417 1375 704 1449 solymam
751 1377 925 1448 jubet
980 1378 1269 1448 fratribus,
1341 1379 1437 1449 qui
1504 1380 1624 1449 post
1697 1379 2066 1448 perpeti-aiam

415 1465 682 1532 divinitus
715 1466 1003 1524 victoriam
1051 1470 1417 1533 revertuntur,
1449 1483 1552 1522 sua
1597 1467 1783 1521 omnia
1814 1468 2027 1521 restitui
2045 1483 2064 1526 ;

413 1555 556 1612 sicut
612 1554 784 1618 beata.”
836 1556 1123 1612 memoriae
1183 1555 1406 1612 Urbano
1448 1555 1704 1625 synodali
1755 1555 2067 1621 deﬁnitione

416 1645 695 1704 sancitum
719 1642 922 1714 fuerat.
955 1641 1039 1700 Ne
1069 1659 1202 1700 vero
1235 1643 1417 1698 animi
1463 1642 1690 1700 levitate
1721 1647 1821 1700 aut
1869 1644 2066 1714 cujus-

417 1745 656 1804 cunque
685 1747 872 1787 causa
893 1732 1154 1799 obtentu,
1185 1731 1405 1788 milites
1436 1732 1536 1804 qui
1569 1748 1801 1788 crucem
1835 1749 2067 1804 accepe-

2783 555 3218 628 pro-mulgandis.
3442 555 3457 627 ί
3721 632 3724 634 η

2241 662 2346 718 Hic
2375 680 2507 718 vero
2539 663 2702 719 locus
2723 668 2876 718 esset
2906 663 3206 718 Urbanum
3235 664 3436 720 tuendi
3455 682 3490 721 a
3509 670 3784 728 nonnullo-

2171 768 2303 806 rum
2334 751 2628 820 conviciis,
2647 753 2748 823 qui
2774 752 2826 807 ei
2860 752 3153 808 immerito
3184 753 3618 824 exprobrarant,
3646 763 3779 830 quod

2171 841 2319 896 hanc
2351 840 2800 913 expeditionem,
2833 845 2935 896 aut
2962 842 3180 913 injuste
3196 842 3476 899 adversus
3503 849 3709 916 gentes,
3728 849 3779 904 in

2172 946 2340 1002 quas,
2389 930 2474 985 uti
2531 930 2716 996 aiunt,
2763 930 2995 986 nullum
3046 931 3149 1002 jus
3202 931 3472 1000 habebat,
3520 938 3614 989 aut
3649 941 3780 994 certe

2171 1023 2389 1074 temere
2435 1019 2730 1087 edixisset,
2764 1036 2894 1091 qua
2944 1021 3241 1092 principes
3272 1025 3332 1076 et
3361 1021 3598 1094 populos
3635 1024 3778 1080 Chri-

2171 1107 2396 1164 stianos
2425 1107 2483 1162 in
2507 1113 2626 1164 tam
2649 1108 2851 1165 arduis
2869 1113 2925 1164 et
2946 1108 3291 1182 periculosis
3313 1108 3481 1165 bellis
3504 1110 3776 1182 implicuit.

2173 1199 2242 1252 At
2289 1201 2598 1270 utramque
2645 1197 3117 1255 criminationem
3177 1199 3248 1255 ab
3303 1198 3530 1255 Urbano
3583 1200 3780 1257 amoliri

2175 1286 2340 1342 facile
2399 1292 2514 1343 est:
2575 1304 2710 1342 cum
2763 1287 2865 1343 illa
2920 1288 3076 1344 bella
3104 1292 3161 1344 et
3211 1289 3377 1358 justa
3431 1291 3487 1344 et
3516 1304 3653 1360 pene
3677 1290 3782 1346 orbi

2173 1376 2502 1432 Christiano
2533 1377 2862 1433 necessaria
2894 1378 3078 1434 fuisse
3107 1377 3268 1434 nullo
3301 1378 3527 1449 negotio
3568 1379 3782 1434 demon-

2175 1465 2348 1520 strari
2399 1465 2602 1538 possit.
2645 1467 2790 1532 Quid
2838 1465 2994 1521 enim
3044 1467 3272 1539 aquius
3317 1466 3556 1539 cogitari
3601 1471 3782 1539 potest,

2176 1571 2355 1626 quam
2403 1559 2467 1609 ut
2514 1559 2678 1627 pater
2723 1555 3052 1612 communis
3081 1555 3348 1611 omnium
3377 1555 3629 1612 ﬁdelium
3656 1555 3784 1612 vires

2176 1643 2638 1700 Christianorum
2671 1644 2732 1699 in
2780 1661 2965 1700 unum
2995 1643 3294 1716 recolliget
3319 1645 3393 1700 ad
3427 1644 3788 1700 retundendus

2178 1733 2508 1789 communis
2538 1733 2726 1789 hostis
2756 1732 3162 1790 insolescentis
3203 1733 3480 1806 impetus,
3526 1732 3621 1805 qui
3664 1731 3787 1787 nihil

423 1824 578 1890 rant,
601 1819 794 1877 medio
823 1819 885 1875 in
907 1819 1115 1877 itinere
1143 1823 1299 1877 retro
1319 1820 1686 1894 aspicientes,
1709 1823 1782 1879 ab
1815 1821 2069 1878 exercitu
2100 1846 2150 1912 B
2179 1839 2294 1878 non
2326 1823 2605 1878 adversus
2634 1839 2734 1879 eos
2781 1822 3267 1891 machinabatur;
3303 1822 3445 1895 quid
3473 1837 3599 1878 vero
3625 1821 3787 1891 magis

421 1910 777 1979 recederent,
853 1909 1119 1977 Urbanus,
1196 1909 1390 1982 inquit
1457 1910 1789 1980 Ordericus,
1847 1910 1950 1978 lib,
2010 1929 2066 1979 x,

419 1999 671 2073 generali
685 2002 950 2058 sanxerat
969 2001 1310 2066 auctoritate,-
1332 2007 1383 2055 et
1403 1999 1697 2071 apostolico
1717 2001 1879 2072 jussu
1900 2002 2070 2056 invio-

424 2088 670 2150 labiliter
718 2088 893 2148 teneri
917 2095 1166 2158 coegerat
1205 2090 1267 2145 in
1299 2091 1449 2145 omni
1502 2091 1815 2160 Latinitate,
1848 2097 1908 2145 ut
1950 2092 2072 2145 uni-

420 2178 569 2248 versi
589 2178 687 2251 qui
711 2176 918 2234 Christi
936 2193 1149 2233 crucem
1170 2186 1510 2250 acceperant,
1531 2195 1628 2234 nec
1649 2181 1752 2235 iter
1773 2181 1834 2234 in
1855 2181 2071 2235 Jerusa-

422 2267 532 2338 lem
569 2283 675 2338 pro
704 2265 998 2338 defectione
1022 2267 1318 2325 voluntatis
1356 2275 1699 2339 peregerunt,
1747 2270 1808 2323 in
1849 2270 2073 2324 nomine

421 2355 646 2426 Domini
682 2356 1018 2434 reciprocum
1063 2355 1261 2412 callem
1308 2356 1536 2423 inirent,
1592 2361 1688 2411 aut
1729 2356 2073 2412 anathemate

415 2444 668 2520 percussi
690 2450 848 2500 extra
893 2443 1188 2500 Ecclesium
1209 2460 1402 2516 poenas
1453 2445 1683 2500 luerent.
1734 2446 1803 2500 Et
1833 2445 2072 2518 quidem

421 2531 756 2606 Stephanus
776 2531 1068 2590 Blesensis
1088 2549 1306 2599 comes,
1339 2536 1405 2588 ut
1429 2549 1633 2589 omnes
1665 2538 1905 2600 norunt,
1938 2551 2072 2590 cum

419 2621 616 2691 nescio
641 2637 756 2694 quo
771 2636 984 2693 pavore
1006 2621 1351 2693 perterritus
1367 2621 1681 2678 exercitum
1696 2607 2070 2691 deseruisset;

421 2714 626 2785 postea
649 2710 723 2766 ad
750 2708 1180 2782 expeditionem
1224 2710 1413 2766 redire
1469 2711 1810 2784 compulsus
1855 2715 1962 2780 est,
2013 2713 2072 2767 in

424 2815 545 2875 qua
565 2797 711 2856 obiit
739 2813 892 2855 anno
919 2799 1078 2854 1101.

452 2942 454 2944 .
494 2887 717 2948 Ferunt
757 2885 935 2943 etiam
971 2885 1082 2942 hac
1130 2885 1260 2960 ipsa
1287 2904 1463 2944 sacra
1495 2889 1878 2961 expeditionis
1907 2906 2074 2946 occa-

427 2975 593 3034 sione
609 2990 808 3049 preces
841 2975 1109 3033 horarias
1135 2977 1315 3034 beata
1351 2977 1568 3043 Maria,
1597 2996 1722 3051 qua
1746 2979 1872 3050 jam
1906 2984 2076 3034 antea

429 3065 645 3124 aPetro
661 3063 944 3122 Damiano
961 3063 1021 3120 in
1045 3064 1167 3121 suis
1190 3065 1562 3122 monasteriis
1586 3072 1753 3124 erant
1769 3067 2073 3137 institutae,

429 3149 473 3227 ᾳ,
493 3151 720 3211 clericis
745 3153 864 3210 imo
893 3157 952 3210 et
981 3153 1054 3210 ab
1085 3153 1230 3228 ipsis
1259 3153 1426 3210 laicis
1455 3172 1522 3212 ex
1553 3156 1770 3212 Urbani
1811 3157 2074 3229 praescri-

427 3246 530 3318 pto
559 3241 916 3318 frequentari
964 3242 1208 3316 coepisse
1234 3261 1248 3311 ;
1283 3247 1349 3300 ut
1377 3261 1443 3300 eo
1475 3249 1663 3316 pacto,
1710 3245 1812 3318 qui
1841 3245 2072 3318 expedi-

427 3331 575 3400 tioni
630 3330 1032 3406 suscipienda,
1077 3331 1369 3389 inhabiles
1427 3338 1643 3404 essent,
1715 3333 1809 3390 his
1875 3333 2084 3391 saltem

391 3420 702 3496 precibus
755 3419 980 3478 milites
1038 3421 1404 3494 adiuvarent,
1455 3421 1540 3478 eis
1594 3425 1770 3478 tanta
1825 3422 2085 3496 Virginis

429 3509 822 3588 patrocinium
851 3511 1254 3584 promerendo.
1277 3510 1454 3566 Addit
1487 3511 1762 3568 Gofridus
1782 3511 2084 3568 Vosiensis

430 3599 590 3674 prior
645 3599 913 3657 Chronici
963 3616 1091 3672 cap.
1140 3599 1214 3656 27
1271 3599 1538 3671 ejusdem
1596 3600 1776 3657 beata
1825 3600 2084 3672 Virginis

433 3688 725 3766 ofﬁcium,
750 3688 907 3760 quod
938 3687 1230 3759 hodieque
1279 3687 1533 3744 Sabbato
1585 3688 1867 3745 celebrari
1915 3688 2078 3754 solet,

434 3778 642 3839 eadem
671 3775 974 3834 occasione
993 3774 1177 3831 fuisse
1196 3774 1551 3832 institutum.
1569 3777 1718 3844 Quin
1741 3781 1797 3833 et
1817 3777 2080 3834 nonnulli

433 3869 709 3938 sanctum
725 3863 1084 3921 Antoninum
1106 3862 1372 3932 laudant,
1396 3864 1738 3922 referentem
1762 3865 1872 3922 hoc
1897 3884 2081 3939 apon-

426 3953 586 4015 tiﬁce
615 3952 678 4009 in
706 3950 952 4009 concilio
983 3955 1272 4008 statutum
1327 3952 1528 4021 fuisse,
1589 3958 1655 4009 ut
1707 3955 1777 4010 ab
1827 3954 1954 4028 ipso
1985 3956 2078 4012 die

425 4057 547 4118 quo
573 4040 859 4099 exercitus
907 4044 1062 4098 esset
1109 4041 1476 4114 profecturus
1519 4042 1579 4098 in
1629 4043 2074 4115 expeditionem,

417 4145 658 4203 vespere
678 4133 736 4186 et
764 4144 938 4186 mane
963 4129 1022 4186 in
1054 4129 1330 4187 omnibus
1358 4130 1620 4188 ecclesiis
1642 4131 2076 4190 cathedralibus

418 4223 477 4296 et
495 4216 870 4278 monasteriis
890 4217 1126 4291 signum
1140 4218 1291 4275 trino
1307 4237 1602 4294 campana
1626 4220 1798 4293 pulsu
1817 4223 2072 4290 daretur,

416 4325 537 4384 quo
567 4306 960 4366 excitarentur
998 4306 1200 4382 populi
1230 4309 1302 4365 ad
1333 4310 1628 4366 orationes
1661 4327 1764 4384 pro
1795 4309 1948 4367 felici
1979 4327 2074 4367 ex-

419 4395 740 4477 peditionis
769 4411 1045 4456 successu
1066 4397 1416 4455 fundandae.
1440 4399 1602 4463 Quod
1643 4400 1882 4470 quidem
1903 4399 2073 4455 insti-

421 4489 623 4544 tutum
665 4485 815 4544 mori
867 4486 1169 4559 pulsanda
1212 4487 1585 4544 salutationis
1639 4487 1934 4560 angelica,
1974 4487 2074 4559 qui

2179 1910 2578 1968 necessarium
2615 1913 2696 1968 ad
2757 1912 3096 1968 Christiana
3143 1911 3498 1985 reipublica,
3533 1914 3785 1975 tutamen,

2180 2017 2358 2074 quam
2380 2005 2444 2056 ut
2465 2001 2646 2057 armis
2666 2018 2832 2057 arma
2850 2018 3052 2057 eorum
3075 2000 3452 2074 repellantur,
3481 1999 3578 2071 qui
3597 1997 3786 2070 pleras-

2179 2106 2293 2162 que
2349 2089 2816 2146 Christianorum
2876 2091 3201 2163 provincias
3249 2091 3382 2161 jam
3437 2088 3791 2153 devastarant,

2179 2179 2312 2235 aliis
2336 2179 2745 2246 imminebant,
2776 2181 3050 2236 omnibus
3068 2196 3202 2236 vero
3220 2175 3604 2235 infensissimi
3631 2178 3789 2231 erant.

2179 2267 2353 2340 Atqui
2401 2267 2576 2323 talem
2632 2271 2772 2324 tunc
2805 2268 2962 2324 orbis
3018 2268 3340 2324 Christiani
3385 2270 3599 2322 statum
3641 2263 3795 2318 fuisse

2181 2373 2352 2413 nemo
2383 2359 2473 2412 est
2511 2357 2611 2430 qui
2644 2356 2800 2412 ausit
2829 2356 3099 2423 inficiari,
3143 2356 3193 2412 si
3217 2355 3306 2412 vel
3340 2355 3543 2412 leviter
3570 2351 3794 2409 delibare

2181 2445 2425 2502 voluerit
2453 2445 2734 2502 historias
2784 2444 3020 2502 illorum
3077 2449 3440 2518 tem-porum.
3487 2443 3626 2500 Nam
3656 2444 3714 2496 ut
3737 2439 3794 2493 de

2181 2534 2502 2606 Hispaniis,
2560 2535 2770 2592 Sicilia
2838 2540 2895 2590 et
2951 2534 3126 2590 Italia
3185 2534 3528 2608 regionibus
3580 2535 3791 2593 taceam,

2181 2627 2369 2679 totum
2397 2625 2578 2680 ferme
2609 2624 2924 2690 Orientem,
2957 2623 3017 2679 in
3059 2640 3232 2696 quem
3280 2622 3568 2696 pracipue
3608 2616 3794 2675 indicta

2182 2712 2283 2768 illa
2310 2712 2598 2785 expeditio
2629 2713 2760 2781 fuit,
2815 2712 3216 2768 Mahumetani
3265 2711 3644 2785 occupabant.
3689 2705 3792 2761 Non

2181 2801 2338 2858 enim
2365 2800 2492 2858 sola
2509 2801 3010 2874 Jerosolymorum
3035 2800 3235 2857 civitas
3252 2805 3478 2867 sancta,
3509 2803 3606 2855 aut
3631 2795 3792 2860 Nicea,

2180 2889 2509 2956 Antiochia,
2539 2889 2784 2962 aliaque
2821 2889 3083 2946 civitates
3113 2888 3502 2946 celeberrima
3532 2890 3587 2943 et
3612 2880 3792 2940 vastis-

2185 2980 2345 3036 simae
2391 2979 2656 3053 regiones
2700 2979 2774 3034 iis
2803 2979 3050 3035 urbibus
3101 2977 3412 3035 viciniores
3465 2977 3572 3033 sub
3623 2985 3792 3030 eorum

2183 3066 2485 3139 tyrannica
2509 3067 2651 3139 jugo
2682 3066 3032 3139 gemebant;
3067 3067 3166 3123 sed
3198 3070 3254 3122 et
3276 3065 3476 3123 multa
3505 3062 3672 3120 etiam
3691 3057 3791 3114 alia

2185 3155 2413 3228 imperii
2428 3155 3057 3228 Constantinopolitani
3077 3154 3388 3228 provincia
3403 3155 3474 3211 ab
3492 3152 3563 3208 iis
3573 3145 3798 3207 barbaris

2190 3244 2570 3311 vexabantur,
2598 3261 2848 3316 quarum
2875 3243 3186 3316 plerasque
3218 3261 3323 3302 suo
3349 3245 3475 3316 jam
3499 3240 3799 3311 subjugave-

2193 3337 2325 3391 rant
2353 3333 2632 3406 imperio;
2657 3334 2799 3390 adeo
2817 3336 2883 3388 ut
2910 3333 2984 3389 ad
3014 3350 3213 3390 muros
3230 3350 3422 3406 usque
3441 3323 3796 3387 Constantino-

2192 3421 2462 3495 politanae
2493 3423 2664 3495 regia
2694 3422 2858 3478 urbis
2887 3423 3086 3478 omnia
3115 3422 3623 3495 depopularentur.
3657 3413 3794 3474 Urba-

2190 3529 2316 3581 nus,
2348 3510 2542 3583 inquit
2570 3511 2744 3568 Fulco
2772 3526 2989 3580 comes,
3022 3511 3083 3566 in
3113 3527 3262 3583 sape
3286 3510 3524 3568 laudato
3569 3500 3795 3562 Historia

2191 3600 2539 3672 fragmento,
2572 3600 2856 3655 admonuit
2887 3608 3100 3669 gentem
3139 3604 3390 3656 nostram
3417 3604 3479 3655 ut
3509 3599 3646 3653 irent
3670 3592 3796 3648 Jeru-

2185 3690 2377 3757 salem,
2410 3691 2788 3760 expugnaturi
2815 3689 3076 3758 gentilem
3115 3687 3408 3760 populum,
3441 3688 3537 3760 qui
3562 3683 3796 3740 civitatem

2189 3779 2349 3834 illam
2371 3782 2422 3834 et
2452 3785 2618 3834 totam
2646 3785 2852 3834 terram
2891 3777 3330 3834 Christianorum
3372 3791 3544 3849 usque
3574 3771 3797 3830 Constan-

2185 3868 2474 3939 tinopolim
2501 3871 2871 3938 occupaverat.

2258 3955 2407 4020 Quid
2436 3955 2618 4028 igitur
2648 3955 2862 4010 mirum
2894 3958 2980 4010 est
3011 3955 3061 4011 si
3092 3959 3256 4011 tanto
3314 3959 3553 4026 tamque
3599 3939 3797 4021 urgenti

2185 4044 2527 4103 Christiana
2570 4043 2899 4116 reipublica
2953 4043 3209 4115 periculo
3251 4042 3560 4100 subvenire
3587 4036 3798 4094 conatus
3869 4113 3872 4119 Δ

2184 4132 2359 4190 fuerit
2403 4132 2734 4188 communis
2780 4132 3247 4188 Christianorum
3301 4137 3468 4205 pater
3513 4133 3570 4186 et
3609 4127 3798 4200 pastor.

2183 4220 2436 4277 maxime
2481 4238 2617 4277 cum
2648 4221 2720 4277 ab
2770 4237 2837 4277 eo
2886 4221 3012 4292 ipse
3058 4221 3402 4293 imperator,
3435 4223 3494 4276 et
3521 4207 3796 4274 orientales

2182 4309 2449 4366 Ecclesia
2479 4326 2546 4366 ac
2575 4309 2796 4383 populi,
2830 4308 3114 4365 auxilium
3165 4309 3432 4383 repetitis
3481 4296 3798 4377 frequentis-

2183 4398 2331 4456 sime
2361 4399 2632 4471 precibus
2669 4415 2771 4471 per
2800 4397 3026 4454 litteras
3051 4401 3109 4454 et
3136 4397 3359 4471 legatos
3388 4387 3795 4468 efﬂagitassent.

2182 4489 2240 4546 Id
2258 4504 2459 4544 verum
2479 4503 2607 4543 esse
2632 4503 2746 4542 non
2766 4485 2958 4542 solum
2981 4486 3232 4559 probant
3265 4488 3410 4542 Acta
3453 4479 3794 4542 conciliorum

423 4575 801 4653 postmodum
831 4577 986 4649 apud
1017 4573 1222 4633 omnes
1243 4575 1511 4644 invaluit,
1541 4577 1905 4632 occasionem
1935 4594 2073 4650 pra-
2100 4581 2152 4648 D
2180 4576 2498 4637 Placentini.
2527 4580 2586 4631 et
2613 4575 3072 4642 Claromontani,
3095 4576 3196 4631 sed
3220 4574 3334 4648 ipsi
3355 4575 3533 4632 etiam
3579 4561 3797 4653 aequales

424 4664 562 4730 bere
590 4663 798 4739 potuit.

437 4814 446 4818 -
495 4753 708 4826 Prater
733 4753 858 4813 hac
888 4753 1178 4812 Robertus
1222 4753 1294 4809 de
1323 4753 1518 4810 Monte
1545 4752 1607 4808 in
1637 4754 2072 4812 accessionibus

423 4843 502 4916 ad
521 4841 910 4916 Sigebertum,
935 4858 1084 4915 quas
1113 4844 1314 4898 noster
1335 4840 1619 4897 Acherius
1641 4845 1773 4915 post
1811 4842 2070 4899 Guiberti

421 4946 602 5004 opera
644 4931 874 4998 edidit,.
906 4929 1208 4986 decretum
1265 4929 1448 4986 fuisse
1495 4929 1700 4987 scribit
1751 4933 1812 4988 in
1840 4934 2070 4989 cenatio

419 5021 720 5088 Averuemi
773 5017 1088 5075 authentico
1116 5021 1165 5074 et
1217 5019 1676 5088 nominatissimo,
1710 5028 1769 5076 ut
1815 5037 2070 5092 quacun-

420 5125 525 5185 que
579 5110 776 5170 civitas
848 5107 998 5166 Mari
1071 5122 1271 5176 magno
1333 5109 1589 5174 transito,
1650 5127 1685 5163 a
1731 5125 2070 5181 paganorum

419 5204 596 5273 posset
621 5196 810 5255 muti
819 5196 978 5268 jugo,
1017 5197 1139 5252 sine
1157 5196 1278 5250 ulla
1296 5197 1722 5253 contradictione
1739 5197 1838 5252 sub
1866 5206 2072 5254 sancta

419 5284 723 5364 Jerusalem
741 5281 983 5342 dominio
1012 5285 1093 5341 vel
1121 5284 1328 5341 ditione
1352 5286 1674 5358 perenniter
1709 5285 2067 5340 obtineretur.

423 5372 589 5442 Quod
644 5370 819 5430 etiam
871 5371 1045 5446 paulo
1098 5377 1231 5446 post
1295 5373 1355 5428 in
1413 5372 1656 5429 concilio
1711 5371 2069 5430 Antiocheno

423 5460 831 5524 conﬁrmatum
862 5461 935 5520 ab
956 5462 1232 5519 omnibus
1265 5461 1447 5517 fuisse
1476 5463 1747 5516 testatur.
2070 5447 2074 5454 ’

2179 4669 2446 4724 auctores
2476 4663 2806 4730 Bertoldus,
2829 4663 3148 4720 Guibertus
3169 4667 3226 4719 et
3253 4647 3356 4719 alii
3385 4661 3606 4736 passim
3626 4647 3797 4714 testiﬁ-

2181 4758 2408 4809 cantur.
2461 4752 2528 4808 Et
2575 4751 2815 4824 quidem
2869 4751 3171 4807 Urbanum
3203 4752 3272 4808 de
3329 4747 3584 4806 Ecclesia
3611 4740 3797 4832 optime

2179 4841 2288 4898 hac
2332 4842 2634 4898 occasione
2682 4839 2956 4895 meritum
3005 4839 3209 4907 fuisse,
3255 4857 3376 4896 una
3434 4849 3660 4908 semper
3690 4825 3796 4922 fuit

2178 4931 2443 4986 omnium
2493 4929 2802 4996 sententia,
2837 4928 3011 5000 .quod
3067 4927 3301 5000 publice
3354 4931 3635 4985 testatum
3684 4914 3796 4972 fecit

2177 5025 2343 5076 vetus
2375 5017 2676 5090 inscriptio
2715 5017 2890 5088 juxta
2920 5020 3191 5072 sanctum
3223 5017 3460 5074 Petrum
3508 5015 3569 5069 in
3611 5001 3794 5082 palatio

2179 5108 2498 5180 apostolico
2519 5105 2815 5178 insculpta
2845 5105 2936 5162 his
2963 5104 3154 5161 verbis
3180 5122 3194 5162 :

2250 5195 2528 5252 Uaeasus
2560 5196 2629 5264 ll,
2667 5211 2885 5250 auaros
2912 5209 3307 5251 EXPEDITIONIS
3336 5211 3398 5251 IN
3436 5199 3736 5249 max-onus.

2178 5308 2474 5366 CCXXVII.
2519 5309 2600 5381 bis
2653 5308 3000 5381 Claromonti
3031 5309 3280 5365 Urbanus
3331 5301 3790 5381 privilegia-fico

2246 5381 2482 5438 ecclesiis
2539 5379 2670 5450 dat.
2701 5380 2757 5436 S.
2815 5381 3075 5450 Dionysio
3129 5372 3510 5448 Novigehtino.
3543 5372 3789 5450 Μοὶιξςηξο-

2248 5453 2488 5523 Epistola
2531 5451 2601 5506 ad
2645 5440 3198 5522 Gratianopdlitanos.
3230 5440 3360 5508 A'cta
3409 5453 3600 5505 contra
3650 5440 3789 5498 Αηία·

2248 5537 2438 5579 nenses
2446 5563 2458 5577 .

2249 5637 2454 5695 Saluta
2479 5639 2568 5694 est
2596 5635 3052 5696 Claromontana
3070 5638 3333 5711 synodus
3355 5637 3449 5695 die
3473 5651 3526 5692 IV
3549 5622 3788 5690 Kalenda-

2180 5743 2310 5785 rum
2341 5725 2698 5792 Decembris,
2756 5740 2892 5796 quo,
2941 5726 3026 5783 uti
3056 5743 3236 5800 supra
3293 5718 3710 5785 observavimus
3735 5723 3787 5765 οι
