3950 6218
183 356 299 421 185

1797 353 2004 418 νιτΑ.

3485 354 3606 422 £86

181 487 380 550 codice
410 487 737 559 Lamberti,
768 485 1137 564 privilegium
1151 485 1555 550 Atrebatensis
1574 483 1843 548 Ecclesiae
1871 491 1923 558 Α
1955 485 2353 550 Cluniacensis
2377 485 2598 562 ordinis
2622 483 2848 550 celebre
2867 489 3292 559 monasterium
3307 488 3598 560 substitit,

183 597 383 639 coram
416 579 702 638 omnibus
729 580 1037 638 recitatum
1067 584 1246 654 atque
1266 581 1679 637 confirmatum
1712 581 1839 637 fuit.

182 671 502 744 Complura
533 669 652 728 alia
682 669 984 742 privilegia
1011 669 1301 727 concessit
1330 670 1602 727 Urbanus
1636 670 1844 727 diebus

184 760 579 832 sequentibus
610 759 768 832 apud
826 758 1343 826 Clarummontem,
1397 760 1497 816 ubi
1554 777 1742 832 usque
1772 760 1844 816 ad

185 849 412 908 mensis
439 849 782 906 Decembris
805 849 1038 905 initium
1056 850 1341 906 substitit.
1367 850 1469 905 Die
1487 868 1546 906 ιιι
1570 850 1849 906 Kalenda-

186 956 323 996 rum
352 938 771 996 Decembrium
804 939 1169 995 conﬁrmavit
1195 938 1678 996 Cluniacensibus
1720 955 1846 995 mo-

189 1027 520 1084 nasterium
579 1026 778 1084 Sancti
837 1027 1095 1099 Dionysii
1161 1027 1232 1082 de
1277 1027 1614 1099 Novigento,
1678 1027 1849 1097 cujus

189 1115 602 1190 possessiones
633 1115 691 1170 in
723 1115 899 1171 variis
929 1114 1277 1172 dioecesibus
1317 1116 1460 1171 sitas
1503 1115 1846 1188 singillatim

189 1207 478 1263 recenset.
512 1203 732 1261 Eadem
766 1203 860 1259 die
883 1203 1258 1262 Molismense
1287 1204 1734 1271 monasterium,
1755 1204 1849 1260 cui

185 1299 330 1352 tunc
344 1296 592 1351 sanctus
605 1292 893 1349 Robertus
914 1299 1178 1364 praeerat,
1197 1294 1308 1349 sub
1340 1292 1672 1365 apostolicis
1693 1293 1850 1350 sedis

188 1383 380 1444 tutela
411 1383 694 1455 suscepit,
726 1380 886 1438 salvo
911 1381 1297 1454 Lingonensis
1337 1383 1592 1455 episcopi
1642 1383 1853 1439 dioece-

188 1471 323 1530 sani
348 1473 511 1542 jure,
542 1471 617 1530 ad
649 1471 820 1540 cujus
851 1469 1193 1543 petitionem
1221 1471 1477 1543 pontifex
1497 1472 1606 1527 hoc
1628 1471 1853 1544 privile-

190 1560 365 1634 gium
386 1558 704 1618 concessit.
736 1559 982 1631 Scripsit
1011 1576 1244 1631 quoque
1274 1559 1383 1615 hac
1416 1561 1543 1632 ipsa
1594 1559 1687 1617 die
1731 1560 1850 1631 epi-

190 1649 414 1708 stolam
442 1649 516 1706 ad
547 1648 873 1720 Guigonem
907 1648 1201 1716 comitem,
1227 1648 1449 1704 clerum
1483 1653 1538 1705 et
1568 1649 1852 1722 populum

191 1737 649 1810 GratianOpolis,
682 1755 800 1809 qua
827 1754 951 1804 eos,
980 1737 1064 1794 uti
1086 1737 1344 1796 diximus
1371 1739 1544 1806 §2l6,
1579 1739 1854 1794 certiores

192 1828 336 1885 tacit
379 1828 464 1885 .de.
519 1826 968 1884 Salmoriacensi
1027 1827 1504 1884 archidiaconatu
1583 1828 1852 1884 Ecclesia:

192 1915 748 1988 Gratianopolitanae
775 1921 1014 1974 asserto.
1049 1917 1266 1974 Eadem
1316 1915 1457 1972 item
1497 1917 1610 1988 die,
1661 1917 1710 1974 si
1743 1917 1852 1973 Ga-

192 2006 322 2064 rieli
353 2005 576 2062 auctori
605 2004 871 2060 Historize
903 2004 1313 2077 episcOporum
1351 2005 1854 2077 Magalonensium

193 2096 375 2153 fidem
394 2093 902 2161 habeamus,idem
918 2093 1498 2165 pontifexAlexandri
1524 2095 1572 2150 II
1595 2093 1856 2168 diploma

193 2184 254 2241 in
286 2184 540 2256 gratiam
570 2182 876 2238 Bertrandi
908 2181 1343 2254 Magalonensis
1374 2183 1628 2256 episcopi
1651 2185 1853 2239 datum

92 2287 112 2306 ·
194 2277 402 2329 contra
452 2271 687 2328 Petrum
743 2270 978 2326 Aniena:
1036 2271 1308 2328 abbatem
1339 2272 1398 2326 in
1429 2275 1580 2328 Acta-
1625 2273 1852 2328 concilii

195 2361 638 2419 Claromontani
671 2360 871 2416 referri
903 2362 1150 2427 curavit,
1184 2378 1256 2417 ne
1297 2361 1572 2434 deinceps
1621 2361 1856 2419 Aniena;

197 2452 443 2508 abbates
500 2450 1036 2522 quidquamcxtra
1094 2468 1212 2506 sua:
1273 2452 1583 2523 potestatis
1641 2451 1858 2509 limites

198 2541 508 2596 auderent.
537 2540 663 2604 Qua
690 2540 762 2594 de
783 2540 967 2606 re,uti
997 2556 1105 2595 suo
1137 2539 1263 2596 loco
1280 2540 1556 2610 diximus,
1589 2541 1861 2613 querelas

199 2630 272 2686 ad
303 2629 598 2702 synodum
623 2627 784 2684 idem
813 2629 1170 2685 Bertrandus
1202 2628 1517 2685 detulerat.

197 2725 525 2784 CCXXVIII.
559 2726 761 2782 Scribit
790 2727 860 2781 ad
879 2729 1318 2794 Cameracenses,
1354 2727 1855 2784 ad-Ecolismenses.

276 2815 383 2872 Die
423 2815 715 2889 sequenti,
747 2816 804 2870 id
837 2819 925 2871 est
947 2815 1135 2888 pridie
1167 2815 1452 2872 Kalendas
1501 2816 1859 2882 Decembris,

200 2904 466 2978 pontifex
495 2903 734 2976 scripsit
762 2904 834 2960 ad
882 2905 1354 2971 Cameracenses,
1394 2906 1566 2976 juxta
1613 2906 1767 2978 quod
1799 2905 1861 2962 in

201 2995 430 3068 synodo
486 2996 776 3049 statutum
826 2993 1034 3061 fuerat,
1091 2998 1156 3049 ut
1204 3010 1304 3050 eos
1329 2995 1400 3049 de
1452 2996 1744 3051 sententia
1801 2996 1860 3052 in

201 3081 620 3140 Gualcherium
673 3082 974 3138 intrusum
1005 3081 1123 3137 lata
1161 3088 1591 3151 commoneret;
1651 3100 1768 3156 qua
1791 3084 1862 3140 de

207 3189 271 3228 re
302 3170 493 3227 multa
521 3170 796 3244 superius
814 3171 1436 3244 §2tOobservavimus.
1467 3172 1626 3228 Alias
1655 3173 1858 3229 eadem

205 3261 301 3318 die
325 3261 398 3317 ad
427 3258 742 3316 canonicos
774 3259 1202 3316 Ecolismenses
1217 3261 1398 3327 dedit,
1431 3261 1648 3332 quibus
1671 3263 1861 3334 ponti-

207 3351 300 3406 fex
328 3350 383 3405 ei
415 3349 728 3405 confirmat
773 3348 1219 3421 praepositurum
1268 3349 1341 3405 de
1384 3348 1636 3416 Juliaco,
1682 3366 1860 3422 quam

205 3437 411 3495 illisin
444 3452 762 3494 commune
785 3437 1116 3493 viventibus
1169 3438 1497 3494 Ademarus
1549 3439 1862 3512 episcopus

208 3523 599 3584 concesserat.

359 3624 629 3681 CCXXIX.
664 3625 946 3680 Decretum
973 3623 1039 3680 de
1062 3625 1315 3696 primatu
1338 3624 1714 3696 Lugdunensi.

269 3713 561 3771 Kalendis
615 3712 952 3770 Decembris
1007 3713 1146 3769 data
1199 3717 1289 3769 est
1329 3713 1585 3770 celebris
1643 3715 1859 3771 Urbani

200 3801 385 3869 bulla,
411 3801 472 3856 in
503 3817 621 3873 qua
648 3804 780 3872 post
809 3799 1028 3856 relatas
1065 3799 1277 3856 varias.
1304 3801 1764 3858 concertationes
1789 3804 1862 3859 de

196 3891 459 3965 primatu
490 3889 868 3963 Lugdunensi
902 3889 960 3943 in
984 3889 1230 3945 concilio
1255 3889 1509 3956 habitas,
1539 3891 1856 3962 primatum

195 3981 338 4037 huic
368 3978 642 4036 Ecclesiae
697 3977 759 4034 in
783 3981 1034 4051 quatuor
1086 3978 1511 4050 Lugdunenses
1567 3981 1778 4037 asserit
1802 3985 1860 4037 et

195 4069 527 4126 confirmat.
590 4066 694 4122 Cui
769 4065 1098 4122 definitioni
1173 4065 1648 4140 archiepiscopos
1705 4073 1858 4137 octo,

193 4159 505 4231 episcopos
557 4154 881 4228 octoginta,
929 4171 996 4210 ac
1056 4155 1380 4227 nonaginta
1429 4151 1673 4213 abbates
1701 4161 1762 4212 et
1791 4175 1858 4214 eo

195 4245 457 4319 amplius
471 4245 808 4300 interfuisse
822 4243 1148 4299 dicit.Hanc
1165 4243 1387 4299 bullam
1420 4245 1649 4317 primus
1671 4245 1854 4303 illast.

195 4336 408 4392 Petrus
439 4334 520 4390 De
552 4333 748 4389 Marca
801 4331 1021 4404 publici
1053 4331 1208 4404 juris
1265 4333 1420 4388 fecit.
1477 4334 1759 4391 Caeterum
1790 4353 1860 4394 ex

195 4423 475 4480 Orderico
502 4421 680 4477 Vitali
710 4421 810 4477 lib.
843 4437 900 4476 ιιι
929 4419 1263 4493 colligimus
1292 4422 1602 4494 synodales
1631 4422 1858 4482 litteras

192 4512 265 4567 ad
301 4510 577 4567 absentes
599 4508 903 4582 episcopos
933 4507 1184 4581 scriptas
1215 4508 1398 4565 fuisse
1448 4511 1685 4568 nomine
1716 4529 1857 4569 con-

1953 582 2200 655 qiusque
2224 581 2530 638 ecclesiam
2560 578 2813 637 solemni
2843 579 2958 638 ritu
3006 581 3308 649 dedicavit,
3358 581 3447 638 uti
3476 581 3604 656 ipse

1953 676 2202 727 testatur
2230 671 2288 726 in
2321 670 2482 726 bulla
2514 672 2647 742 post
2677 669 2899 742 aliquot
2913 669 3039 727 dies
3067 669 3405 726 data.’l‘anti
3436 670 3605 726 bene-

1955 762 2071 817 ﬁcii
2103 777 2391 817 memores
2421 759 2531 816 loci
2591 759 2750 817 illius
2799 759 3073 817 monachi
3122 775 3333 816 nomen
3388 759 3602 816 Urbani

1956 867 2088 906 cum
2121 849 2308 922 elogio
2339 849 2396 904 in
2427 866 2534 905 suo
2565 848 2902 922 Necrologio
2933 850 3327 914 inseruerunt,
3359 846 3452 904 his
3479 863 3603 905 ver-

1957 941 2090 997 bis:
2129 963 2156 991 ‹‹
2191 957 2247 995 ιν
2278 939 2570 995 Kalendas
2626 937 2897 1010 Augusti,
2929 938 3190 996 ofﬁcium
3237 954 3342 1010 pro
3388 937 3604 994 domno

1957 1029 2191 1086 Urbano
2222 1045 2373 1100 papa
2404 1028 2474 1083 II.
2508 1027 2610 1084 Hic
2623 1025 2970 1084 venerabilis
2995 1031 3052 1082 et
3081 1031 3193 1084 Deo
3223 1027 3440 1100 dignus
3464 1043 3602 1100 apo-

1959 1118 2220 1181 stolicus,
2256 1118 2407 1171 inter
2435 1120 2638 1180 caetera
2668 1115 2989 1172 laudabilia
3035 1133 3210 1188 opera
3240 1133 3370 1185 sua,
3425 1116 3604 1174 etiam

1960 1207 2116 1262 istud
2151 1206 2575 1262 monasterium
2605 1221 2967 1278 cummagna
2991 1207 3335 1262 auctoritate
3357 1209 3414 1260 et
3443 1205 3608 1262 devoo

1960 1296 2114 1351 tione
2136 1310 2198 1351 ιιι
2231 1296 2426 1352 Nonas
2446 1295 2780 1352 Decembris
2811 1295 3121 1363 dedicavit;
3153 1295 3210 1351 in
3257 1311 3374 1367 qua
3401 1311 3604 1353 conse-

1962 1384 2238 1444 crationis
2269 1384 2362 1439 die
2393 1401 2497 1456 per
2517 1384 2917 1440 successiones
2943 1388 3297 1456 temporum,
3331 1384 3608 1440 omnibus

1963 1478 2199 1547 peccata
2231 1473 2666 1540 confitentibus,
2699 1476 2755 1528 et
2785 1473 2856 1528 ad
2888 1472 3062 1528 istius
3092 1472 3206 1527 diei
3238 1473 3453 1529 festum
3475 1489 3610 1528 con-

1961 1563 2536 1636 venientibus,atque
2547 1565 2682 1618 vota
2693 1578 2801 1617 sua
2813 1560 3277 1632 persolventibus
3288 1561 3607 1618 maximam

1963 1667 2030 1706 ac
2060 1650 2436 1706 desirabilem
2467 1649 2895 1706 absolutionem
2929 1649 3084 1705 fecit.

1962 1740 2235 1797 CCXXXI.
2271 1742 2488 1796 Brivate
2514 1738 2993 1811 privilegiumrdat
3040 1737 3318 1794 Cluniaco.
3369 1739 3614 1796 Alterum

2595 1810 2976 1884 Compostellaz.

1886 1861 1933 1928 Β
2037 1902 2174 1956 Inde
2205 1902 2513 1966 Brivatem,
2669 1861 3148 1957 vvetus
3166 1898 3417 1962 habetur
3443 1915 3615 1956 cano-

1963 1990 2544 2063 nicorum,quivulgo
2563 1989 2806 2046 comites
2819 1993 3256 2061 nuncupantur,
3279 1986 3611 2060 collegium,

1964 2096 2310 2154 progressus
2368 2078 2645 2152 pontifex,
2700 2077 2782 2135 ibi
2842 2081 3050 2156 quarta
3104 2077 3198 2133 die
3255 2075 3612 2156 Decembris,

1966 2153 2262 2232 ecclesias,
2297 2168 2503 2224 altaria
2530 2172 2587 2224 et
2643 2153 2900 2223 decimas
2943 2183 3069 2239 quae
3130 2153 3614 2222 Cluniacensibus

1967 2258 2272 2314 monachis
2293 2258 2580 2313 hactenus
2614 2258 2750 2312 data
2779 2256 3031 2320 fuerant,
3064 2254 3282 2327 insigni
3332 2254 3613 2328 rescripto

1965 2351 2168 2404 sancto
2200 2347 2430 2420 Hugoni
2487 2344 2870 2401 confirmavit.
2930 2344 3047 2399 Hac
3095 2343 3224 2414 ipsa
3253 2343 3345 2400 die
3391 2342 3615 2400 bullam

1967 2435 2213 2491 indulsit
2255 2433 2591 2490 Dalmachio
2641 2434 2913 2506 episcopo
2961 2430 3451 2504 Compostellano,
3513 2431 3615 2504 qui

1966 2523 2212 2580 concilio
2239 2523 2588 2580 Arvernensi
2617 2537 2877 2596 praesens
2907 2520 3191 2588 adfuerat,
3225 2520 3469 2591 ejusque
3491 2537 3617 2577 suc-

1966 2613 2300 2670 cessoribus
2331 2612 2696 2684 inscriptam,
2751 2625 2866 2682 quo
2915 2607 3232 2682 diplomate
3277 2607 3615 2670 cathedram

1967 2702 2359 2775 episcopalem
2390 2718 2516 2773 quae
2547 2701 2670 2757 Iriaa
2719 2698 3000 2755 hactenus
3050 2697 3411 2764 substiterat,
3456 2701 3620 2754 Com-

1969 2790 2276 2866 postellam
2287 2789 2659 2846 transtulitin
2691 2787 2976 2845 honorem
2993 2787 3177 2844 sancti
3207 2786 3428 2857 Jacobi,
3449 2788 3617 2859 cujus

1970 2897 2182 2954 corpus
2213 2880 2293 2937 ibi
2325 2878 2609 2937 asservari
2648 2880 2776 2951 jam
2825 2878 3009 2936 multo
3053 2881 3224 2932 antea
3253 2876 3615 2956 credebatur.

1969 2971 2118 3026 Tum
2165 2986 2311 3025 novo
2369 2969 2521 3025 hanc
2571 2967 2879 3024 ecclesiam
2934 2965 3234 3039 privilegio
3299 2966 3616 3035 exornavit,

1971 3059 2280 3115 statuendo
2310 3057 2548 3126 scilicet;
2582 3061 2646 3112 ut
2675 3057 2804 3128 ejus
2835 3055 3098 3123 antistes,
3141 3053 3372 3112 nullum
3414 3058 3622 3128 praeter

1974 3148 2302 3204 Romanum
2328 3146 2663 3219 pontificem
2695 3145 3211 3217 metropolitanum
3259 3148 3617 3216 agnosceret.

1894 3229 1938 3297 C
1976 3239 2098 3302 Quo
2131 3241 2324 3292 tamen
2357 3236 2417 3290 in
2447 3235 2634 3312 gradu
2665 3234 2821 3290 haud
2852 3233 2951 3288 diu
2976 3231 3240 3288 substitit
3269 3231 3622 3304 Compostel-

1971 3323 2108 3381 lana
2161 3324 2438 3392 Ecclesia,
2483 3341 2610 3397 quae
2665 3324 2795 3396 jure
2826 3326 2885 3378 et
2939 3320 3225 3393 dignitate
3280 3321 3620 3406 metropolis

1972 3414 2146 3488 paulo
2178 3418 2310 3486 post
2334 3417 2504 3468 aucta
2533 3411 2645 3489 fuit
2673 3430 2708 3467 a
2758 3410 2976 3467 Calixto
3008 3409 3101 3488 .II,
3135 3410 3304 3481 cujus
3361 3425 3430 3465 ea
3458 3410 3530 3467 de
3561 3426 3622 3466 re

1970 3502 2174 3560 litterae
2205 3505 2436 3559 exstant
2469 3517 2621 3556 anno
2652 3500 2793 3556 4124
2824 3500 2992 3556 datis.

1972 3591 2266 3648 CCXXXII.
2299 3590 2357 3647 S.
2389 3591 2538 3646 Flori
2572 3590 2856 3645 ecclesiam
2902 3587 3136 3652 dedicat,
3169 3594 3220 3642 et
3267 3586 3622 3656 privilegium

2041 3663 2152 3739 dat.
2216 3663 2578 3739 Priailegium
2629 3677 2729 3739 pro
2785 3659 3138 3739 Marc-iniam;
3191 3659 3520 3739 Piper-acum
3558 3658 3622 3739 ﬁt

2038 3735 2280 3862 gbbpaltia.
2314 3729 2452 3790 Mors
2510 3729 2738 3790 Joannis
2796 3730 3032 3803 episcopi
3096 3729 3417 3785 Portucnsis
3472 3729 3621 3801 apud

2083 3849 2094 3860 .
2191 3822 2366 3862 orum.

2039 3894 2259 3950 Relicto
2281 3887 2511 3950 Brivate
2531 3892 2802 3949 Urbanus
2819 3890 2891 3947 ad
2928 3887 3122 3945 Sancti
3152 3887 3321 3944 Flori.
3338 3885 3619 3960 oppidum

1969 3999 2004 4039 a
2033 3984 2328 4056 Stephano
2360 3983 2626 4054 ejusdem
2658 3981 2767 4036 loci
2783 3977 3205 4052 prioreordinis
3218 3975 3618 4034 Cluniacensis

1969 4071 2248 4128 invitatus
2279 4072 2544 4136 accessit,
2576 4070 2794 4142 ibique,
2845 4074 2910 4124 ut
2958 4067 3136 4124 habet
3163 4070 3330 4122 vetus
3384 4065 3614 4134 notitia,

1968 4160 2124 4216 edita
2153 4178 2187 4215 a
2240 4159 2574 4216 Mabillonio
2605 4159 2663 4213 in
2723 4156 3042 4230 appendice
3092 4155 3235 4210 tomi
3284 4154 3361 4210 Vl
3405 4154 3615 4211 Annal.

1969 4248 2498 4312 Benedictinorum,
2532 4263 2696 4302 num.
2719 4248 2810 4312 25,
2833 4244 3140 4302 ecclesiam
3165 4243 3360 4299 Sancti
3382 4244 3619 4300 Martini

1967 4337 2037 4392 de
2093 4335 2546 4409 Aquis-Calidis,
2606 4351 2734 4408 quae
2779 4335 2842 4390 in
2889 4333 3112 4390 conciio
3170 4331 3616 4388 Claromontano

1967 4424 2270 4481 monachis
2297 4423 2491 4478 Sancti
2524 4423 2672 4480 Flori
2706 4425 2908 4478 contra
2929 4421 3214 4494 quosdam
3236 4420 3364 4490 ejus
3382 4417 3619 4474 invaso-

1968 4530 2060 4570 res
2101 4517 2326 4570 asserta
2383 4513 2591 4579 fuerat,
2653 4511 2855 4568 eisdem
2902 4517 3157 4582 perpetuo
3213 4507 3518 4563 habendam
3565 4516 3619 4564 et

189 4599 337 4667 cilii,
367 4598 582 4655 saltem
615 4598 686 4653 ad
716 4614 815 4654 eos
847 4597 948 4669 qui
977 4601 1354 4655 excusatorias
1382 4599 1684 4656 miserant.
1709 4603 1863 4679 Nam:
1884 4603 1935 4666 1]
1957 4602 2342 4676 possidendam
2405 4603 2568 4673 ﬁrma
2622 4603 2960 4657 concessione
3012 4599 3252 4664 donavit,
3311 4600 3364 4653 et
3411 4596 3618 4653 donum

189 4705 329 4747 cum
358 4687 486 4744 Odo
513 4690 571 4743 et
598 4686 697 4742 alii
721 4685 1164 4744 Northmanniaa
1203 4687 1482 4760 praesules
1526 4706 1658 4746 cum
1691 4704 1868 4747 excu-'

188 4779 419 4835 salariis
450 4775 697 4848 apicibus
726 4775 1286 4848 comprovincialum
1317 4779 1538 4849 synodo
1571 4778 1848 4836 interfue-
1871 4780 1914 4844 ’Ϊζ

189 4869 346 4935 rant,
378 4880 504 4921 cum
552 4863 918 4920 benedictione
965 4865 1260 4935 apostolica
1285 4868 1517 4937 regressi
1565 4867 1850 4939 synodales

189 4953 454 5030 epistolas
484 4954 810 5025 coepiscopis
837 4955 952 5008 suis
981 4952 1315 5009 detulerunt.

263 5041 534 5100 CCXXX;
551 5039 803 5120 Urbanus
834 5041 1210 5098 Celsinian‘am
1236 5043 1518 5099 ecclesiam
1542 5043 1775 5101 dedicat.

263 5129 527 5188 Dimisso
557 5119 797 5186 tandem
826 5129 1098 5186 Urbanus
1128 5129 1495 5187 Claromonte
1520 5133 1710 5189 varias
1759 5151 1846 5190 re-

192 5221 422 5296 giones,
455 5223 522 5277 ut
551 5222 710 5276 ante.
743 5217 1059 5275 concilium
1118 5219 1349 5287 fecerat,
1403 5223 1751 5294 peragravit,
1790 5222 1850 5278 in

191 5309 413 5383 quibus
438 5309 720 5367 ecclesias
750 5311 808 5365 et
829 5308 1186 5366 monasteria
1216 5309 1438 5381 passim
1469 5311 1849 5382 consecravit,

191 5399 327 5457 lites
357 5399 620 5468 diremit,
679 5396 946 5453 locorum
1002 5411 1304 5453 sacrorum
1357 5397 1538 5470 quieti
1577 5399 1849 5473 providit,

190 5479 443 5562 concitis
494 5486 840 5554 celebravit,
885 5501 953 5542 ac
1009 5485 1263 5557 denique
1309 5483 1574 5545 omnium
1622 5489 1852 5547 animos

189 5559 561 5655 humanitate
606 5579 667 5632 et
723 5589 956 5630 morum
1012 5573 1346 5631 innocentia
1402 5576 1515 5632 sibi
1572 5577 1847 5634 devinxit.

189 5665 453 5725 Primum
503 5665 600 5722 die
647 5663 836 5720 tertio
895 5662 1224 5720 Decembris
1274 5665 1430 5735 apud
1489 5666 1854 5724 Celsinianas

1962 4691 2103 4747 illud
2126 4692 2219 4747 sui
2242 4691 2526 4761 privilegii
2552 4691 2878 4746 auctoritate
2904 4689 3171 4759 ﬁrmavit.
3205 4684 3353 4740 Illud
3375 4688 3472 4740 est
3499 4685 3615 4740 for-

1915 4799 1930 4817 ·ι
1963 4783 2122 4835 tasse
2151 4777 2544 4850 privilegium,
2603 4778 2761 4850 quod
2811 4777 3016 4833 Petrus
3045 4773 3202 4847 prior
3255 4776 3312 4828 et
3347 4772 3616 4844 ejusdem

1968 4867 2078 4925 loci
2111 4866 2381 4923 monachi
2395 4871 2510 4938 fere
2523 4871 3007 4939 consumptumpro
3021 4866 3109 4920 sui
3135 4863 3314 4917 nimia
3331 4864 3612 4930 votauota,

1967 4957 2365 5014 renovandum
2395 4955 2629 5012 Urbano
2661 4953 2731 5010 IV
2763 4953 3044 5023 obtulere,
3096 4957 3162 5009 ut
3190 4968 3260 5008 ex
3311 4966 3516 5008 eorum
3544 4949 3612 5008 li-

1959 5045 2111 5102 bello
2141 5043 2394 5118 supplici
2425 5043 2749 5100 observavit
2768 5043 2856 5099 vir
2875 5043 2949 5099 cl.
2979 5041 3309 5114 Stephanus
3340 5039 3614 5098 Baluzius

1959 5137 2018 5192 in
2051 5135 2206 5190 notis
2228 5134 2300 5189 ad
2329 5134 2492 5190 Vitas
2513 5135 2650 5207 Pap.
2684 5134 2984 5194 Avenion..
3011 5149 3143 5205 pag.
3176 5133 3302 5187 740.
3334 5128 3611 5187 Neutrius

1962 5222 2293 5296 exemplum
2324 5222 2735 5280 haberelicuit.
2756 5223 2918 5278 Tunc
2937 5226 3131 5278 autem
3162 5218 3613 5294 pontifex,:comi-

1961 5320 2106 5370 tante
2134 5327 2287 5367 sacro
2305 5310 3235 5385 cardinaliumcoltegio,utveteres
3255 5307 3366 5364 loci
3381 5305 3610 5363 schede

1961 5401 2240 5467 referunt,
2272 5401 2560 5457 basilicam
2585 5416 2614 5458 e
2659 5416 2796 5456 novo
2849 5403 3187 5457 exstructam
3239 5396 3509 5454 dedicavit
3541 5397 3607 5450 B.

1958 5491 2275 5561 confessoris
2329 5490 2498 5557 Fieri,
2555 5490 2777 5560 ejusque
2838 5490 3096 5560 reliquie
3145 5489 3268 5558 post
3322 5483 3497 5539 altare
3549 5485 3610 5538 in

1960 5579 2072 5636 loco
2102 5579 2370 5634 eminenti
2420 5579 2674 5650 repositae
2699 5581 2826 5632 sunt
2868 5580 2929 5632 in
2982 5574 3216 5648 capsula
3263 5571 3435 5630 tribus
3470 5571 3609 5625 seris

1960 5668 2152 5726 clausa
2172 5683 2190 5720 :
2215 5667 2369 5737 quod
2401 5667 2496 5723 die
2524 5668 2560 5720 7
2589 5665 2924 5723 Decembris
2950 5666 3170 5722 factum
3218 5661 3398 5722 fuisse
3444 5655 3607 5714 colli-
