3950 6218
351 372 466 440 187

1665 375 1735 440 Β.
1783 374 2076 441 URBANI
2103 375 2172 440 'II
2213 376 2465 441 ΡΑΡιΕ.

3636 373 3772 438 188

349 512 544 588 gimus
573 504 1579 584 exanniversariaejusdedicationis
1601 508 1987 580 solemnitate,
2018 512 2076 581 Α
2103 529 2335 586 scopus,
2370 510 2471 586 qui
2503 515 2642 569 tunc
2673 508 2820 568 forte
2849 504 3042 568 adhuc
3063 506 3124 568 in
3152 508 3444 584 pontificis
3466 510 3757 568 comitatu

347 620 474 678 quae
503 603 613 659 hac
669 601 800 674 ipsa
845 599 938 656 die
987 599 1164 656 etiam
1212 616 1366 656 nunc
1398 599 1458 656 in
1506 599 1609 656 illa
1664 601 1923 670 ecclesia,
1957 619 1992 657 a

341 693 566 750 Joanne
577 691 720 746 XXII
736 690 792 744 in
809 688 1200 762 episcopalem
1216 691 1413 744 sedem
1427 689 1988 756 erecta,celebratur.

342 783 559 838 Eadem
589 779 684 835 die
701 778 1083 852 pontil‘exduo
1118 777 1414 850 privilegia
1458 778 1673 834 ibidem
1707 779 1991 834 concessit

341 871 399 925 in
433 870 681 943 gratiam
711 867 1206 934 Cluniacensium,
1244 883 1424 922 unum
1448 883 1550 938 pro
1573 867 1986 922 sanctimonia-

339 958 494 1014 libus
524 956 996 1014 Marciniacensis
1027 956 1408 1011 Parthenonis
1435 972 1468 1010 a
1498 960 1698 1011 sancto
1747 956 1987 1028 Hugone

339 1046 578 1116 conditi,
625 1044 872 1102 alterum
932 1063 1033 1117 pro
1085 1044 1386 1100 monachis
1434 1044 1983 1112 Celsiniacensibus,

330 1138 457 1210 jam
491 1134 761 1210 superius
792 1152 824 1190 a
855 1134 1023 1190 nobis
1056 1132 1378 1188 laudatum.

409 1226 548 1291 Hac,
593 1225 678 1279 uti
724 1221 1010 1292 conjicere
1067 1221 1221 1290 licet,
1257 1220 1581 1287 occasione,
1632 1220 1984 1287 Bernardus,

337 1314 435 1387 qui
467 1315 578 1370 sub
610 1311 903 1386 praepositi
937 1310 1173 1366 nomine
1206 1310 1462 1382 Piperaci
1495 1309 1791 1364 canonicis
1822 1327 1988 1381 regu-

333 1403 557 1459 laribus
587 1405 1032 1475 praeerat,suam
1049 1398 1366 1455 Ecclesiam
1399 1399 1458 1453 in
1484 1398 1983 1454 abbatiaetitulum

333 1492 475 1564 erigi
508 1491 861 1547 obtinuit.ld
877 1489 1033 1544 enim
1067 1488 1382 1544 abUrbano
1397 1487 1549 1542 circa
1578 1486 1736 1541 istud
1752 1491 1984 1559 tempus

331 1582 552 1637 factum
584 1580 765 1636 fuisse
798 1580 1022 1644 ferunt;
1059 1581 1115 1632 et
1145 1577 1382 1648 quidem
1435 1575 1775 1648 Piperacum
1824 1576 1982 1632 haud

334 1669 506 1742 longe
536 1686 571 1724 a
599 1670 811 1724 Sancto
844 1666 1009 1721 Floro
1041 1665 1315 1721 dissitum
1349 1667 1473 1733 est;
1507 1668 1563 1720 et
1594 1665 1886 1730 Urbanus,
1920 1669 1985 1720 ut

331 1775 403 1814 ex
433 1755 704 1813 Bertoldo
717 1754 1176 1818 observavimus,
1191 1754 1606 1809 canonicorum
1621 1753 1872 1825 regulari
1883 1771 1980 1809 um

333 1845 660 1920 praepositis
677 1843 1030 1949 abbatialem
1044 1842 1300 1910 titulum,
1317 1843 1537 1949 absque
1560 1846 1760 1949 tamen
1785 1841 1977 1949 baculi
2010 1883 2059 1949 Β

334 1952 468 2002 usu,
500 1933 766 1990 indulsit.
798 1933 1100 1988 Urbanum
1134 1948 1268 1987 vero
1300 1930 1643 2003 aliquandiu
1675 1931 1826 2002 apud
1852 1948 1982 1986 san-

333 2029 496 2080 ctum
523 2023 758 2079 Florum
799 2021 1167 2077 demoratum
1224 2020 1406 2076 fuisse
1455 2021 1528 2076 ob
1575 2019 1978 2092 aegritudinem

331 2113 576 2170 Joannis
633 2110 974 2167 Pbrtuensis
1005 2109 1282 2182 episcopi,
1330 2109 1429 2181 qui
1461 2109 1541 2164 ibi
1573 2109 1884 2164 defunctus
1915 2126 1980 2164 ac

332 2200 601 2274 sepultus
632 2198 762 2266 fuit,
794 2197 1109 2254 verisimile
1140 2201 1249 2253 est.
1283 2196 1443 2252 Certe
1486 2197 1660 2252 etiam
1695 2214 1850 2252 nunc
1894 2198 1977 2251 vi-

333 2290 484 2346 situr
509 2287 753 2344 Joannis
785 2286 944 2342 illius
958 2285 1293 2358 sepulcrum
1307 2287 1364 2340 in
1379 2287 1613 2342 dextera
1626 2285 1978 2342 cathedralis

330 2377 586 2436 ecclesiae
617 2377 708 2432 ala
736 2376 888 2431 inter
919 2375 1170 2448 primam
1203 2377 1260 2430 et
1289 2376 1610 2431 secundam
1641 2373 1978 2432 columnam

330 2467 612 2541 positum,
645 2466 746 2522 sed
779 2465 1002 2536 absque
1034 2463 1172 2533 ulla,
1206 2463 1290 2518 uti
1335 2463 1479 2519 mihi
1529 2469 1818 2520 assertum
1869 2469 1976 2530 est,

327 2556 727 2629 inscriptione.
763 2553 1182 2610 Monasterium
1201 2552 1393 2608 Sancti
1425 2553 1575 2608 Flori
1601 2556 1980 2609 sanctissimus

333 2647 600 2712 Urbanus,
633 2644 718 2700 uti
749 2645 807 2698 in
841 2660 1021 2715 supra
1051 2642 1285 2697 laudato
1314 2641 1512 2698 libello
1542 2641 1812 2709 habetur,
1864 2661 1978 2699 non

330 2734 523 2792 solum
555 2733 629 2789 ob
660 2731 846 2787 sancti
880 2729 1031 2786 Flori
1070 2731 1427 2801 devotionem,
1479 2735 1535 2786 et
1562 2733 1982 2788 consecrationis

327 2824 458 2895 ejus
489 2819 599 2877 loci
629 2837 663 2874 a
691 2836 752 2875 se
779 2820 938 2874 facta:
970 2821 1334 2875 reverentiam
1374 2818 1677 2892 privilegio
1719 2821 1977 2888 donavit,

327 2911 426 2968 sed
463 2908 638 2965 etiam
665 2925 767 2980 pro
813 2907 1098 2964 dilectione
1124 2909 1243 2962 veri
1295 2909 1477 2964 Patris
1525 2911 1751 2964 Joannis
1795 2909 1977 2964 cardi-

325 3000 475 3054 nalis
502 2998 739 3068 episcopi
766 2998 1080 3052 Portuensis
1109 2995 1326 3052 ibidem
1364 2999 1643 3065 tumulati,
1694 2997 1978 3070 singulari

327 3087 546 3143 aﬂ‘ectu
578 3085 1064 3158 prosequebatur.

325 3191 649 3251 CCXXXIII.
686 3192 942 3276 Urbanus
957 3194 1208 3319 ponti/ea;
1235 3192 1515 3248 Auriliaco
1559 3196 1779 3248 transit.
1824 3193 1974 3248 Mau-

813 3281 938 3319 ricii
969 3267 1082 3318 Bur
1122 3281 1200 3319 m2
1241 3267 1478 3319 fortuna.

813 3265 942 3320 ricii
969 3265 1204 3319 Burdini
1239 3267 1478 3335 fortuna.

394 3351 696 3409 Urbanum
757 3355 960 3425 postea
1005 3350 1364 3407 Auriliacum
1425 3351 1638 3408 adiisse
1684 3369 1751 3407 ex
1797 3353 1974 3408 veteri

324 3441 608 3498 Chronico
631 3442 898 3514 ejusdem
927 3439 1040 3496 loci
1081 3444 1240 3496 tomo
1268 3441 1313 3496 II
1361 3440 1620 3497 Analect.
1673 3441 1972 3497 Mabillon.

323 3529 477 3586 edito
505 3529 812 3597 discimus,
843 3530 902 3585 in
934 3545 1050 3601 quo
1080 3529 1203 3584 haec
1225 3529 1479 3602 legimus
1509 3530 1580 3585 de
1604 3530 1770 3585 Petro
1795 3529 1976 3586 Solia-

319 3619 501 3686 censi,
533 3620 799 3690 ejusdem
825 3617 1363 3689 monasterii,quod
1395 3635 1462 3674 ex
1493 3618 1866 3674 Benedictino
1881 3636 1973 3675 or-

318 3707 454 3765 dine
486 3709 726 3764 tandem
758 3707 830 3762 ad
858 3705 1168 3762 saeculares
1215 3705 1524 3762 canonicos
1556 3707 1784 3773 defecit,
1833 3711 1973 3763 tunc

317 3796 565 3852 abbate:
613 3797 710 3850 Hic
769 3794 1049 3851 Urbanum
1100 3810 1303 3865 papam
1356 3798 1477 3864 post
1533 3795 1974 3852 Claromontense

316 3883 633 3951 concilium,
661 3883 755 3938 cui
785 3882 940 3937 idem
990 3881 1174 3937 abbas
1217 3882 1580 3950 interfuerat,
1633 3883 1974 3940 Auriliacum

317 3972 552 4028 devexit.

390 4061 532 4117 Inde
554 4057 928 4116 Lemovicum
962 4057 1324 4131 provinciam
1357 4059 1659 4132 ingressus
1689 4062 1967 4134 pontifex,

319 4150 617 4216 Uzeroam,
650 4147 933 4202 invitante
949 4147 1206 4203 Gerardo
1234 4147 1464 4213 abbate,
1496 4147 1748 4221 divertit,
1771 4149 1971 4222 ibique

319 4237 660 4294 monasterii
692 4235 997 4292 ecclesiam
1005 4237 1340 4308 juxtaquod
1373 4237 1422 4292 ei
1441 4237 1628 4294 fuerat
1649 4238 1966 4311 pollicitus,

316 4327 585 4383 dedicare
614 4324 1015 4393 constituerat;
1050 4325 1124 4381 ad
1156 4325 1456 4381 Urbanum
1505 4327 1577 4382 ab
1625 4343 1691 4383 eo
1722 4329 1967 4385 consilio

315 4413 684 4472 Humbaldus
741 4413 1050 4487 episcopus
1106 4413 1553 4479 Lemovicensis,
1596 4415 1792 4470 nescio
1850 4432 1967 4488 qua

2099 605 2244 670 erat,
2275 603 2572 658 hominem
2605 599 2961 657 industrium
2993 604 3050 656 et
3079 604 3284 673 aptum
3315 601 3387 657 ad
3418 616 3636 673 magna
3655 617 3759 658 ne—

2097 692 2251 762 gotia
2281 691 2888 764 gerendainvenisset,
2921 689 2973 746 ei
3005 694 3282 746 utsecum
3313 690 3373 746 in
3403 689 3754 762 Hispaniam

2097 781 2374 836 transiret
2403 781 2710 852 persuasit.
2746 780 2894 846 Quid
2918 780 3066 835 deeo
3098 783 3300 851 postea
3329 780 3550 835 factum
3575 779 3758 835 fuerit

2098 885 2300 924 omnes
2329 873 2562 924 norunt.
2579 869 2632 925 Is
2663 885 2871 941 nempe
2887 872 3015 940 post
3027 869 3329 924 obtentum
3343 867 3754 941 episcopatum

2095 957 2666 1022 Conembricensem,
2717 957 3121 1013 Braccarensis
3166 956 3506 1029 metropolis
3545 957 3753 1012 sedem

2095 1047 2361 1119 adeptus,
2395 1063 2460 1102 ac
2491 1046 2774 1120 legatione
2792 1045 3110 1118 apostolica
3140 1045 3480 1111 honoratus,
3505 1046 3753 1102 demum

2095 1135 2168 1190 ab
2213 1135 2457 1191 Henrico
2516 1136 2868 1208 imperatore
2925 1139 3128 1190 contra
3184 1133 3480 1191 Gelasium
3532 1150 3752 1206 papam

2096 1224 2396 1280 Romanus
2448 1224 2704 1298 pontifex
2762 1225 2955 1280 dictus
2999 1227 3107 1290 est,
3141 1227 3198 1278 et
3244 1224 3533 1280 famosam
3564 1223 3749 1279 vitam

2094 1319 2226 1385 post
2253 1313 2443 1370 varias
2475 1314 2760 1382 fortunas,
2795 1314 3009 1368 misero
3038 1313 3274 1368 tandem
3305 1311 3484 1380 exitu,
3527 1311 3589 1367 in
3620 1328 3749 1367 car-

2095 1419 2222 1458 cere
2254 1402 2558 1458 conclusit.
2621 1403 2730 1458 Sed
2782 1403 2853 1457 ad
2912 1401 3210 1458 Urbanum
3274 1400 3462 1457 redire
3491 1405 3746 1472 oportet,

2093 1492 2193 1562 qui
2225 1496 2372 1548 teste
2401 1491 2678 1548 Gaufrido
2725 1492 2915 1562 priore
2960 1489 3226 1546 Vosiensi
3285 1493 3345 1545 in
3401 1493 3536 1562 festo
3565 1493 3750 1546 sancti

2099 1581 2331 1647 Thomas,
2391 1581 2612 1637 scilicet
2669 1581 2761 1636 die
2789 1582 2852 1635 21
2913 1580 3091 1650 hujus
3150 1579 3392 1647 mensis,
3458 1581 3746 1637 Uzerchiae

2091 1671 2392 1741 hospitatus
2447 1678 2542 1724 est.
2595 1671 2783 1740 Atque
2841 1669 2976 1724 inde
3035 1669 3350 1740 profectus,
3411 1668 3748 1724 Lemovicas

2092 1761 2224 1828 post
2253 1758 2498 1813 biduum
2554 1756 2821 1813 advenit:
2855 1757 2996 1829 quid
3049 1772 3182 1812 vero
3213 1755 3272 1809 in
3303 1772 3371 1811 ea
3421 1755 3566 1811 urbe
3597 1772 3749 1827 prte-

2092 1847 2303 1902 stiterit
2332 1863 2400 1902 ex
2431 1845 3020 1902 GaufrediVosiensis
3037 1844 3320 1901 Chronico
3343 1847 3509 1915 parte
3538 1861 3578 1910 ι,
3613 1861 3746 1916 cap.

2087 1937 2178 2001 27,
2210 1940 2366 1992 tomo
2398 1936 2446 1991 Il
2490 1935 2721 1990 Bibliot.
2777 1934 3098 1990 Labbeana:
3149 1933 3362 1989 referre
3401 1933 3594 2003 juvat,
3644 1932 3746 1988 ubi

2089 2021 2173 2077 sic
2202 2021 2406 2077 habet:

2088 2127 2410 2183 CCXXXIV.
2470 2127 2675 2184 Urbani
2729 2134 2873 2198 gesta
2932 2126 3079 2198 apud
3124 2128 3449 2183 Lemovicas.
3509 2126 3566 2181 S.
3602 2126 3746 2180 Mar-

2676 2200 2827 2254 tialis
2857 2199 3144 2254 dedicatio.

2163 2290 2380 2343 Decimo
2433 2288 2699 2344 Kalendas
2753 2289 3015 2344 Januarii
3081 2287 3353 2344 Urbanus
3428 2288 3746 2343 Lemovicas

2087 2376 2318 2432 devenit.
2366 2377 2428 2432 In
2477 2377 2789 2433 festivitate
2843 2375 3067 2432 Natalis
3125 2376 3364 2443 Christi,
3416 2378 3649 2432 missam
3677 2376 3745 2432 de

2089 2463 2235 2520 Galli
2256 2474 2421 2520 cantu
2448 2467 2750 2522 Dominij
2787 2466 3104 2522 Nativitatis
3152 2468 3212 2520 in
3253 2465 3483 2521 ecclesia
3519 2465 3743 2536 puclla-

2087 2569 2213 2607 rum
2242 2558 2452 2610 sanctae
2480 2554 2685 2620 Mariae,
2717 2569 2843 2624 quae
2863 2554 3069 2609 dicitur
3097 2554 3168 2608 ad
3206 2554 3492 2623 Regulam,
3544 2552 3745 2609 nobile

2088 2645 2177 2696 est
2206 2641 2628 2697 monasterium
2660 2642 2883 2698 ordinis
2912 2641 3272 2698 Benedictini
3302 2642 3587 2697 hactenus
3607 2641 3747 2697 sub—

2089 2729 2327 2796 sistens,
2357 2730 2682 2786 decantavit.
2715 2731 2934 2786 Missam
2961 2731 3025 2786 de
3054 2732 3172 2786 lure
3200 2733 3260 2785 in
3290 2731 3519 2785 basilica
3559 2731 3747 2800 regali

2087 2819 2233 2891 apud
2285 2823 2548 2876 Sanctum
2609 2820 2923 2875 Martialem
2979 2820 3302 2876 celebravit:
3360 2819 3489 2874 inde
3545 2821 3741 2874 trium-

2082 2908 2323 2980 phaliter
2350 2912 2636 2964 coronatus
2666 2909 2738 2964 ad
2765 2909 2942 2965 sedem
2973 2910 3324 2980 apostolicam
3352 2908 3737 2980 episcopalem,

2087 2997 2170 3052 sic
2196 2996 2588 3053 cathedralem
2619 2997 2926 3053 ecclesiam
2957 2997 3230 3070 appellat,
3263 2997 3419 3066 quod
3463 3001 3742 3053 sanctum

2087 3085 2412 3142 Martialem
2442 3086 2700 3157 primum
2723 3087 2852 3157 ejus
2883 3085 3038 3142 sedis
3058 3086 3398 3158 episcopum
3430 3085 3588 3140 inter
3602 3101 3743 3158 apo-

2087 3174 2266 3230 stolos
2297 3191 2682 3230 annumerare
2712 3175 3007 3247 gaudeant
3037 3175 3502 3242 Lemovicenses,
3549 3173 3738 3241 rediit,

2003 3247 2048 3315 (ἶ
2084 3265 2180 3320 ubi
2226 3267 2442 3337 reliqua
2481 3266 2842 3321 solemnitatis
2889 3265 3074 3337 ofﬁcia
3127 3266 3357 3336 peregit.
3402 3265 3590 3319 Altera
3626 3264 3735 3331 die,

2083 3371 2198 3426 quae
2222 3359 2300 3411 est
2327 3359 2444 3427 post
2472 3356 2669 3425 festum
2697 3355 3094 3421 Innocentium,
3142 3353 3513 3409 cathedralem
3554 3353 3725 3408 eccle-

2082 3445 2226 3500 siam
2283 3447 2343 3499 in
2395 3447 2594 3500 honore
2647 3445 3066 3515 protomartyris
3120 3441 3382 3514 Stephani
3436 3440 3732 3508 dedicavit,

2080 3535 2323 3605 sequenti
2335 3533 2423 3588 die
2450 3534 2673 3605 quievit.
2737 3530 2926 3587 Pridie
2979 3531 3249 3586 Kalendas
3291 3531 3552 3586 Januarii
3584 3530 3735 3585 basi-

2083 3623 2248 3677 licam
2276 3623 2535 3690 regalem,
2561 3619 2785 3676 scilicet
2813 3619 3150 3675 monasterii
3197 3619 3398 3674 Sancti
3447 3618 3739 3675 Martialis

2083 3715 2148 3765 ut
2169 3711 2295 3782 jam
2327 3727 2393 3766 su
2403 3727 2507 3781 pra
2517 3725 2645 3764 eam
2661 3707 3140 3781 appellaverat,in
3151 3709 3411 3763 honorem
3431 3707 3740 3764 Salvatoris

2079 3799 2276 3854 mundi
2325 3800 2675 3864 consecravit,
2737 3798 2960 3869 ejusque
3031 3799 3325 3868 antiquam
3397 3797 3732 3864 libertatem,

2078 3888 2422 3959 nobilemque
2447 3887 2873 3959 praerogativam
2927 3888 3086 3942 novis
3134 3886 3449 3957 privilegiis
3505 3885 3737 3942 robora-

2078 3978 2176 4031 vit.
2201 3974 2417 4030 Urbani
2447 3974 2610 4030 bulla
2634 3975 2704 4030 de
2726 3974 3043 4048 privilegiis
3075 3971 3575 4030 SanctiMartialis
3604 3979 3740 4046 post

2078 4063 2301 4135 aliquot
2331 4079 2565 4119 menses
2579 4063 2734 4136 apud
2751 4064 3039 4120 Santonas
3052 4064 3190 4120 data
3207 4063 3335 4118 fuit.
3353 4062 3516 4118 Istud
3539 4069 3738 4118 autem

2079 4151 2500 4207 monasterium
2533 4169 2564 4207 e
2608 4151 2979 4209 Cluniacensi
3035 4152 3240 4208 ordine
3297 4151 3369 4206 ad
3420 4150 3740 4207 canonicos

2077 4239 2385 4299 saeculares
2398 4239 2733 4296 devolutum
2747 4245 2856 4297 est.
2888 4241 2998 4298 Sed
3029 4239 3302 4298 Gaufredi
3333 4237 3737 4296 narrationem

2076 4345 2522 4403 prosequamur.
2553 4350 2582 4379 ‹‹
2613 4329 2778 4397 Huic,
2813 4329 3028 4402 inquit,
3061 4327 3258 4386 Sancti
3289 4327 3579 4384 Martialis
3627 4329 3738 4385 de-

2075 4419 2374 4485 dicationi,
2407 4435 2534 4490 quae
2566 4422 2799 4490 peracta
2839 4423 2929 4474 est
2975 4435 3128 4474 anno
3179 4416 3492 4474 Dominicis
3544 4417 3741 4474 Incar-

313 4504 562 4572 ratione,
621 4503 898 4560 avocavit.
960 4504 1128 4560 Forte
1180 4503 1334 4576 quod
1401 4501 1696 4558 Natalium
1749 4503 1965 4560 Christi
2073 4506 2249 4562 tionis
2281 4507 2438 4574 1095,
2473 4506 2863 4562 interfuerunt
2903 4506 3100 4578 plures
3146 4504 3425 4578 episcopi,
3477 4521 3735 4577 quorum

311 4592 600 4651 solemnia
655 4593 812 4666 apud
872 4592 1206 4649 Lemovicas
1263 4609 1298 4648 a
1352 4591 1628 4664 pontiﬁce
1685 4592 1965 4650 celebrari
1996 4615 2045 4680 D
2075 4595 2315 4652 nomina
2345 4593 2576 4651 silentio
2609 4611 2724 4650 non
2759 4599 2900 4650 sunt
2955 4595 3226 4668 tegenda.
3281 4594 3448 4667 Hugo
3495 4595 3736 4668 Lugdu-

310 4687 568 4756 cuperet.
604 4682 1123 4755 Urbanusquippe,
1149 4685 1214 4737 ut
1235 4697 1370 4737 mox
1400 4680 1759 4750 dicebamus,
1791 4682 1966 4755 paulo
2078 4685 2299 4753 nensis,
2330 4684 2700 4740 Audebertus
2732 4683 3134 4750 Bituricensis,
3160 4686 3409 4739 Amatus
3434 4683 3734 4757 Burdega-

310 4773 566 4847 amplius
595 4788 774 4845 quam
833 4771 1160 4827 crediderat
1198 4771 1272 4826 ob
1327 4769 1574 4825 Joannis
1629 4770 1965 4830 Portuensis
2076 4773 2280 4842 lensis,
2315 4773 2630 4838 Robertus,
2689 4789 2792 4828 seu
2825 4773 3020 4844 potius
3077 4771 3388 4828 Daibertus
3447 4771 3734 4840 Pisensis,

308 4861 713 4936 egritudinem
745 4861 804 4915 in
854 4860 1063 4915 itinere
1119 4861 1383 4915 moratus
1438 4861 1548 4914 est.
1594 4858 1678 4915 Ob
1735 4861 1842 4918 hoc
1873 4866 1960 4919 ta-

308 4967 465 5017 men,
499 4950 551 5004 si
582 4948 839 5005 chronici
869 4949 1000 5020 ejus
1029 4947 1139 5004 loci
1187 4946 1507 5003 domestico
1552 4950 1777 5006 auctori
1835 4967 1958 5008 cre-

307 5041 543 5108 damus,
585 5037 877 5094 Gerardus
916 5037 976 5093 in
1026 5035 1366 5108 episcopum
1405 5041 1736 5094 commotus
1765 5041 1960 5096 Adhe-

307 5143 470 5184 maro
501 5125 696 5182 Sancti
715 5125 999 5181 Martialis
1021 5123 1216 5180 abbati
1230 5141 1356 5181 sese
1385 5127 1675 5197 adjunxit,
1693 5145 1726 5182 a
1743 5129 1958 5199 quibus

307 5231 503 5272 coram
530 5214 806 5287 pontiﬁce
835 5219 1146 5269 accusatus
1204 5215 1537 5286 episcopus,
1599 5215 1772 5285 paulo
1805 5222 1954 5287 post,

306 5303 391 5361 uti
423 5302 637 5359 dicturi
669 5319 897 5372 sumus,
923 5319 958 5359 a
985 5319 1095 5359 sua
1125 5303 1260 5359 sede
1291 5302 1552 5372 dejectus
1584 5302 1713 5358 fuit.
1747 5306 1820 5358 At
1849 5303 1955 5360 Ge-

306 5393 517 5449 rardus
540 5407 740 5448 mense
771 5392 1058 5464 sequenti,
1090 5390 1218 5463 ipso
1250 5391 1344 5446 die
1371 5389 1516 5444 festo
1549 5389 1734 5444 sancti
1767 5391 1956 5448 Mauri

305 5481 554 5539 excessit
583 5497 613 5537 e
641 5481 779 5537 vita.
813 5481 1038 5537 Usercaa
1072 5477 1309 5551 quando
1340 5476 1472 5531 illac
1509 5477 1744 5533 transiit
1773 5479 1954 5538 Urba-

307 5587 418 5627 nus
448 5573 588 5625 tunc
638 5570 887 5643 degebat
943 5563 1265 5624 Mauricius
1323 5563 1636 5631 Burdinus,
1687 5567 1814 5637 ejus
1845 5567 1955 5625 loci

306 5658 650 5731 monachus,
685 5673 863 5732 quem
891 5670 1028 5713 cum
1059 5653 1390 5709 Bernardus
1440 5650 1621 5708 Toleti
1671 5655 1954 5732 archiepi-

2073 4861 2399 4936 Rangerius
2449 4860 2820 4933 Rhegiensis,
2878 4861 2940 4916 hi
2997 4877 3200 4917 omnes
3279 4859 3733 4934 archiepiscopi,

2069 4951 2296 5023 primus
2324 4951 2520 5006 Bruno
2551 4949 2899 5022 Signiensis,
2932 4950 3138 5006 Petrus
3187 4948 3590 5019 Pictaviensis,
3630 4952 3737 5006 Ar-

2069 5039 2290 5108 nulfus,
2323 5037 2443 5094 imo
2475 5037 2848 5104 Ramnulfus,
2892 5037 3237 5110 cognomine
3266 5039 3336 5094 de
3380 5037 3733 5105 Barbesillo,

2067 5126 2500 5192 Sanctonensis,
2579 5127 2917 5199 Raynaldus
2996 5126 3512 5200 Petragoricensis,
3577 5127 3737 5202 Βαγ-

2068 5215 2327 5270 mundus
2378 5215 2797 5282 Ruthenensis,
2850 5215 3216 5271 Humbaldus
3266 5214 3734 5280 Lemovicensis,

2065 5302 2128 5360 hi
2157 5317 2362 5358 omnes
2377 5303 2657 5376 episcopi.
2690 5304 2781 5375 Hi,
2799 5307 3112 5377 postquam
3137 5303 3439 5361 Romanus
3470 5306 3739 5377 pontifex

2065 5407 2277 5463 aquam
2311 5391 2704 5461 benedixerat,
2736 5393 2892 5450 circa
2920 5392 3235 5449 basilicam
3265 5409 3429 5449 more
3451 5393 3736 5452 ecclesia-

2065 5480 2210 5538 stico
2223 5480 2911 5554 aspergebant;dominus
2923 5499 3074 5556 papa
3084 5481 3336 5554 propriis
3352 5482 3634 5540 manibus
3643 5501 3738 5541 ve-

2065 5568 2390 5625 nerandum
2419 5567 2602 5625 altare
2614 5571 2992 5640 consecravit,
3012 5571 3378 5641 missamque
3390 5587 3573 5644 super
3584 5573 3735 5630 illud

2065 5656 2406 5715 solemniter
2433 5657 2766 5717 celebravit.
2786 5659 2926 5718 Inde
2943 5660 3015 5717 ad
3028 5659 3458 5717 benedicendos
3476 5662 3735 5735 populos
