3950 6218
157 376 277 442 189

1787 386 1993 452 VITA.

3474 401 3594 471 190

153 508 213 566 in
273 509 588 584 publicum
650 513 962 589 processit,
993 531 1245 592 quorum
1303 523 1469 580 tanta
1524 517 1643 580 illic
1701 527 1824 583 erat
1851 521 1910 594 Α
1935 518 2255 605 GCXXXYI.
2293 520 2537 605 Urbanus
2579 528 2739 605 uaria
2789 524 2883 587 dat
2909 528 3228 605 diplomata.
3259 534 3588 601 Monasterio

156 600 501 671 multitudo,
539 606 607 659 ut
637 605 698 662 in
732 605 977 664 circuitu
1008 609 1280 681 civitatis,
1303 612 1450 668 citra
1478 631 1662 671 unum
1696 615 1825 672 mil-

156 689 400 746 liarium
431 693 677 750 nonnisi
709 695 1017 753 hominum
1048 700 1239 773 capita
1267 701 1632 771 viderentur;
1666 705 1824 761 obla-

153 780 390 836 tionum
432 797 572 838 vero
619 787 788 840 tanta
835 785 1000 859 copia
1049 788 1233 858 ﬂuxit,
1277 795 1344 846 ut
1391 808 1526 850 arca
1573 794 1825 867 sepulcri

155 869 493 941 apostolici,
527 870 586 926 id
619 877 711 928 est
745 873 941 929 Sancti
980 876 1283 948 Martialis,
1317 897 1444 951 quso
1477 881 1649 954 vulgo
1683 883 1824 939 Gau-

154 962 289 1013 teau
323 958 759 1031 appellabatur,
792 969 999 1035 praeter
1028 965 1174 1022 alias
1205 967 1379 1039 plena
1407 970 1824 1027 redundaret.»

155 1046 292 1102 Haec
339 1048 694 1115 Gaufredus,
727 1051 828 1122 qui
878 1053 1050 1124 paulo
1098 1061 1291 1122 antea,
1323 1057 1371 1112 si
1419 1063 1616 1116 tamen
1663 1060 1826 1118 locus

152 1135 257 1191 ille
288 1152 362 1192 ex
392 1136 509 1193 alio
539 1155 654 1194 ms.
689 1145 895 1197 erutus
939 1143 988 1198 ei
1027 1143 1204 1198 tribui
1253 1146 1479 1214 debeat,
1513 1149 1828 1221 scripserat

154 1223 470 1282 Urbanum
503 1227 693 1283 Sancti
735 1229 997 1301 Stephani
1025 1233 1325 1302 ecclesiam,
1356 1243 1408 1291 et
1434 1237 1574 1292 beati
1603 1238 1826 1295 Martini

153 1317 562 1370 monasterium
598 1317 920 1387 dedicasse,
956 1321 1054 1375 ubi
1088 1339 1192 1394 pro
1238 1323 1427 1379 Sancti
1467 1326 1707 1392 Martini,
1743 1328 1820 1384 le-

155 1404 428 1475 gendum
475 1405 630 1461 haud
690 1407 864 1463 dubie
921 1409 1109 1466 Sancti
1162 1412 1446 1482 Martialis,
1482 1433 1822 1491 quanquam

154 1493 319 1565 apud
379 1494 714 1550 Lemovices
769 1496 1054 1554 habeatur
1112 1518 1341 1574 quoque
1398 1507 1822 1566 monasterium

156 1581 382 1637 Sancto
423 1583 676 1638 Martino
722 1601 974 1642 sacrum.
1007 1590 1079 1643 At
1111 1588 1255 1646 nihil
1292 1593 1602 1667 utrobique
1649 1597 1823 1653 habet

157 1669 232 1724 de
265 1671 638 1727 dedicatione
669 1673 890 1728 Sanctae
923 1676 1114 1731 Mariae
1148 1679 1219 1734 de
1250 1680 1490 1754 Regula,
1526 1700 1702 1756 quam
1735 1690 1819 1740 ta-

158 1774 299 1814 men
335 1759 408 1815 ab
442 1759 694 1829 Urbano,
731 1763 827 1834 qui
855 1765 1093 1836 quidem
1139 1768 1217 1823 ibi
1263 1785 1331 1824 ex
1375 1771 1500 1843 ipso
1531 1773 1820 1830 Gaut‘redo

156 1847 408 1904 missam
445 1849 650 1904 mediae
697 1851 879 1907 noctis
917 1856 1189 1922 cantavit,
1218 1857 1434 1914 factum
1468 1861 1648 1918 fuisse
1680 1864 1817 1936 legi-

156 1954 296 1992 mus
354 1937 418 1993 in
480 1939 712 1996 duobus
748 1942 1041 1999 veteribus
1099 1945 1388 2002 chronicis
1447 1966 1590 2007 mss.
1626 1952 1819 2008 Sancti

156 2025 473 2082 Martialis.

229 2119 518 2172 Ceterum
547 2116 669 2173 haec
692 2119 891 2175 omnia
921 2121 1103 2178 ferme
1124 2123 1330 2180 iisdem
1362 2127 1554 2185 verbis
1585 2147 1821 2186 narran-

155 2209 259 2260 tur
289 2205 349 2259 in
381 2206 559 2261 veteri
585 2207 791 2263 notitia
814 2209 1240 2268 Lemovicensis
1262 2214 1528 2271 Ecclesiae
1561 2235 1628 2274 ea
1657 2219 1728 2276 de
1759 2238 1820 2276 re

155 2293 335 2360 facta,
359 2310 538 2366 quam
572 2300 707 2367 post
733 2296 988 2354 Beslium
1020 2301 1163 2355 varii
1192 2307 1456 2361 auctores
1488 2307 1814 2364 ediderunt.

156 2383 223 2437 In
257 2399 326 2438 ea
357 2383 578 2456 quippe
625 2383 840 2457 legitur
889 2387 1193 2458 pontifices
1246 2407 1450 2449 omnes
1497 2413 1676 2469 supra
1723 2416 1816 2454 re-

158 2470 418 2527 censitos
448 2471 743 2528 Natalium
775 2473 986 2530 Christi
1020 2476 1450 2538 solemnitatem
1484 2484 1660 2540 simul
1683 2504 1818 2543 cum

156 2559 395 2616 Urbano
456 2562 613 2632 apud
678 2563 1006 2620 Lemovicas
1064 2566 1412 2637 celebrasse,
1445 2588 1696 2646 eumque
1745 2577 1817 2631 ad

155 2649 443 2705 Sanctum
476 2649 800 2706 Martialem
827 2657 1082 2722 euntem,
1108 2660 1164 2711 et
1193 2658 1400 2715 exinde
1427 2661 1625 2718 habito
1655 2665 1818 2736 prius

157 2739 228 2793 ad
289 2737 577 2810 populum
637 2756 943 2810 sermone,
1004 2751 1345 2802 coronatum
1406 2750 1476 2804 ad
1537 2753 1816 2823 majorem

158 2827 470 2883 ecclesiam
515 2828 857 2884 redeuntem
901 2831 1210 2889 comitatos
1257 2835 1456 2892 fuisse.
1491 2839 1559 2894 Hi
1591 2857 1816 2908 omnes,

158 2921 225 2971 ut
284 2915 508 2971 ibidem
546 2918 782 2983 dicitur,
817 2919 910 2974 die
966 2926 1129 2977 sexta
1185 2925 1514 2983 Nativitatis
1563 2929 1816 2999 Domini,

158 3021 287 3078 quae
317 3005 381 3060 in
413 3006 777 3062 Dominicam
817 3007 1129 3079 incidebat,
1164 3013 1376 3070 iterum
1421 3033 1555 3073 cum
1590 3018 1820 3075 Urbano

157 3095 227 3149 ad
264 3094 550 3150 Sanctum
595 3095 941 3164 Martialem,
978 3099 1077 3154 ubi
1120 3099 1246 3156 dics
1286 3108 1415 3159 octo
1453 3107 1660 3180 exegit,
1684 3125 1820 3164 con-

150 3186 463 3250 venerunt,
498 3199 753 3255 cumque
803 3184 894 3240 die
953 3191 1218 3259 sequenti
1278 3191 1582 3252 basilicam
1641 3214 1818 3270 aqua,

2005 597 2305 685 Aizgeriaco
2335 597 2556 685 subjicit
2583 599 2911 685 pantacum.
3010 597 3371 685 _Eparch_ium.
3386 597 3588 685 Tinia-

2005 683 2128 723 cum
2159 673 2358 726 tuetur.
2389 671 2656 729 Ecclesias
2687 673 2740 728 S.
2774 673 3018 731 Martiali
3047 671 3242 736 restiui
3267 695 3442 740 curat.

2007 775 2102 830 His
2132 792 2304 846 porro
2353 777 2752 836 solemnitates
2792 781 3091 840 Urbanum
3142 803 3256 843 non
3307 789 3591 864 impedie-

1935 862 2096 930 bant,
2129 865 2446 935 quominus
2480 866 2610 922 aliis
2641 869 2816 925 etiam
2858 873 3107 943 negotiis
3147 862 3410 948 vacaret,
3432 883 3589 953 quod

1935 952 2184 1023 probant
2213 954 2371 1010 varia
2402 955 2530 1026 ejus
2553 956 2874 1028 diplomata
2905 960 2996 1016 his
3028 963 3174 1035 ipsis
3194 966 3401 1024 diebus
3432 952 3588 1028 data.

1934 1040 2014 1095 Ex
2044 1041 2136 1096 his
2167 1059 2352 1098 unum
2385 1048 2474 1099 est
2498 1043 2846 1119 inscriptum
2872 1051 3150 1108 Ausculto
3174 1056 3588 1128 Angeriacensi

1934 1129 2150 1196 abbati,
2185 1133 2276 1186 cui
2327 1132 2567 1202 subjicit
2613 1139 3034 1195 monasterium
3081 1142 3444 1204 Basiacense.
3477 1149 3590 1205 Da-

1933 1222 2058 1274 tum
2110 1224 2197 1275 est
2245 1221 2400 1292 apud
2445 1223 2779 1281 Lemovicas
2809 1226 2901 1282 die
2948 1246 3044 1284 xxv
3072 1232 3199 1287 Kal.
3235 1235 3586 1295 Decembris.

1932 1306 2146 1363 Eodem
2183 1309 2274 1362 die
2305 1313 2362 1364 et
2391 1311 2593 1366 eodem
2627 1311 2751 1369 loco
2783 1315 3022 1389 scripsit
3070 1322 3330 1392 pontifex
3358 1324 3587 1386 litteras

1933 1396 2004 1450 ad
2036 1397 2433 1454 Adhemarum
2475 1400 2930 1459 Ecolismensem
2980 1407 3336 1480 episcopum,
3369 1415 3588 1485 quibus

1931 1484 1982 1540 ei
2014 1485 2291 1560 injungit,
2325 1492 2390 1542 ut
2436 1490 2851 1547 monachorum
2896 1494 3092 1550 Sancti
3125 1484 3401 1570 Eparchii
3443 1519 3586 1573 pra?-

1927 1577 2293 1646 su-mptionem
2325 1578 2625 1648 reprimat,
2659 1580 2757 1650 qui
2805 1581 3003 1637 abbati
3033 1587 3466 1660 Angeriacensi,
3491 1594 3585 1649 oui

1931 1665 2353 1720 monasterium
2386 1683 2587 1722 eorum
2622 1669 2953 1739 subjectum
2986 1689 3113 1729 esse
3146 1675 3416 1747 debebat,
3445 1682 3586 1737 obe-

1929 1751 2052 1807 dire
2085 1753 2504 1822 detrectabant,
2539 1757 2714 1812 etiam
2748 1763 2880 1830 post
2911 1759 3088 1816 latam
3135 1763 3193 1818 in
3227 1781 3332 1829 eos,
3355 1783 3584 1828 excom-

1929 1841 2344 1898 municationis
2412 1846 2782 1902 sententiam.
2855 1848 3027 1905 Porro
3092 1852 3463 1914 Adhemarus
3521 1864 3588 1916 ut

1922 1929 2110 1999 jussis
2141 1930 2456 2002 pontificiis
2487 1933 2701 1990 faceret
2727 1936 2870 1991 satis
2904 1939 3248 1996 Ansculfum
3277 1945 3585 2018 Angeriaci

1929 2017 2199 2074 abbatem
2227 2021 2286 2074 in
2311 2021 2472 2092 ple-no
2500 2025 2765 2096 capitulo,
2801 2025 3107 2084 videntibus
3136 2017 3418 2091 canonicis
3445 2040 3583 2110 suis,

1929 2106 2218 2163 investivit
2246 2109 2316 2165 de
2347 2110 2581 2167 abbatia
2609 2115 2796 2170 sancti
2837 2116 3131 2189 Eparchii,
3161 2123 3376 2181 tradito
3407 2127 3458 2182 ei
3489 2106 3586 2200 pal

1929 2196 2132 2252 storali
2161 2198 2396 2266 baculo;
2445 2204 2502 2254 et
2550 2201 2648 2257 ille
2691 2203 2975 2262 domnum
3024 2208 3326 2282 Hugonem
3381 2196 3584 2282 mona-

1929 2285 2103 2341 chum
2134 2287 2615 2359 Angeriacensem
2667 2291 2725 2346 in
2777 2295 2962 2349 sancti
2997 2296 3263 2368 Eparchii
3311 2302 3583 2362 abbatem

1928 2374 2235 2446 ordinavit,
2261 2380 2324 2431 ut
2353 2376 2412 2431 in
2445 2376 2838 2436 instrumento
2871 2399 2940 2437 ea
2971 2383 3041 2440 de
3073 2402 3134 2440 re
3161 2389 3422 2448 confecto
3455 2410 3585 2449 nar-

1929 2466 2110 2518 ratur.

2000 2553 2116 2607 Hac
2146 2553 2275 2625 ipsa
2295 2554 2410 2621 die,
2430 2572 2470 2610 ιι
2494 2556 2619 2612 Kal.
2643 2556 2930 2627 Januarii,
2950 2578 3066 2633 qua
3090 2565 3274 2619 sancti
3299 2566 3583 2626 Martialis

1928 2641 2230 2697 basilicam
2264 2646 2620 2700 consecravit
2667 2648 2946 2718 pontifex,
2980 2657 3332 2725 prazceptum
3363 2657 3580 2724 ibidem

1928 2729 2088 2785 dedit
2109 2730 2166 2786 in
2191 2732 2439 2804 gratiam
2463 2734 2818 2807 Figiacensis
2841 2742 3202 2808 monasterii,
3218 2743 3580 2819 Caturcensi,

1929 2818 2174 2891 aliisque
2203 2821 2409 2877 vicinis
2447 2823 2738 2896 episcopis
2777 2825 3148 2900 inscriptum,
3173 2832 3451 2892 adversus
3481 2818 3582 2894 eos

1929 2909 2029 2980 qui
2063 2908 2173 2964 loci
2204 2909 2382 2982 hujus
2413 2913 2816 2983 possessiones
2866 2916 3020 2974 male
3067 2918 3422 2979 invaserant.
3457 2927 3581 2992 Quo

1929 2997 2105 3053 etiam
2138 3002 2414 3070 tempore,
2437 3001 2520 3056 uti
2551 3018 2620 3057 ex
2647 3004 2919 3060 Gaufredi
2950 3006 3232 3065 Chronico
3267 3011 3574 3085 discimus,

1928 3103 2070 3158 papa
2105 3087 2350 3144 Urbanus
2380 3091 2656 3146 investivit
2695 3093 3009 3150 solemniter
3035 3099 3314 3155 ecclesiam
3344 3101 3399 3157 S.
3431 3102 3574 3159 Mar-

1931 3177 2083 3231 tialis
2108 3185 2158 3232 et
2187 3177 2437 3233 abbatem
2466 3181 2640 3250 ipsius
2670 3181 3009 3238 Ademarum
3036 3185 3100 3242 de
3128 3190 3352 3244 ecclesia
3393 3191 3580 3250 Sancti

150 3271 222 3325 ab
253 3270 387 3343 ipso
416 3271 692 3342 pontiﬁce
733 3272 898 3343 prius
929 3275 1256 3344 benedicta,
1289 3279 1536 3340 interius
1565 3265 1812 3343 exteriu-
1844 3267 1886 3334 C
1925 3266 2076 3320 Petri
2114 3265 2562 3332 Montaudrensis,
2595 3273 2648 3322 et
2676 3267 2741 3323 de
2763 3272 3005 3327 ecclesiis
3053 3273 3120 3328 de
3165 3275 3405 3334 Saliomo
3451 3297 3577 3338 cum

155 3376 305 3431 sque
353 3359 838 3432 perlustrassent,
869 3362 996 3434 ipse
1033 3366 1234 3422 eadem
1269 3385 1421 3441 aqua
1468 3371 1650 3430 altare
1700 3376 1810 3432 Do-

149 3449 300 3504 mini
358 3448 678 3505 Salvatoris
738 3449 899 3517 lavit,
943 3452 1260 3512 chrismate
1315 3463 1371 3514 et
1430 3460 1554 3518 oleo
1611 3471 1811 3521 sancto

145 3537 449 3609 perunxit,
479 3537 729 3610 pignora
771 3546 1108 3598 sanctorum
1149 3545 1230 3600 ibi
1280 3551 1557 3621 reposuit,
1592 3569 1658 3608 ac
1709 3556 1811 3610 de-

147 3642 340 3691 mum,
375 3629 605 3681 astante
651 3627 962 3685 innumera
1007 3632 1358 3704 populorum
1409 3638 1807 3711 multitudine,

148 3714 339 3770 missa
370 3714 450 3768 ibi
472 3718 726 3781 cantata,
751 3717 998 3773 sancivit
1029 3724 1094 3775 ut
1122 3721 1243 3777 hac
1273 3724 1654 3785 dedicationis
1687 3731 1809 3788 dies

142 3819 184 3857 ιι
217 3802 514 3858 Kalendas
553 3803 817 3860 Januarii
859 3805 1140 3864 solemnis
1182 3810 1250 3869 in
1282 3818 1580 3884 posterum
1613 3820 1811 3893 singu-

143 3891 218 3946 lis
263 3891 442 3946 annis
490 3891 822 3948 haberetur.
872 3895 1031 3951 Hanc
1088 3897 1391 3957 basilicam
1444 3921 1477 3958 a
1523 3891 1809 3966 Ludovico

143 3978 245 4034 Pio
279 3978 423 4034 olim
468 3984 847 4050 exstructam,
882 3985 984 4038 sed
1013 3985 1191 4066 variis
1232 3987 1497 4048 cladibus
1527 3996 1806 4066 attritam,

149 4067 210 4122 in
257 4067 579 4140 pristinum
632 4068 1004 4141 splendorem
1064 4062 1412 4150 restituerat,
1441 4062 1808 4145 Adhemarus

148 4156 284 4226 ejus
312 4155 425 4212 loci
457 4157 660 4225 abbas,
693 4160 868 4231 paulo
907 4167 1220 4235 antequam
1233 4147 1513 4238 --έρῗιιίῖΐθχ
1547 4173 1810 4231 Lemovi-

149 4261 252 4300 cas
279 4245 600 4302 adveniret.

221 4349 522 4426 CCXXXV.
556 4353 803 4409 Urbanus
828 4355 927 4411 hoc
953 4373 1100 4415 anno
1127 4362 1410 4420 Arelatum
1433 4382 1544 4422 non
1573 4369 1733 4426 adiit.

390 4425 644 4498 Episcopi
688 4426 1144 4499 Wirceburgensis
1173 4437 1563 4494 reconciliatio.

219 4512 302 4566 Ex
332 4511 427 4568 his
455 4528 611 4581 vero,
647 4515 862 4587 quibus
904 4517 1004 4572 alii
1054 4521 1230 4576 etiam
1279 4528 1548 4582 auctores
1598 4532 1804 4588 suifra-

1917 3355 2269 3424 pertinentiis
2293 3356 2428 3422 suis,
2461 3355 2558 3410 ubi
2585 3359 2874 3428 requiescit
2917 3376 3108 3431 corpus
3135 3363 3194 3418 S.
3228 3364 3456 3423 Martini
3480 3371 3577 3424 abs

1921 3441 2082 3508 batis,
2113 3441 2266 3496 illius
2315 3442 2588 3512 quondam
2635 3450 2800 3500 terra
2837 3448 3130 3518 principis,
3166 3452 3335 3522 cujus
3387 3457 3575 3512 sancti

1917 3529 2110 3584 Vitam
2146 3534 2405 3600 tempore
2436 3530 3026 3589 Northmannicarum
3053 3536 3460 3598 incursionum
3480 3544 3575 3600 de-

1919 3617 2204 3688 perditam
2237 3617 2419 3674 fuisse
2450 3618 2714 3692 deplorat
2755 3620 2910 3678 idem
2945 3629 3164 3693 auctor,
3193 3626 3252 3681 in
3286 3645 3570 3704 magnum

1917 3707 2182 3778 ejusdem
2215 3707 2554 3763 monasterii
2584 3708 3021 3768 detrimentum.

2165 3812 2477 3870 CCXXXVI
2509 3815 2609 3870 bis.
2643 3817 3004 3887 Privilegium
3033 3822 3326 3881 Tutelan’se.

1988 3903 2154 3956 Anno
2199 3903 2487 3975 sequenti,
2539 3904 2631 3960 die
2677 3907 2934 3964 secunda
2979 3909 3264 3978 Januarii,
3300 3913 3569 3972 Urbanus

1917 3990 2111 4046 adhuc
2157 3991 2557 4072 Lemovicibus
2611 3995 2864 4052 existens
2908 3997 3275 4072 privilegium
3321 4002 3571 4061 indulsit

1917 4078 2212 4135 Willelmo
2245 4070 2540 4137 Tutelensi
2573 4082 2791 4148 abbati,
2821 4101 2934 4156 quo
2964 4070 3411 4159 bona—ejusdem
3443 4109 3568 4150 mo-

1917 4168 2155 4224 nasterii
2188 4170 2298 4224 sub
2319 4169 2648 4241 apostolicae
2671 4173 2828 4228 sedis
2851 4175 3033 4230 tutela
3052 4178 3332 4251 suscipit;
3365 4182 3578 4238 memi-‘

1843 4311 1845 4313 .
1917 4256 2002 4312 nit
2029 4257 2088 4312 in
2121 4274 2186 4312 eo
2216 4258 2473 4329 pontifex
2503 4260 2921 4318 nonnullorum
2950 4265 3205 4322 militum
3237 4268 3294 4323 in
3326 4285 3395 4325 ea
3423 4272 3567 4329 urbe

1915 4345 2425 4415 commorantium,
2446 4348 2519 4403 ob
2551 4347 2706 4404 mala
2735 4367 2845 4406 sua
2874 4352 3133 4409 facinora
3162 4360 3566 4415 excommuni-

1916 4439 2202 4504 catorum,
2229 4452 2480 4506 quorum
2511 4438 2814 4494 occasione
2836 4446 3010 4510 vetat,
3037 4459 3108 4498 ne
3139 4445 3563 4504 monasterium

1915 4524 2112 4595 ipsum
2143 4527 2654 4593 excommunicetur,
2689 4527 2801 4583 nisi
2836 4529 2981 4585 forte
3012 4530 3091 4586 ibi
3140 4533 3212 4586 ad
3262 4533 3455 4592 ofﬁcia
3483 4536 3568 4593 di-

145 4603 386 4672 gantur,
419 4605 582 4672 patet
618 4607 904 4675 quantum
955 4606 1307 4666 aberraverit
1346 4629 1379 4667 a
1417 4630 1548 4670 vero
1586 4618 1806 4676 Bertol-
1835 4638 1883 4702 Ι)
1911 4612 2045 4669 Vina
2076 4613 2561 4669 excommunicati
2585 4613 2668 4669 illi
2701 4617 3168 4675 admitterentur-

146 4689 280 4756 dus,
311 4694 516 4746 auctor
543 4690 691 4747 alias
721 4693 880 4748 omni
926 4697 1260 4770 exceptione
1290 4703 1576 4773 superior,
1614 4709 1714 4779 qui
1746 4711 1802 4767 in

146 4777 434 4834 Chronico
483 4780 724 4852 scripsit
771 4781 1070 4840 Urbanum
1123 4787 1233 4844 hoc
1286 4807 1440 4847 anno
1491 4777 1808 4854 Natibitatis

146 4867 453 4926 Dominicae
488 4869 637 4925 diem
685 4872 894 4928 Arelati
936 4889 1065 4928 cum
1106 4875 1447 4936 diversarum
1487 4886 1804 4954 provincia-

145 4971 272 5010 rum
317 4959 585 5030 episcopis
637 4959 1028 5029 gloriosissime
1080 4965 1395 5024 celebrasse.
1429 4974 1504 5026 At
1559 4972 1695 5030 licet
1741 4976 1800 5032 in

146 5043 255 5099 hoc
295 5046 594 5113 erraverit,
628 5063 745 5102 non
797 5052 994 5105 tamen
1043 5055 1132 5108 est
1179 5055 1228 5110 ei
1261 5056 1603 5130 deneganda
1656 5064 1800 5122 ﬁdes

147 5136 406 5191 narranti
437 5134 981 5209 Wirciburgensem
1013 5141 1372 5214 episcopum,
1408 5149 1509 5218 qui
1541 5150 1590 5206 ei
1623 5155 1802 5224 probe

147 5225 320 5278 notus
351 5227 498 5291 erat,
533 5224 691 5280 circa
724 5225 846 5280 hinc
891 5229 1154 5299 tempora
1197 5230 1414 5290 relictis
1461 5238 1800 5297 schismati-

147 5327 341 5368 corum
395 5313 692 5386 partibus,
727 5313 798 5370 ad
855 5314 1150 5371 Urbanum
1200 5323 1518 5381 accessisse
1566 5329 1799 5388 absolu-

143 5399 355 5458 tionem
415 5403 493 5458 ab
553 5418 624 5458 eo
682 5402 1028 5474 petiturum.
1073 5406 1264 5475 Quam,
1317 5409 1509 5483 inquit
1563 5416 1680 5485 ille,
1732 5424 1800 5477 ab

139 5504 194 5545 eo
221 5495 540 5548 consecutus
588 5498 698 5553 est;
741 5493 824 5546 ita
863 5495 1046 5548 tamen
1085 5502 1146 5550 ut
1189 5496 1377 5553 eadem
1423 5504 1802 5565 misericordia

138 5595 170 5635 a
197 5580 391 5651 legatis
417 5598 586 5655 papae
619 5582 678 5634 in
714 5581 1013 5636 Teutonicis
1052 5583 1302 5652 partibus
1336 5591 1690 5660 perﬁceretur
1717 5599 1798 5652 ei-

2011 4718 2370 4775 CCXXXVII.
2405 4721 2739 4849 Humbzédus
2767 4725 3046 4850 ἱρέα-θρίω
3073 4728 3466 4785 Lemovicensis

2649 4810 2774 4850 Dom
2802 4812 2886 4850 ur.

2641 4810 2886 4864 ponitur.

1983 4878 2250 4934 Ecclesiae
2291 4879 2788 4938 Lemovicensium
2821 4888 2959 4938 tunc
2987 4891 3232 4956 praeerat
3279 4887 3560 4946 Humbal-

1911 4969 2044 5034 dus,
2077 4967 2176 5039 qui
2216 4967 2276 5022 in
2320 4967 2430 5024 hac
2479 4970 2616 5025 sede
2663 4976 2796 5042 post
2837 4973 3028 5029 varias
3077 4978 3562 5049 concertationes,

1910 5058 2150 5113 obtentu
2191 5056 2520 5112 litterarum
2552 5060 3030 5130 apostolicarum,
3060 5065 3158 5120 sed
3194 5066 3266 5122 ab
3315 5082 3383 5124 eo
3433 5067 3562 5142 ipso

1907 5145 2387 5212 adulteratarum,
2421 5146 2690 5203 ﬁrmatus
2730 5150 2936 5206 fuerat.
2970 5151 3207 5221 Verum,
3241 5171 3374 5211 cum
3417 5173 3562 5229 pon-

1909 5236 2049 5290 tifex
2085 5235 2241 5306 apud
2295 5235 2574 5291 Sanctum
2634 5237 2958 5295 Martialem
3015 5248 3365 5310 versaretur,
3415 5246 3564 5303 forte

1908 5324 2264 5380 Ademarum
2296 5324 2566 5380 abbatem
2619 5324 2933 5397 aliquando
2977 5330 3368 5402 reprehendit,
3403 5336 3558 5405 quod

1909 5413 2066 5468 hunc
2087 5411 2425 5484 episcopum
2451 5413 2672 5484 absque
2693 5431 2798 5470 suo
2821 5419 2963 5471 nutu
2989 5417 3344 5487 admisisset,
3359 5424 3562 5476 contra

1905 5501 1966 5556 id
2000 5501 2154 5572 quod
2205 5501 2401 5556 Romae
2445 5501 2516 5556 de
2562 5516 2628 5557 eo
2675 5507 2962 5560 statutum
2995 5505 3200 5561 fuerat.
3234 5508 3359 5571 Qua
3395 5509 3466 5565 de
3497 5525 3559 5564 re

1909 5589 2194 5645 attonitus
2225 5589 2407 5644 abbas
2457 5589 2683 5645 litteras
2715 5591 3065 5662 apostolicas
3097 5593 3210 5649 sibi
3258 5595 3331 5650 ab
3375 5596 3557 5652 Hum-

1908 5677 2082 5734 baldo
2113 5677 2370 5733 redditas
2410 5677 2668 5748 pontifici
2709 5679 2990 5746 ostendit;
3024 5681 3179 5738 unde
3206 5681 3321 5751 ille,
3355 5683 3562 5740 fraude
