3950 6218
1656 377 1728 440 Β.
1772 376 2067 442 URBANI
2111 376 2167 441 II
2207 377 2461 442 PAPJE.

3584 374 3588 378 ’
3653 383 3773 446 193

353 520 582 598 agnita,
628 516 831 578 statim
878 513 1278 575 H'umbaldum
1331 513 1552 590 publica
1595 511 1895 586 deposuit,
1942 512 2005 572 in
2031 511 2090 584 Α,
2117 515 2291 574 tiﬁcis
2311 515 2528 574 Urbani
2549 515 2620 586 II,
2637 536 2666 568 »
2685 519 2796 574 etc.
2816 515 2880 576 In
2898 513 3082 575 altam
3101 514 3301 575 codice
3320 514 3439 574 hac
3460 513 3772 592 leguntur;

353 615 524 687 cujus
553 612 748 670 locum
781 614 914 684 post
958 608 1192 684 aliquod
1222 611 1457 680 tempus
1507 604 1870 664 substitutus
1920 609 2012 660 est

351 690 701 761 Guillelmus
729 700 925 757 Sancti
954 698 1240 757 Martialis
1271 697 1447 770 prior.
1471 698 1601 752 Hac
1637 699 1836 751 narrat
1868 697 2016 749 Gau-

353 795 552 851 fredus
597 790 900 849 Vosiensis
949 791 1011 845 in
1062 788 1365 853 Chronico,
1407 803 1532 858 cap.
1567 787 1640 840 26
1688 789 1746 840 et
1791 785 1883 851 28,
1917 784 2010 838 cui

352 881 644 939 consentit
693 879 1016 935 Chronicon
1073 876 1476 932 Malleacense.
1525 875 1598 930 At
1654 872 1881 928 litteras
1939 872 2011 926 ab

350 969 680 1028 Humbaldo
707 970 940 1041 fatsalas
970 966 1232 1022 nondum
1264 964 1549 1019 hactenus
1583 962 1901 1034 quisquam
1924 960 2014 1014 vi-

349 1061 544 1127 derat;
578 1075 726 1132 quas
757 1057 934 1114 simul
965 1072 1099 1112 cum
1130 1055 1375 1126 antiqua
1404 1054 1533 1124 ejus
1579 1050 1659 1108 rei
1707 1050 1916 1107 notitia
1944 1067 2013 1105 ex

351 1167 462 1206 ms.
498 1149 624 1205 cod.
651 1146 917 1204 Ecclesia
946 1143 1376 1201 Lcmovicensis
1400 1142 1500 1215 qui
1527 1142 1718 1198 fuerat
1740 1156 1919 1212 penes
1940 1138 2007 1191 V.

348 1238 432 1294 Cl.
465 1241 677 1294 Anton.
710 1238 894 1291 Faure
932 1232 1198 1290 Ecclesia
1244 1231 1554 1289 Remensis
1604 1229 2008 1302 prapositum,

347 1329 658 1386 nobiscum
702 1344 738 1385 a
780 1325 846 1380 V.
881 1324 963 1381 Cl.
996 1323 1234 1380 Baluzio
1285 1321 1750 1378 communicatae
1799 1319 2012 1375 retere'

346 1435 480 1475 mus
509 1418 568 1473 in
602 1415 958 1489 Appendice.

592 1504 971 1563 CCXXXVIII.
1001 1502 1209 1571 Carroﬂ
1239 1502 1420 1556 altare
1456 1502 1759 1555 consecrat.

416 1599 561 1654 Cum
611 1599 808 1652 autem
850 1593 1122 1649 Urbanus
1169 1590 1355 1663 pridie
1404 1588 1698 1645 Kalendas
1745 1584 2009 1644 Januarii

347 1684 654 1744 accesserit
683 1684 755 1740 ad
785 1682 985 1738 Sancti
1008 1679 1296 1736 Martialis
1317 1677 1763 1744 monasterium,
1788 1677 2005 1751 ibique,

346 1780 413 1833 ut
434 1776 561 1846 jam
611 1771 1069 1836 observavimus,
1114 1773 1242 1825 octo
1292 1769 1418 1824 dies
1462 1768 1834 1840 transegerit,
1870 1767 2008 1822 hinc

2121 630 2148 657 α
2173 607 2275 663 Die
2295 625 2354 664 χι
2376 607 2498 664 Kal.
2522 607 2820 665 Februarii
2841 607 3111 665 Urbanus
3134 607 3182 665 II
3204 624 3339 665 cum
3364 607 3558 666 tribus
3586 608 3780 665 archi-

2120 697 2428 770 episcopis,
2452 698 2810 770 totidemque
2831 697 3142 771 episcopis,
3162 697 3382 770 templo
3408 697 3468 754 in
3490 697 3779 754 honorem

2121 791 2332 843 sancta
2381 787 2484 843 Dei
2540 787 2841 860 genitricis
2897 791 2956 844 et
3011 789 3316 844 beatorum
3373 786 3777 861 apostolorum

2119 875 2364 932 Joannis
2412 882 2468 932 et
2513 878 2751 933 Andrea
2783 878 3066 948 dedicato,
3101 877 3210 933 hoc
3242 875 3426 932 altare
3473 878 3669 948 majus
3717 877 3779 933 in

2119 964 2338 1022 honore
2369 971 2709 1023 sanctorum
2763 970 3086 1038 martyrum
3117 965 3399 1038 Stephani
3446 970 3779 1037 protomar-

2117 1054 2282 1128 tyris,
2309 1055 2624 1124 Laurentii,
2651 1056 2964 1123 Vincentii,
2987 1055 3294 1128 Chrysanti
3316 1059 3374 1111 et
3393 1054 3578 1111 Daria
3606 1069 3781 1111 vene-

2119 1144 2384 1201 rabiliter
2421 1147 2799 1213 consecravit,
2823 1150 2881 1201 et
2929 1145 3206 1217 reliquias
3248 1161 3451 1201 eorum
3499 1143 3720 1217 posuit.
3746 1164 3776 1193 »ι

2120 1234 2295 1290 Porro
2328 1235 2451 1306 ipse
2476 1235 2746 1291 Urbanus
2776 1235 2836 1290 in
2870 1251 2976 1290 suo
3009 1233 3328 1306 diplomate
3351 1237 3604 1290 testatur
3623 1233 3779 1290 hanc

2118 1323 2424 1379 ecclesiam
2473 1340 2507 1380 a
2554 1339 2618 1380 se
2664 1322 2848 1380 fuisse
2896 1326 3314 1388 consecratam,
3355 1323 3618 1394 adeoque
3663 1323 3780 1379 sub

2119 1411 2356 1484 speciali
2387 1412 2716 1485 apostolica
2748 1413 2904 1468 sedis
2932 1411 3176 1468 tuitione
3201 1429 3331 1468 esse
3360 1411 3594 1468 debere.

2188 1518 2383 1574 CCXL.
2414 1519 2724 1590 Andegavos
2751 1537 2783 1575 α
2811 1519 3007 1646 Hilotae
3025 1519 3260 1646 (iacitur.
3289 1519 3376 1574 Ibi
3399 1520 3706 1574 cruciatam

2799 1608 2910 1646 ora
2950 1607 3035 1646 ιω
3065 1632 3078 1645 .

2795 1600 3078 1664 pradicat.

2186 1680 2473 1747 Posthac,
2506 1679 2593 1736 uti
2638 1679 3012 1753 prosequitur
3058 1682 3261 1736 auctor
3303 1677 3576 1735 Chronici
3624 1678 3776 1736 Mal-

2114 1767 2418 1836 leacensis,
2443 1770 2700 1842 pontifex
2742 1771 2988 1842 perrexit
3043 1769 3346 1839 Andcgavis
3393 1778 3447 1825 et
3495 1769 3778 1826 benedixit

348 1864 516 1922 facile
546 1861 843 1935 colligitur
872 1875 1005 1915 cum
1033 1859 1112 1914 ibi
1135 1857 1472 1952 Epiphania
1507 1856 1880 1952 festivitatem
1912 1874 1999 1952 ce-
2031 1887 2080 1952 Β
2113 1862 2507 1916 monasterium
2527 1860 2716 1916 Sancti
2742 1860 2974 1952 Nicotai,
2998 1860 3154 1932 quod
3187 1874 3363 1952 prope
3389 1858 3542 1952 hanc
3562 1859 3774 1915 urbem

346 1953 628 2018 lebrasse,
649 1968 722 2006 an
749 1965 886 2005 vero
915 1949 1008 2004 die
1059 1947 1325 2019 sequenti
1375 1946 1433 2002 in
1484 1947 1689 2002 urbem
1739 1946 1994 2015 redierit,

347 2043 665 2100 nescimus.
697 2042 769 2095 At
796 2041 1019 2094 certum
1049 2041 1140 2093 est
1173 2052 1307 2092 eum
1341 2035 1482 2090 feria
1512 2035 1718 2107 quinta
1747 2039 1879 2090 ante
1913 2036 1998 2090 fe-

346 2137 506 2190 stum
538 2129 724 2188 sancti
756 2127 978 2194 Hilarii,
1013 2143 1141 2198 qua
1183 2125 1402 2182 mensis
1441 2123 1705 2180 Januarii
1753 2117 1878 2179 dies
1908 2129 1999 2180 est

345 2221 574 2279 decima
601 2217 793 2283 tertia,
808 2214 1165 2273 Carrofensis
1187 2216 1340 2286 apud
1366 2214 1632 2269 Pictones
1659 2213 1995 2269 monasterii

345 2310 602 2368 basilica
628 2308 808 2380 hujus
838 2305 1019 2362 altare
1040 2304 1291 2378 propriis
1320 2303 1595 2359 manibus
1627 2319 1661 2358 a
1681 2302 1848 2358 Petro
1867 2303 1999 2374 ejus

344 2399 453 2458 loci
485 2397 696 2456 abbate
725 2397 1037 2452 invitatum
1079 2409 1449 2450 consecrasse
1483 2392 1903 2449 assistentibus
1940 2392 1993 2448 ei

343 2487 614 2564 plurimis
639 2485 948 2560 episcopis.
984 2485 1045 2540 Id
1087 2482 1373 2540 discimus
1417 2499 1486 2538 ex
1531 2481 1711 2538 veteri
1763 2482 1992 2548 notitia,

343 2594 521 2652 quam
553 2593 621 2633 ex
653 2573 904 2631 archivis
933 2573 1114 2643 hujus
1152 2571 1492 2627 monasterii
1530 2575 1757 2626 erutam
1789 2571 1848 2625 in
1878 2573 1992 2644 Ap-

342 2667 586 2741 pendice
614 2664 908 2722 dabimus.
933 2661 1092 2717 Idem
1113 2660 1363 2716 habetur
1393 2677 1462 2716 ex
1490 2659 1790 2715 Sirmundi
1825 2659 1992 2716 sche-

343 2757 436 2812 dis
463 2755 523 2810 in
561 2758 721 2809 tomo
767 2751 818 2806 ΙΙ
864 2749 1234 2806 Bibliotheca
1283 2765 1443 2804 nova
1491 2748 1806 2804 Labbeana
1855 2766 1990 2822 pag.

341 2845 475 2911 755;
510 2843 612 2898 sed
641 2841 723 2897 ibi
747 2839 968 2895 omissa
993 2837 1199 2892 vocula
1229 2841 1377 2904 ante,
1407 2836 1559 2892 hanc
1603 2837 1990 2894 consecratio-

345 2948 479 2990 nem
508 2929 601 2987 die
631 2929 778 2985 festo
809 2926 996 2984 sancti
1026 2925 1231 2982 Hilarii
1255 2925 1469 2982 factam
1503 2923 1684 2982 fuisse
1714 2927 1992 2983 mendose

343 3019 578 3095 legitur.
592 3022 873 3091 Caterum
892 3015 1018 3088 ipse
1028 3014 1301 3071 Urbanus
1322 3014 1382 3071 in
1405 3013 1706 3088 privilegio
1727 3015 1991 3086 ejusdem

344 3107 708 3182 monasterii,
733 3123 847 3180 quo
878 3106 1006 3177 ejus
1036 3106 1189 3161 bona
1218 3109 1276 3161 et
1312 3102 1613 3179 privilegia
1643 3121 1676 3160 a
1706 3105 1892 3162 Leone
1923 3105 1994 3161 IX

2110 1948 2291 2004 situm
2322 1953 2429 2004 est.
2457 1949 2758 2005 Urbanum
2784 1966 2819 2004 a
2844 1947 3059 2005 Milone
3087 1965 3194 2004 suo
3219 1947 3409 2020 ipsius
3437 1946 3650 2021 legato,
3673 1964 3778 2003 an-

2107 2041 2200 2093 tea
2229 2037 2514 2093 monacho
2551 2037 2746 2093 Sancti
2797 2036 3012 2104 Albini,
3035 2036 3152 2092 huc
3201 2037 3552 2109 perductum
3585 2035 3776 2093 fuisse

2106 2125 2320 2199 legitur
2368 2127 2429 2182 in
2467 2126 2750 2183 Chronico
2805 2125 3208 2198 Andegavensi
3259 2127 3414 2199 apud
3467 2126 3771 2182 Labbeum

2105 2219 2264 2271 tomo
2296 2216 2319 2272 Ι
2348 2215 2716 2271 Bibliotheca
2754 2231 2936 2282 nova,
2971 2219 3028 2270 et
3059 2215 3300 2287 quidem
3343 2218 3411 2270 ut
3457 2213 3768 2271 ecclesiam

2105 2305 2300 2360 Sancti
2347 2304 2540 2361 Albini
2599 2307 2984 2360 consecraret.
3018 2304 3130 2360 Sed
3188 2303 3248 2359 id
3312 2303 3584 2360 monachi
3630 2305 3770 2376 ejus

2103 2393 2237 2461 loci,
2260 2394 2454 2450 nescio
2475 2411 2593 2466 qua
2626 2411 2825 2460 causa,
2849 2393 3188 2459 noluerunt,
3207 2397 3273 2450 ut
3300 2392 3479 2449 habet
3507 2392 3766 2452 alterum

2103 2483 2458 2540 Chronicum
2487 2483 2548 2538 in
2573 2487 2801 2539 vetusto
2827 2482 3022 2540 codice
3052 2482 3358 2539 Christina
3378 2482 3592 2555 regina
3616 2485 3762 2540 Sue-

2103 2573 2225 2639 cia,
2259 2571 2358 2646 qui
2390 2589 2548 2628 nunc
2595 2572 2655 2628 in
2704 2571 3077 2628 Bibliotheca
3126 2572 3517 2628 Ottoboniana
3563 2573 3762 2630 Roma

2101 2666 2458 2730 asservatur;
2491 2661 2576 2718 sic
2615 2661 2830 2734 quippe
2878 2661 2958 2717 ibi
3008 2677 3101 2717 res
3149 2660 3458 2734 exponitur
3493 2677 3564 2718 :«
3593 2664 3765 2718 Anno

2104 2752 2263 2816 1096,
2304 2751 2574 2806 Urbanus
2633 2767 2785 2823 papa
2841 2751 2995 2822 apud
3052 2751 3416 2806 Andecavam
3467 2749 3764 2808 civitatem

2106 2839 2426 2907 descendit,
2445 2843 2503 2896 et
2541 2839 2846 2896 ecclesiam
2876 2839 3070 2896 Sancti
3115 2839 3336 2895 Nicolai
3380 2841 3764 2896 consecravit.

2106 2927 2375 2985 Monachi
2392 2927 2548 2984 enim
2561 2927 2756 2984 Sancti
2769 2927 3056 2993 Albini,ut
3071 2945 3180 2984 sua
3195 2927 3443 2984 ecclesia
3463 2944 3769 2986 consecra-

2102 3022 2265 3074 retur
2293 3016 2625 3084 noluerunt,
2659 3033 2762 3089 pro
2796 3033 2914 3089 qua
2943 3033 3005 3072 re
3044 3017 3300 3073 maxime
3329 3033 3483 3089 papa
3503 3022 3765 3087 venerat,

2101 3107 2392 3164 adductus
2412 3124 2446 3163 a
2465 3106 2679 3163 Milone
2701 3108 2874 3162 antea
2893 3104 3047 3162 beati
3063 3104 3260 3162 Albini
3284 3106 3595 3175 monacho,
3620 3111 3767 3164 tunc

342 3205 400 3258 et
437 3197 762 3256 Alexandro
814 3197 861 3251 II
909 3210 1188 3270 concessa
1235 3195 1562 3264 confirmat,
1615 3194 1894 3262 decernit,
1926 3198 1994 3251 ut
2027 3258 2063 3270 η
2102 3195 2383 3268 temporis
2413 3195 2603 3267 legato
2633 3212 2800 3251 suo.»
2822 3194 3011 3266 Hujus
3038 3194 3272 3251 Milonis
3293 3195 3566 3252 meminit
3595 3200 3767 3270 Ηυεο

342 3291 514 3346 nemo
543 3289 752 3361 praeter
779 3267 1110 3358 pontificem
1147 3261 1476 3338 Romanum
1509 3258 1566 3338 in
1609 3282 1752 3339 illud
1787 3258 1988 3352 altare,
2021 3258 2082 3324 CI
2105 3258 2557 3342 Flaviniacensis
2587 3283 2770 3339 abbas
2811 3283 2871 3338 in
2904 3258 3214 3352 Uhronico,
3237 3285 3338 3341 ubi
3368 3301 3505 3340 eum
3536 3258 3768 3358 episco-

342 3376 499 3452 quod
537 3375 665 3449 ipse
715 3374 840 3430 suis
897 3372 1148 3447 propriis
1204 3372 1480 3428 manibus
1533 3375 1991 3441 consecraverat,

343 3467 555 3524 audeat
582 3459 1198 3530 excommunicationis
1245 3465 1348 3517 aut
1396 3460 1688 3518 interdicti
1738 3461 1996 3534 proferre

341 3551 718 3615 sententiam.

411 3659 691 3721 CCXXIX.
718 3661 959 3715 Pictavis
989 3659 1223 3714 celebrat
1249 3659 1450 3726 festum
1472 3657 1528 3714 S.
1562 3657 1789 3727 Hilarii,
1821 3665 1920 3714 etc.

691 3731 968 3787 Benedicit
996 3729 1392 3784 monasterium
1417 3743 1635 3783 novum.

412 3820 612 3879 Sancti
641 3818 845 3875 Hilarii
869 3819 1108 3884 festum,
1131 3816 1288 3888 quod
1309 3815 1402 3871 die
1424 3817 1490 3871 13
1513 3815 1777 3872 Januarii
1801 3833 1996 3872 occur-

342 3912 438 3978 rit,
461 3909 763 3966 Urbanum
792 3907 853 3962 in
883 3906 1013 3978 ipsa
1043 3905 1410 3961 Pictavorum
1458 3905 1602 3961 urbe
1647 3904 1992 3975 celebrasse,

344 3994 514 4058 testis
556 3999 649 4053 est
695 3999 899 4052 auctor
927 3992 1196 4050 Chronici
1230 3991 1648 4049 Malleaeeusis.
1679 3994 1802 4058 Quo
1850 3998 1995 4050 tem-

346 4103 486 4162 pore
505 4086 710 4142 Petrus
737 4084 1003 4155 ejusdem
1031 4081 1197 4138 urbis
1216 4081 1524 4154 episcopus
1545 4082 1996 4140 controversiam

346 4177 501 4233 inter
529 4173 848 4230 monachos
885 4171 1375 4229 Trenorchienses
1405 4175 1462 4227 et
1489 4172 1800 4228 canonicos
1849 4173 1996 4229 San-

347 4268 452 4321 cta
489 4261 688 4318 Crucis
735 4260 1175 4317 Lausdunensis
1205 4259 1476 4332 (Loudun)
1507 4264 1703 4317 natam
1734 4261 1994 4330 diremit,

347 4352 590 4425 ejusque
631 4349 932 4408 sententia
980 4349 1106 4422 ipse
1155 4348 1415 4421 pontifex
1462 4349 1814 4421 subscripsit
1861 4366 1996 4406 cum

349 4443 554 4498 Amata
587 4437 992 4511 Burdigalensi
1030 4441 1089 4494 et
1126 4437 1368 4510 Hugone
1397 4437 1777 4510 Lugdunensi
1809 4437 1997 4494 arcbi~

349 4527 916 4602 episcopis,Girardo
953 4525 1382 4599 Engolismensi
1425 4526 1699 4598 episcopo
1743 4530 1799 4581 et
1843 4525 1997 4593 aliis,

2102 3390 2244 3447 pum
2275 3374 2493 3428 factum
2543 3372 2726 3428 fuisse
2756 3371 2976 3427 scribit.
3010 3372 3121 3428 Sed
3157 3373 3288 3443 ejus
3335 3373 3493 3430 sedis
3544 3391 3765 3432 nomen

2101 3463 2160 3518 in
2193 3461 2406 3517 Labbei
2437 3459 2690 3517 editione
2719 3477 2837 3517 non
2869 3461 3240 3533 exprimitur,
3273 3463 3348 3517 ob
3379 3462 3663 3519 detritum
3696 3481 3767 3521 eo

2102 3551 2228 3608 loco
2275 3550 2535 3606 codicem
2589 3566 2724 3617 ms.;
2757 3553 2816 3604 at
2843 3548 2966 3605 hac
3023 3549 3233 3606 lacuna
3288 3567 3360 3606 ex
3420 3551 3768 3610 domesticis

2103 3639 2299 3698 Sancti
2329 3637 2536 3695 Albani
2583 3638 2994 3694 instrumentis
3044 3638 3212 3695 facile
3249 3639 3511 3712 suppleri
3545 3645 3766 3714 potest,

2101 3729 2161 3784 in
2194 3728 2411 3801 quibus
2432 3744 2640 3800 nempe
2666 3727 2805 3784 Milo
2826 3729 3205 3785 Praenestinus
3235 3728 3548 3802 episcopus
3579 3730 3768 3788 fuisse

2102 3818 2259 3874 haud
2290 3817 2469 3874 semel
2501 3815 2730 3872 dicitur.
2763 3817 2834 3873 Et
2864 3817 3103 3890 quidem
3141 3816 3194 3874 is
3223 3821 3314 3873 est
3341 3817 3469 3890 ipse
3499 3818 3600 3891 qui
3635 3828 3770 3892 post

2103 3905 2382 3962 Bernardi
2411 3904 2639 3961 obitum
2679 3905 2753 3961 ad
2808 3905 2960 3962 hanc
2990 3906 3190 3962 sedem
3223 3910 3426 3962 contra
3457 3907 3767 3980 Hugonem

2103 3995 2455 4061 Candidum,
2489 3994 2780 4049 famosum
2809 3993 3276 4066 schismaticum,
3311 3999 3623 4067 provectus
3655 4001 3764 4066 est,

2105 4101 2172 4140 ac
2200 4101 2268 4140 eo
2300 4083 2537 4139 nomine
2558 4082 2826 4139 interfuit
2870 4082 3136 4140 electioni
3181 4084 3482 4141 Paschalis
3507 4085 3557 4141 ΙΙ
3588 4103 3625 4142 a
3651 4103 3767 4159 quo

2105 4175 2164 4229 in
2195 4172 2443 4230 Galliam
2473 4170 2703 4245 legatus
2732 4173 2953 4229 missus
2980 4177 3090 4242 est,
3116 4189 3183 4231 ac
3213 4174 3454 4230 demum
3481 4191 3640 4232 anno
3663 4175 3770 4233 cir-

2105 4261 2250 4320 citer
2278 4261 2437 4328 1101,
2470 4264 2536 4316 ut
2563 4260 2767 4316 scribit
2797 4260 3100 4334 Ughellus,
3133 4278 3164 4318 c
3193 4262 3340 4319 vivis
3371 4263 3642 4320 excessit.

2174 4350 2363 4406 Aliam
2393 4350 2826 4423 Andegavensis
2881 4349 3061 4422 hujus
3118 4350 3347 4408 itineris
3405 4352 3480 4408 ab
3529 4351 3766 4410 Urbano

2106 4435 2363 4508 suscepti
2391 4451 2632 4492 causam
2663 4436 2831 4492 affert
2875 4437 3052 4493 Fulco
3084 4453 3282 4494 comes
3315 4439 3769 4512 Andegavorum

2105 4525 2165 4582 in
2197 4525 2522 4598 fragmento
2561 4524 2828 4580 Historia
2866 4530 3026 4582 tomo
3056 4526 3102 4582 X
3131 4525 3426 4599 Spicilegii
3454 4527 3771 4586 Acheriani

349 4618 435 4675 uti
489 4617 549 4673 in
596 4616 773 4673 veteri
821 4615 1156 4689 apographo
1209 4614 1442 4688 legitur.
1491 4613 1663 4670 Aliud
1719 4613 2001 4686 placitum
2032 4629 2080 4695 ῃ
2110 4615 2285 4683 edito,
2304 4617 2371 4670 ut
2396 4629 2606 4686 nempe
2626 4614 2758 4685 ejus
2777 4614 3085 4686 provincia
3106 4615 3328 4673 incolas
3350 4616 3422 4672 ad
3445 4617 3774 4692 suscipien-

347 4705 555 4764 hahuit
583 4706 710 4780 ipse
736 4704 993 4780 pontifex
1021 4705 1079 4761 in
1122 4703 1368 4761 ecclesia
1413 4703 1599 4760 sancti
1650 4702 1877 4771 Hilarii,
1901 4704 2002 4760 sed

347 4796 504 4870 quod
531 4795 605 4853 ad
629 4810 892 4851 mensem
918 4793 1220 4862 Mar-tium,
1236 4792 1472 4864 quando
1493 4791 1764 4847 Urbanus
1787 4791 2000 4849 iterum

347 4882 616 4942 Pictavos
643 4883 808 4949 adiit,
831 4882 1203 4939 referendum
1233 4879 1578 4938 est.Verum
1607 4879 1723 4937 huc
1748 4881 2000 4938 revocari

349 4975 520 5030 debet
557 4972 858 5028 benedictio
910 4969 1252 5028 monasterii
1298 4969 1431 5026 novi
1479 4969 1538 5024 in
1586 4969 1790 5026 eadem
1834 4971 2000 5039 urbe,

349 5077 480 5135 qua
511 5075 626 5115 non
649 5076 727 5125 vn,
745 5062 809 5114 ut
830 5057 1008 5114 habet
1026 5057 1351 5114 Chronicon
1383 5056 1786 5124 Malleacense,
1810 5059 1910 5115 sed
1943 5075 2002 5113 xx

349 5147 643 5208 Kalendas
671 5146 992 5212 Februarii,
1016 5151 1083 5203 ut
1120 5163 1188 5201 ex
1222 5146 1516 5202 veteribus
1545 5147 1883 5203 domesticis
1911 5146 2002 5201 in-

349 5236 696 5295 strumentis
727 5239 975 5302 constat,
1009 5235 1081 5291 ab
1130 5235 1257 5306 ipso
1297 5235 1571 5308 pontiﬁce
1618 5236 1771 5290 facta
1797 5240 1904 5290 est.
1938 5235 2002 5290 Id

350 5325 638 5385 evincitur
671 5339 743 5380 ex
786 5323 965 5380 veteri
1015 5323 1426 5397 Martyrologio
1457 5339 1569 5378 ms.
1601 5322 1730 5393 ejus
1775 5321 1908 5390 loci,
1942 5323 2001 5379 in

351 5432 467 5490 quo
497 5413 621 5470 hac
649 5410 895 5469 ecclesia
923 5412 1017 5468 die
1066 5413 1212 5469 festo
1242 5411 1430 5469 sancti
1460 5408 1748 5465 Vincentii
1797 5425 2003 5467 conse-

351 5507 511 5562 crata
540 5502 774 5569 dicitur,
800 5500 894 5558 his
920 5502 1114 5559 verbis
1139 5517 1191 5556 τι(
1211 5500 1408 5555 Abbas
1437 5498 1690 5553 domnus
1712 5497 2004 5556 Gerardu

353 5592 402 5649 II
423 5591 533 5647 sub
555 5592 724 5663 cujus
755 5595 1018 5666 tempore
1041 5587 1289 5646 ecclesia
1319 5587 1520 5642 nostra
1549 5584 1658 5642 fuit
1687 5585 1920 5644 dediata
1948 5593 2005 5645 et

354 5681 581 5740 saerata
611 5682 705 5741 die
728 5682 916 5740 sancti
938 5677 1230 5735 Vincentii
1259 5691 1364 5748 per
1383 5691 1596 5734 manus
1617 5677 1834 5736 summi
1866 5695 2006 5751 pon-

2111 4705 2249 4761 dam
2307 4719 2536 4759 sacram
2585 4702 3012 4775 expeditionem
3061 4705 3357 4764 excitaret.
3375 4706 3545 4773 Quod
3594 4707 3776 4765 etiam

2109 4793 2285 4850 habet
2311 4795 2477 4848 vetus
2507 4791 2837 4848 Chronicon
2867 4793 3065 4849 Sancti
3104 4793 3317 4850 Albini.
3349 4794 3467 4850 Nec
3513 4795 3770 4865 mirum;

2109 4897 2251 4938 nam
2279 4881 2590 4951 ubicunque
2611 4883 2864 4954 ponti/ea:
2889 4883 3025 4954 fuit,
3052 4882 3246 4954 inquit
3276 4886 3482 4940 auctor
3497 4883 3772 4942 Chronici

2111 4969 2534 5037 Malleacensis,
2569 4972 2837 5043 pracepit
2885 4987 3070 5027 cruces
3119 4973 3302 5043 facere
3353 4971 3692 5043 hominibus,
3723 4979 3776 5031 et

2104 5075 2332 5132 pergere
2365 5059 2687 5126 Jerusalem,
2718 5063 2774 5116 et
2818 5059 3054 5116 liberare
3094 5077 3218 5118 eam
3245 5078 3281 5116 α
3309 5061 3492 5118 Turcis
3539 5067 3594 5119 et
3640 5064 3776 5120 aliis

2108 5147 2380 5220 gentibus.
2410 5147 2711 5204 Consentit
2750 5153 2918 5206 vetus
2976 5153 3178 5206 auctor
3236 5151 3392 5224 apud
3449 5151 3775 5210 Chesnium

2111 5240 2270 5293 tomo
2301 5236 2395 5305 IV,
2427 5253 2561 5309 pag.
2607 5237 2696 5306 90,
2745 5237 2847 5310 qui
2895 5238 3073 5295 refert
3130 5239 3432 5296 Urbanum
3492 5242 3776 5299 omnibus

2111 5323 2401 5398 episcopis
2430 5323 2773 5398 imperasse,
2804 5331 2871 5383 ut
2907 5326 3123 5401 singuli
3152 5327 3214 5386 in
3257 5329 3385 5386 suis
3415 5329 3777 5388 dimcesibus

2112 5412 2264 5470 hanc
2293 5414 2721 5487 expeditionem
2751 5416 3153 5489 pradicarent,
3177 5418 3355 5490 idque
3373 5417 3572 5492 reipsa
3593 5420 3670 5477 ab
3689 5419 3778 5476 eis

2112 5501 2296 5559 fuisse
2349 5503 2699 5576 prastitum.
2749 5505 2821 5561 Et
2869 5505 3128 5578 quidem,
3162 5511 3228 5564 ut
3273 5522 3482 5564 omnes
3530 5513 3776 5576 norunt,

2113 5590 2408 5664 pracipua
2461 5589 2582 5647 hac
2629 5595 2756 5647 erat
2811 5591 3096 5664 pontificii
3150 5593 3212 5650 in
3267 5592 3487 5651 Gallias
3545 5594 3780 5652 itineris

2113 5695 2317 5748 causa;
2351 5679 2521 5751 cujus
2544 5679 2626 5736 rei
2651 5678 2803 5738 alius
2823 5683 3032 5753 prater
3051 5681 3352 5740 Urbanum
3374 5682 3578 5755 ipsum
3610 5683 3781 5743 testis
