3950 6218
198 341 231 412 j
244 340 323 400 93

1827 331 2029 396 VITA.

3508 340 3623 400 194

209 471 575 547 quarendus
610 487 732 529 non
763 475 875 544 est,
909 471 1011 545 qui
1037 486 1104 528 eo
1131 470 1326 528 animo
1356 471 1427 527 ad
1475 468 1770 542 principes
1823 472 1879 524 et
1905 467 1960 535 Α
1990 481 2209 535 comes,
2226 466 2328 538 qui
2350 483 2610 540 prasens
2631 467 2851 538 aderat,
2877 467 3112 528 disertis
3142 473 3335 530 verbis
3364 471 3540 530 refert
3567 474 3627 530 in

187 562 456 619 caeteros
490 559 781 617 Flandria
811 561 1014 617 ﬁdeles
1043 561 1273 617 litteras
1305 557 1542 632 scripsit
1572 563 1871 614 tunctem-

214 651 403 725 poris,
429 653 498 706 ut
518 666 621 707 eos
637 651 709 706 de
731 665 792 707 re
816 651 1045 707 decreta
1064 650 1126 705 in
1155 648 1398 706 concilio
1429 647 1876 704 Claromontano

225 756 402 796 sacra
454 738 847 811 expeditione,
879 738 1386 811 indulgentiisque
1433 737 1507 794 iis
1563 737 1663 809 qui
1713 735 1876 791 illam

211 830 592 902 susciperent
622 829 944 900 concessis,
963 829 1180 885 faceret
1217 827 1514 884 certiores.
1550 825 1715 882 Unde
1746 824 1876 880 uni-

210 935 419 975 versos
449 921 671 985 monet,
696 921 762 973 ut
808 917 856 973 si
892 917 992 990 qui
1023 917 1094 973 ad
1125 916 1272 972 illud
1314 917 1558 973 verbum
1585 913 1876 988 proficisci

213 1006 530 1071 voluerint,
552 1007 739 1079 parati
764 1006 884 1062 sint
905 1005 1143 1062 omnino
1167 1005 1237 1062 ad
1259 1005 1586 1079 proximam
1617 1003 1876 1075 Deipara

216 1095 650 1169 assumptionis
666 1096 1042 1152 festivitatem
1061 1113 1074 1163 ;
1095 1111 1211 1168 quo
1228 1099 1490 1167 tempore
1509 1093 1879 1149 Adhemarus

218 1185 541 1258 episcopus
568 1183 919 1252 Aniciensis,
941 1183 1196 1240 vicarius
1227 1183 1522 1258 pontiﬁcis
1551 1183 1610 1238 in
1651 1180 1752 1238 illa
1781 1197 1877 1237 ex-

213 1273 521 1348 peditione
577 1274 911 1344 institutus,
943 1272 1054 1329 iter
1083 1289 1218 1329 cum
1268 1272 1399 1330 aliis
1429 1288 1600 1328 cruce
1630 1271 1880 1346 signatis

210 1379 611 1438 aggressurus
640 1367 815 1419 esset.

289 1468 520 1526 CCXLI.
551 1470 856 1526 Manassen:
906 1470 1220 1525 Remensem
1249 1471 1475 1525 electum
1501 1470 1804 1541 conﬁrmat.

724 1542 812 1596 Lis
847 1541 1169 1597 Trenorchii
1195 1542 1390 1596 dilata.

292 1628 614 1702 Andegavi,
651 1645 768 1700 quo
800 1631 1276 1702 appropinquante
1327 1628 1781 1701 Quadragesima,
1818 1633 1882 1683 ut

220 1721 481 1774 testatur
509 1717 683 1773 Fulco
711 1734 932 1788 comes,
965 1719 1117 1773 venit
1173 1717 1464 1785 Urbanus,
1495 1722 1742 1774 mortem
1793 1734 1883 1772 ac-

1985 556 2313 629 fragmento
2347 556 2607 613 Historia
2639 558 3089 632 Andegavensis,
3122 562 3274 618 hanc
3323 562 3626 638 basilicam

1983 645 2043 699 in
2072 644 2482 716 Septuagesima
2525 647 2854 704 dedicatam
2885 648 3105 717 fuisse;
3138 655 3195 707 et
3226 651 3440 708 Urbani
3467 651 3630 709 bulla

1984 733 2043 788 in
2077 751 2194 806 qua
2212 734 2596 790 dedicationis
2619 737 2838 793 mentio
2868 738 3288 806 habetur,data
3317 745 3405 796 est
3428 758 3630 799 mense

1986 822 2319 889 Februario,
2344 824 2704 896 proindeque
2725 829 2859 882 ante
2879 827 3113 882 initium
3136 829 3626 902 Quadragesima,

1984 915 2050 966 ut
2068 911 2212 966 nihil
2252 911 2443 967 dicam
2475 912 2547 968 de
2577 913 2820 971 concilio
2851 917 3202 983 Turonensi,
3238 918 3394 989 quod
3427 919 3628 992 prasi-

1984 1000 2156 1055 dente
2187 1000 2418 1056 Urbano
2471 999 2532 1056 in
2591 1003 2787 1059 media
2843 1003 3323 1078 Quadragesima,
3353 1008 3454 1079 qui
3486 1009 3630 1066 adeo

1984 1089 2312 1163 Andegavis
2340 1095 2469 1145 tum
2517 1107 2634 1147 non
2691 1097 2836 1156 erat,
2887 1093 3241 1151 celebratum
3284 1095 3411 1153 fuit.
3444 1097 3630 1161 Quam

1983 1194 2118 1234 vero
2174 1178 2455 1234 solemnis
2505 1179 2626 1235 hac
2682 1180 2969 1237 dedicatio
3021 1184 3195 1239 fuerit
3241 1202 3311 1241 ex
3339 1201 3406 1242 eo
3436 1185 3633 1260 colligi

1987 1270 2196 1341 potest,
2248 1268 2402 1340 quod
2440 1267 2612 1323 varia
2667 1268 2880 1324 charta
2939 1273 3161 1343 passim
3220 1279 3531 1332 occurrant
3571 1276 3632 1332 in

1987 1356 2508 1428 Andegavensibus
2541 1360 2960 1426 monumentis,
2996 1361 3068 1415 ab
3101 1363 3352 1420 annovel
3381 1365 3475 1422 die
3503 1365 3634 1438 ejus

1988 1445 2372 1501 dedicationis
2395 1447 2562 1501 data.
2579 1447 2645 1502 Et
2661 1448 2898 1518 quidem
2917 1448 3060 1504 obid
3085 1451 3337 1508 maxime
3359 1451 3636 1510 laudatur

1987 1534 2211 1590 Natalis
2237 1534 2418 1590 abbas
2435 1533 2492 1588 in
2515 1534 2779 1591 versibus
2801 1536 3044 1592 Baldrici
3062 1539 3460 1612 Burguliensis
3478 1543 3632 1614 apud

1989 1621 2329 1688 Chesnium,
2361 1626 2520 1678 tomo
2581 1623 2672 1691 IV,
2722 1625 2876 1695 quod
2937 1641 3065 1681 eam
3115 1629 3452 1700 apontiﬁoe
3509 1632 3634 1687 ﬁeri

1990 1712 2329 1767 obtinuerit.
2347 1711 2419 1766 Ut
2438 1728 2570 1766 vero
2584 1712 2758 1768 etiam
2782 1713 2852 1767 ad
2870 1719 3130 1784 posteros
3142 1717 3270 1787 ejus
3282 1718 3637 1778 celebritatis

219 1807 381 1880 cepit
435 1805 741 1879 Reginaldi
799 1807 1114 1862 Remorum
1173 1806 1487 1879 pontiﬁcis,
1519 1808 1641 1879 qui,
1692 1811 1757 1862 ut
1815 1824 1961 1902 exB
1994 1801 2279 1902 memoria
2311 1807 2751 1902 propagaretur,
2783 1801 2935 1901 idem
2978 1803 3238 1902 pontifex
3291 1805 3352 1862 in
3402 1805 3637 1893 laudata

223 1894 479 1967 epistola
510 1894 650 1951 cleri
687 1896 995 1951 Remensis
1025 1896 1097 1951 ad
1132 1896 1509 1952 Lambertum
1535 1897 1882 1951 Atrebaten-

221 1987 378 2053 cem,
402 1987 461 2040 et
481 2001 552 2040 ex
570 1983 859 2041 Balderici
886 1983 1291 2058 Burguliensis
1318 1984 1610 2052 versibus,
1631 1984 1730 2040 ubi
1749 2001 1884 2041 eum

219 2073 612 2146 patriarcham
657 2073 938 2145 appellat,
971 2073 1278 2141 discimus,
1310 2090 1391 2128 x11
1437 2072 1728 2130 Kalendas
1787 2075 1886 2130 Fe-

226 2162 453 2218 bruarii
472 2162 787 2218 defunctus
809 2166 915 2219 est.
941 2161 1103 2218 Unde
1125 2161 1324 2218 mirari
1346 2162 1507 2217 subit
1519 2163 1646 2232 ejus
1660 2162 1884 2218 obitum

225 2251 302 2307 ad
325 2268 548 2308 annum
577 2253 995 2324 pracedentem
1021 2269 1055 2307 a
1070 2250 1302 2307 Labbeo
1324 2251 1599 2319 revocari,
1616 2267 1750 2306 cum
1772 2268 1887 2307 cer-

223 2347 357 2396 tum
383 2341 483 2413 sit,
503 2345 571 2397 ut
589 2341 661 2397 de
678 2340 882 2396 multis
899 2341 1193 2397 veteribus
1209 2339 1619 2396 instrumentis
1636 2345 1882 2411 taceam,

223 2430 387 2485 hunc
417 2429 745 2486 antistitem
777 2428 1225 2486 Claromontano
1262 2427 1506 2484 concilio
1537 2446 1739 2485 mense
1771 2429 1886 2485 No-

220 2519 453 2575 vembri
473 2518 834 2575 interfuisse.
861 2517 1151 2575 Manassis
1165 2519 1430 2590 ejusdem
1456 2517 1727 2575 Ecclesia
1749 2536 1889 2591 pra-

226 2609 438 2681 positi,
455 2607 560 2680 qui
581 2608 640 2664 in
660 2609 790 2679 ejus
814 2607 1008 2664 locum
1029 2607 1389 2664 substitutus
1417 2611 1525 2674 est,
1547 2607 1888 2665 electionem

240 2713 383 2752 cum
409 2695 597 2770 elogio
619 2696 823 2752 statim
845 2696 1117 2752 Urbanus
1147 2697 1508 2769 approbavit,
1535 2697 1619 2753 uti
1640 2703 1801 2770 patet
1824 2715 1892 2755 ex

230 2785 426 2842 tribus
455 2786 586 2857 ejus
617 2784 902 2858 epistolis,
928 2803 996 2841 ea
1053 2786 1124 2840 de
1156 2801 1216 2840 re
1263 2785 1558 2858 Andegavi
1605 2802 1708 2842 VIII
1753 2787 1890 2844 ldus

232 2874 542 2930 Februarii
573 2874 750 2940 datis,
788 2874 848 2928 in
897 2874 1114 2945 quibus
1145 2890 1320 2930 suum
1353 2889 1491 2946 erga
1546 2871 1886 2946 Ecclesiam,

240 2961 495 3030 clerum,
528 2963 748 3019 milites
795 2979 861 3019 ac
915 2961 1145 3035 plebem
1203 2963 1572 3035 Remensem,
1619 2965 1892 3023 allectum

231 3056 505 3108 amanter
533 3052 826 3125 exprimit.
860 3052 940 3107 De
971 3052 1176 3108 eadem
1209 3069 1268 3108 re
1300 3051 1361 3107 in
1407 3053 1701 3109 Manassis
1759 3071 1890 3128 gra-

230 3141 384 3198 tiam
407 3141 641 3197 Urbano
689 3141 1004 3212 scripserat
1031 3141 1126 3196 Ivo
1181 3142 1565 3208 Carnotenus,
1597 3142 1767 3214 epist.
1801 3146 1890 3213 48,

226 3243 293 3298 in
312 3247 432 3302 qua
457 3230 701 3286 maximi
723 3246 852 3286 esse
875 3230 1158 3286 momenti
1180 3230 1344 3298 dicit,
1365 3234 1430 3284 ut
1451 3247 1566 3286 non
1593 3230 1895 3290 differatur

234 3321 370 3391 ejus
400 3318 711 3375 electionis
755 3317 1143 3384 conﬁrmatio,
1166 3317 1240 3373 ob
1271 3318 1533 3390 insignes
1591 3319 1896 3380 Remensis

235 3407 535 3474 Ecclesia,
575 3425 702 3480 qua
752 3406 892 3464 olim
942 3407 1129 3479 ipsius
1187 3407 1404 3463 Urbani
1457 3415 1651 3480 mater,
1681 3410 1893 3483 inquit,

224 3504 377 3554 tunc
405 3514 542 3554 vero
564 3497 686 3552 lilia
713 3502 858 3563 erat,
878 3497 1311 3569 prarogativas.
1337 3497 1499 3561 Quod
1533 3514 1740 3570 nempe
1771 3499 1892 3557 hac

231 3587 388 3643 sedes
448 3586 694 3642 haberet
750 3587 908 3656 regni
963 3585 1237 3653 diadema,
1271 3589 1330 3640 et
1360 3585 1582 3641 cateris
1621 3587 1893 3646 Ecclesiis

232 3675 558 3732 Gallicanis
588 3677 653 3732 in
676 3676 863 3732 ruina:
893 3677 987 3729 aut
1010 3677 1427 3731 resurrectionis
1455 3678 1765 3748 exemplum
1786 3694 1889 3750 pro

230 3783 343 3823 sua
373 3764 659 3838 dignitate
691 3780 822 3820 esse
851 3763 1087 3820 soleret.
1137 3768 1139 3770 ’

301 3854 526 3911 Eodem
556 3857 822 3926 tempore
854 3853 1130 3909 monachi
1162 3853 1656 3912 Trenorcbienses
1694 3857 1890 3929 ponti-

233 3944 407 4000 ﬁcem
439 3941 634 3998 adiere
689 3942 1067 4013 conquesturi
1103 3942 1384 3999 adversus
1439 3943 1783 4016 episcopum
1831 3951 1890 4002 et

231 4031 547 4088 canonicos
563 4030 1033 4102 Andegavenses,
1076 4031 1230 4103 quod
1264 4029 1549 4088 Ecclesias
1578 4033 1760 4089 Doadi
1792 4051 1887 4090 ca—

233 4120 391 4178 stelli
413 4137 542 4192 qua
566 4120 638 4175 ad
659 4119 1086 4175 monasterium
1108 4136 1282 4175 suum
1305 4119 1887 4193 pertinebat,injuste

231 4209 347 4267 sibi
407 4215 769 4281 arrogarent.
803 4212 1021 4264 Verum
1080 4225 1215 4264 cum
1265 4209 1588 4265 econtrario
1621 4213 1887 4268 canonici

232 4315 334 4354 eas
359 4298 453 4353 sui
467 4297 625 4368 juris
647 4313 775 4352 esse
804 4297 1241 4363 contenderent,
1258 4297 1596 4370 videretque
1625 4299 1887 4371 pontifex

233 4386 399 4442 litem
421 4385 586 4441 illam
607 4384 858 4457 alicujus
880 4401 1007 4442 esse
1029 4386 1332 4454 momenti,
1357 4402 1486 4443 eam
1515 4388 1588 4443 ad
1617 4387 1883 4447 futurum

233 4474 554 4532 concilium
597 4475 942 4530 Turonense
990 4475 1255 4531 remisit:
1283 4475 1384 4531 ubi
1416 4476 1628 4548 reipsa,
1661 4480 1726 4531 ut
1777 4494 1884 4535 suo

230 4565 361 4620 loco
385 4564 671 4632 dicemus,
697 4564 916 4636 agitata
946 4563 1078 4620 fuit.

233 4671 494 4729 CCXLII.
567 4669 790 4726 Dedicat
869 4671 1118 4727 Urbanus
1195 4670 1482 4727 basilicam
1538 4669 1593 4725 S.
1651 4672 1885 4729 Nicolai.

303 4743 585 4872 ξαὲῗίίνξ
603 4749 796 4814 corpus
852 4742 1082 4814 Goffridi
1109 4743 1341 4797 comitis.
1375 4742 1577 4797 Scribit
1603 4743 1889 4801 monachis

347 4857 360 4871 .
431 4831 452 4870 ι
555 4832 594 4869 ι.

347 4857 360 4871 .
395 4831 594 4871 mam.

304 4919 410 4976 Die
439 4937 500 4976 ιν
522 4919 685 4988 ldus,
718 4918 775 4974 id
793 4924 883 4976 est
901 4918 1128 4975 decima
1157 4919 1477 4987 Februarii,
1511 4919 1778 4976 dedicata
1800 4926 1889 4978 est

234 5010 306 5065 ab
331 5007 567 5065 Urbano
599 5007 846 5064 basilica
876 5009 1074 5064 Sancti
1103 5006 1325 5064 Nicolai
1346 5008 1406 5063 in
1440 5009 1885 5082 Andegavorum

233 5097 524 5175 suburbio
549 5097 684 5153 sita.
701 5096 863 5152 Hanc
909 5096 1099 5168 ipsam
1130 5097 1307 5164 diem,
1348 5114 1474 5169 qua
1505 5097 1795 5171 hodieque
1825 5099 1884 5156 in

230 5186 340 5242 hoc
372 5185 736 5243 monasterio
764 5184 1010 5241 celebris
1039 5189 1147 5254 est,
1179 5190 1390 5259 prater
1422 5191 1589 5243 vetns
1643 5186 1884 5244 Chroni-

177 5292 180 5294 ·
229 5293 335 5332 con
369 5293 484 5335 ms.
513 5274 716 5332 Sancti
733 5273 948 5343 Albini,
981 5274 1244 5348 assignat
1289 5274 1494 5331 charta
1522 5275 1886 5334 fundationis

225 5365 409 5424 beata
455 5365 660 5442 Maria
720 5364 793 5419 de
838 5364 985 5420 Rota
1040 5381 1220 5437 prope
1271 5364 1624 5422 Credonium
1658 5382 1671 5421 :
1706 5383 1885 5440 quare

220 5454 529 5514 emendari
595 5451 773 5508 debet
832 5452 1142 5508 0rdericus
1194 5451 1421 5524 Vitalis,
1483 5454 1602 5526 qui
1638 5447 1788 5511 libro
1825 5471 1884 5513 1x

215 5546 459 5622 scripsit
477 5541 690 5602 Sancti
721 5539 942 5598 Nicolai
973 5541 1398 5620 dedicationem
1443 5544 1505 5599 in
1533 5543 1708 5601 medio
1741 5545 1883 5615 Qua-

209 5637 561 5713 ἀναρεείγηεε
593 5629 809 5690 iactam
834 5629 1209 5691 tuisse.Gerte
1238 5629 1413 5690 Falco
1434 5630 1881 5708 Andegavorum

1993 1889 2154 1945 bulla
2173 1889 2408 1961 eos,qui
2441 1890 2512 1945 ad
2546 1890 3003 1946 anniversariam
3027 1890 3188 1950 illius
3205 1887 3636 1954 solemnitatem

1993 1978 2301 2035 convenire
2320 1978 2626 2047 voluerint,
2653 1980 2724 2034 ab
2746 1981 2903 2035 omni
2938 1981 3194 2038 hostium
3223 1982 3462 2042 incursu
3493 1985 3637 2044 libe-

1995 2085 2091 2123 ros
2120 2083 2248 2123 esse
2279 2067 2571 2140 praecepit,
2606 2067 2926 2141 multisque
2950 2071 3155 2142 gratiis
3205 2066 3461 2132 donavit.
3495 2075 3640 2132 Con-

1993 2159 2174 2211 stituit
2201 2159 2388 2225 etiam,
2423 2160 2487 2211 ut
2507 2161 2756 2212 testatur
2789 2158 2961 2214 Fulco
2995 2176 3189 2217 comes
3220 2162 3279 2218 in
3311 2164 3640 2238 fragmento

1995 2244 2259 2300 Historia
2309 2261 2442 2300 mox
2495 2244 2753 2313 laudato,
2789 2246 2932 2301 idem
2988 2243 3340 2320 apostolicus,
3371 2261 3426 2310 et
3465 2255 3640 2313 edicto

1986 2335 2155 2406 jussit
2170 2338 2229 2390 ut
2257 2335 2316 2389 in
2335 2333 2518 2390 eodem
2543 2336 2796 2399 termino,
2819 2351 2922 2406 quo
2967 2337 3365 2396 dedicationem
3415 2345 3640 2414 fecerat,

1997 2423 2264 2479 indictum
2315 2424 2598 2495 publicum
2662 2423 3031 2480 celebraretur
3075 2443 3184 2484 uno
3241 2446 3450 2503 quoque
3495 2450 3642 2492 anno

1996 2512 2140 2585 apud
2172 2513 2433 2568 Sanctum
2482 2512 2785 2590 Nicolaum,
2814 2521 2869 2569 et
2918 2517 3150 2586 septima
3197 2534 3332 2588 pars
3373 2523 3641 2590 paeniten-

1998 2604 2208 2658 tiarum
2228 2602 2428 2674 populo
2459 2589 2803 2658 convenienti
2831 2601 2901 2658 ad
2955 2605 3113 2660 illam
3138 2589 3532 2667 celebritatem‘
3550 2613 3643 2668 di-

1995 2693 2381 2746 mittereretur.
3505 2674 3530 2685 ’

2069 2781 2286 2836 Eadem
2319 2778 2622 2836 occasione
2652 2780 2910 2852 pontifex
2931 2799 2964 2837 a
2994 2783 3245 2840 Fulcone
3277 2788 3512 2857 comite,
3543 2793 3643 2865 qui

2000 2886 2259 2943 prasens
2283 2869 2505 2937 aderat,
2538 2874 2797 2942 rogatus,
2825 2871 3066 2928 Goll'ridi
3123 2871 3394 2947 Martelli,
3427 2879 3528 2951 qui
3582 2880 3644 2936 in

2003 2960 2325 3016 monastico
2343 2959 2548 3016 habitu
2567 2958 2882 3018 defunctus
2896 2966 2952 3018 et
2973 2961 3031 3018 in
3054 2965 3320 3036 ejusdem
3352 2973 3644 3027 monaste-

2002 3049 2073 3104 rii
2134 3048 2392 3122 capitulo
2451 3048 2718 3122 sepultus
2769 3051 2978 3120 fuerat,
3011 3041 3224 3126 corpus
3254 3041 3557 3116 transtulit
3585 3059 3646 3117 in

2003 3138 2308 3195 ecclesiam
2341 3156 2375 3194 a
2401 3154 2464 3194 se
2494 3139 2842 3207 dedicatam,
2878 3145 2941 3195 ut
2971 3141 3096 3213 ipse
3119 3143 3295 3201 Fulco
3337 3130 3538 3204 narrat
3584 3149 3644 3206 in

2006 3229 2332 3300 fragmento
2354 3226 2730 3300 laudato,qui
2753 3244 2787 3283 a
2825 3229 3099 3300 pontiﬁce
3131 3234 3390 3290 monitus
3421 3242 3646 3309 partem

2001 3319 2221 3389 foresta
2271 3315 2437 3372 Catia
2465 3316 2677 3371 Sancto
2709 3316 2946 3373 Nicolao
2975 3335 3079 3390 pro
3110 3321 3375 3390 ejusdem
3402 3325 3644 3384 Goil'ridi

2005 3405 2212 3460 anima
2245 3404 2444 3477 requie
2473 3403 2651 3460 dedit.
2686 3405 2797 3460 Sed
2827 3405 2951 3462 hac
2989 3407 3228 3464 donatio
3258 3427 3483 3485 magna
3524 3414 3646 3474 litis

2002 3498 2256 3566 segetem
2284 3497 2485 3565 postea
2509 3492 2756 3564 prabuit
2785 3493 2940 3548 inter
2966 3496 3093 3566 ejus
3132 3496 3242 3554 loci
3301 3503 3643 3577 monachos,

2001 3587 2059 3637 et
2090 3580 2449 3650 Albinianos,
2474 3581 2631 3652 quod
2663 3581 2759 3636 isti
2786 3581 2992 3638 silvam
3021 3583 3182 3642 illam
3224 3587 3514 3662 integram
3571 3596 3643 3652 ad

2000 3687 2062 3727 se
2093 3670 2381 3743 pertinere
2419 3670 2854 3727 contenderent.
2887 3671 3089 3754 Sopita
3113 3679 3202 3732 est
3230 3679 3470 3736 tandem
3539 3700 3648 3756 ope

2000 3759 2266 3815 Gaufridi
2297 3760 2715 3816 Meduanensis
2771 3761 3214 3835 Andegavorum
3272 3766 3531 3843 episcopi
3589 3777 3646 3829 et

1999 3848 2285 3906 Willelmi
2318 3849 2546 3906 abbatis
2593 3849 2786 3904 Sancti
2844 3850 3137 3924 Florentii,
3185 3858 3252 3910 ut
3305 3856 3501 3916 videre
3556 3866 3648 3918 est

2000 3939 2151 4012 apud
2187 3938 2556 3995 Pelleterium
2613 3938 2672 3994 in
2722 3938 2979 3998 Historia
3029 3944 3226 4000 Sancti
3257 3944 3502 4020 Nicolai,
3543 3950 3644 4007 ubi

1997 4030 2150 4084 inter
2169 4027 2284 4084 alia
2300 4027 2488 4085 multa
2508 4033 3244 4108 monumenta,concordia
3280 4033 3458 4108 hujus
3489 4038 3644 4096 inita

1995 4117 2455 4196 instrumentum
2479 4119 2718 4190 profert.
2738 4122 2812 4174 At
2843 4137 2956 4176 non
2978 4120 3121 4177 satis
3153 4122 3265 4179 sibi
3302 4129 3532 4184 constat
3583 4129 3644 4185 in

1996 4207 2352 4280 assignando
2373 4206 2520 4273 loco,
2540 4208 2695 4279 quod
2716 4207 2982 4266 tumulus
3001 4209 3243 4268 Goll'ridi
3267 4215 3374 4271 suo
3385 4196 3646 4290 tempore

1997 4297 2148 4352 situs
2170 4300 2314 4352 erat.
2331 4296 2513 4351 Hodie
2533 4296 2745 4352 visitur
2756 4297 2912 4353 haud
2929 4299 3130 4370 procul
3145 4301 3216 4357 ab
3237 4301 3403 4360 altari
3435 4307 3644 4378 majori

1993 4386 2221 4453 tumba,
2255 4386 2354 4442 sed
2391 4385 2612 4458 absque
2661 4385 2783 4441 ulla
2829 4386 3235 4462 inscriptione,
3267 4407 3443 4464 quam
3497 4394 3642 4466 ipsis

1995 4474 2236 4531 Goll‘ridi
2268 4490 2397 4530 esse
2455 4478 2681 4547 putant.
2713 4475 2938 4532 Dicitur
2997 4483 3192 4535 tamen
3231 4479 3291 4536 in
3320 4482 3498 4554 veteri
3552 4483 3642 4540 in-

1915 4573 1963 4638 D
1995 4568 2322 4621 stramento
2349 4580 2481 4637 pag.
2504 4564 2598 4634 29,
2620 4565 2681 4620 in
2705 4565 2899 4622 navim
2931 4567 3196 4624 Ecclesia
3219 4568 3362 4628 tunc
3392 4569 3642 4629 transla-

1996 4658 2095 4708 tus
2141 4653 2324 4709 fuisse
2367 4658 2425 4709 et
2481 4653 2781 4726 sepultus;
2833 4660 2891 4710 et
2939 4657 3111 4728 paulo
3171 4662 3304 4715 ante
3355 4676 3486 4732 pag.
3546 4661 3641 4732 25,

1999 4742 2314 4814 scripserat
2341 4741 2467 4815 ipse
2511 4741 2851 4799 Pelleterius
2887 4761 2900 4798 :
2934 4745 3107 4816 Hujus
3153 4747 3454 4818 sepultura?
3478 4747 3642 4820 ﬁdem

1995 4832 2132 4902 facit
2149 4833 2369 4902 pictura
2397 4833 2449 4886 et
2479 4831 2622 4903 lapis
2650 4849 2685 4886 a
2732 4840 2880 4888 terra
2930 4834 3151 4889 circiter
3195 4832 3266 4890 ad
3321 4839 3430 4893 tres
3478 4836 3642 4910 pedes

1995 4921 2234 4976 elevatus
2255 4921 2501 4975 anterior
2515 4919 2713 4977 altaris
2732 4923 2908 4977 sancti
2919 4921 3173 4989 Andreae,
3193 4924 3332 4997 quod
3359 4930 3440 4982 est
3463 4926 3534 4983 ad
3561 4925 3639 4984 si-

1994 5009 2233 5063 nistrum
2253 5009 2432 5079 majus
2448 5008 2626 5064 altare
2644 5025 2769 5063 cum
2798 5007 2896 5063 hoc
2915 5010 3117 5081 elogio:
3140 5013 3278 5068 Dum
3293 5014 3487 5085 viguit,
3502 5017 3641 5085 etc.,

1996 5113 2123 5169 qua
2153 5097 2352 5152 omnia
2379 5095 2554 5153 hodie
2581 5114 2699 5154 non
2730 5102 3090 5170 comparent.

2067 5186 2182 5242 Hac
2240 5187 2369 5259 ipsa
2427 5184 2816 5244 dedicationis
2873 5188 3070 5244 Sancti
3130 5189 3352 5248 Nicolai
3413 5191 3526 5262 die,
3579 5193 3638 5249 id

1993 5278 2148 5332 estrv
2161 5275 2300 5332 Idus
2313 5276 2631 5343 Februarii,
2650 5276 2920 5333 Urbanus
2951 5276 3176 5336 litteras
3199 5280 3270 5336 ad
3302 5279 3638 5352 Philippum

1991 5363 2479 5421 Catalaunensem
2497 5364 2836 5437 episcopum
2857 5367 3112 5438 scripsit,
3137 5369 3355 5440 quibus
3377 5385 3512 5424 eum
3541 5370 3640 5425 ad-

1992 5453 2280 5521 hortatur,
2303 5457 2372 5509 ut
2415 5453 2734 5511 monachos
2782 5455 2976 5511 Sancti
3006 5456 3200 5512 Vitoni
3249 5456 3637 5514 Virdunensis

1991 5544 2094 5615 qui
2108 5543 2168 5600 in
2188 5544 2317 5616 ejus
2327 5541 2593 5599 diacesis
2605 5543 2865 5617 prioratu
2882 5543 3080 5601 Sancti
3092 5543 3311 5601 Nicolai
3326 5545 3637 5602 moraban-

1991 5637 2110 5702 tur,
2137 5650 2173 5694 a
2202 5628 2620 5710 nonnullorum
2671 5627 3135 5710 parochianorum
3189 5648 3434 5703 suorum
3464 5649 3636 5698 vexe-
