3950 6218
339 308 454 367 195

1633 310 1704 373 Β.
1751 311 2040 374 UBBANI
2085 311 2137 373 II
2183 307 2438 372 PAP/E.

3629 311 3752 370 196

335 445 598 501 tionibus
650 443 960 512 liberaret;
993 447 1051 498 et
1088 443 1147 498 in
1194 443 1515 515 posterium
1547 444 1656 500 sub
1686 445 1814 516 ejus
1846 462 1982 517 pr0~
2008 449 2065 513 Α
2092 443 2379 500 liberandi
2401 443 2649 499 Golfredi
2682 443 3066 501 Barbatiolim
3090 443 3344 500 Andium
3369 442 3625 513 comitis,
3644 444 3749 515 qui

337 535 588 591 tertione
619 549 856 590 securos
900 532 1296 604 essejuberet.

335 641 608 698 CCXLI".
645 642 892 712 Eclipsis.
916 640 1230 696 Monasterii
1274 641 1437 712 Rotas,
1460 641 1823 710 conﬁrmatio.
1858 642 1984 711 Ejus

636 713 739 768 loci
761 711 932 766 abbas
953 713 1221 768 Robertus
1250 711 1315 766 de
1342 711 1658 766 Arbrisello.

407 800 792 869 Postridie,ut
814 801 870 855 in
900 800 1184 856 Chronico
1222 799 1621 871 Andegavensi
1653 800 1806 870 apud
1841 800 1983 854 Lab-

336 891 512 946 beum
570 890 724 946 edito
775 889 1046 962 legimus,
1085 888 1306 943 scilicet
1337 905 1397 942 ιιι
1443 888 1570 943 ldus
1631 889 1978 954 Februarias,

335 997 459 1035 cum
491 979 788 1052 prmdictus
812 996 958 1050 papa
981 981 1039 1033 in
1073 978 1354 1033 Andecava
1374 977 1506 1032 urbe
1534 976 1813 1045 resideret,
1847 978 1979 1032 luna

315 1086 459 1132 ,cum
483 1072 615 1124 esset
647 1084 746 1123 xm
778 1068 1081 1122 terribilem
1108 1067 1352 1138 eclipsim
1380 1083 1543 1138 passa
1570 1069 1665 1121 est.
1687 1089 1712 1115 ‹‹
1735 1065 1858 1130 Qua
1887 1065 1980 1121 die

315 1157 490 1232 ﬁdem
523 1157 778 1229 pontifex
808 1157 866 1210 in
900 1171 1130 1211 camera
1149 1153 1411 1210 Gaufridi
1433 1153 1689 1227 episcopi
1711 1155 1978 1226 ejusdem

335 1247 501 1303 urbis
522 1261 720 1301 manus
750 1260 870 1302 sua:
899 1246 1238 1316 impositione
1268 1244 1636 1300 conﬁrmavit
1692 1243 1979 1299 fundatio-

339 1351 471 1391 nem
533 1334 872 1390 monasterii
932 1333 1346 1389 canonicorum
1405 1332 1764 1405 regularium
1797 1333 1978 1388 beata:

319 1423 528 1489 Marias
561 1425 633 1480 de
664 1423 831 1488 Rota,
867 1440 1046 1496 prope
1101 1422 1448 1478 Credonium
1491 1421 1613 1488 siti,
1645 1421 1737 1476 die
1766 1438 1975 1493 praece-

307 1511 510 1580 _-denti,
544 1530 578 1567 a
625 1511 883 1568 Renaldo
934 1511 1169 1568 Roberti
1220 1510 1522 1581 Burgundi
1576 1509 1695 1565 filio
1740 1510 1970 1565 factam.

307 1602 714 1664 .Fundationis
764 1601 978 1656 litteris
1028 1601 1474 1671 subcripserunt
1516 1599 1682 1671 Hugo
1741 1599 1974 1671 Lugdu-

327 1691 550 1757 nensis,
573 1694 630 1747 et
656 1693 901 1745 Amatus
929 1688 1366 1762 Burdigalensis
1387 1688 1805 1761 archiepiscopi
1831 1689 1976 1760 ;epi-

327 1779 488 1852 scopi
519 1795 670 1845 vero,
705 1780 799 1835 Ivo
829 1777 1226 1844 Carnotensis,
1257 1776 1494 1834 Hoellus
1533 1777 1971 1833 Cenomannen-
2001 1819 2050 1885 Β

328 1869 410 1924 sis
431 1874 488 1924 et
517 1867 828 1924 Gualterus
857 1865 1228 1922 Albanensis.
1251 1867 1394 1922 Cum
1419 1865 1649 1922 Urbano
1679 1883 1811 1922 vero
1843 1883 1972 1922 eam

329 1958 710 2013 ﬁrmaverunt
776 1955 1092 2012 Gaufridus
1147 1953 1609 2026 Andegavensis,
1666 1959 1722 2010 et
1778 1955 1972 2011 Bruno

327 2045 654 2119 Signiensis
675 2044 962 2117 episcopi;
989 2042 1256 2108 Teuthio,
1279 2043 1550 2100 Albertus
1565 2048 1620 2099 et
1650 2045 1972 2116 Rangerius

327 2133 690 2201 cardinales;
719 2133 1116 2190 Emorrandus
1139 2133 1208 2188 de
1227 2132 1503 2188 Seissuns
1525 2137 1579 2188 et
1609 2132 1744 2188 Milo
1776 2150 1974 2188 mona-

327 2224 476 2280 chus
500 2223 695 2279 Sancti
717 2221 1146 2287 Albini,clerici
1179 2239 1361 2294 papae,
1390 2244 1418 2272 ››
1441 2222 1541 2292 qui
1575 2239 1780 2278 omnes
1809 2222 1970 2278 dedi-

325 2311 538 2367 cationi
557 2311 809 2367 ecclesiae
833 2311 1029 2366 Sancti
1061 2310 1281 2366 Nicolai
1325 2311 1397 2366 ad
1423 2327 1601 2382 quam
1629 2329 1832 2380 magna
1885 2328 1968 2367 se-

323 2405 486 2457 natus
516 2402 748 2456 Romani
771 2416 902 2471 pars
932 2399 1256 2455 occurrisse
1287 2399 1520 2467 dicitur,
1561 2399 1964 2468 interfuerant,

320 2491 492 2546 Edita
539 2495 679 2546 sunt
735 2491 864 2561 ejus
909 2489 992 2544 rei
1037 2489 1429 2544 instrumenta
1458 2493 1616 2544 tomo
1668 2489 1739 2544 ιγ
1770 2488 1966 2544 Galliae

321 2579 664 2636 Christianae
697 2596 730 2634 a
759 2578 1252 2644 Sammarthanis,
1287 2583 1345 2634 et
1400 2579 1556 2634 tomo
1602 2577 1650 2632 Il
1680 2577 1964 2634 Miscella-

320 2684 563 2724 neorum
596 2666 1066 2722 Baluzianorum.

391 2756 660 2812 Rotensis
703 2754 951 2810 cmnobii
1004 2755 1208 2824 abbas,
1241 2758 1297 2810 et
1329 2755 1565 2826 quidem
1597 2755 1823 2826 primus
1855 2755 1964 2810 fuit

321 2845 610 2914 Robertus
643 2844 714 2898 de
743 2841 1082 2908 Arbrisello,
1125 2841 1596 2898 Fontis-Ebraldi
1626 2843 1964 2898 monasterii

319 2939 378 2990 et
398 2931 582 2992 totius
603 2931 825 2987 ordinis
845 2931 1020 3003 paulo
1045 2935 1250 3002 postea
1271 2931 1504 2986 futurus
1528 2931 1825 2987 institutor
1853 2933 1962 2988 sub

321 3019 596 3090 extremis
619 3020 836 3089 Urbani
859 3020 1049 3076 annis.
1074 3019 1262 3091 Hujus
1294 3036 1427 3075 vero
1453 3037 1586 3074 cum
1621 3020 1834 3076 famam
1859 3038 1960 3077 au-

319 3110 527 3166 diisset
557 3100 824 3166 Urbanus
848 3109 1040 3181 ipsum
1063 3109 1406 3182 Andegavos
1447 3109 1768 3176 accersivit,
1804 3127 1869 3165 ac
1901 3111 1959 3166 in

318 3197 699 3258 dedicationis
731 3197 924 3254 Sancti
976 3196 1194 3253 Nicolai
1239 3197 1626 3268 solemnitate,
1655 3199 1724 3252 ad
1757 3215 1956 3270 quam,
1990 3186 2032 3251 C

317 3288 510 3360 inquit
567 3287 903 3343 Baldericus
947 3286 1210 3357 ejusdem
1271 3286 1506 3342 Roberti
1546 3286 1688 3341 Vitae
1737 3292 1957 3355 auctor,

314 3379 640 3447 conﬂuxisse
662 3381 885 3448 putares
917 3383 1080 3432 totam
1109 3375 1254 3431 orbis
1285 3375 1726 3448 amplitudinem,
1748 3393 1963 3432 sermo-

295 3482 451 3544 .nem
473 3465 671 3522 haberi
690 3465 895 3536 jussit,
917 3467 1072 3536 cujus
1101 3466 1285 3530 verba,
1311 3470 1376 3520 ut
1408 3465 1563 3520 idem
1594 3469 1797 3521 auctor
1822 3483 1959 3538 pro-

313 3555 598 3628 sequitur,
621 3555 779 3610 valde
841 3556 1076 3610 Domino
1102 3569 1268 3624 papae
1292 3555 1773 3625 complacuerunt;
1805 3556 1960 3610 unde

310 3643 574 3717 injuncto
605 3644 656 3699 ei
689 3641 1121 3715 praedicationis
1143 3641 1334 3697 ofﬁcio
1363 3641 1661 3697 secundum
1691 3659 1725 3697 a
1753 3659 1808 3699 se
1837 3659 1962 3698 eum

308 3735 503 3789 statuit
534 3734 632 3787 Dei
659 3731 1110 3786 seminiverbium
1137 3748 1156 3783 :
1190 3747 1307 3801 qua
1334 3730 1604 3800 legatione
1633 3731 1868 3786 functus
1898 3733 1958 3788 in

309 3821 489 3878 variis
521 3820 889 3886 dicecesibus,
904 3817 996 3874 sui
1010 3817 1346 3874 monasterii
1364 3819 1623 3890 regimen
1637 3820 1881 3883 dimisit.
1897 3825 1960 3876 ut

309 3907 556 3964 liberius
588 3907 918 3962 ministerio
943 3905 1103 3962 verbi
1133 3905 1457 3962 insudaret.

399 3995 678 4052 CCXLIV.
724 3994 968 4050 Urbanus
1001 3996 1254 4065 pontifex
1283 3995 1336 4049 S.
1370 3996 1620 4050 Maurum
1643 3998 1848 4053 invisit.

384 4083 602 4140 Relicta
631 4086 825 4138 autem
849 4083 1292 4154 Andegavorum
1317 4083 1480 4150 urbe,
1504 4085 1759 4156 pontifex
1785 4085 1956 4142 Glan-

311 4172 632 4228 nafoliense
664 4171 860 4227 Sancti
889 4171 1075 4226 Mauri
1101 4171 1241 4226 olim
1277 4171 1500 4228 celebre
1532 4175 1952 4230 monasterium

309 4261 698 4332 invisit,quod
723 4264 859 4315 tunc
882 4259 1164 4331 temporis
1189 4260 1631 4318 Fossatensibus
1651 4264 1954 4320 monachis

309 4351 382 4406 ab
413 4350 584 4407 annis
623 4350 805 4404 ferme
849 4347 1118 4404 ducentis
1149 4350 1480 4420 subjectum
1511 4356 1654 4406 erat.
1690 4350 1767 4406 Ea
1797 4352 1866 4406 de
1891 4369 1953 4407 re

293 4438 419 4503 loci
450 4439 722 4496 monachi
762 4455 894 4492 cum
926 4437 1133 4492 vicinis
1164 4437 1374 4494 incolis
1405 4443 1462 4494 et
1490 4439 1800 4510 provinciae
1833 4456 1954 4495 ma-

2095 533 2174 589 ibi
2221 551 2254 590 a
2299 533 2503 589 multis
2535 533 2706 590 annis
2729 533 3000 590 Fulconis
3039 533 3279 590 Recbini
3313 532 3542 589 comitis
3563 532 3748 603 jussu

2093 622 2356 694 captivus
2385 621 2773 678 detinebatur.
2808 622 2971 678 Hunc
3000 623 3237 695 quippe,
3273 622 3356 678 ait
3402 620 3500 676 ille
3540 625 3749 676 auctor

2092 710 2240 766 libro
2273 729 2325 778 x,
2367 712 2610 767 Urbanus
2641 711 2862 766 hortatu
2891 719 2941 766 et
2982 715 3242 783 potestate
3270 728 3304 766 a
3333 710 3573 766 vinculis
3603 710 3743 764 libe-

2089 801 2252 854 ravit.
2277 798 2504 854 Etlibro
2536 817 2590 855 ix
2623 800 2825 854 scribit
2848 801 3119 854 eumdem
3154 799 3490 855 Goﬁ‘redum
3521 799 3744 855 Urbano

2089 904 2229 959 papa
2263 897 2531 960 praesente
2559 893 2610 944 et
2648 893 2952 960 imperante
3009 889 3343 944 absolutum
3401 889 3604 952 fuisse,
3640 887 3743 959 qui

2089 978 2241 1049 apud
2278 977 2575 1034 Chinonem
2604 983 2831 1034 castum
2891 995 2996 1048 per
3053 995 3240 1033 annos
3272 978 3453 1032 ferme
3501 976 3751 1049 triginta

2090 1067 2146 1121 in
2179 1084 2406 1123 carcere
2463 1067 2726 1124 reclusus
2784 1068 2991 1123 fuerat.
3028 1067 3155 1122 Haec
3186 1067 3500 1123 Ordericus
3535 1083 3548 1120 :
3601 1070 3662 1120 at
3692 1064 3747 1120 si

2088 1155 2233 1212 alios
2263 1157 2482 1229 passim
2509 1157 2778 1230 vulgatos
2811 1161 3074 1212 auctores
3103 1156 3560 1224 audiamus,aut
3585 1173 3739 1210 nun-

2087 1261 2264 1317 quam
2298 1262 2578 1301 ecarcere
2635 1245 2916 1302 liberatus
2977 1247 3085 1301 fuit
3143 1245 3514 1314 Gauifredus,
3576 1244 3737 1315 quod

2086 1333 2299 1390 diserte
2337 1335 2511 1390 habet
2532 1335 2920 1402 Hildebertus,
2947 1335 3044 1406 qui
3077 1334 3156 1389 ibi
3190 1338 3331 1389 tunc
3389 1333 3640 1399 vivebat,
3675 1332 3737 1386 in

2085 1423 2218 1478 Vita
2247 1423 2431 1480 sancti
2455 1423 2748 1498 Hugonis;
2775 1429 2872 1479 aut
2890 1428 3041 1479 certe
3066 1423 3122 1478 id
3155 1423 3343 1478 multo
3365 1426 3498 1495 post
3517 1420 3739 1477 Urbani

2085 1512 2396 1567 adventum
2429 1512 2486 1566 in
2545 1512 2790 1567 Galliam
2841 1511 3103 1584 contigit,
3140 1514 3204 1566 ut
3231 1510 3426 1566 videre
3457 1515 3548 1566 est
3577 1509 3734 1582 apud

2084 1601 2418 1673 Menagium
2449 1600 2597 1655 libro
2631 1617 2687 1656 ιιι
2720 1600 2982 1656 Historia:
3013 1599 3415 1667 Sabloliensis,
3449 1616 3578 1672 cap.
3625 1600 3731 1667 16;

2082 1689 2180 1744 sed
2207 1689 2313 1745 has
2329 1689 2706 1745 difﬁcultates
2739 1689 2927 1745 fusius
2959 1690 3230 1762 persequi
3279 1688 3427 1744 nihil
3457 1693 3732 1745 nostrum

2082 1777 2343 1834 interest.

2189 1884 2464 1940 CCXLVI.
2503 1885 2739 1940 Sublolii
2769 1885 2977 1940 bullam
3005 1884 3095 1940 dat
3122 1901 3222 1956 pro
3253 1885 3307 1939 S.
3343 1885 3584 1940 Nicolao.

2157 1974 2254 2030 Die
2303 1991 2396 2029 xv:
2452 1974 2738 2030 Kalendas
2771 1974 2984 2038 Martii,
3018 1974 3074 2028 id
3133 1978 3222 2030 est
3277 1973 3579 2030 Februarii
3639 1974 3728 2041 14,

2083 2063 2351 2118 Urbanus
2382 2062 2644 2131 Sablolii,
2665 2064 2820 2135 quod
2851 2062 3133 2135 oppidum
3149 2066 3238 2118 est
3268 2063 3326 2117 in
3355 2063 3731 2134 Andegaven-

2081 2153 2234 2207 sium
2250 2157 2307 2207 et
2319 2156 2822 2208 Cenomannorum
2838 2152 3054 2208 finibus
3069 2153 3248 2208 situm
3263 2152 3396 2207 dato
3409 2151 3731 2224 diplomate

2077 2241 2441 2296 conﬁrmavit
2469 2240 2771 2313 privilegia
2821 2246 2878 2297 et
2938 2241 3340 2313 possessiones
3382 2239 3727 2296 monasterii

2079 2329 2275 2386 Sancti
2304 2329 2522 2384 Nicolai
2553 2329 3010 2402 Andegavensis,
3043 2331 3212 2402 cujus
3243 2329 3551 2386 basilicam
3583 2334 3722 2385 ante

2079 2437 2295 2491 paucos
2322 2419 2446 2474 dies
2478 2419 2754 2474 manibus
2797 2419 2923 2474 suis
2980 2423 3433 2475 consecraverat.
3494 2419 3560 2474 In
3618 2418 3729 2474 hac

2077 2507 2257 2576 bulla,
2300 2507 2486 2562 multa
2525 2507 2808 2562 beneficia
2865 2507 3144 2575 decernit,
3178 2507 3264 2562 uti
3321 2507 3601 2575 diximus,
3665 2509 3727 2563 in

2076 2613 2275 2652 eorum
2299 2596 2569 2668 gratiam,
2602 2596 2702 2667 qui
2725 2596 2989 2651 eamdem
3012 2595 3314 2652 basilicam
3336 2594 3431 2652 die
3452 2598 3725 2653 anniver-

2077 2686 2229 2742 sario
2252 2687 2378 2756 ejus
2413 2684 2796 2740 dedicationis
2823 2684 3144 2741 inviserint.

2075 2791 2374 2848 CCXLVII.
2400 2791 2761 2847 Cenomannis
2805 2792 2978 2846 tribus
3015 2792 3204 2846 diebus
3246 2799 3494 2848 moratur
3551 2793 3725 2849 Urba-

2692 2879 2796 2917 nus
2820 2865 3088 2933 pontifex.

2145 2952 2649 3008 Cenomannorum
2674 2967 2907 3023 quoque
2930 2952 3134 3006 urbem
3161 2951 3379 3007 adiisse
3410 2952 3720 3009 Urbanum

2071 3041 2238 3096 testis
2259 3044 2348 3095 est
2369 3040 2542 3094 Fulco
2563 3055 2756 3095 comes
2780 3039 2838 3094 in
2862 3039 3188 3111 fragmento
3201 3039 3602 3111 jamlaudato,
3617 3041 3719 3098 ubi

2071 3129 2333 3185 triduum
2352 3128 2569 3184 Hoellis
2591 3127 2847 3200 episcopi
2866 3129 3203 3200 sumptibus
3221 3129 3482 3202 exegisse
3503 3131 3724 3187 dicitur

2072 3221 2132 3273 in
2158 3219 2314 3274 Actis
2345 3219 2608 3290 ejusdem
2633 3217 2798 3274 urbis
2827 3218 3233 3290 episcoporum
3262 3223 3421 3274 tomo
3457 3220 3535 3275 IIl
3565 3223 3723 3277 Ana-

2069 3307 2353 3364 lectorum
2385 3307 2678 3363 Mabillon.
2734 3307 2926 3376 editis,
2960 3324 3078 3379 qua
3107 3308 3410 3364 occasione
3442 3308 3726 3366 laudatur

2068 3396 2165 3452 ille
2195 3396 2458 3464 antistes,
2488 3397 2641 3468 quod
2673 3399 2820 3451 inter
2857 3413 3039 3452 omnes
3067 3400 3461 3453 antecessorum
3489 3416 3724 3456 suorum

2068 3487 2255 3541 titulos
2281 3486 2428 3541 solus
2457 3487 2786 3541 universalis
2809 3501 2972 3556 papae
2999 3490 3052 3541 et
3079 3485 3419 3542 sacerdotum
3467 3491 3721 3544 omnium

2063 3575 2336 3647 principis
2387 3578 2730 3631 sacrosancto
2781 3575 3010 3646 hospitio
3069 3575 3364 3631 honoratus
3421 3575 3618 3632 fuerit.
3654 3578 3723 3632 Et

2069 3665 2307 3736 quidem
2341 3665 2483 3719 adeo
2511 3662 2754 3718 celebris
2781 3664 2935 3734 apud
2966 3662 3126 3718 illius
3178 3663 3436 3736 regionis
3466 3665 3718 3738 populos

2067 3753 2282 3809 Urbani
2302 3756 2706 3808 Cenomannos
2727 3753 3010 3808 adventus
3033 3753 3234 3818 evasit,
3261 3757 3326 3808 ut
3346 3752 3482 3808 inde
3515 3753 3574 3809 in
3607 3772 3722 3827 pu-

2066 3843 2234 3898 blicis
2276 3842 2682 3898 instrumentis
2725 3841 3075 3913 quandoque
3119 3859 3222 3913 pro
3271 3843 3496 3914 epocha
3541 3844 3721 3900 fuerit

2065 3931 2388 3986 adhibitus.
2421 3931 2557 3998 Hac,
2590 3930 2676 3985 uti
2719 3930 2968 3998 videtur,
3018 3931 3339 3998 occasione,
3397 3936 3501 3987 aut
3560 3938 3717 3989 certe

2064 4036 2199 4075 cum
2229 4017 2523 4091 Andegavi
2583 4022 2756 4083 esset,
2790 4018 2942 4074 idem
2974 4018 3230 4091 pontifex
3279 4019 3480 4075 Hoello
3515 4038 3716 4077 curam

2063 4107 2438 4163 demandavit
2469 4106 2858 4161 restitutionis
2889 4109 3154 4162 Loconaci
3183 4107 3493 4165 monachis
3518 4110 3716 4166 Sancti

2061 4195 2254 4251 Albini
2316 4194 2611 4262 faciendae,
2645 4211 2818 4266 quem
2872 4194 3087 4262 locum,
3117 4195 3254 4251 olim
3286 4214 3320 4252 a
3345 4196 3717 4255 Childeberto

2062 4302 2196 4359 rege
2227 4285 2345 4341 illis
2376 4285 2682 4352 donatum,
2705 4285 2812 4339 viri
2838 4286 3079 4357 quidam
3105 4285 3329 4343 nobiles
3356 4286 3716 4345 invaserant.

2061 4391 2393 4447 CCXLVIII.
2415 4391 2696 4448 Vindocini
2723 4391 2837 4446 dies
2865 4392 3118 4447 undecim
3152 4403 3549 4450 commoratur.
3587 4403 3716 4452 Pro-

2129 4465 2421 4544 fessionem
2451 4464 2696 4544 episcopo
2716 4465 2923 4534 factam
2955 4465 3173 4518 irritam
3219 4467 3374 4535 facit.
3427 4467 3718 4523 Consecrat

290 4529 586 4602 ,gnatibus
606 4527 907 4616 conquesti
927 4533 1066 4583 sunt
1088 4528 1240 4616 apud
1267 4527 1584 4594 Urbanum,
1607 4528 1679 4582 ab
1705 4543 1770 4582 eo
1799 4527 1954 4583 efﬂa-
1982 4553 2028 4616 D
2129 4527 2309 4590 'auare
2339 4527 2620 4602 cruciﬁxi.

306 4619 559 4691 gitantes
581 4622 646 4673 ut
665 4622 781 4690 tam
804 4615 1090 4672 illustrem
1117 4615 1310 4670 locum
1342 4616 1414 4670 ab
1453 4619 1781 4671 exterarum
1806 4617 1953 4690 jugo

293 4705 600 4770 liberaret.
626 4707 737 4762 Sed
761 4705 856 4761 ille
887 4721 1127 4760 causam
1160 4704 1464 4775 hanc,quze
1493 4703 1800 4759 videbatur
1827 4721 1955 4760 esse

291 4795 552 4868 alicujus
583 4795 885 4863 momenti,
901 4795 972 4850 ad
997 4793 1313 4849 concilium
1329 4793 1664 4848 Turonense
1682 4794 1948 4866 sequenti

291 4901 507 4951 mense
537 4885 975 4950 celebrandum,
1011 4881 1386 4938 deferendam
1439 4898 1568 4937 esse
1607 4883 1854 4953 censuit,
1888 4887 1952 4938 ut

309 4973 445 5028 dato
504 4973 951 5028 Fossatensibus
985 4987 1113 5025 sese
1160 4969 1363 5024 tuendi
1398 4969 1542 5036 loco,
1577 4987 1689 5038 res,
1723 4976 1950 5026 mature

301 5060 606 5133 perpensis
636 5076 703 5114 ex
733 5064 982 5129 utraque
1013 5061 1177 5129 parte
1208 5057 1544 5123 momentis,
1561 5058 1947 5128 judicaretur.

304 5148 468 5212 Quod
500 5146 694 5218 reipsa
721 5147 942 5202 factum
988 5150 1098 5212 est,
1134 5150 1190 5200 et
1227 5145 1603 5200 Fossatenses
1632 5161 1812 5200 causa
1865 5145 1950 5200 uti

300 5236 457 5292 infra
483 5235 768 5302 dicemus,
803 5234 1158 5289 ceciderunt.

301 5324 554 5382 CCXLV.
587 5333 673 5379 An
706 5323 944 5378 Cainone
974 5321 1290 5395 Goffredum
1326 5321 1627 5375 Barbatum
1673 5319 1949 5375 liberavit.

374 5411 837 5468 HincCainonem
852 5411 915 5471 in
935 5411 1463 5490 ﬁnibus'l‘uronum
1479 5407 1952 5464 versusPictavos

300 5515 651 5577 progressus
670 5504 760 5558 est
778 5499 1061 5574 pontifex,
1085 5499 1136 5555 si
1161 5512 1365 5552 verum
1397 5494 1475 5550 sit
1503 5509 1638 5549 eum
1671 5493 1817 5550 illud
1849 5513 1952 5569 op-

301 5589 508 5670 pidum
535 5589 770 5661 adiisse,
805 5593 871 5649 ut
918 5587 1114 5648 innuit
1161 5581 1476 5644 Ordericus
1506 5581 1736 5654 Vitalis,
1777 5601 1954 5647 causa

2132 4623 2524 4677 Vindocinum
2543 4621 2678 4676 inde
2696 4622 2988 4693 profectus
3012 4623 3287 4695 pontifex,
3302 4624 3381 4679 ibi
3396 4627 3525 4682 dies
3540 4629 3719 4682 unde-

2065 4712 2175 4765 cim
2234 4705 2632 4765 commoratus
2672 4714 2780 4778 est,
2813 4715 2959 4766 teste
2989 4710 3245 4767 Gofl'rido
3272 4714 3402 4784 ejus
3433 4713 3546 4770 loci
3579 4721 3716 4770 tunc

2063 4799 2291 4863 abbate,
2325 4797 2424 4870 qui
2477 4797 2625 4852 libro
2655 4815 2693 4864 ι,
2753 4798 2926 4870 epist.
2979 4801 3067 4867 18,
3099 4799 3220 4854 haec
3279 4803 3352 4856 ad
3413 4803 3713 4860 Cononem

2059 4888 2398 4959 episcopum
2417 4886 2573 4942 sedis
2597 4885 2923 4958 apostolicae
2947 4887 3202 4960 legatum
3223 4890 3427 4945 scribit
3449 4909 3462 4947 :
3482 4892 3716 4964 Optimae

2058 4978 2338 5032 memoria?
2384 4992 2532 5047 papa
2573 4975 2841 5044 Urbanus,
2873 4983 2923 5030 et
2977 4978 3072 5047 qui
3125 4993 3275 5032 nunc
3331 4987 3412 5034 est
3457 4979 3716 5036 dominus

2057 5065 2335 5119 Paschalis
2364 5081 2527 5136 papa,
2563 5067 2623 5119 in
2651 5065 2888 5120 Ecclesia
2919 5073 3127 5131 nostra,
3159 5066 3257 5121 ubi
3303 5082 3426 5125 suae
3477 5071 3722 5127 charita-

2059 5155 2127 5207 tis
2149 5154 2329 5221 gratia
2352 5169 2453 5224 per
2480 5151 2735 5208 undecim
2765 5153 2879 5208 dies
2908 5158 3258 5223 manserunt,
3285 5158 3586 5230 privilegia
3617 5176 3716 5215 no-

2057 5248 2170 5295 stra
2201 5240 2457 5296 viderunt
2483 5249 2535 5296 et
2560 5257 2652 5296 ore
2675 5242 2900 5312 proprio
2949 5242 3219 5310 legerunt,
3248 5246 3297 5299 et
3326 5261 3439 5300 suae
3481 5250 3718 5303 auctori-

2061 5330 2188 5382 tatis
2217 5327 2424 5383 decreto
2452 5329 2832 5399 ﬁrmaverunt.
2855 5329 2935 5383 Ea
2965 5329 3168 5400 procul
3201 5331 3378 5387 dubio
3411 5336 3716 5392 occasione

2061 5415 2327 5471 Urbanus
2374 5416 2578 5472 didicit
2606 5417 2680 5470 ab
2734 5418 2862 5488 ejus
2905 5416 3016 5472 loci
3049 5419 3355 5476 monachis
3386 5421 3714 5479 Gofi'ridum

2061 5503 2350 5571 abbatem,
2384 5519 2519 5560 cum
2551 5505 2625 5560 ab
2655 5504 2823 5560 ivone
2868 5505 3193 5563 Carnoteno
3243 5508 3712 5580 benediceretur,

2059 5590 2480 5669 professionem
2513 5591 2564 5652 ei
2593 5595 2877 5670 tanquam
2907 5593 3234 5654 dioseesano
3287 5597 3570 5676 episcopo
3629 5600 3709 5662 fe-
