3950 6218
195 323 318 385 197

1815 312 2024 380 Vl'l‘A.

3506 325 3623 386 198

193 455 376 523 cisse;
410 453 573 528 quod
605 469 760 531 aegre
790 454 928 514 tulit
979 454 1256 530 pontifex,
1307 455 1660 529 abbatemque
1704 452 1865 508 vehe-
1893 449 1951 520 Α
1981 450 2416 508 Northmanniaa
2447 448 2676 522 ducem,
2731 453 2829 527 qui
2879 452 3052 527 paulo
3107 460 3240 530 post
3269 457 3341 514 ad
3387 474 3622 515 sacrum

191 548 418 602 menter
445 548 777 620 increpavit,
827 547 1132 604 columbam
1183 545 1461 602 seductum
1488 561 1580 600 cor
1623 559 1734 600 non
1765 543 1860 598 ha-

199 635 418 691 bentem
453 637 621 691 illum
651 636 957 708 appellans,
983 652 1164 708 quare
1185 635 1341 708 quod
1372 635 1567 690 illicite
1592 633 1864 690 commis-

197 740 345 780 sum
378 724 590 791 fuerat,
623 726 852 780 irritum
878 726 1026 796 fecit,
1057 742 1122 781 ac
1146 729 1347 798 postea
1394 724 1640 779 Romam
1673 739 1865 778 rever-

199 830 314 869 sus
346 812 464 870 lato
482 814 719 870 decreto
749 814 1091 882 sancivit,ne
1108 814 1243 886 quis
1259 815 1636 886 postmodum
1650 812 1866 867 Vindo-

201 902 328 958 cini
364 903 549 958 abbas
577 906 840 974 cuiquam
882 905 1125 976 episc0po
1167 903 1510 974 proﬁteatur,
1556 901 1711 974 quod
1763 901 1865 956 Pa-

202 991 437 1048 schalis
468 1007 774 1048 successor
798 991 1013 1048 Urbani
1041 993 1350 1047 iterumsua
1378 992 1674 1064 apostolica
1690 998 1868 1045 aucto-

203 1083 383 1137 ritate
435 1082 700 1152 ﬁrmavit.
755 1081 884 1137 Haec
937 1080 1135 1137 omnia
1165 1084 1362 1137 narrat
1406 1081 1531 1153 ipse
1576 1078 1870 1136 Goll'ridus

203 1170 360 1243 epis.
387 1173 424 1224 7
455 1174 512 1226 et
541 1170 632 1240 lt,
656 1170 756 1226 lib.
792 1186 850 1238 ιι,
883 1171 954 1226 ad
983 1172 1216 1226 Ivonem
1250 1169 1504 1242 scriptis.
1560 1169 1870 1224 Decretum

203 1275 350 1315 vero
375 1260 574 1331 ipsum
605 1259 824 1331 profert
853 1259 1024 1332 epist.
1056 1260 1128 1314 27
1157 1259 1228 1316 ad
1285 1258 1640 1314 Gaufredum
1681 1255 1872 1313 Ivonis

205 1364 646 1418 successorem,
678 1349 833 1420 quod
867 1365 975 1404 suo
1000 1346 1128 1404 loco
1157 1347 1541 1420 proferemus.

283 1438 418 1493 Huc
451 1454 684 1510 quoque
717 1437 1104 1493 revocandum
1137 1441 1227 1493 est
1257 1437 1411 1509 quod
1443 1437 1514 1492 de
1544 1436 1643 1492 illo
1677 1451 1874 1490 mona-

206 1527 400 1584 sterio
433 1525 648 1600 legitur
672 1527 733 1581 in
765 1525 1048 1582 Chronico
1076 1526 1501 1598 Andegavensi,
1535 1525 1688 1598 apud
1730 1524 1873 1580 Lab-

206 1615 606 1672 beumtomol
635 1614 998 1672 Bibliotheca:
1014 1614 1294 1681 novai,ubi
1311 1614 1383 1669 ad
1399 1631 1618 1668 annum
1637 1613 1771 1669 l095
1782 1628 1876 1667 ve-

208 1706 329 1761 teri
363 1702 544 1777 stylo,
575 1721 690 1776 quo
704 1702 927 1759 scilicet
941 1701 1069 1758 novi
1085 1719 1155 1758 an
1165 1702 1223 1757 ni
1236 1703 1538 1758 exordium
1552 1719 1585 1758 a
1599 1701 1878 1757 Paschate

211 1793 574 1886 desumitur,
635 1792 758 1848 haec
785 1791 1027 1886 phabet:
1087 1792 1283 1848 Eodem
1312 1807 1495 1886 ἰιηηρΔ
1516 1807 1572 1846 ιν
1609 1789 1876 1886 Kalendas
1905 1821 1953 1886 Β

211 1883 450 1938 Martias
478 1883 811 1940 consecravit
845 1882 1093 1939 Urbanus
1119 1897 1265 1952 papa
1297 1880 1631 1948 Cruci/iram
1661 1879 1878 1936 Sancta:

215 1973 508 2028 Trinitatis
572 1970 976 2028 Vindocinensis
1027 1972 1280 2040 camabii,
1339 1974 1502 2041 atque
1555 1968 1880 2041 perdonavit

213 2063 516 2133 septimm
538 2063 756 2132 partem
796 2068 1142 2131 peccatorum
1199 2074 1424 2116 suorum
1480 2060 1750 2125 omnibus,
1783 2060 1880 2128 qui

217 2165 550 2221 unoquoque
603 2165 748 2204 anno
801 2149 1245 2204 anniversarium
1305 2147 1541 2219 ejusdem
1595 2163 1877 2203 consecra-

215 2241 389 2295 tionis
421 2239 566 2294 diem
596 2238 802 2293 ibidem
828 2237 1180 2293 celebrarent.
1211 2237 1367 2292 Idem
1402 2236 1640 2292 omnino
1671 2235 1884 2308 legitur

216 2328 283 2384 in
314 2328 495 2384 veteri
522 2327 651 2383 cod.
684 2343 798 2383 ms.
830 2326 1276 2382 Vindocinensis
1294 2325 1655 2393 monasterii;
1683 2325 1879 2380 Cruci-

217 2417 323 2474 ﬁxi
356 2421 556 2473 autem
587 2416 824 2472 nomine
857 2415 1302 2488 intelligendum
1329 2419 1416 2471 est
1445 2415 1626 2471 altare
1657 2415 1879 2470 Sancta:

217 2505 448 2572 Crucis,
471 2506 628 2577 quod
659 2505 950 2577 hodieque
983 2509 1133 2560 retro
1166 2505 1361 2575 majus
1394 2503 1573 2560 altare
1587 2502 1878 2570 subsistit,

220 2596 403 2668 vulgo
429 2595 760 2652 Matutinale
809 2593 1192 2667 appellatum,
1222 2600 1287 2649 ut
1333 2598 1566 2650 constat
1605 2611 1674 2650 ex
1704 2591 1882 2649 veteri

223 2685 456 2742 Missali
487 2701 600 2741 ms.
622 2684 887 2755 ejusdem
901 2683 1263 2749 monasterii,
1282 2683 1341 2738 in
1365 2700 1479 2755 quo
1501 2681 1883 2738 dedicationis

222 2774 413 2846 hujus
441 2773 730 2830 festivitas
761 2773 870 2829 sub
902 2772 1009 2828 hoc
1038 2771 1206 2828 titulo
1220 2775 1598 2828 memoratur.
1621 2773 1695 2827 De
1717 2772 1886 2826 altari

226 2864 578 2931 latitunali,
637 2866 746 2919 etc.
804 2861 1080 2919 Notitiam
1139 2861 1427 2934 integram
1475 2860 1796 2918 referemus
1823 2861 1884 2917 in

233 2953 591 3026 Appendice.

525 3059 797 3116 CCXLIX.
831 3058 1134 3114 Concilium
1162 3059 1599 3128 Rothomagense.

1972 538 2190 594 bellum
2212 540 2508 611 profectus
2539 546 2646 609 est,
2672 542 3147 616 composuit.Sed
3171 545 3242 600 ad
3274 545 3493 603 Urbani
3513 547 3626 603 iter

1973 628 2319 686 reﬂectenda
2347 635 2435 686 est
2464 631 2668 687 oratio.

1974 735 2148 814 CC_t_.I.
2189 741 2433 814 Turonos
2456 739 2704 814 Urbanus
2723 741 2974 814 ponti/ex
3011 739 3246 814 aduenit.
3299 741 3499 814 Scribit
3526 759 3626 814 pro

2047 807 2289 884 litarzasse
2316 807 2734 884 archiepiscopo
2766 807 3034 884 Ῑζένηὶίήδίἶ
3080 812 3304 884 Publice
3341 807 3622 884 praedicat.

2046 881 2282 1008 ἔξιῳῦνίδί
2301 884 2621 963 monasterii
2665 882 2948 938 basilicam
3003 883 3232 939 dedicat.
3279 881 3492 940 Statuta
3525 900 3627 956 pro

2092 992 2103 1004 .
2198 969 2263 1006 ar
2291 968 2400 1008 mo.

2092 992 2103 1004 .
2139 968 2400 1008 Μανῑιηο.

2051 1038 2223 1094 Initio
2254 1040 2474 1096 mensis
2491 1040 2680 1096 Martii
2707 1043 2973 1097 Turonos
2999 1043 3355 1108 advenit,ubi
3373 1042 3629 1116 primum

1979 1127 2312 1200 hospitatus
2345 1129 2524 1185 fuisse
2546 1130 2775 1185 videtur
2798 1132 2952 1202 apud
2970 1133 3628 1204 Majus-Monasterium.

1981 1216 2103 1272 Huc
2131 1217 2288 1272 enim
2321 1217 2668 1273 accessitdie
2694 1221 2866 1274 tertia
2886 1220 3013 1288 ejus
3029 1219 3269 1289 mensis,
3305 1220 3390 1276 uti
3408 1221 3632 1295 colligi-

1981 1309 2079 1360 tur
2107 1321 2173 1360 ex
2195 1305 2529 1361 narratione
2543 1305 2927 1362 dedicationis
2945 1308 3210 1378 ejusdem
3233 1306 3342 1363 loci
3356 1308 3631 1369 basilicae.

1983 1411 2110 1466 quae
2140 1412 2197 1450 vx
2231 1395 2592 1462 ldusMartii,
2627 1395 2721 1450 die
2751 1400 2947 1450 octavo
2977 1397 3243 1466 ejusdem
3275 1397 3633 1452 adventusin

1984 1483 2428 1551 monasterium,
2463 1484 2616 1539 facta
2638 1488 2744 1539 est.
2780 1485 2924 1539 Hinc
2953 1484 3240 1540 habemus
3285 1490 3467 1541 totam
3507 1487 3635 1541 die-

1984 1589 2116 1628 rum
2150 1572 2356 1627 seriem
2389 1589 2535 1644 quos
2566 1573 2823 1643 pontifex
2853 1590 2919 1627 eo
2951 1573 3008 1627 in
3034 1573 3237 1628 itinere
3265 1573 3472 1646 exegit.
3500 1575 3638 1630 Erat

1986 1661 2222 1734 quippe,
2255 1667 2319 1715 ut
2339 1661 2614 1726 vidimus,
2653 1660 2744 1715 die
2767 1661 2829 1716 M
2867 1660 3160 1715 Februarii
3193 1661 3452 1729 Sablolii,
3482 1662 3638 1718 unde

1987 1750 2266 1822 postridie
2299 1750 2592 1821 profectus
2614 1749 3020 1804 Cenomannos
3040 1749 3291 1817 advenit,
3307 1749 3406 1804 ubi
3429 1749 3638 1806 diebus

1987 1839 2198 1904 tribus,
2234 1838 2290 1893 id
2324 1842 2412 1893 est
2441 1837 2665 1893 decimo
2698 1842 2857 1893 sexto
2897 1842 2954 1892 et
2983 1837 3215 1893 duobus
3255 1839 3639 1908 sequentibus

1986 1931 2382 1983 commoratus
2396 1931 2503 1981 est.
2537 1926 2666 1981 Deci
2678 1943 2770 1980 mo
2788 1943 2941 1980 nono
2956 1926 3207 1996 perrexit
3222 1926 3636 1995 Vindocinum,

1986 2017 2085 2071 ubi
2118 2032 2252 2070 cum
2286 2031 2351 2070 ex
2384 2015 2623 2070 Goll‘ridi
2655 2015 2942 2086 epistolis,
2979 2015 3100 2070 dies
3144 2015 3415 2072 undecim
3445 2020 3638 2073 trans-

1987 2105 2190 2178 egerit,
2222 2104 2428 2158 exinde
2459 2103 2758 2158 antediem
2789 2104 3106 2158 secundam
3129 2103 3476 2160 auttertiam
3495 2105 3642 2161 Mar-

1987 2195 2052 2250 tii
2088 2193 2378 2266 proficisci
2411 2209 2527 2248 non
2578 2192 2786 2264 potuit,
2823 2209 2938 2264 quo
2998 2193 3188 2264 reipsa
3237 2193 3516 2251 alterutro
3547 2193 3640 2250 die

1987 2284 2252 2338 Turonos
2276 2281 2582 2336 advenisse
2612 2281 2896 2336 dicendus
2926 2286 3032 2336 est.

2060 2372 2163 2427 Die
2194 2374 2405 2443 quarta
2461 2369 2588 2440 ejus
2636 2370 2857 2424 mensis
2887 2370 2959 2424 ad
3019 2370 3325 2426 Remensis
3374 2372 3642 2428 Ecclesia

1990 2462 2390 2533 sulfraganeos
2422 2457 2726 2530 episcopos
2756 2457 3008 2529 scripsit,
3054 2463 3117 2513 ut
3149 2475 3221 2514 ne
3271 2459 3494 2515 diutius
3521 2461 3644 2516 Ma-

1990 2549 2184 2607 nassis
2217 2546 2381 2604 electi
2395 2563 2596 2602 eorum
2613 2545 3047 2619 metropolitani
3081 2547 3509 2606 ordinationem
3531 2550 3642 2606 dif-

1994 2642 2226 2697 ferrent.
2262 2636 2485 2701 Quibus
2517 2635 2727 2692 litteris
2782 2635 2867 2690 illi
2916 2653 3137 2692 morem
3194 2653 3461 2709 gessere:
3505 2656 3644 2695 nam

1993 2730 2294 2785 Manasses
2344 2726 2403 2780 in
2453 2723 2698 2780 basilica
2755 2724 3261 2782 archimonasterii
3318 2717 3643 2800 Remigiani

1993 2819 2088 2874 die
2126 2835 2160 2873 ι
2189 2814 2316 2870 Kal.
2348 2813 2564 2887 Aprilis
2594 2814 2666 2869 ab
2699 2814 2942 2886 Hugone
2967 2815 3395 2884 Suessionensi,
3420 2819 3646 2874 astanti-

1995 2909 2093 2962 bus
2122 2911 2173 2961 et
2192 2920 2392 2960 manus
2419 2906 2471 2959 ei
2496 2903 2896 2975 imponentibus
2923 2903 3184 2976 quinque
3213 2903 3347 2960 aliis
3377 2921 3641 2978 compro-

1993 2994 2341 3050 vincialibus
2393 2991 2685 3065 episcopis
2741 2997 3115 3048 consecratus
3184 2998 3292 3050 est.
3367 2995 3468 3050 Hic
3513 3012 3646 3051 vero

1996 3083 2378 3142 constituerat
2407 3082 2608 3138 statim
2632 3087 2945 3152 postsuam
2977 3082 3484 3155 inaugurationem
3504 3101 3648 3156 pon-

309 3152 433 3255 οξξο
483 3154 744 3249 tempore
797 3146 1536 3255 Ρριξξίξιῖξῇλαξιτῗξξίῗιξεῇ
1575 3147 1880 3255 ieris???
1916 3185 1960 3255 α
2000 3174 2211 3230 tificem
2245 3172 2426 3237 adire,
2462 3175 2527 3225 ut
2583 3146 2651 3226 ei
2678 3171 2806 3242 ejus
2863 3146 3209 3242 epistolaad
3270 3146 3646 3229 Lambertum

231 3237 674 3296 Northmannia:
703 3235 1126 3309 priesulescum
1146 3236 1458 3291 abbatibus
1487 3241 1544 3292 et
1573 3235 1702 3292 aliis
1725 3235 1890 3292 cleri-

233 3329 339 3396 cis,
368 3345 438 3383 ac
469 3326 775 3400 provincia.-
807 3324 1190 3397 optimatibus
1221 3342 1254 3379 a
1282 3323 1578 3381 Willelmo
1596 3329 1886 3398 metropo-

231 3417 419 3474 litano
451 3416 816 3488 Rothomago
848 3415 1144 3471 convocati
1175 3415 1245 3470 ad
1290 3414 1603 3471 concilium
1654 3416 1885 3487 provin—

234 3508 406 3579 ciale,
437 3523 640 3563 mense
672 3505 1006 3571 Februario,
1041 3505 1258 3560 ibidem
1289 3506 1532 3576 capitula
1573 3505 1788 3576 synodi,
1823 3509 1889 3560 ut

233 3601 439 3654 narrat
468 3594 781 3652 Ordericus
812 3594 959 3650 libro
991 3611 1067 3663 Ix,
1101 3608 1226 3664 quae
1254 3593 1397 3664 apud
1425 3595 1888 3651 Clarummontem

232 3690 386 3759 facta
407 3689 507 3754 est,
535 3686 879 3740 unanimiter
906 3684 1258 3755 contemplati
1285 3688 1444 3744 sunt;
1493 3686 1633 3739 scita
1680 3700 1890 3756 quoque

233 3777 535 3849 apostolica
555 3776 1034 3846 conﬁrmaverunt,
1095 3771 1307 3827 additis
1366 3777 1493 3852 octo
1541 3774 1886 3842 canonibus,

236 3882 391 3940 quos
424 3865 583 3920 idem
616 3867 819 3919 auctor
850 3864 1042 3933 refert,
1085 3866 1142 3917 et
1189 3861 1481 3917 habentur
1530 3863 1685 3934 apud
1736 3862 1888 3917 Lab-

233 3959 437 4013 beum.

382 4063 535 4118 CCL.
567 4061 880 4117 Jarentonis
909 4057 1122 4113 abbatis
1154 4059 1212 4112 in
1241 4059 1496 4128 Angliam
1529 4058 1743 4128 legatio.

309 4153 395 4208 Ad
427 4152 585 4207 idem
598 4154 834 4220 tempus
853 4147 1276 4202 revocandaest
1303 4146 1638 4203 Jarentonis
1660 4146 1890 4204 abbatis

235 4237 610 4299 Divionensis
639 4239 698 4292 in
743 4235 1011 4308 Angliam
1061 4235 1272 4307 legatio
1320 4235 1657 4308 apostolica,
1710 4252 1888 4307 quam

239 4328 520 4386 describit
552 4329 715 4399 Hugo
772 4325 1224 4380 Flaviniacensis
1255 4325 1313 4378 in
1346 4325 1630 4380 Chronico
1678 4324 1888 4382 Virdu-

239 4419 862 4488 nensi.lmpetraverat
891 4413 1127 4485 quidem
1142 4411 1478 4468 Willelmus
1507 4412 1724 4485 Anglice
1747 4431 1890 4471 rexa

238 4508 502 4563 Waltero
529 4501 1264 4577 episcopoAlbanensi,qui
1293 4499 1535 4572 pallium
1570 4518 1672 4572 pro
1690 4507 1889 4557 sancto

236 4596 517 4653 Anselmo
547 4593 785 4649 nomine
816 4591 1031 4646 Urbani
1061 4589 1354 4658 attulerat,
1388 4593 1454 4645 ut
1483 4589 1682 4645 nullus
1703 4608 1737 4645 a
1765 4607 1891 4646 sese

239 4683 564 4758 apostolica
593 4683 653 4736 in
682 4679 951 4753 Angliam
974 4679 1203 4752 legatus
1220 4678 1551 4734 mitteretur
1571 4678 1793 4750 absque
1810 4696 1892 4734 re-

239 4775 330 4848 gis
352 4777 664 4848 prtecepto;
697 4775 757 4824 at
783 4767 1118 4824 Jarentonis
1139 4768 1294 4823 fama
1309 4768 1453 4823 adeo
1480 4767 1724 4823 celebris
1744 4776 1887 4836 erat,

238 4868 522 4935 tantaque
555 4860 670 4916 fuit
687 4861 817 4931 ejus
846 4858 905 4913 in
946 4856 1297 4928 alloquendo
1345 4873 1540 4930 regem
1602 4857 1891 4914 inadulata

240 4954 440 5009 mentis
496 4950 824 5014 constantia,
884 4951 949 5002 ut
1000 4963 1097 5002 rex
1153 4946 1204 5000 ei
1245 4945 1435 5017 palam
1495 4945 1889 5003 contradicere

240 5042 483 5108 veritus,
503 5040 754 5096 consiliis
783 5037 899 5108 ejus
945 5053 1008 5091 ac
1036 5037 1172 5090 votis
1201 5037 1580 5105 acquieturum
1602 5037 1888 5106 promitte-

241 5136 338 5188 ret.
372 5131 486 5187 Sed
519 5127 722 5184 fallere
752 5124 980 5182 volebat
996 5123 1244 5180 callidus
1265 5140 1362 5180 rex
1375 5139 1442 5179 ea
1473 5124 1663 5196 specie
1687 5123 1887 5195 viripii

243 5221 537 5276 incautam
571 5213 1010 5286 simplicitatem
1037 5231 1051 5280 ;
1078 5213 1204 5283 jam
1238 5212 1452 5284 quippe
1484 5213 1556 5268 ad
1588 5212 1887 5268 Urbanum

244 5327 355 5366 nun
365 5308 476 5364 tios
489 5306 645 5362 clam
669 5303 1113 5369 miserat,novas
1127 5302 1198 5356 ab
1210 5317 1277 5357 eo
1291 5301 1580 5372 petiturus
1598 5300 1886 5370 inducias,

242 5416 381 5474 quas
410 5413 551 5453 cum
585 5393 782 5464 reipsa
810 5392 1199 5462 impetrasset,
1232 5389 1410 5461 idque
1455 5389 1753 5446 Jarentoni
1789 5389 1888 5449 de-

238 5490 538 5552 clarasset,
577 5481 698 5549 ille,
731 5479 964 5536 infectis
992 5479 1192 5548 rebus,
1215 5493 1284 5534 ex
1310 5477 1518 5550 Anglia
1546 5479 1746 5536 statim
1767 5481 1886 5538 dis-

235 5579 425 5640 cessit.
444 5577 512 5633 In
537 5570 791 5630 Galliam
807 5585 1070 5625 reversus
1083 5565 1347 5625 substitit
1365 5567 1424 5622 in
1441 5567 1886 5640 Northmannia,

232 5671 326 5750 μω
357 5680 578 5747 pacem
603 5661 757 5719 inter
785 5659 1057 5718 eumdem
1114 5672 1310 5733 regem
1340 5672 1406 5715 ac
1464 5655 1700 5719 fratrem
1758 5659 1887 5735 ejus

1919 4550 1967 4616 D

1997 3263 2435 3319 Atrebatensem
2492 3260 2646 3332 apud
2708 3259 3007 3314 Baluzium
3055 3265 3214 3314 tomo
3243 3260 3292 3313 V
3322 3260 3644 3317 Miscellan.

1995 3353 2152 3411 edita
2182 3354 2360 3424 patet;
2387 3348 2487 3404 sed
2518 3353 2717 3403 utrum
2749 3347 2806 3402 id
2835 3348 3183 3419 praestiterit,
3219 3349 3506 3405 incertum
3537 3357 3645 3407 est.

1997 3442 2268 3497 Urbanus
2324 3453 2458 3493 vero
2507 3436 2729 3491 interea
2791 3435 2988 3492 Sancti
3053 3435 3283 3492 Martini
3341 3437 3647 3505 ecclesiam

1997 3532 2332 3600 frequenter
2360 3526 2670 3590 invisebat,
2706 3524 2876 3580 modo
2905 3524 2964 3579 in
2998 3525 3126 3596 ejus
3165 3524 3424 3593 castello,
3475 3528 3648 3583 modo

1997 3621 2171 3676 etiam
2207 3617 2266 3672 in
2298 3616 2428 3688 ipsa
2447 3615 2612 3681 urbe,
2648 3616 2750 3669 aut
2773 3614 2832 3668 in
2849 3613 3039 3669 vicino
3069 3613 3648 3684 Majori-Monasterio

1996 3722 2390 3771 commorans,
2421 3702 2682 3776 quandiu
2711 3705 2975 3758 versatus
3007 3706 3094 3757 est
3118 3703 3270 3774 apud
3303 3703 3594 3760 Turonos.

2068 3797 2171 3852 Die
2194 3799 2389 3850 autem
2448 3808 2526 3848 vn
2577 3791 2735 3860 Idus,
2794 3791 2854 3846 id
2883 3795 2974 3846 est
3024 3791 3187 3847 Nona
3246 3791 3461 3862 Martii,
3521 3810 3650 3866 quas

1998 3884 2306 3943 Dominica
2363 3885 2505 3948 erat,
2566 3879 2872 3936 celebratis
2931 3880 2988 3935 in
3060 3879 3650 3952 Majori-Monasterio

2001 3974 2224 4042 missis,
2259 3973 2331 4028 ad
2363 3967 3217 4044 gradumligneum,quisupra
3249 3969 3409 4025 ﬂuvii
3432 3969 3650 4043 Ligeris

2007 4064 2196 4136 ripam
2255 4065 2497 4135 paratus
2555 4059 2768 4126 fuerat,
2827 4058 3076 4114 accessit
3123 4059 3402 4130 pontifex,
3452 4059 3652 4132 ibique

1999 4153 2323 4208 orationem
2355 4148 2580 4214 habuit,
2595 4147 2689 4202 cui
2707 4163 2841 4202 cum
2856 4145 3106 4203 Fulcone
3130 4147 3386 4204 Andium
3413 4149 3648 4216 comite,

1999 4247 2140 4296 tunc
2170 4238 2450 4310 temporis
2477 4237 2780 4291 Turonum
2793 4236 3052 4303 domino,
3073 4242 3130 4291 et
3160 4236 3291 4292 aliis
3311 4237 3652 4309 proceribus

1999 4327 2264 4385 interfuit
2295 4327 2608 4382 innumera
2639 4325 2834 4380 omnis
2859 4325 3211 4381 conditionis
3239 4326 3506 4381 etaetatis
3555 4325 3654 4380 ho-

1999 4419 2228 4474 minum
2260 4414 2596 4470 multitudo.
2619 4412 2964 4468 Pontificem
2978 4430 3045 4468 ea
3061 4413 3366 4468 occasione
3395 4414 3465 4468 de
3486 4429 3652 4468 sacra

1999 4506 2363 4581 expeditione
2394 4503 2655 4559 locutum
2682 4503 2862 4558 fuisse
2875 4501 3188 4574 plusquam
3215 4500 3514 4574 probabile
3538 4504 3649 4557 est.

2001 4599 2069 4654 Et
2098 4595 2332 4668 quidem
2368 4593 2503 4658 huc,
2538 4591 2649 4646 nisi
2684 4590 2873 4654 fallor,
2899 4592 3152 4646 revocari
3183 4591 3355 4646 debet
3383 4591 3539 4662 quod
3581 4590 3651 4644 de

1999 4691 2241 4757 Hugone
2272 4684 2343 4738 de
2394 4680 2790 4747 Calvomonte,
2823 4684 2880 4736 et
2935 4679 3236 4735 Hamerico
3266 4680 3337 4734 de
3393 4679 3651 4734 Currone

1999 4774 2213 4846 legitur
2242 4772 2300 4826 in
2335 4770 2591 4826 Historia
2620 4767 2908 4824 Ambasia:
2940 4773 3099 4824 tome
3130 4768 3174 4822 X
3201 4766 3517 4840 Spicilegii,
3549 4767 3652 4838 qui

1999 4865 2079 4918 ibi
2132 4861 2411 4916 dicuntur
2467 4861 2529 4913 in
2582 4858 2812 4914 ecclesia
2890 4857 3037 4912 beati
3114 4857 3341 4912 Martini
3407 4855 3654 4928 Majoris-

1998 4951 2316 5007 Monasterii
2348 4950 2406 5002 in
2437 4948 2738 5018 prwsentia
2765 4961 2948 5016 papae,
2976 4947 3166 5001 multis
3209 4945 3317 5001 sibi
3356 4945 3648 5008 adiunctis,

1998 5039 2233 5095 vestibus
2252 5036 2634 5108 superamictis
2653 5037 2858 5090 sanctae
2877 5036 3054 5089 crucis
3076 5035 3341 5090 vexillum
3354 5036 3648 5090 censuisse.

2070 5125 2378 5192 Postridie,
2412 5140 2516 5179 seu
2540 5139 2597 5179 v1
2623 5123 2759 5178 Idus
2794 5122 3004 5190 Martii,
3038 5123 3295 5195 pontifex
3335 5138 3470 5178 cum
3519 5121 3651 5178 aliis

1997 5214 2287 5289 episcopis
2316 5217 2373 5269 et
2401 5211 2803 5268 cardinalibus
2863 5213 3154 5283 majorem
3210 5211 3476 5283 ejusdem
3526 5226 3650 5266 mo-

1997 5303 2236 5361 nasterii
2269 5300 2573 5358 basilicam
2605 5299 2946 5357 solemniter
2985 5299 3293 5368 dedicavit,
3316 5304 3373 5355 et
3445 5299 3538 5353 die
3569 5314 3650 5353 se-

1999 5392 2202 5467 quenti
2233 5390 2529 5448 benedixit
2575 5390 2996 5446 coemeterium.
3044 5389 3198 5453 Quas
3249 5386 3647 5452 caeremonias,

1997 5481 2198 5540 relatis
2240 5495 2443 5536 eorum
2502 5477 2846 5551 pontiﬁcum
2904 5478 3006 5550 qui
3053 5482 3355 5549 presentes
3407 5474 3645 5530 aderant

2005 5568 2367 5634 nominibus,
2400 5566 2631 5639 egregie
2677 5565 2988 5638 descripsit
3042 5569 3206 5620 vetus
3249 5567 3452 5620 auctor
3492 5560 3646 5631 apud

1995 5657 2355 5729 Bochellum,
2388 5655 2554 5728 cujus
2583 5669 2650 5714 ea
2680 5653 2752 5714 de
2779 5668 2840 5712 re
2856 5651 3205 5734 opusculum
3226 5651 3287 5713 in
3315 5647 3646 5726 Appendice
