3950 6218
278 332 396 393 199

1569 326 1639 388 Β.
1687 327 1987 390 URBANI
2034 329 2086 390 ll
2130 331 2384 393 ΡΑΡᾸΞ.

274 466 567 539 integrum
601 463 814 518 referre
844 459 1157 531 visumest,
1194 460 1392 516 addita
1431 458 1607 514 veteri
1643 459 1929 516 notitiade
1959 462 2013 529 Α
2041 464 2315 520 monachi
2340 440 2537 522 Sancti
2566 466 2780 535 Albini,
2807 468 2864 524 in
2895 468 3142 542 epistola
3159 469 3452 542 encyclica
3467 471 3539 526 de
3561 472 3695 543 ejus
3725 471 3732 479 '

278 553 501 626 aliquot
523 550 783 624 juribus,
813 564 943 622 qua
974 565 1044 605 ea
1071 548 1376 606 occasione
1406 548 1572 620 Hugo
1621 549 1694 603 de
1723 548 1930 604 Calvo-

275 645 473 698 monte
507 656 688 712 supra
717 637 995 694 laudatus
1019 636 1374 692 monasterio
1399 635 1592 703 cessit,
1625 635 1932 692 Celebrita—

273 733 406 788 tem’
421 735 555 786 vero
580 729 708 800 ejus
739 726 1122 782 dedicationis
1152 729 1443 781 testantur
1473 725 1637 781 varia
1663 725 1930 796 ejusdem

277 819 388 876 loci
414 819 829 886 instrumenta,
863 832 990 887 qua
1019 815 1091 870 ab
1125 831 1276 870 anno
1308 830 1423 886 quo
1455 813 1605 869 facta
1643 813 1770 882 fuit,
1796 814 1931 868 data

276 907 572 964 dicuntur.
601 907 818 962 Ferunt
849 908 986 960 tunc
1013 903 1344 975 pontificem
1363 901 1420 957 in
1454 901 1710 974 capitulo
1732 917 1931 957 mona-

275 997 521 1054 chorum
553 995 887 1069 ingressum
915 1009 1048 1048 cum
1080 991 1152 1047 iis
1173 991 1418 1060 sedisse,
1451 1007 1518 1046 ac
1548 991 1701 1046 facta
1730 989 1932 1046 exhor-

273 1085 512 1155 tatione,
533 1083 745 1140 iisdem
764 1081 1189 1138 absolutionem
1206 1097 1308 1154 pro
1341 1096 1502 1136 more
1531 1078 1767 1136 illorum
1790 1083 1932 1135 tem-

273 1191 484 1248 porum
517 1171 887 1246 impertiisse.

343 1265 486 1321 Cum
518 1263 716 1334 itaque
745 1277 849 1334 per
872 1260 998 1316 dies
1016 1263 1239 1331 septem
1260 1262 1318 1315 et
1347 1257 1628 1331 amplius,
1659 1256 1930 1313 Urbanus

279 1353 616 1425 frequenter
645 1348 796 1406 beati
829 1347 1063 1405 Martini
1089 1347 1395 1404 ecclesiam
1429 1345 1744 1414 invisisset,
1769 1346 1863 1402 die
1886 1363 1927 1401 η

269 1441 407 1497 Idus
439 1438 629 1496 Martii
691 1439 748 1493 in
793 1439 921 1510 ejus
972 1438 1193 1493 castello
1251 1436 1507 1492 existens
1568 1439 1923 1508 praceptum

271 1529 450 1597 dedit,
482 1528 821 1602 quomodus
844 1527 904 1582 in
937 1524 1383 1582 eambasilicam
1415 1522 1926 1596 suscipiendorum

271 1615 602 1692 apostolica
635 1615 792 1672 sedis
840 1615 1167 1689 legatorum
1216 1613 1559 1681 ordinatur;
1613 1617 1670 1668 et
1701 1611 1839 1682 quia
1868 1611 1927 1666 in

275 1706 632 1779 quibusdam
665 1704 930 1775 ejusdem
947 1701 1210 1758 Ecclesia
1229 1701 1550 1775 privilegiis
1582 1716 1929 1756 concessum

270 1797 401 1868 ejus
461 1793 757 1851 canonicis
814 1797 940 1848 erat
989 1793 1278 1864 praprium
1335 1791 1532 1847 habere
1585 1793 1924 1862 episcopum,
1955 1834 2003 1900 B

421 1884 431 1895 ο
479 1882 511 1900 ο.
577 1881 619 1900 η
659 1883 670 1900 .
706 1898 844 1900 dm
1361 1880 1624 1900 ,-,_____
1696 1880 1923 1900 nu---“

271 1882 520 1940 sancivit
577 1881 872 1948 Urbanus,
932 1885 995 1936 ut
1024 1882 1142 1951 ejus
1192 1881 1307 1936 vice
1354 1880 1626 1952 deinceps
1687 1880 1925 1934 Romano

271 1974 584 2046 specialiter
632 1970 970 2026 adharerent
1023 1971 1271 2042 pontiﬁci
1297 1973 1351 2024 et
1401 1971 1681 2038 graviores
1737 1983 1927 2023 eorum

269 2078 446 2118 causa
465 2063 581 2133 ejus
604 2059 904 2132 penderent
932 2059 1166 2130 judicio.
1227 2061 1416 2130 Atque
1473 2056 1583 2112 hac
1621 2055 1926 2112 occasione

270 2149 364 2206 hic
394 2151 604 2206 referre
629 2150 804 2221 juvat
833 2148 988 2220 quod
1015 2147 1074 2202 in
1104 2147 1282 2203 veteri
1312 2163 1424 2202 ms.
1460 2145 1588 2202 cod.
1622 2145 1838 2219 legitur
1854 2144 1924 2200 de

268 2239 492 2295 catenis
541 2238 770 2303 ferreis,
832 2253 959 2308 qua
1016 2235 1308 2308 hodieque
1364 2228 1925 2308 quatuor'majores

271 2327 576 2384 columnas
608 2325 769 2383 chori
801 2325 931 2396 ejus
961 2323 1216 2380 basilica
1247 2340 1426 2397 prope
1458 2322 1736 2379 fornicem
1761 2321 1922 2378 colli-

266 2432 404 2488 gare
462 2415 922 2487 conspiciuntur.
978 2413 1072 2468 Sic
1131 2412 1344 2469 habet:
1401 2412 1648 2470 Urbanus
1700 2427 1847 2483 papa
1873 2412 1925 2466 II

266 2507 323 2560 in
352 2506 577 2577 signum
630 2504 854 2559 unionis
911 2503 1152 2574 episcopi
1195 2502 1413 2574 proprii
1439 2501 1602 2572 hujus
1661 2500 1923 2557 Ecclesiae

265 2596 503 2651 Romano
528 2593 778 2666 pontiﬁci
805 2600 857 2648 et
886 2591 1142 2647 Ecclesiae
1185 2592 1470 2656 Romanae,
1511 2593 1746 2661 quatuor
1769 2604 1920 2660 prae-

264 2685 453 2754 cipuas
480 2682 635 2738 chori
661 2679 904 2753 ejusdem
933 2681 1190 2736 Ecclesiae
1218 2680 1501 2735 columnas
1549 2679 1754 2734 catenis
1783 2694 1917 2750 qua-

267 2774 390 2826 tuor
433 2770 628 2840 ferreis
685 2769 835 2838 cingi
884 2768 1074 2839 jussit.
1137 2767 1200 2821 In
1249 2765 1532 2821 Chronico
1591 2765 1918 2820 Turonensi

266 2858 481 2915 dicitur
511 2857 664 2912 idem
697 2856 953 2929 pontifex
976 2871 1076 2927 per
1102 2854 1223 2910 dies
1251 2861 1452 2926 septem
1479 2861 1532 2910 et
1559 2869 1619 2910 eo
1657 2853 1915 2925 amplius,

265 2951 332 3003 ut
353 2948 480 3019 jam
494 2943 1259 3012 diximus,invisissesancti
1289 2943 1522 2999 Martini
1555 2942 1913 3015 sepulcrum,

266 3052 333 3092 ac
363 3037 629 3107 receptus
687 3031 947 3106 quotidie
1003 3030 1348 3088 solemniter
1405 3032 1587 3088 fuisse
1644 3030 1703 3086 in
1749 3035 1916 3103 porta

263 3122 617 3180 thesaurarii
650 3139 684 3178 a
712 3120 866 3178 clero
897 3121 1161 3193 ejusdem
1194 3119 1471 3178 ecclesia.

2042 558 2246 623 morte,
2281 571 2457 626 quam
2491 555 2737 613 dimisso
2767 556 3106 630 episcopatu
3160 557 3489 618 monachus
3539 559 3697 616 inter

2041 656 2140 697 eos
2171 642 2360 699 factus
2393 644 2574 700 subiit
2604 662 2756 702 anno
2789 646 2946 702 1123,

2113 731 2270 787 Inter
2297 731 2443 789 alias
2472 749 2605 790 vero
2627 751 2835 791 causas
2868 752 2996 808 qua
3027 736 3107 792 ibi
3156 735 3385 809 agitata
3435 735 3697 805 fuerunt,

2039 818 2286 876 celebris
2333 822 2624 878 restitutio
2673 827 2763 879 est
2809 823 3299 882 Glannafoliensis
3347 825 3694 882 monasterii

2039 908 2097 962 S.
2132 907 2316 964 Mauri
2351 911 2408 966 in
2427 911 2736 983 pristinam
2755 911 3105 982 libertatem,
3125 929 3303 987 quam
3333 914 3384 971 ei
3416 915 3488 972 ab
3517 916 3694 972 annis

2038 997 2352 1071 plusquam
2385 1000 2656 1058 ducentis
2674 1001 3048 1060 Fossatenses
3065 1005 3304 1060 abbates
3325 1005 3690 1061 ademerant.

2037 1087 2179 1157 Ejus
2211 1087 2292 1143 rei
2334 1090 2608 1146 meminit
2663 1096 2866 1148 auctor
2918 1092 3188 1148 Chronici
3247 1091 3690 1162 Malleaceusis;

2039 1174 2244 1232 Petrus
2274 1175 2565 1234 Diaconus
2593 1178 2741 1236 libro
2767 1195 2824 1236 ιν
2850 1181 3119 1237 Chronici
3151 1182 3482 1239 Casinensis
3525 1184 3694 1239 addit

2037 1262 2468 1322 Glannafolium
2527 1285 2595 1324 ea
2646 1267 2950 1326 occasione
3010 1270 3259 1343 principi
3331 1272 3691 1329 monasterio

2038 1353 2336 1411 Casinensi
2348 1396 2361 1421 ,
2394 1360 2458 1411 ut
2471 1374 2703 1430 semper
2723 1362 2855 1414 ante
2869 1359 3306 1416 Fossatensium
3324 1359 3688 1418 invasionem

2038 1441 2245 1512 fuerat,
2279 1443 2462 1500 fuisse
2492 1446 2868 1514 restitutum;
2922 1447 3022 1502 sed
3073 1464 3245 1503 nemo
3291 1447 3502 1504 melius
3531 1447 3691 1504 hanc

2039 1546 2162 1588 rem
2193 1534 2650 1606 exposuitquam
2683 1535 2808 1608 ipse
2825 1536 3168 1592 Urbanusin
3187 1537 3693 1594 duabusbullisea

2038 1620 2108 1676 de
2142 1637 2202 1677 re
2233 1622 2421 1678 datis:
2445 1624 2635 1694 prima
2663 1625 2917 1680 Gerardo
2940 1643 3087 1681 novo
3121 1626 3316 1683 abbati
3361 1625 3648 1699 inscripta
3674 1644 3688 1696 ;

2039 1707 2223 1765 altera
2273 1711 2564 1768 Orderisio
2625 1713 2818 1768 abbati
2878 1713 3202 1782 Casinensi,
3243 1714 3336 1770 cui
3393 1715 3689 1771 restitutio

2038 1799 2192 1855 facta
2222 1799 2350 1855 fuit.
2379 1801 2440 1856 In
2465 1801 2556 1857 his
2574 1801 2753 1858 bullis
2770 1803 3158 1876 quadraginta
3188 1808 3440 1876 quatuor
3460 1805 3685 1874 Patres,

2034 1887 2455 1961 archiepiscopi
2488 1889 2710 1945 scilicet
2738 1891 3016 1963 episcopi,
3051 1895 3108 1947 et
3149 1893 3391 1948 abbates
3437 1891 3690 1949 concilio

2033 1978 2359 2034 Turonensi
2413 1979 2752 2036 interfuisse
2811 1979 3105 2049 dicuntur,
3171 1982 3386 2054 quibus
3441 1982 3513 2037 de
3572 1981 3685 2038 hoc

2033 2066 2264 2139 negotio
2295 2067 2517 2140 aliquid
2549 2069 2770 2140 absque
2802 2074 3072 2125 accurato
3087 2070 3352 2126 examine
3381 2075 3438 2127 et
3467 2069 3686 2128 delibe-

2032 2156 2256 2212 ratione
2287 2160 2518 2212 matura
2547 2157 2942 2230 pronuntiare,
2993 2159 3181 2216 fuerat
3228 2159 3472 2232 religio:
3525 2161 3684 2216 unde

2032 2261 2167 2300 cum
2198 2249 2400 2316 postea
2432 2245 2866 2302 Fossatensium
2898 2247 3275 2320 instigatione
3324 2252 3526 2304 contra
3573 2248 3684 2304 hoc

2021 2333 2316 2405 judicium
2349 2334 2442 2390 Ivo
2469 2333 2841 2391 Carnotensis
2886 2336 3134 2408 epistola
3184 2337 3289 2392 459
3333 2337 3680 2394 Paschalem

2029 2423 2364 2495 pontiﬁcem
2391 2423 2840 2496 interpellasset,
2876 2424 3022 2480 nihil
3068 2426 3261 2498 potuit
3307 2427 3592 2495 obtinere,
3623 2430 3683 2483 et

2029 2512 2532 2569 Glannafolienses
2562 2513 2879 2586 deincepsa
2903 2514 3488 2588 Fossatensiumjugo
3509 2515 3681 2571 liberi

2030 2603 2209 2659 fuere.
2243 2602 2467 2674 Corpus
2517 2605 2712 2658 tamen
2775 2603 2961 2659 sancti
3004 2604 3190 2660 Mauri
3222 2604 3281 2660 in
3341 2605 3678 2661 Fossatensi

2027 2692 2380 2747 monasterio
2413 2680 2846 2761 retentumest,
2878 2694 3035 2764 quod
3067 2693 3203 2750 inde
3234 2693 3455 2750 sensim
3485 2695 3674 2751 sancti

2026 2781 2211 2836 Mauri
2244 2797 2455 2836 nomen
2488 2781 2726 2853 accepit,
2745 2781 3036 2854 hodieque
3050 2783 3276 2851 retinet;
3310 2783 3541 2839 duabus
3563 2784 3679 2839 cir-

2026 2870 2168 2926 citer
2197 2869 2377 2925 leucis
2409 2886 2443 2924 a
2465 2869 2821 2925 Parisiorum
2853 2871 2997 2926 urbe
3029 2870 3325 2940 dissitum,
3366 2870 3675 2928 monachis

2023 2958 2080 3014 in
2113 2958 2422 3015 canonicos
2453 2957 2764 3014 conversis.

2091 3067 2300 3120 Actum
2331 3066 2506 3120 etiam
2565 3064 2678 3120 fuit
2714 3065 2774 3119 in
2835 3066 3056 3137 synodo
3088 3064 3190 3121 illa
3243 3067 3572 3122 Turonensi
3603 3067 3675 3123 de

2026 3154 2449 3210 Cormaricensi
2509 3154 2884 3222 monasterio,
2941 3155 3098 3226 quod
3147 3155 3429 3226 injustea
3486 3155 3677 3212 sancti

263 3229 469 3316 cogi.
504 3228 811 3312 Concilium
838 3229 1158 3316 Turonensi.
1192 3229 1276 3316 Ibi
1293 3227 1588 3316 pruinam
1633 3226 1917 3316 Marti-idus,
1945 3202 1988 3268 (ἶ
2028 3202 2975 3314 nisi};;L'iggc{{;;;;;;1;.;m‘
2987 3202 3432 3316 ﬁgitﬁgit;
3480 3202 3672 3300 Et};

333 3300 662 3372 Redonensis
716 3301 1016 3372 episcopus.
1072 3299 1534 3372 Glanna/oliensis
1596 3301 1917 3354 monasterii

334 3371 604 3433 S._Mauri
633 3370 923 3427 restitutio.
961 3372 1339 3428 Cormaricum
1378 3370 1433 3425 S.
1467 3372 1698 3426 Μανντὶηο
1739 3387 1914 3425 asser-

337 3447 472 3498 tum.
498 3444 736 3512 Quinam
765 3445 1002 3499 concilia
1045 3443 1418 3512 interfuerint.
1470 3443 1754 3497 Primat‘us
1807 3443 1914 3496 Lu-

333 3515 628 3586 gdunensis
659 3516 899 3586 episcopi
945 3516 1322 3586 conﬁrmatus.
1349 3514 1433 3567 An
1489 3514 1777 3586 Philippus
1815 3529 1918 3586 rea:

333 3584 413 3641 ibi
441 3584 738 3643 absolutus.
770 3584 927 3642 'Eblo
976 3585 1500 3641 excommunicatus.
1557 3584 1918 3654 Privitegium

333 3659 726 3714 Bainsonense.
786 3657 1148 3727 Privilegium
1204 3654 1625 3727 Tetrarchiense.
1681 3657 1772 3709 Lis
1827 3655 1917 3710 Te-

333 3730 693 3785 trarchienses
720 3728 868 3782 inter
896 3730 946 3783 et
993 3725 1280 3782 canonicos
1327 3725 1734 3794 Andegavenses
1773 3741 1916 3779 com-

325 3803 529 3870 posita.
589 3801 735 3854 Rata
807 3798 1060 3868 fundatio
1130 3797 1472 3866 conﬁrmata.
1552 3797 1920 3866 Privilegium

331 3871 390 3924 S.
429 3871 700 3927 Vincentii
727 3871 910 3925 Metis.

331 3956 712 4013 Hebdomada
740 3955 1030 4027 sequenti,
1064 3971 1192 4026 qua
1220 3953 1394 4010 tertia
1413 3958 1536 4009 erat
1583 3955 1917 4028 Quadrage-

271 4046 457 4114 sima,
489 4045 743 4101 dominus
757 4061 924 4116 papa,
957 4047 1024 4098 ut
1053 4043 1230 4100 habet
1271 4042 1598 4110 Bertoldus,
1646 4045 1919 4116 synodum

267 4135 559 4192 celebravit
579 4150 707 4190 cum
733 4133 1076 4189 diversarum
1117 4135 1378 4204 episcopis
1419 4135 1833 4205 provinciarum
1858 4135 1920 4190 in

262 4226 482 4280 civitate
507 4224 824 4290 Turonensi,
864 4223 962 4277 ubi
992 4224 1192 4278 iterum
1242 4238 1468 4278 suorum
1502 4225 1918 4294 praeteritorum

264 4315 470 4370 statuta
489 4313 851 4370 conciliorum
877 4312 1150 4381 generalis
1181 4311 1377 4385 synodi
1404 4314 1719 4369 assensione
1766 4315 1920 4368 robo-

261 4404 426 4458 ravit.
460 4402 619 4459 Idem
653 4401 827 4456 habet
857 4400 1166 4456 Ordericus
1215 4399 1424 4457 Vitalis
1471 4400 1636 4456 initio
1694 4400 1829 4456 libri
1860 4417 1918 4456 ιχ

262 4491 420 4564 quod
451 4490 769 4547 concilium
800 4491 860 4544 in
880 4491 1206 4546 monasterio
1250 4489 1437 4545 Sancti
1491 4490 1716 4545 Martini
1771 4489 1918 4546 cele-

2023 3337 2151 3387 tum
2182 3335 2292 3400 est,
2324 3335 2389 3386 ut
2413 3330 2901 3398 eirestitueretur,
2921 3336 2977 3386 et
2993 3336 3057 3386 ut
3085 3332 3382 3406 deinceps,
3398 3332 3674 3389 defuncto

2025 3421 2234 3478 abbate
2263 3420 2708 3488 Cormaricensi,
2769 3421 2896 3491 ejus
2952 3421 3199 3478 baculus
3246 3439 3425 3494 supra
3489 3423 3680 3478 sancti

2026 3510 2259 3566 Martini
2287 3508 2620 3582 sepulcrum
2652 3510 3059 3582 deponeretur,
3093 3527 3266 3583 quem
3301 3510 3506 3566 exinde
3539 3501 3683 3568 com?

2023 3601 2186 3655 muni
2209 3599 2402 3655 decani
2425 3601 2474 3654 et
2503 3599 2736 3670 capituli
2753 3601 2935 3670 jussu,
2965 3599 3066 3670 qui
3095 3615 3399 3655 successor
3418 3599 3681 3672 legitime

2026 3688 2246 3745 electus
2276 3688 2451 3745 fuerit
2481 3687 2780 3760 reciperet,
2797 3691 3112 3759 antequam
3135 3689 3206 3743 ab
3240 3688 3680 3761 archiepiscopo

2026 3776 2354 3833 Turonensi
2385 3776 2445 3831 in
2472 3777 2740 3832 abbatem
2753 3775 3047 3831 secundum
3060 3792 3398 3832 communem
3426 3778 3682 3834 Ecclesiae

2027 3865 2466 3922 consuetudinem
2495 3865 2952 3921 benediceretur.
2980 3866 3110 3921 Hac
3150 3866 3340 3922 fusius
3386 3866 3681 3922 habentur

2026 3954 2086 4010 in
2118 3953 2278 4011 bulla
2308 3954 2549 4021 Urbani,
2579 3970 2647 4009 ea
2679 3954 2750 4010 de
2782 3970 2842 4009 re
2873 3959 3007 4026 post
3024 3953 3249 4026 aliquot
3279 3954 3405 4011 dies
3430 3953 3682 4010 Pictavis

2027 4045 2185 4111 data,
2219 4059 2288 4099 ex
2317 4059 2431 4114 qua
2455 4041 2612 4098 sicut
2634 4047 2694 4098 et
2721 4059 2790 4098 ex
2820 4043 2996 4098 veteri
3029 4043 3423 4100 instrumento
3447 4043 3682 4100 dedica-

2027 4131 2206 4188 tionis
2235 4129 2492 4187 ecclesia
2512 4130 3149 4202 Majoris-Monasterii,
3175 4132 3332 4204 quod
3354 4149 3536 4204 supra
3554 4131 3684 4190 lau-

2028 4220 2320 4286 davimus,
2341 4219 2631 4275 habentur
2651 4220 2891 4275 nomina
2903 4219 3127 4292 aliquot
3151 4221 3563 4293 episcoporum
3582 4221 3688 4294 qui

2028 4309 2165 4365 huic
2194 4308 2439 4365 concilio
2469 4308 2806 4364 interfuere.
2826 4311 2899 4364 At
2926 4325 3031 4365 nec
3049 4309 3152 4376 ibi,
3185 4325 3290 4366 nec
3321 4309 3383 4366 in
3405 4309 3518 4366 alio
3541 4328 3684 4384 quo-

2029 4397 2187 4471 piam
2217 4398 2394 4454 veteri
2426 4401 2807 4454 monumento
2840 4398 3092 4470 reperire
3121 4397 3288 4455 licuit
3318 4415 3533 4456 nomen
3554 4399 3688 4457 Ber-

2032 4487 2200 4544 nardi
2230 4487 2492 4543 Toletani
2524 4486 2968 4558 archiepiscopi,
2998 4503 3173 4559 quem
3204 4492 3402 4544 tamen
3425 4489 3497 4545 ad
3529 4489 3684 4546 hanc

260 4581 496 4638 brutum
512 4579 692 4636 fuisse
709 4578 965 4636 affirmat
985 4578 1468 4635 auctorChronici
1493 4577 1916 4635 Malleaceusis.
1952 4567 1999 4634 Ι)
2029 4576 2318 4650 synodum
2360 4576 2590 4632 venisse
2638 4574 2904 4631 nonnulli
2958 4575 3312 4633 recentiores
3354 4576 3580 4634 volunt.
3613 4578 3686 4633 Et

259 4673 347 4726 An
379 4675 577 4726 autem
609 4670 740 4725 novi
773 4668 832 4724 in
862 4685 930 4726 eo
951 4685 1207 4724 canones
1237 4667 1456 4724 conditi
1475 4667 1715 4736 fuerint,
1736 4668 1920 4724 incer-

261 4763 410 4830 tum,
443 4775 579 4816 cum
611 4775 909 4830 nusquam
941 4757 1046 4813 ulli
1076 4757 1470 4824 inveniantur;
1520 4760 1577 4812 et
1605 4773 1671 4812 eo
1720 4757 1918 4813 animo

260 4849 639 4920 potissimum
670 4865 704 4904 a
733 4846 1009 4920 pontifice
1025 4846 1384 4902 celebratum
1412 4844 1588 4901 fuerit
1604 4845 1760 4902 istud
1781 4863 1917 4903 con-

262 4937 487 5005 cilium,
520 4941 588 4992 ut
619 4935 1084 5007 pracedentibus
1115 4935 1356 5008 synodis
1385 4935 1565 4990 robur
1620 4935 1918 5007 adjiceret.

261 5025 438 5081 Varia
469 5028 667 5079 tamen
724 5025 783 5077 in
836 5041 904 5079 eo
959 5024 1190 5096 negotia
1247 5028 1570 5095 petractata
1625 5025 1829 5096 fuisse,
1863 5031 1920 5081 et

264 5129 475 5170 causas
505 5113 707 5168 ﬁnitas
737 5127 806 5166 ex
819 5112 1115 5167 veteribus
1127 5113 1533 5169 auctoribuset
1560 5114 1917 5169 instrumen-

262 5201 341 5257 tis
370 5199 683 5256 discimus.
717 5197 825 5253 Ubi
856 5198 1034 5254 etiam
1064 5199 1403 5268 Marbodus,
1426 5205 1491 5256 ut
1521 5219 1590 5257 ex
1618 5202 1918 5258 Chartario

265 5288 463 5346 Sancti
537 5287 732 5344 Albini
806 5287 1068 5343 referunt
1126 5290 1563 5346 Sammarthani
1615 5289 1676 5345 in
1731 5289 1920 5346 Gallia

265 5377 616 5443 Christiana,
639 5393 709 5432 ex
736 5377 1138 5450 Andegavensi
1165 5379 1574 5435 archidiacono
1607 5377 1920 5449 episcopus

266 5465 656 5534 Redonensis,
685 5465 883 5520 electus
912 5482 945 5521 a
976 5467 1268 5522 reverenda
1285 5483 1434 5538 papa
1475 5465 1688 5521 Urbano
1720 5467 1780 5520 in
1821 5467 1920 5522 Tu-

263 5557 488 5616 ronensi
511 5555 742 5612 concilio
770 5556 1112 5613 sanctissimo
1137 5555 1282 5612 sedis
1310 5553 1624 5626 apostolica
1648 5555 1918 5624 Ecclesia,

265 5648 542 5710 annuente
569 5646 674 5707 Dea
703 5643 990 5708 ordinatus
1016 5649 1096 5706 est
1119 5643 1396 5723 pontifex.
1428 5641 1589 5703 Idem
1628 5648 1919 5707 testantur

2027 4666 2265 4739 quidem
2296 4664 2559 4721 interfuit
2589 4681 2790 4720 mense
2818 4665 2996 4721 Junio
3022 4666 3290 4736 sequenti
3330 4666 3685 4723 dedicationi

2026 4755 2280 4811 ecclesia
2312 4755 2509 4810 Sancti
2543 4754 2843 4810 Saturnini
2876 4754 3030 4827 apud
3060 4753 3357 4822 Tolosam,
3389 4759 3448 4810 et
3479 4771 3684 4811 mense

2025 4843 2180 4900 Julio
2212 4843 2456 4900 concilio
2487 4843 2896 4911 Nemausensi,
2925 4844 3009 4898 uti
3050 4843 3177 4899 suis
3219 4842 3361 4901 locis
3392 4843 3682 4900 dicemus.

2026 4934 2194 4989 Certe
2226 4947 2360 4989 cum
2389 4931 2553 4987 nulla
2582 4932 2912 4987 habeantur
2943 4933 3073 5003 ejus
3101 4932 3332 4989 concilii
3375 4939 3566 5006 gesta,
3601 4932 3686 4990 nil

2028 5022 2245 5078 mirum
2277 5021 2327 5077 si
2359 5021 2778 5093 plerarumque
2810 5035 3012 5076 eorum
3047 5020 3290 5078 nomina
3344 5021 3689 5096 ignoremus

2027 5111 2127 5183 qui
2159 5111 2274 5166 huc
2306 5125 2644 5182 convenere,
2675 5108 2774 5180 qui
2807 5109 2963 5164 enim
2987 5108 3108 5165 noti
3135 5113 3294 5178 sunt,
3340 5110 3398 5166 id
3422 5125 3585 5178 casu,
3623 5115 3694 5166 ut

2027 5199 2349 5272 plurimum
2383 5199 2605 5254 factum
2635 5201 2744 5254 est.
2777 5197 2872 5253 Sic
2896 5197 3284 5254 Benedictum
3327 5198 3685 5254 Namneten-

2028 5305 2154 5344 sem
2207 5287 2554 5356 antistitem,
2615 5292 2674 5342 et
2732 5285 3098 5359 Raynaldum
3155 5287 3429 5344 abbatem
3483 5286 3682 5344 Sancti

2027 5377 2297 5450 Cypriani
2320 5380 2462 5432 tunc
2491 5375 2744 5432 Turonis
2773 5375 3066 5432 exstitisse
3096 5375 3379 5432 discimus
3400 5375 3592 5432 solum
3615 5391 3684 5432 ex

2027 5467 2155 5538 ejus
2185 5467 2444 5538 episcopi
2475 5464 2787 5522 donatione
2809 5473 2932 5522 tum
2964 5465 3116 5520 facta
3130 5464 3343 5522 Sancto
3368 5464 3681 5537 Cypriane,

2027 5557 2198 5629 cujus
2219 5555 2550 5612 donationis
2579 5555 2852 5611 notitiam
2884 5554 2944 5610 in
2966 5553 3304 5628 Appendice
3334 5553 3638 5611 dabimus.

2097 5644 2316 5717 Eodem
2347 5645 2518 5708 modo
2566 5661 2636 5705 ex
2663 5643 2826 5709 bulla
2870 5643 3111 5719 Urbani,
3143 5660 3270 5720 qua
3319 5642 3380 5703 in
3428 5643 3676 5722 gratiam
