3950 6218
160 344 270 410 201

1782 337 1993 401 VITA.

3468 349 3590 409 202

162 475 425 547 Hugonis
460 475 889 549 Lugdunensis
921 474 1173 547 episcopi
1207 490 1361 529 anno
1390 473 1524 527 1099
1550 473 1684 528 data
1716 476 1823 539 est,
1856 473 1909 539 Α
1942 473 2096 544 apud
2127 476 2466 549 Andegavos
2496 478 2814 550 approbata
2841 480 3047 534 fuerat.
3081 481 3203 546 Qua
3234 480 3470 553 quidem
3495 481 3587 537 die

162 565 331 620 nobis
358 562 552 635 liquet
571 564 739 619 hunc
765 564 1085 619 antistitem
1119 562 1388 635 querelas
1418 562 1488 617 ad
1522 562 1678 617 istud
1698 578 1830 616 con-

161 652 363 709 cilium
396 653 619 708 iterum
650 652 938 709 detulisse
967 652 1244 707 adversus
1280 650 1617 707 Richerium
1649 656 1827 705 Seno-

161 757 406 797 nensem
427 739 975 813 metropolitanum,
989 740 1219 796 decreto
1240 741 1311 794 de
1324 739 1579 810 primatu
1604 739 1761 809 Lugd
1772 755 1831 792 u-

158 831 330 886 nensi
360 831 420 885 in
444 846 618 886 suam
644 828 963 885 Ecclesiam
984 829 1218 885 obedire
1245 828 1437 884 adhuc
1457 826 1823 884 detrectanti.

231 940 304 993 At
336 935 628 991 falluntur
653 936 693 991 ii
729 935 829 1007 qui
863 936 1026 990 aiunt
1052 933 1391 1007 Philippum
1427 951 1613 1007 regem
1649 950 1715 989 eo
1766 933 1824 989 in

165 1025 413 1081 concilio
445 1025 520 1080 ab
576 1025 1180 1080 excommunicatione
1234 1022 1570 1079 absolutum
1623 1024 1822 1089 fuisse,

165 1130 301 1170 cum
325 1118 553 1169 certum
576 1111 933 1184 sitexipsius
956 1111 1168 1167 Urbani
1195 1111 1440 1184 epistola
1457 1128 1631 1183 quam
1654 1110 1825 1184 paulo

164 1207 299 1275 post
323 1203 393 1257 ad
419 1202 677 1257 Francia:
701 1201 1004 1274 episcopos
1027 1200 1395 1273 conscripsit,
1432 1201 1485 1255 id
1522 1205 1662 1255 tunc
1694 1204 1825 1255 ten-

161 1298 286 1347 tare
313 1290 557 1363 quidem
590 1289 846 1346 voluisse
883 1289 1106 1362 aliquot
1136 1290 1466 1345 Gallicanos
1498 1289 1822 1361 episcopos,

162 1382 263 1436 sed
285 1380 372 1436 eis
396 1395 535 1435 cum
560 1380 835 1453 pontifice
858 1380 1144 1435 restitisse
1165 1378 1345 1450 hujus
1369 1378 1573 1451 synodi
1604 1378 1820 1433 Patres.

160 1470 526 1525 Confirmata
555 1468 734 1523 etiam
767 1468 846 1522 ibi
885 1468 993 1523 fuit
1022 1467 1546 1523 excommunicatio
1571 1466 1822 1537 jampri-

158 1559 297 1614 dem
316 1558 437 1613 lata
459 1558 518 1611 in
544 1556 823 1612 Eblonem
844 1557 1173 1612 tnvasorem
1197 1555 1451 1612 ecclesia:
1476 1558 1534 1609 Β.
1561 1557 1623 1611 G'
1642 1556 1821 1625 egorii

160 1646 377 1703 insulas
406 1644 692 1711 Oleronis,
726 1662 852 1717 quae
900 1646 969 1700 ad
1018 1644 1472 1700 Vindecinenses
1506 1643 1823 1699 monachos

162 1736 519 1809 pertinebat;
541 1736 712 1804 cujus
736 1734 814 1789 rei
835 1737 1044 1789 testem
1067 1733 1413 1789 adducimus
1442 1731 1818 1788 Guillelmum

160 1826 533 1881 Pictavorum
566 1823 840 1878 comitem
874 1823 930 1877 in
965 1839 1115 1895 smpe
1145 1821 1383 1878 laudato
1410 1821 1819 1885 instrumento,
1852 1829 1899 1894 Β

162 1914 321 1987 quod
342 1911 646 1968 referetur
669 1928 775 1968 suo
803 1910 948 1967 loco.

234 2002 341 2058 Die
371 2014 475 2056 xm
506 2000 801 2056 Kalendas
824 1999 1053 2072 Aprilis,
1080 2000 1135 2054 id
1171 2004 1253 2055 est
1278 2002 1349 2053 20
1382 1998 1597 2064 Martii,
1633 1997 1823 2069 ponti-

163 2093 255 2148 fex
287 2089 637 2147 monasterii
682 2086 1118 2151 Bainsonensis,
1152 2089 1305 2161 qund
1352 2088 1504 2143 haud
1558 2086 1759 2158 procul
1791 2105 1825 2143 a

162 2179 506 2236 castellione
568 2195 747 2250 supra
803 2178 1128 2234 Matronam
1186 2178 1364 2233 situm
1401 2182 1458 2231 et
1513 2181 1821 2247 parentum

160 2286 406 2326 suorum
439 2267 801 2336 haereditate,
827 2266 918 2323 sui
939 2267 1094 2338 juris
1135 2283 1264 2322 esse
1297 2266 1458 2335 dicit,
1488 2263 1821 2321 libertatem

160 2359 447 2431 rescripto
479 2355 798 2428 apostolico
828 2356 1115 2421 asseruit;
1160 2372 1277 2427 qua
1325 2356 1499 2411 etiam
1546 2354 1682 2426 ipsa
1731 2354 1823 2409 die

159 2448 319 2504 aliud
375 2445 753 2520 privilegium
809 2445 1099 2501 concessit
1155 2445 1321 2500 Petro
1373 2443 1821 2500 Trenorcb'iensi

163 2537 385 2603 abbati,
412 2536 571 2608 quod
605 2538 738 2606 post
762 2534 1266 2589 confirmationem
1290 2535 1418 2604 ejus
1440 2533 1548 2587 loci
1573 2538 1625 2587 et
1651 2533 1825 2588 bono-

163 2642 293 2680 rum
326 2629 384 2679 et
442 2622 886 2695 possessionum
938 2621 1150 2677 asserit
1200 2622 1401 2677 eidem'
1446 2621 1820 2687 monasterio,

160 2714 328 2783 juxta
390 2709 549 2783 quod
594 2709 655 2764 in
688 2709 817 2781 ipso
848 2709 1175 2764 Turonensi
1223 2709 1468 2764 concilio
1491 2707 1822 2779 judicatum

166 2803 378 2871 fuerat,
395 2799 547 2854 duas
568 2797 846 2853 ecclesias
864 2798 1160 2853 Lausduni
1186 2797 1350 2864 sitas,
1378 2813 1527 2867 quas
1552 2796 1822 2851 monachi

164 2889 361 2944 Sancti
388 2886 670 2943 Florentii
703 2886 961 2957 suijuris
983 2903 1110 2941 esse
1141 2886 1589 2941 contendebant.
1615 2886 1825 2941 Praeter

165 2978 316 3032 hanc
338 2975 572 3031 bullam
596 2979 784 3031 exstat
805 2993 869 3030 ea
892 2975 962 3030 de
994 2992 1052 3029 re
1076 2980 1241 3029 vetus
1271 2974 1730 3030 instrumentum
1764 2974 1822 3030 in

163 3065 622 3139 probationibus
668 3062 932 3119 Historia:
989 3063 1468 3119 'l‘renorchiensis
1523 3080 1590 3118 ex
1648 3064 1823 3119 veteri

163 3153 508 3228 apographo
530 3171 565 3207 a
584 3151 874 3208 Chiﬁletio
905 3152 1150 3219 editum,
1184 3153 1338 3208 unde
1359 3152 1606 3207 habetur
1637 3170 1820 3208 unum

161 3244 343 3316 hujus
362 3241 577 3314 synodi
598 3241 919 3307 decretum,
939 3238 1480 3314 aliasincognitum.
1510 3243 1621 3296 lloc
1653 3259 1822 3314 porro

164 3330 700 3403 Urbanijudicium
724 3329 1089 3384 confirmavit
1106 3328 1363 3384 Calixtus
1380 3329 1426 3384 ll
1443 3329 1501 3383 in
1525 3330 1822 3401 privilegio

162 3422 317 3494 quod
344 3436 504 3476 anno
530 3420 670 3474 1122
690 3418 973 3474 Franconi
1016 3417 1210 3472 abbati
1239 3417 1487 3473 indulsit
1516 3419 1587 3473 ab
1619 3420 1821 3475 eodem

163 3509 459 3566 Chillletio
480 3508 702 3564 ibidem
735 3522 868 3579 pag.
900 3506 1004 3561 409
1034 3506 1277 3562 editum.

160 3658 167 3664 .
236 3618 429 3673 Litem
463 3632 594 3688 quae
639 3615 793 3669 inter
821 3613 975 3669 idem
1026 3614 1448 3670 monasterium
1499 3620 1553 3671 et
1601 3616 1821 3687 episco-

167 3723 306 3778 pum
342 3710 527 3777 atque
552 3702 868 3758 canonicos
898 3702 1153 3758 ecclesia:
1175 3702 1528 3759 cathedralis
1557 3705 1823 3776 Andega-

166 3794 367 3850 vensis
398 3793 737 3848 vertebatur
768 3791 838 3846 de
876 3791 1229 3863 quibusdam
1268 3792 1446 3846 Doadi
1480 3793 1698 3848 castelli
1732 3810 1823 3849 ec-

168 3883 386 3951 clesiis,
408 3883 478 3937 ad
502 3882 794 3954 synodum
817 3880 1215 3936 Turonensem
1232 3882 1304 3936 ab
1324 3881 1550 3937 Urbano
1573 3881 1825 3939 delatam

171 3973 354 4028 fuisse
388 3971 671 4026 diximus.
705 3969 817 4025 Sed
853 3986 1169 4040 quemnam
1196 3969 1295 4024 illa
1315 3971 1532 4025 exitum
1558 3971 1829 4027 habuerit

171 4059 519 4114 discendum
575 4063 664 4113 est
716 4074 784 4113 ex
814 4057 1013 4117 charta
1068 4058 1343 4113 Gaufredi
1392 4059 1827 4132 Andegavensis

172 4149 430 4221 episcopi
464 4164 641 4221 quam
669 4147 726 4201 in
758 4146 1235 4201 Trenorchiensis
1259 4146 1521 4202 Historia;
1539 4148 1830 4219 probatio-

175 4239 351 4292 nibus
382 4238 578 4291 videre
608 4235 764 4290 licet.
792 4234 854 4289 ln
886 4250 953 4289 ea
978 4234 1173 4289 Patres
1195 4237 1461 4292 Turonos
1492 4236 1829 4294 convenisse

172 4326 452 4379 dicuntur
474 4340 671 4379 coram
697 4322 939 4394 Hugone
961 4323 1359 4395 Lugdunensi,
1388 4323 1635 4379 Rodulfo
1654 4326 1831 4380 Turo-

175 4414 368 4479 nensi,
399 4413 664 4468 Guidone
711 4411 1053 4477 Viennensi,
1105 4412 1435 4468 llildeberto
1486 4414 1827 4469 Bituricensi

176 4502 660 4573 archiepiscopis,
681 4500 952 4554 Brunone
971 4499 1287 4572 Signieusi,
1308 4500 1504 4556 Hoello
1518 4501 1833 4557 Cenoman-

176 4591 368 4658 nensi,
418 4589 732 4645 Guillelmo
782 4587 963 4643 electo
1018 4589 1362 4644 Arvernensi
1424 4588 1715 4662 episcopis
1771 4608 1835 4646 ac

174 4680 488 4736 Adalberto
513 4684 572 4734 et
585 4678 891 4734 Theutone
909 4676 1328 4746 cardinalibus,
1354 4677 1600 4749 aliisque
1623 4679 1837 4748 judici-

177 4770 289 4823 bus
311 4785 346 4823 a
367 4767 642 4840 pontiﬁce
666 4765 968 4839 delegatis,
994 4766 1091 4821 ubi
1116 4772 1248 4838 post
1269 4766 1458 4822 multa
1477 4766 1611 4822 hinc
1624 4773 1681 4823 et
1702 4769 1836 4825 inde

176 4858 374 4926 allata,
406 4874 544 4913 cum
599 4855 838 4927 judices
891 4855 1241 4910 sententiam
1284 4860 1481 4911 essent
1533 4856 1836 4929 prolaturi,

180 4947 387 5003 iisdem
405 4943 913 5001 intercedentibus
936 4944 1170 5015 utrique
1199 4943 1256 4997 in
1281 4944 1387 4999 hoc
1411 4946 1840 5001 concordarunt

181 5041 262 5102 ut,
288 5034 602 5091 reservatis
623 5030 894 5088 Ecclesiae
906 5032 1310 5104 Andegavensi
1326 5033 1682 5104 quibusdam
1694 5036 1842 5105 juri-

178 5125 290 5180 bus
319 5140 389 5180 ac
418 5121 726 5187 censibus,
749 5136 876 5191 qua
900 5120 959 5175 in
976 5120 1178 5176 charta
1200 5119 1549 5189 referuntur,
1572 5122 1841 5180 Ecclesia:

177 5213 360 5269 Doadi
381 5209 696 5269 monachis
715 5213 1104 5273 remanerent,
1120 5210 1179 5264 in
1204 5210 1443 5282 quibus,
1459 5217 1590 5282 post
1609 5213 1844 5269 eanoni~

182 5318 384 5359 corum
421 5300 532 5372 qui
561 5297 651 5354 ibi
679 5303 1027 5370 supererant
1055 5298 1301 5365 obitum,
1360 5300 1680 5357 monachos
1710 5318 1843 5374 pos-

190 5396 317 5449 sent
349 5389 742 5447 substituere.

243 5482 347 5538 Die
366 5496 457 5537 xii
492 5476 796 5533 Kalendas
825 5474 1036 5548 Aprilis
1060 5476 1117 5532 in
1151 5478 1355 5533 eodem
1377 5478 1620 5534 concilio
1643 5481 1849 5536 contir-

177 5578 339 5643 mata
368 5569 487 5627 fuit
518 5565 790 5622 fundatio
822 5566 1164 5623 monasterii
1196 5568 1468 5625 Hotensis
1509 5586 1684 5641 prope
1715 5570 1848 5627 Cre-

173 5663 448 5731 donium,
503 5673 660 5731 qum,
712 5659 775 5711 ut
807 5656 1312 5727 supra'diximus,
1355 5657 1481 5729 jam
1513 5657 1585 5715 ab
1616 5658 1849 5717 Urbano

499 5780 773 5849 Panos.
822 5779 967 5847 CLI.

1940 578 2066 632 quas
2097 564 2170 618 ob
2221 566 2407 620 sancti
2442 565 2735 623 Benedicti
2768 566 3141 623 festivitatem
3171 567 3413 626 celebris
3443 570 3591 641 erat,

1938 650 2072 705 utin
2091 654 2264 708 veteri
2288 653 2677 710 instrumento
2690 654 2904 727 legitur
2916 657 3068 728 apud
3084 655 3586 728 Sammarthanos,

1937 743 1995 794 et
2024 745 2182 795 tome
2219 743 2265 797 ll
2315 742 2825 800 Miscellaneorum
2880 744 3121 811 Baluzii,
3153 747 3241 800 vir
3269 746 3591 817 apostolicus

1936 829 2281 886 devotissime
2311 834 2536 887 missam
2584 832 2914 888 celebravit.
2973 836 3086 889 Hac
3140 833 3280 889 item
3336 834 3467 906 ipsa
3495 834 3591 890 die

1937 918 2193 989 pontifex
2218 919 2589 993 privilegium
2610 923 3076 978 Lanzoniabbati
3090 922 3283 978 Sancti
3300 921 3591 978 Vincentii

1935 1008 2089 1078 apud
2111 1008 2291 1065 Metas
2310 1010 2754 1083 concessit,qua3
2772 1012 2843 1075 ei,
2865 1013 3112 1084 ejusque
3126 1011 3588 1080 successoribus,

1935 1102 2067 1167 post
2095 1097 2381 1153 bonorum
2413 1116 2479 1154 ac
2526 1100 2967 1171 possessionum
3014 1101 3417 1170 assertionem,
3450 1118 3585 1157 con-

1936 1184 2154 1251 firmat,
2204 1191 2265 1239 ut
2315 1186 2558 1243 absente
2590 1189 2862 1261 episcopo
2922 1189 3187 1257 Metensi,
3223 1189 3374 1245 sicut
3395 1191 3521 1261 jam
3554 1207 3590 1246 ο.

1935 1274 2060 1328 suis
2082 1275 2552 1332 antecessoribus
2585 1281 2870 1333 statutum
2905 1278 3114 1346 fuerat,
3160 1278 3342 1335 abbas
3390 1279 3586 1335 Sancti

1934 1361 2223 1418 Vincentii
2261 1364 2482 1419 festivis
2503 1366 2780 1421 diebusin
2805 1366 3123 1422 cathedrali
3158 1367 3320 1423 urbis
3342 1366 3588 1424 ecclesia

1934 1468 2067 1506 cum
2100 1451 2385 1509 sandaliis
2419 1460 2473 1509 et
2505 1454 2820 1511 dalmatiea
2839 1456 3157 1511 missarum
3189 1456 3478 1512 solemnia
3498 1473 3585 1513 ce-

1932 1539 2156 1595 lebrare
2190 1541 2395 1613 possit.

2004 1629 2230 1685 CCLIII.
2271 1631 2504 1687 Concilii
2533 1633 2853 1716 Turonensis
2896 1634 3045 1704 ﬁnis.
3093 1634 3358 1689 Solemnis
3382 1650 3510 1706 pro-

2661 1720 2845 1759 (⁸888το-

2005 1788 2312 1860 Nusquam
2346 1807 2438 1845 me
2468 1790 2677 1863 legisse
2709 1793 2948 1848 memini
2983 1809 3099 1865 qua
3124 1793 3216 1849 die
3246 1792 3580 1849 absolutum

1933 1877 2102 1934 fuerit
2137 1880 2475 1934 Turonense
2506 1880 2838 1949 concilium,
2866 1882 3133 1954 quamvis
3162 1882 3355 1955 ipsum
3385 1884 3440 1937 in
3471 1884 3580 1938 ter-

1930 1970 2005 2023 tia
2080 1968 2525 2039 Quadragesima:
2581 1970 2917 2026 hebdomade
2973 1971 3155 2027 fuisse
3223 1970 3580 2027 celebratum

1931 2074 2133 2112 omnes
2172 2057 2557 2113 consentiant.
2603 2062 2697 2127 At,
2731 2059 2779 2114 si
2830 2075 2945 2115 non
2993 2059 3185 2130 fallor,
3236 2058 3581 2115 conclusum

1933 2146 2041 2201 fuit
2072 2146 2283 2201 celebri
2334 2146 2435 2201 illa
2492 2148 2862 2219 processionc
2921 2166 3098 2221 quam
3159 2147 3333 2204 Fulco
3387 2165 3582 2205 comes

1936 2236 2387 2307 Andegavensis,
2442 2236 2542 2308 qui
2597 2254 2854 2309 praesens
2912 2238 3134 2304 aderat,
3196 2236 3476 2293 describit
3520 2239 3580 2292 in

1931 2324 2681 2396 fragmento—Historimjam
2713 2326 2971 2393 laudato,
3006 2326 3097 2381 his
3115 2325 3342 2382 verbis:
3376 2325 3583 2382 «Datis

1929 2412 2241 2467 venerabili
2263 2412 2506 2468 concilio
2525 2414 2793 2482 decretis,
2828 2414 3083 2487 pontifex
3108 2415 3301 2470 media
3322 2414 3583 2478 Quadra-

1929 2501 2155 2572 gesima
2196 2505 2508 2556 coronatus
2538 2507 2646 2569 est,
2680 2507 2737 2557 et
2765 2520 2900 2559 cum
2933 2502 3180 2559 solemni
3212 2503 3587 2575 processionc

1930 2590 2001 2643 ab
2034 2590 2278 2644 ecclesia
2308 2589 2501 2645 Sancti
2549 2590 2833 2657 Mauricii,
2867 2593 2996 2665 ipsa
3042 2596 3131 2647 est
3160 2591 3583 2665 archiepiscopi

1931 2679 2118 2741 sedes,
2180 2679 2251 2733 ad
2310 2678 2613 2734 ecclesiam
2675 2681 2827 2736 Beati
2861 2680 3092 2736 Martini
3122 2680 3428 2750 deductus,
3479 2680 3582 2736 ubi

1932 2767 2077 2821 mihi
2113 2766 2309 2821 florem
2335 2783 2599 2835 aureum,
2624 2785 2800 2841 quem
2833 2769 2891 2824 in
2914 2786 3093 2825 manu
3124 2770 3381 2843 gerebat,
3410 2769 3587 2824 dona.

1930 2856 2029 2922 vit,
2065 2872 2235 2927 quem
2265 2873 2371 2929 ego
2402 2856 2575 2912 etiam
2605 2858 2677 2913 ob
2702 2860 3045 2915 memoriam
3069 2862 3125 2915 et
3146 2856 3585 2915 amoremillius

1932 2943 1990 2998 in
2024 2943 2278 3011 Osanna,
2316 2946 2372 2999 id
2434 2950 2522 3001 est
2552 2946 2609 3001 in
2665 2948 3038 3018 processionc
3095 2947 3451 3014 Palmarum,
3497 2946 3584 3002 uti

1933 3033 2198 3105 conjicio,
2223 3051 2454 3107 semper
2487 3035 2630 3091 mihi
2665 3038 2927 3109 meisque
2958 3037 3400 3093 successoribus
3429 3036 3583 3092 defe-

1935 3122 2179 3177 rendum
2209 3123 2503 3179 constitui.
2524 3124 2848 3180 Chronicon
2873 3127 3212 3181 Turonense
3228 3125 3402 3180 refert
3425 3141 3586 3180 eum-

1852 3193 1895 3260 C
1936 3211 2066 3265 dem
2101 3212 2432 3280 pontificem
2457 3211 2514 3266 in
2544 3214 2737 3268 media
2768 3214 3228 3286 Quadragesima
3257 3214 3315 3267 in
3336 3213 3583 3269 ecclesia

1932 3300 2081 3354 beati
2115 3298 2345 3354 Martini
2381 3316 2539 3355 more
2573 3299 2833 3356 Romano
2877 3318 3091 3357 corona
3139 3300 3466 3374 palmarum
3514 3317 3581 3357 se

1932 3404 2261 3456 coronasse,
2314 3388 2511 3460 ibique
2568 3390 2809 3444 missam
2844 3390 2915 3444 ad
2975 3389 3153 3445 altare
3212 3389 3579 3445 Dominicum

1933 3475 2277 3532 celebrasse.
2305 3500 2331 3526 ››
2363 3480 2446 3531 An
2466 3494 2599 3533 vero
2633 3477 2687 3532 id
2713 3478 3194 3550 praestiteritipsa
3214 3478 3356 3533 feria
3376 3477 3581 3553 quinta

1935 3565 2136 3620 media:
2187 3565 2680 3638 Quadragesimaa,
2737 3570 2837 3622 aut
2866 3566 2959 3621 die
3010 3566 3300 3638 sequenti.
3348 3583 3485 3637 qua,
3517 3569 3583 3620 ut

1934 3654 2210 3719 diximus,
2250 3654 2307 3707 in
2330 3655 2472 3710 festo
2501 3655 2689 3710 sancti
2715 3655 3008 3710 Benedicti
3037 3655 3283 3711 missam
3301 3653 3582 3710 devotissi-

1933 3760 2018 3798 τηρ
2047 3742 2375 3810 celebravit,
2412 3747 2510 3798 aut
2542 3748 2694 3799 certe
2726 3744 3030 3799 Dominica
3068 3743 3421 3816 insequenti,
3455 3758 3582 3815 quas

1935 3831 2125 3904 prima
2154 3849 2219 3887 eo
2238 3849 2390 3887 anno
2413 3836 2536 3887 erat
2568 3836 2700 3904 post
2723 3832 2985 3887 medium
3009 3830 3498 3905 Quadragesimze,
3519 3834 3585 3887 ut

1934 3938 2000 3976 ex
2030 3919 2247 3975 tabulis
2267 3920 2639 3999 temporariis
2665 3925 2915 3997 constat,
2951 3939 3066 3977 non
3097 3922 3338 3978 omnino
3369 3920 3583 3993 liquet:

1936 4010 2091 4081 quod
2117 4013 2310 4064 tamen
2328 4008 2703 4065 verisimilius
2717 4011 3057 4066 est.Etenim
3084 4010 3377 4083 processio
3400 4011 3456 4065 in
3470 4026 3590 4082 qua

1938 4098 2192 4171 pontifex
2214 4113 2406 4153 rosam
2432 4114 2666 4154 auream
2691 4104 2917 4171 gestare
2942 4098 3110 4166 solet,
3129 4100 3237 4155 hac
3256 4099 3383 4173 ipsa
3398 4099 3591 4155 Domi-

1937 4187 2069 4242 nica
2116 4185 2317 4241 medim
2360 4188 2849 4259 Quadragesimm,
2884 4189 2942 4243 in
2978 4206 3095 4263 qua
3126 4189 3348 4246 scilicet
3376 4190 3590 4246 Lzlare

1938 4276 2186 4341 canitur,
2246 4276 2366 4329 fieri
2431 4278 2731 4331 consuevit
2786 4278 2960 4333 etiam
3021 4278 3369 4350 antiquitus,
3401 4281 3465 4332 ut
3522 4290 3590 4332 ex

1939 4364 2232 4419 veteribus
2263 4364 2570 4420 ordinibus
2602 4366 2901 4431 Romanis,
2936 4384 2970 4422 a
2999 4367 3338 4422 Mabillonio
3359 4370 3516 4421 tomo
3542 4364 3590 4420 ΙΙ

1942 4452 2137 4507 Μυεωὶ
2165 4452 2345 4507 Italici
2380 4453 2574 4524 editis,
2606 4458 2661 4509 et
2687 4472 2753 4509 ex
2785 4456 3079 4511 Glossario
3101 4455 3419 4527 Cangiano,
3438 4452 3594 4510 aliis-

1867 4559 1910 4623 ι)
1944 4558 2056 4613 que
2087 4542 2306 4612 passim
2341 4543 2679 4598 auctoribus
2709 4547 2885 4615 patet.

1944 4630 2169 4686 CCLIV.
2205 4632 2567 4705 Ifrivilegium
2600 4632 2854 4705 corbeia’.
2880 4634 3125 4705 Episcopi
3158 4633 3597 4705 Strasburgegnsis

2016 4703 2404 4776 rifcoiiialiatw.
2458 4704 2698 4776 Epistula
2749 4704 2819 4757 ad
2847 4701 3119 4776 epismpbs
3155 4701 3428 4758 Francia.
3456 4701 3594 4758 Con-

2016 4774 2136 4828 cilii
2158 4774 2493 4829 Arelatensis
2522 4774 2809 4843 judicium.

2021 4861 2184 4916 Feria
2210 4862 2379 4917 tertia
2400 4863 2788 4933 sequenti,vm
2813 4861 3033 4918 scilicet
3056 4862 3344 4919 Kalendas
3360 4854 3595 4933 Aprilis,

1949 4967 2076 5022 quas
2108 4950 2233 5005 dies
2254 4951 2326 5005 ob
2352 4951 2829 5007 Annuntiationis
2856 4951 3171 5007 Dominicaa
3203 4952 3418 5007 festum
3450 4940 3624 5009 celo?

1951 5039 2072 5094 bris
2103 5043 2211 5103 est,
2245 5038 2515 5093 Urbanus
2560 5038 2753 5094 adhuc
2811 5040 2966 5111 apud
3028 5041 3294 5096 Turonos
3342 5040 3602 5097 existens

1953 5126 2321 5199 privilegium
2346 5127 2633 5181 concessit
2655 5126 2886 5182 Nicolao
2906 5128 3102 5183 abbati
3123 5128 3447 5196 Corbeinsi,
3484 5146 3603 5201 quo

1951 5214 2206 5287 insignia
2236 5216 2364 5285 ejus
2396 5215 2505 5269 loci
2530 5216 2669 5286 jura
2694 5219 2750 5270 et
2782 5219 3192 5289 praerogativas
3215 5217 3603 5273 confirmavit.

1959 5306 2124 5360 Forte
2154 5303 2235 5359 ibi
2266 5303 2459 5358 adhuc
2489 5306 2611 5358 erat
2654 5300 2932 5373 pontife'x,
2968 5322 3101 5359 cum
3132 5321 3242 5359 non
3271 5304 3442 5359 multo
3485 5311 3608 5376 post

1954 5394 2251 5450 concilium
2279 5393 2600 5459 Turonense,
2631 5391 2714 5446 uti
2746 5391 2924 5447 habet
2945 5392 3269 5459 Bertoldus,
3301 5393 3610 5464 episwpum

1958 5482 2435 5552 Strasburgensem
2483 5481 2548 5535 de
2577 5482 3138 5537 excommunicationi;
3183 5481 3608 5553 resipiscentem,

1958 5572 2159 5643 recepit
2184 5574 2242 5626 in
2259 5570 2713 5629 communimzem,
2734 5568 2811 5621 ita
2835 5577 3016 5623 tamen
3038 5574 3095 5623 ut
3125 5570 3189 5624 dc
3220 5570 3391 5642 illatis
3420 5567 3637 5633 crimix

1959 5661 2120 5719 nibus
2139 5675 2196 5715 se
2221 5664 2502 5732 purgaret.
2532 5657 2617 5712 Ad
2648 5655 2803 5712 idem
2836 5672 3067 5731 quoque
3096 5662 3332 5732 tempus
3356 5649 3612 5714 revocari

3252 5783 3290 5851 Ἰ
