3950 6218
373 304 488 362 203
1200 311 1207 327 ι
1677 291 1748 351 B.
1795 285 2080 352 URBANI
2109 287 2179 372 ¹ιι
2225 281 2474 347 PAP/E.
3640 285 3740 344 204

371 439 560 507 potest
591 431 804 488 Urbani
835 429 1084 502 epistola
1108 429 1181 485 ad
1231 426 1564 482 lticherium
1613 425 2011 480 Senonensem
2042 421 2095 488 Α
2127 421 2470 487 nasterium,
2493 417 2647 488 quod
2672 415 2886 490 oppido
2906 431 3116 471 nomen
3141 411 3319 480 dedit,
3341 411 3650 486 hospitatus
3668 421 3744 472 est

371 523 634 595 aliosque
663 519 913 576 Francia:
945 518 1250 591 episcopos
1283 514 1522 588 scripta,
1551 513 1652 585 qui
1683 526 2014 567 excommu-
2127 509 2420 572 Urbanus,
2476 506 2572 562 ubi
2607 523 2754 561 novo
2790 505 2989 562 Sancti
3048 501 3236 560 Mauri
3289 501 3744 562 Glannafoliensis

371 589 724 668 nicationem
775 589 1056 664 adversus
1107 605 1443 678 Philippum
1499 617 1716 675 regem,
1764 599 1834 654 ob
1891 599 2019 667 ejus
2130 589 3744 666 monasteriiabbatiGerardoamplissimumprivilegium

372 699 732 758 adulterinas
761 697 996 770 nuptias
1029 697 1342 761 decretam,
1364 693 1604 764 insuper
1625 689 1838 744 habere
1869 687 2020 740 vide-

373 790 609 846 bantur.
641 788 704 844 In
737 787 845 843 hac
891 783 1138 858 epistola
1178 785 1456 838 convocat
1501 777 1756 852 pontifex
1786 774 2018 831 eosdem

376 877 669 934 antistites
689 877 758 932 ad
783 874 1116 940 concilium,
1133 871 1286 944 quod
1307 869 1414 926 sub
1432 869 1606 922 finem
1628 863 1789 922 Junii
1807 863 2023 918 habere

377 968 532 1040 apud
561 965 848 1022 Arelatem
881 964 1228 1019 decreverat.
1265 959 1331 1014 Et
1375 976 1434 1013 re
1465 955 1704 1029 quidem
1738 953 1884 1024 ipsa,
1921 949 2022 1006 sed

377 1054 675 1120 Nemausi,
699 1052 1053 1109 celebratum
1084 1054 1192 1104 est.

377 1161 578 1218 CCLV.
608 1161 848 1216 Pictavis
875 1173 1018 1228 papa
1056 1151 1496 1228 ρνίιοίιθρίιςνηξἶ
1545 1149 1770 1228 Martini
1820 1145 2023 1228 [ii-"nuit.

447 1234 721 1288 Placitum
751 1246 848 1302 pro
875 1222 983 1302 lit-er
1005 1222 1303 1302 canonicos
1408 1223 1786 1302 llilarii‘intcr
1832 1222 1881 1272 et
1911 1232 2026 1270 mo-

446 1305 644 1360 nachos
672 1291 987 1358 Μοὶιαεερνίί
1017 1299 1169 1355 Νουί.
1204 1296 1569 1365 Privilcgium
1599 1291 1882 1361 Anglcnsc.

447 1413 564 1466 Sub
599 1411 774 1466 linem
798 1406 1020 1464 mensis
1046 1403 1238 1460 Martii
1263 1403 1523 1458 Pictavos
1548 1397 1803 1471 pontifex
1825 1411 2030 1450 rursus

379 1501 540 1569 adiit,
571 1499 654 1554 uti
688 1499 897 1554 docent
929 1512 1036 1551 nos
1085 1485 1197 1548 tria
1231 1490 1550 1563 diplomata
1602 1503 1704 1559 pro
1735 1482 2028 1540 canonicis

379 1589 576 1647 Sancti
623 1586 853 1644 Martini
905 1583 986 1640 ibi
1041 1587 1178 1638 tunc
1231 1581 1388 1634 dato“
1442 1583 1502 1633 1η
1553 1575 1743 1650 Primo
1784 1575 2033 1629 ίθεῐθοὶυι·
2139 1581 2360 1636 caeteris
2391 1581 2657 1652 ejusdem
2691 1577 3027 1634 monasterii
3060 1575 3368 1632 monachis
3397 1572 3752 1630 confirmavit.

355 1679 638 1752 'pontifex
695 1694 756 1731 se
813 1673 1086 1729 Simoniae
1142 1670 1355 1736 labem,
1416 1683 1541 1738 quae
1589 1665 1648 1719 in
1703 1659 2029 1734 praebendis

2143 1670 2286 1726 Illud
2321 1667 2690 1740 rescriptum,
2725 1667 2880 1739 quod
2932 1666 2989 1721 in
3041 1664 3330 1720 chartario
3378 1659 3754 1735 Angeriacensi

382 1749 1024 1825 EcclesiaeMartiniana
1042 1751 2031 1850 adipiscendisinvulnerattpenitus
2064 1785 2108 1850 Β
2143 1759 2294 1813 notis
2323 1757 2615 1813 chronicis
2671 1755 3018 1812 destitutum
3059 1759 3166 1822 est,
3201 1753 3320 1809 huc
3351 1749 3678 1808 referimus:
3706 1752 3756 1805 at

383 1871 711 1922 resecasse;
744 1858 872 1908 tum
893 1850 1095 1906 laudat
1119 1853 1176 1903 et
1203 1848 1510 1902 confirmat
1535 1841 1834 1916 privilegia
1858 1839 2029 1894 istius

2142 1846 2222 1902 ibi
2253 1847 2566 1918 septimam
2592 1845 2806 1917 Aprilis
2837 1845 2989 1899 diem
3013 1843 3277 1916 exegisse
3301 1842 3464 1898 docet
3485 1856 3586 1895 nos
3606 1837 3753 1912 privi-

383 1945 632 2018 insignis
681 1941 953 2006 basilicae,
986 1943 1042 1995 et
1091 1938 1295 2009 repetit
1331 1933 1484 2007 quod
1508 1933 1635 2004 jam
1667 1929 1812 1986 alias
1859 1927 1932 1983 ab
1962 1943 2028 2018 eo
2137 1935 2352 2006 legium
2383 1931 2719 1989 Monasterii
2751 1931 2891 1988 Novi
2937 1929 3312 2018 Pictavensis,
3339 1927 3492 2002 quod
3519 1927 3621 1983 hac
3648 1927 3757 1998 ipsa

383 2005 770 2091 constitutum
801 2005 1008 2094 fuerat,
1041 2031 1107 2082 ut
1155 2005 1394 2091 scilicet,
1445 2033 1763 2093 suppresso
1795 2015 2030 2088 proprio
2138 2005 2530 2093 didlngeliaci
2549 2023 2753 2076 datum
2778 2019 3010 2076 dicitur.
3036 2005 3261 2075 Ibidem.
3286 2019 3553 2075 renovata
3571 2015 3756 2070 iterum

386 2123 543 2178 illius
593 2119 868 2186 ecclesiae,
901 2117 1024 2189 ipse
1071 2119 1127 2171 et
1171 2113 1262 2169 sui
1314 2125 1680 2167 successores
1727 2105 2029 2178 pontifices

2138 2113 2248 2167 fuit
2281 2113 2336 2166 in
2371 2110 2650 2166 Eblonem
2687 2110 3012 2165 invasorem
3045 2107 3302 2164 ecclesia-3
3335 2105 3527 2164 Sancti
3558 2101 3759 2176 Georgii

385 2211 632 2268 Romani
655 2203 1116 2280 ejuslocofuturi
1140 2206 1352 2258 essent.
1378 2200 1522 2254 Data
1543 2201 1630 2253 est
1653 2196 1773 2250 hinc
1796 2193 1955 2249 bulla
1975 2209 2031 2248 ιν
2139 2201 2199 2256 in
2232 2199 2426 2256 insula
2483 2198 2747 2254 Olcmnis
2803 2195 3355 2262 “communicatio,
3389 2195 3470 2251 uti
3523 2194 3579 2248 in
3631 2207 3760 2264 saepe

385 2302 511 2358 Κει-
543 2297 776 2372 Aprilis,
811 2311 988 2368 quam
1018 2289 1391 2348 Ῑηοοοθηίίυδ
1424 2303 1575 2360 Papa
1607 2282 1870 2372 Lugduni
1892 2297 2029 2372 XVH}
2137 2289 2376 2345 laudato
2407 2286 2688 2343 Willelmi
2718 2285 3044 2359 Aquitaniae
3077 2283 3243 2341 ducis
3276 2284 3658 2341 instrumento
3692 2279 3759 2334 le-

383 2391 509 2446 Kal.
567 2369 723 2454 Maii,
783 2383 1160 2458 pontificatus
1218 2377 1311 2434 sui
1363 2393 1516 2432 anno
1571 2392 1602 2429 v
1651 2373 1722 2428 de
1752 2371 1924 2427 verbo
1957 2369 2028 2425 ad
2138 2378 2318 2450 gitur,

386 2480 623 2536 verbum
681 2493 749 2532 ex
813 2470 1174 2543 autographo
1231 2465 1585 2538 descriptam
1643 2465 1701 2518 et
1757 2459 2029 2516 collatam

570 2569 580 2582 .
681 2565 714 2582 -.
805 2568 843 2582 ,.
900 2577 1036 2582 ,μ
1092 2555 1244 2582 ιι.-ιι..
1310 2551 1667 2582 ηηκιεηηιηυξι
1755 2549 1814 2582 In
1853 2548 2029 2582 014mm

2139 2493 2366 2582 αομξς.
2444 2491 2551 2582 pud
2603 2491 2870 2582 Santonus
2897 2489 3132 2582 celebg'at
3154 2488 3392 2582 Pascha.
3407 2485 3760 2582 In'Privilegitlpn

383 2565 742 2642 approbavit,
794 2568 850 2619 et
899 2577 1044 2616 nova
1092 2555 1251 2612 bulla
1308 2551 1693 2610 confirmavit.
1722 2549 1819 2642 _In
1851 2548 2030 2642 altero
2213 2566 2266 2620 δ,
2301 2548 2586 2642 Ma“;qu
2640 2559 3105 2642 priquegiunhtg.‘
3384 2548 3651 2642 Ξςειεξίέέ
3681 2555 3762 2609 [ιε.

385 2636 689 2728 rescripto,
721 2652 878 2724 quod
909 2651 1002 2704 die
1023 2645 1308 2720 sequenti,
1338 2645 1395 2699 id
1424 2649 1513 2699 est
1542 2659 1604 2697 ιιι
1635 2639 1762 2695 Kal.
1794 2636 2029 2710 Aprilis.

385 2705 689 2728 "'""'r"r
728 2705 828 2724 1“
1107 2705 1125 2720 ι
1296 2705 1306 2712 υ
1844 2705 1862 2710 -

383 2747 590 2804 datum
612 2747 720 2809 est,
735 2741 1006 2797 Urbanus
1029 2751 1233 2793 omnes
1255 2732 1723 2804 archiepiscopos
1743 2732 1798 2784 et
1817 2727 2029 2799 episco-

2213 2707 2267 2761 S.
2302 2707 2552 2777 Eutrapii
2577 2706 2752 2760 altare
2781 2705 3076 2759 consecrat.

387 2801 494 2907 pos
514 2801 1074 2890 Galliaa'adhortatur
1103 2828 1169 2878 ut
1200 2801 1498 2895 privilegia
1519 2823 1576 2874 et
1597 2818 1751 2907 bona
1777 2813 2031 2871 ecclesiae
2213 2813 2350 2868 Inde
2382 2811 2678 2884 profectus
2709 2809 2966 2884 pontifex
3003 2807 3159 2882 apud
3191 2807 3486 2864 Santonus
3534 2801 3760 2870 advenit,

388 2920 589 2978 Sancti
634 2915 870 2976 Martini
921 2915 981 2969 in
1035 2912 1158 2970 suis
1215 2910 1432 2983 quique
1507 2905 1854 2963 dimcesibus
1921 2904 2034 2960 sita
2142 2902 2242 2958 ubi
2279 2917 2507 2958 sacram
2560 2898 3001 2956 resurrectionis
3049 2895 3368 2954 Dominicis
3419 2894 3761 2952 festivitatem

388 3013 682 3067 tueantur.
715 3007 838 3070 Quo
868 3003 1008 3060 item
1055 3003 1148 3057 die
1177 2979 1380 3056 datum
1409 3001 1498 3053 est
1526 2997 1761 3053 tertium
1801 2991 2032 3066 privile-
2141 2989 2480 3048 solemniter
2531 2988 2863 3060 celebravit,
2912 2987 2998 3043 uti
3053 2985 3232 3042 habet
3289 2985 3464 3042 Fulco
3495 2999 3676 3040 comes
3712 2979 3761 3034 in

391 3100 551 3175 gium
575 3097 888 3170 quo,juxta
900 3092 1055 3165 quod
1076 3091 1134 3146 in
1154 3087 1482 3146 Turonensi
1497 3085 1716 3158 synodo
1739 3082 2031 3140 sancitum
2063 3151 2102 3175 Π
2142 3081 2467 3154 fragmento
2497 3078 2760 3136 Historiae
2779 3075 3238 3148 Andegavensis,
3256 3079 3314 3132 et
3339 3075 3584 3148 probant
3598 3075 3763 3127 vetera

391 3151 550 3175 0"""
585 3151 637 3170 1*
670 3151 741 3167 ίιιι
917 3151 935 3165 ι
1530 3151 1549 3158 ν
2239 3151 2260 3154 _

391 3191 599 3256 fuerat,
629 3181 1048 3242 monasterium
1080 3177 1512 3236 Cormaricense
1549 3173 1748 3230 Sancti
1795 3169 2030 3228 Martini
2061 3151 2104 3218 (ἶ
2145 3169 2363 3242 passim
2425 3168 2836 3224 instrumenta.
2898 3164 3202 3222 Consentit
3257 3169 3464 3220 auctor
3517 3155 3761 3218 Chronici

2132 685 2440 752 concessit,
2473 684 2642 755 cujus
2687 683 2806 754 jam
2840 699 3021 755 supra
3068 679 3288 736 laudati
3335 677 3647 752 exemplum
3689 696 3747 736 ex

2131 773 2367 828 archivo
2385 771 2722 828 monasterii
2736 769 3072 828 Casinensis
3089 772 3323 826 erutum
3335 768 3484 824 inter
3499 767 3746 840 epistolas

2133 861 2467 933 pontiﬁcias
2496 859 2636 916 olim
2659 859 2916 916 dabitur.

2132 977 2386 1035 CCLVII.
2414 978 2710 1047 Angeriaco
2737 977 2938 1031 transit
2973 975 3224 1047 Urbanus
3242 974 3492 1046 pontifex
3523 981 3571 1028 et
3591 975 3746 1045 privi-

2737 1048 2880 1116 legia
2913 1046 3177 1102 concedit.

2207 1137 2350 1192 llinc
2367 1141 2650 1192 Santones
2673 1135 2974 1209 ingressus
2999 1132 3254 1208 pontifex
3267 1133 3339 1188 ad
3361 1131 3749 1204 Angeriacense

2135 1227 2414 1300 Oppidum
2447 1225 2698 1292 divertit,
2723 1225 2784 1279 in
2817 1223 3240 1279 monasterium
3273 1220 3465 1278 Sancti
3511 1220 3748 1286 Joannis,

2141 1316 2221 1370 uti
2272 1317 2518 1387 ipsemet
2568 1319 2816 1370 testatur
2847 1312 2905 1367 in
2955 1311 3256 1384 rescripto,
3317 1327 3432 1382 quo
3486 1309 3606 1380 ejus
3657 1307 3750 1366 loci

2139 1405 2537 1476 possessiones
2560 1407 2616 1458 et
2636 1401 3006 1474 potissimum
3033 1401 3443 1461 Buriaccnsem
3464 1396 3752 1455 Ecclesium

2139 1495 2195 1548 in
2225 1492 2458 1548 diwccsi
2493 1489 2882 1547 Bellovacensi
2925 1489 3124 1555 sitam,
3177 1487 3454 1543 Ansculfo
3505 1484 3686 1540 abbati
3706 1488 3755 1540 et

2211 2637 2412 2691 mem-is
2465 2651 2594 2688 usus
2641 2629 2949 2704 viiii/irritat.
3000 2629 3346 2686 Malcdicitur
3375 2629 3505 2685 Elbo
3545 2630 3758 2683 invasor.

390 3247 643 3334 basilicae
665 3274 967 3332 asseritur.
987 3270 1126 3326 Huic
1144 3265 1449 3340 diplomati
1469 3280 1601 3320 cum
1627 3262 1858 3319 Urbano
1881 3276 2032 3332 papa
2139 3257 2560 3325 Malleacensis,
2595 3255 2692 3328 qui
2727 3258 2858 3327 post
2900 3257 3288 3310 memoratum
3322 3250 3632 3308 concilium
3661 3247 3758 3303 Tu-

382 3365 763 3424 subscribunt
806 3361 906 3418 alii
955 3355 1376 3430 archiepiscopi
1407 3359 1464 3410 et
1503 3351 1759 3426 episcopi
1809 3349 1889 3405 ibi
1939 3364 2028 3404 re-

381 3455 607 3514 censiti.
680 3476 684 3480 -

450 3545 617 3602 Haud
647 3542 896 3599 dubium
929 3537 1069 3612 quin
1100 3542 1157 3592 et
1184 3535 1389 3592 eadem
1416 3529 1719 3589 occasione
1750 3529 1812 3584 B.
1845 3525 2031 3600 ponti-

377 3636 472 3692 fex
499 3631 838 3706 sepulcrum
869 3626 1056 3685 sancti
1079 3623 1280 3680 Hilarii
1307 3623 1518 3677 iterum
1541 3617 1824 3683 inviserit,
1856 3615 2026 3686 cujus

377 3703 749 3780 festivitatem
780 3731 981 3773 mense
1031 3711 1312 3770 Januario
1353 3708 1690 3765 solemniter
1721 3707 1846 3777 jam
1879 3703 2025 3759 cele—

381 3813 664 3866 braverat.
687 3807 791 3862 Hic
821 3804 975 3860 enim
1008 3818 1142 3858 cum
1166 3798 1366 3854 multis
1390 3793 1677 3868 episcopis
1701 3797 1758 3848 et
1778 3791 2024 3866 optima-

379 3900 538 3954 tibus
555 3897 823 3968 placilum
850 3889 1058 3947 habuit
1094 3891 1150 3943 in
1187 3886 1426 3958 capitulo
1476 3884 1664 3939 Sancti
1707 3881 1928 3949 Hilarii,
1962 3886 2027 3936 ut

381 3983 834 4042 controversiam
859 3979 1159 4036 dirimeret
1179 3977 1330 4031 inter
1359 3973 1486 4045 ejus
1518 3970 1770 4028 ecclesiae
1796 3969 2026 4026 canoni-

381 4092 480 4132 cos
505 4078 561 4128 et
591 4089 676 4128 mc
692 4069 931 4134 nachos,
954 4062 1288 4122 Monasterii
1313 4061 1476 4128 Novi,
1501 4064 1699 4116 natam
1721 4057 2024 4116 occasione

382 4161 639 4220 ecclesia:
670 4159 868 4216 Sancti
891 4154 1134 4222 Nicolai,
1165 4170 1293 4226 quae
1324 4151 1418 4207 his
1451 4149 1778 4216 monachis,
1810 4152 1875 4204 ut
1895 4149 2022 4220 jam

381 4250 655 4318 diximus,
681 4246 961 4303 attributa
981 4247 1185 4299 fuerat.
1210 4240 1568 4298 Sententiam
1599 4255 1668 4294 ea
1698 4239 1767 4294 de
1798 4255 1858 4294 re
1887 4235 2026 4293 tulit

379 4339 636 4413 pontifex
657 4336 1055 4393 assidentibus
1069 4333 1177 4394 sibi
1195 4332 1381 4386 tribus
1399 4327 1874 4400 archiepiscopis,
1897 4326 2026 4382 toli-

381 4431 512 4485 dem
532 4424 1079 4501 epiSCOpis,duobus
1093 4419 1486 4487 abbatibus,et
1507 4416 1636 4472 aliis
1657 4413 2021 4488 quampluri-

2138 3364 2384 3404 ronense
2413 3345 2640 3403 subdit:
2673 3343 2805 3400 Inde
2831 3359 3078 3400 reversus
3097 3345 3176 3400 est
3199 3341 3472 3398 Santonos
3492 3341 3756 3401 civitatem.

2135 3445 2187 3494 et
2239 3437 2530 3493 celebravit
2585 3434 2668 3488 ibi
2719 3439 2971 3488 sanctum
3017 3431 3257 3487 Pascha.
3317 3429 3542 3494 Quibus
3593 3423 3759 3482 verbis

2136 3525 2231 3582 hic
2262 3530 2462 3582 auctor
2506 3522 2840 3596 pontiﬁcem
2873 3519 3050 3578 semel
3086 3523 3142 3576 et
3193 3519 3409 3576 iterum
3459 3519 3758 3583 Santonum

2135 3616 2339 3672 urbem
2371 3613 2588 3670 adiisse
2616 3610 2833 3678 innuit,
2869 3609 3022 3682 quod
3055 3608 3152 3666 alii
3187 3607 3505 3681 scriptores
3536 3622 3645 3662 non
3671 3602 3758 3658 ha-

2135 3705 2292 3760 bent.
2315 3704 2463 3758 Eum
2482 3719 2516 3758 a
2537 3699 2849 3758 Ramnulfo
2863 3699 3134 3772 episcopo
3151 3696 3232 3754 ibi
3251 3701 3588 3770 usceptum
3603 3691 3759 3750 fuisse

2135 3794 2272 3849 Idus
2304 3791 2518 3864 Aprilis
2551 3789 2788 3862 scripsit
2817 3787 3172 3844 Sirmundus
3203 3785 3262 3841 in
3294 3785 3453 3844 notis
3483 3785 3552 3842 ad
3583 3779 3760 3838 Gotl'ri-

2133 3883 2274 3938 dum
2307 3880 2822 3936 Vindocinensem.
2855 3879 2926 3932 At
2955 3877 3013 3932 id
3048 3891 3164 3932 uno
3194 3873 3407 3931 saltem
3455 3879 3554 3931 aut
3599 3871 3758 3928 altero

2133 3971 2226 4028 die
2277 3974 2446 4028 antea
2491 3969 2711 4024 factum
2761 3965 2942 4022 fuisse
2973 3964 3056 4020 vel
3089 3982 3158 4020 ex
3186 3963 3295 4020 hoc
3343 3963 3466 4020 solo
3500 3960 3760 4034 conjicere

2133 4061 2286 4128 licet,
2311 4059 2467 4132 quod
2495 4055 2810 4113 verisimile
2843 4071 2957 4110 non
2981 4053 3154 4110 fuerit
3200 4052 3499 4108 Urbanum
3533 4051 3654 4124 ipso
3680 4045 3760 4101 die

2132 4148 2365 4205 Pascha:
2415 4163 2543 4202 sese
2595 4143 2788 4200 itineri
2822 4142 3210 4200 commisisse.
3262 4141 3430 4198 Certe
3477 4143 3608 4196 ante
3654 4133 3760 4190 dies

2131 4241 2279 4304 octo,
2315 4233 2396 4290 uti
2431 4233 2706 4301 vidimus,
2740 4231 3012 4288 Urbanus
3041 4229 3420 4304 Angeliacum
3453 4225 3754 4301 appulerat;

2133 4331 2188 4382 et
2215 4324 2451 4397 quidem
2485 4325 2711 4379 constat
2745 4337 2879 4377 eum
2912 4318 3119 4375 saltem
3153 4319 3210 4374 in
3242 4317 3547 4375 Paschatis
3593 4309 3759 4388 pervi-

2131 4414 2270 4488 gilio
2303 4413 2456 4485 apud
2486 4415 2774 4466 Santonas
2807 4409 3010 4476 fuisse,
3041 4414 3107 4464 ut
3135 4425 3204 4463 ex
3251 4409 3380 4478 ejus
3425 4405 3586 4462 bulla
3613 4399 3761 4458 colli-

382 4518 494 4574 mis
511 4489 586 4573 ex
603 4489 845 4587 utroque
869 4512 1068 4568 ordine
1115 4511 1252 4566 viris
1291 4507 1644 4573 illustribus,
1686 4509 1752 4560 ut
1779 4505 2024 4576 ipsemet
2059 4521 2102 4584 Ι)
2131 4504 2328 4577 gimus
2358 4520 2483 4574 qua:
2515 4501 2653 4556 data
2681 4505 2768 4554 est
2798 4498 2906 4553 hoc
2938 4498 3067 4570 ipso
3099 4496 3191 4552 die
3222 4497 3280 4552 in
3309 4496 3560 4568 gratiam
3591 4489 3760 4548 Adhe-

381 4612 578 4664 narrat
609 4606 666 4661 in
701 4607 978 4676 rescripto
1001 4619 1068 4657 ea
1105 4601 1176 4655 de
1199 4617 1256 4654 rc
1289 4601 1420 4669 post
1470 4595 1696 4666 aliquot
1725 4594 1848 4648 dies
1892 4593 2026 4646 dato

377 4698 530 4772 apud
581 4697 893 4753 Santonus.
929 4697 1126 4759 Porro,
1162 4689 1208 4744 si
1247 4705 1316 4742 ex
1344 4687 1606 4740 locorum
1637 4682 1848 4738 vicinia
1877 4679 2022 4736 illud

377 4769 660 4860 conjicere
705 4785 893 4851 liceat,
941 4782 1055 4836 huc
1085 4777 1262 4834 etiam
1291 4773 1543 4830 revocari
1575 4775 1766 4844 potest
1808 4769 2024 4826 Urbani

379 4876 744 4948 privilegium
777 4871 1037 4927 ccenobio
1066 4864 1344 4939 Anglcnsi
1377 4862 1530 4935 apud
1555 4861 1820 4916 Pictones
1851 4876 2024 4914 cano-

379 4947 644 5019 nicorurn
675 4959 1029 5034 regularium
1058 4957 1284 5022 datum,
1321 4953 1472 5025 quod
1497 4969 1564 5006 ex
1599 4948 1916 5006 Innocentii
1953 4947 2025 5003 Ill

378 5051 539 5108 bulla
570 5068 603 5106 a
633 5045 1099 5105 Sammarthanis
1131 5051 1288 5099 tomo
1321 5043 1392 5097 1V
1432 5040 1629 5097 Gallias
1679 5039 2023 5094 Christianis

271 5151 278 5160 ‘
378 5140 670 5206 laudatur,
690 5154 793 5192 nec
818 5135 985 5208 plura
1007 5136 1077 5190 de
1099 5133 1226 5205 ipso
1247 5132 1438 5186 dicere
1471 5130 1556 5185 fas
1578 5134 1686 5196 est,
1711 5145 1842 5183 cum
1875 5123 2020 5180 illud

377 5243 719 5300 recuperare
751 5241 866 5280 non
901 5222 1150 5279 licuerit.

375 5334 606 5394 CCLVI.
639 5331 798 5406 Apud
829 5330 883 5385 S.
919 5331 1252 5472 blaxeiittfgm
1271 5327 1363 5382 dat
1386 5323 1741 5397 privilegium
1788 5319 2024 5374 Glanna-

1102 5417 1130 5456 o
1185 5416 1330 5454 necs.

1102 5416 1308 5456 οιθιηηςρδ
1317 5439 1330 5452 .

355 5563 364 5571 _
447 5494 640 5550 Pridie
661 5491 953 5548 Kalendas
975 5488 1188 5562 Aprilis
1202 5485 1357 5558 apud
1373 5486 1643 5571 sanctum
1666 5477 2022 5535 Maxentium

373 5586 432 5646 in
466 5583 670 5644 eadem
710 5579 1008 5658 provincia
1041 5574 1235 5636 nobile
1267 5569 1488 5632 ordinis
1512 5566 1867 5632 Benedictini
1898 5583 2024 5626 mo-

2135 4591 2280 4648 mari
2306 4590 2536 4646 abbatis
2557 4587 2752 4644 Sancti
2777 4584 3062 4642 Martialis
3085 4583 3536 4641 Lcmovicensis.
3554 4579 3762 4651 Insigne

2133 4685 2222 4736 est
2254 4679 2397 4735 illud
2426 4677 2820 4751 privilegium,
2871 4692 2988 4748 quo
3037 4679 3169 4747 post
3224 4674 3600 4730 confirmatas
3644 4664 3762 4722 huic

2133 4769 2486 4826 monasterio
2515 4767 2706 4824 varias
2735 4765 3138 4838 possessiones
3184 4767 3242 4820 et
3296 4761 3592 4829 ecclesias,
3634 4768 3764 4829 quas

2133 4857 2477 4932 singillatim
2511 4859 2771 4912 recenset
2796 4853 3075 4927 pontifex,
3109 4877 3136 4902 ‹‹
3173 4851 3378 4908 statuit
3425 4854 3511 4918 ut,
3545 4845 3764 4904 absente

2136 4947 2506 5004 Lemovicum
2545 4944 2840 5017 episcopo,
2886 4942 3066 4998 abbas
3105 4941 3302 4997 Sancti
3333 4936 3619 4995 Martialis
3647 4946 3764 4990 cum

2136 5036 2463 5106 majoribus
2480 5031 2732 5089 ecclesiae
2765 5031 3060 5088 canonicis
3087 5031 3378 5103 praecipue
3399 5023 3662 5084 dimcesis
3684 5035 3767 5076 cu-

2131 5115 2258 5180 ram
2289 5127 2470 5195 gerat,
2499 5127 2628 5178 tum
2661 5123 2726 5176 ut
2751 5117 3100 5192 episcopalis
3131 5117 3334 5174 electio
3363 5133 3434 5174 ex
3455 5116 3584 5186 ejus
3603 5108 3763 5187 potis-

2133 5211 2350 5269 simum
2383 5210 2622 5267 arbitrio
2642 5207 3018 5282 disponatur;
3043 5223 3110 5263 ac
3131 5205 3386 5278 denique
3408 5207 3476 5260 ut
3495 5198 3764 5276 praecipua

2132 5300 2401 5372 ejusdem
2420 5295 2684 5355 Ecclesiae
2711 5296 2964 5370 negotia,
2988 5295 3164 5352 etiam
3183 5296 3469 5366 praesente
3489 5289 3762 5364 episcopo,

2133 5391 2262 5462 ejus
2293 5386 2537 5444 consilio
2567 5390 2942 5460 peragantur.
2978 5407 3006 5435 »
3037 5383 3198 5440 Hanc
3229 5381 3478 5449 bullam,
3513 5393 3684 5452 quam
3700 5387 3767 5462 ex

2132 5461 2495 5550 autographo
2545 5472 2942 5532 Lemovicensi
2986 5475 3186 5530 noster
3213 5467 3634 5548 Stephanotius
3683 5461 3767 5520 de-

2132 5567 2466 5646 scripserat,
2507 5569 2564 5624 et
2592 5579 2660 5622 ex
2689 5562 2818 5624 aliis
2849 5578 3081 5646 quoque
3111 5578 3255 5624 mss.
3304 5566 3362 5624 et
3403 5551 3580 5621 editis
3607 5551 3766 5614 habe-
