3950 6218
207 312 215 320 ’
229 310 338 382 205

1848 314 2059 376 VITA.

3538 312 3657 375 906

226 470 377 521 mus,
401 453 495 509 vir
526 452 903 510 clarissimus
961 452 1292 526 Stephanus
1341 449 1609 506 Baluzius
1637 450 1708 505 ad
1741 449 1896 504 aliud
1928 452 1980 517 Α
2010 446 2359 519 conscripta,
2402 464 2577 519 quam
2631 447 2688 502 in
2741 445 2918 518 hujus
2961 445 3272 501 voluminis
3321 445 3655 519 Appendice

222 559 476 615 quoque,
515 546 585 598 ut.
639 542 769 616 ipse
821 543 962 597 mihi
1014 546 1265 596 testatus
1314 546 1422 605 est,
1463 537 1891 612 autographum

222 630 472 686 contulit
522 632 587 685 in
643 630 999 687 monasterio
1049 629 1435 696 Cluniacensi,
1481 629 1581 683 sed
1634 644 1761 699 qum
1813 626 1893 682 ibi

227 720 484 776 habetur
515 720 749 792 absque
780 719 942 776 bulla
971 718 1267 791 plumbea,
1290 723 1349 774 et
1379 715 1672 772 nonnullae
1698 732 1895 772 occur-

224 813 365 865 runt
391 807 570 863 variae
603 807 902 864 lectiones.
938 807 999 862 In
1030 813 1279 878 utroque
1306 810 1501 861 autem
1532 804 1893 877 autographo

221 898 361 952 data
387 897 611 953 dicitur
640 913 798 952 anno
829 896 988 965 1007,
1022 913 1125 969 pro
1159 896 1317 961 1096,
1352 894 1506 966 quod
1556 898 1613 948 et
1653 892 1712 947 in
1762 890 1893 948 aliis

220 986 527 1059 plerisque
585 985 951 1061 indubitatae.
991 1000 1232 1057 prorsus
1290 984 1423 1038 fidei
1482 981 1892 1037 instrumentis

220 1076 542 1131 observare
575 1073 741 1140 licet;
790 1074 849 1129 in
889 1074 1103 1147 quibus
1138 1073 1359 1127 scilicet
1395 1073 1566 1142 juxta
1614 1070 1890 1125 Pisanum

221 1163 522 1219 calculum
576 1180 770 1235 annus
819 1164 891 1219 ab
943 1162 1348 1219 Incarnatione
1395 1160 1648 1226 Domini,
1691 1175 1891 1215 mense

218 1250 436 1305 Martio
462 1250 826 1321 pracedente
856 1265 1079 1304 annum
1111 1254 1441 1303 currentem
1473 1247 1695 1319 incipit.
1734 1248 1889 1303 Idem

216 1338 602 1411 privilegium
630 1337 925 1394 Paschalis
946 1338 993 1393 II
1016 1337 1199 1393 altera
1231 1336 1555 1408 bulla,qum
1576 1352 1728 1390 anno
1754 1336 1890 1389 1103

217 1427 424 1482 Romae
470 1428 610 1482 data
654 1432 765 1492 est,
797 1432 853 1482 et
900 1425 1141 1499 plumbo
1190 1424 1469 1498 sigillata,
1503 1424 1884 1479 conﬁrmavit.

221 1515 549 1587 Utriusque
579 1514 1010 1589 autographum
1038 1532 1073 1570 a
1104 1530 1166 1569 se
1195 1512 1453 1568 Cluniaci
1485 1513 1675 1568 visum
1707 1513 1888 1569 fuisse

216 1603 367 1659 mihi
404 1609 657 1659 testatus
692 1608 780 1659 est
809 1603 1077 1658 eruditus
1111 1602 1398 1657 Baluzius.

292 1693 466 1748 Feria
490 1693 752 1748 secunda
785 1692 1039 1755 Pascha,
1062 1708 1191 1763 qum
1238 1692 1364 1747 dies
1400 1693 1463 1745 14
1494 1697 1619 1746 erat
1648 1690 1882 1762 Aprilis,

212 1780 595 1837 confirmavit
647 1780 864 1837 ibidem
918 1781 1176 1853 pontifex
1229 1781 1630 1851 possessiones
1680 1797 1885 1835 omnes

214 1868 568 1926 monasterii
601 1868 797 1924 Sancti
829 1867 1021 1924 Albini
1052 1869 1503 1941 Andegavensis,
1531 1869 1667 1923 data
1700 1867 1879 1924 bulla.

212 1958 493 2031 Diploma
522 1957 726 2013 eadem
759 1957 853 2013 die
894 1963 951 2013 et
997 1956 1059 2012 in
1107 1958 1310 2013 eadem
1362 1959 1503 2013 urbe
1561 1958 1786 2024 datum,
1821 1957 1880 2013 in

214 2048 475 2120 gratiam
509 2046 848 2103 Monasterii
881 2047 1016 2102 Novi
1052 2046 1424 2110 Pictavcnsis,
1459 2047 1514 2101 in
1542 2064 1661 2118 quo
1690 2064 1758 2103 ea
1789 2064 1873 2103 re-

214 2138 334 2192 fert
363 2136 628 2208 pontifex
657 2153 786 2208 quas
833 2136 889 2190 in
923 2141 1206 2191 conventu
1239 2136 1393 2207 apud
1444 2134 1725 2190 Hilarium
1776 2136 1880 2192 ha-

215 2225 367 2291 bito,
395 2226 470 2281 de
500 2242 619 2297 quo
651 2243 831 2297 supra
874 2225 1149 2289 diximus,
1174 2230 1393 2279 statuta
1438 2226 1684 2290 fuerant,
1710 2242 1880 2281 occa-

214 2315 386 2371 sione
414 2315 948 2370 controversiarum
982 2331 1106 2386 quae
1150 2312 1303 2368 inter
1340 2313 1651 2369 canonicos
1680 2314 1878 2371 Sancti

216 2404 425 2459 Hilarii
459 2409 517 2458 et
549 2402 870 2459 monachos
915 2402 1249 2457 Monasterii
1307 2401 1445 2457 Novi
1505 2402 1564 2458 in
1619 2404 1875 2474 prioratu

214 2494 274 2547 S.
311 2492 537 2550 Nicolai
571 2492 850 2564 degentes
872 2497 1065 2547 exorte
1094 2493 1347 2547 fuerant.
1386 2491 1641 2563 Denique
1672 2494 1876 2548 eodem

213 2582 393 2637 etiam
428 2580 523 2635 die
556 2581 816 2654 pontifex
841 2580 1297 2636 consuetudines
1330 2580 1591 2636 Ecclesiae
1626 2581 1874 2637 Remen-

213 2672 298 2726 sis
321 2670 697 2726 confirmavit
719 2670 790 2724 ad
820 2670 1154 2740 petitionem
1178 2669 1587 2723 canonicorum
1611 2669 1874 2740 ejusdem

216 2758 509 2826 Ecclesiae,
535 2759 636 2829 qui
666 2759 736 2814 ad
774 2757 1071 2813 Urbanum
1118 2757 1343 2829 aliquot
1370 2774 1400 2812 e
1432 2757 1576 2824 suis,
1600 2775 1749 2829 quos
1781 2760 1875 2815 ille

212 2849 470 2920 benigne
501 2847 747 2919 excepit,
772 2864 841 2902 ea
860 2848 930 2902 de
954 2864 1134 2903 causa
1160 2847 1507 2919 legaverant.
1541 2847 1874 2903 Pontiﬁcias

209 2936 443 2992 litteras
477 2936 657 2990 refert
677 2933 1030 2989 Guillelmus
1063 2932 1366 2999 Marlotus,
1392 2934 1488 3005 qui
1514 2939 1713 2990 censet
1740 2951 1873 2990 con-

209 3024 563 3080 suetudines
603 3023 664 3077 in
708 3039 775 3078 eo
824 3022 1102 3094 rescripto
1134 3027 1487 3078 memoratas
1535 3021 1666 3078 illas
1713 3025 1872 3095 ipsas

208 3129 341 3169 esse
371 3130 502 3185 quae
535 3112 610 3167 ah
650 3128 717 3167 eo
768 3117 928 3167 tomo
976 3111 1022 3166 lI
1075 3116 1319 3183 metrop.
1354 3111 1657 3167 Remensis
1704 3113 1870 3169 editae

209 3207 370 3258 sunt.

281 3296 347 3346 In
373 3291 581 3346 eadem
607 3290 751 3344 urbe
783 3289 1039 3361 pontifex
1068 3288 1265 3344 Ebloni
1293 3289 1417 3360 jam
1445 3293 1527 3344 tot
1550 3290 1774 3345 vicibus
1797 3292 1870 3347 ob

208 3380 579 3436 invasionem
619 3378 874 3434 ecclesias
900 3378 1090 3433 Sancti
1114 3377 1341 3450 Georgii
1372 3378 1635 3434 Oleronis
1663 3378 1869 3434 insulsa

203 3468 718 3525 excommunicato
747 3466 1062 3532 maledixit,
1086 3467 1238 3539 quod
1274 3468 1486 3539 judicio
1516 3467 1870 3540 archiepisco-

196 3576 423 3629 porum,
469 3559 870 3629 episcoporum,
900 3556 1155 3611 abbatum
1200 3566 1252 3612 ct
1296 3558 1673 3627 religiosorum
1701 3559 1866 3614 cleri-

197 3664 391 3704 corum
434 3646 850 3719 comprobatum
900 3648 1094 3717 fuisset
1138 3645 1358 3717 jamdiu
1414 3649 1620 3719 injuste
1665 3654 1867 3705 terram

194 3736 603 3793 monachorum
645 3734 1124 3791 l'indocinensium
1154 3737 1409 3790 tenuisse.
1444 3738 1629 3799 Quare
1655 3755 1689 3792 a
1717 3755 1869 3810 papa

190 3826 529 3882 malediclus
558 3825 839 3889 discessit;
870 3823 1190 3895 datumque
1221 3826 1427 3880 Amato
1462 3825 1865 3899 Burdigalensi

188 3915 645 3987 archiepiscopo
676 3912 1023 3967 mandatum
1062 3920 1126 3966 ut
1152 3912 1532 3968 Guillelmum
1557 3916 1869 3987 Aquitano-

190 4022 330 4059 rum
365 4005 579 4057 ducem
614 4003 825 4067 adiret,
857 4018 992 4056 eum
1028 4001 1372 4056 adhortandi
1405 4019 1583 4058 causa
1614 4010 1676 4059 ut
1706 4006 1867 4075 ejus-

189 4095 331 4148 dem
352 4100 523 4147 terrie
543 4091 974 4146 restitutionem
994 4090 1523 4148 Vindocinensibus
1541 4095 1866 4152 faciendam

192 4185 566 4253 procuraret,
600 4180 757 4251 quod
793 4180 987 4251 reipsa
1014 4179 1235 4234 factum
1277 4185 1385 4239 est.
1420 4180 1549 4236 Haec
1580 4184 1778 4239 omnia
1809 4183 1867 4240 in

194 4269 473 4340 ejusdem
505 4268 676 4323 ducis
706 4266 912 4322 charta
943 4267 1293 4331 referuntur,
1318 4284 1516 4339 quam,
1545 4270 1651 4326 etsi
1676 4272 1803 4342 jam
1835 4290 1869 4328 a

196 4357 397 4412 Beslio
428 4358 670 4424 editam,
698 4355 974 4412 recudere
1004 4361 1197 4410 tamen
1228 4372 1295 4411 ex
1328 4356 1618 4413 chartario
1654 4359 1865 4416 Vindo-

195 4446 428 4501 cinensi
466 4446 659 4500 visum
695 4450 806 4511 est,
833 4444 987 4517 quod
1019 4445 1075 4499 in
1110 4462 1174 4499 ea
1208 4451 1328 4499 tota
1361 4446 1540 4514 hujus
1572 4449 1650 4501 rei
1686 4450 1867 4506 series

2004 538 2337 593 referemus.
2379 536 2536 592 Unde
2567 536 2859 609 colligitur
2898 536 3046 590 duas
3077 535 3305 591 circiter
3335 535 3652 593 hebdoma-

2002 627 2107 682 das
2140 625 2437 681 Urbanum
2470 626 2623 698 apud
2655 626 2948 681 Santonas
2977 624 3259 697 exegisse.

2213 714 2413 769 CCLX.
2449 715 2526 769 An
2558 715 2912 770 Inculz'smam
2939 714 3139 769 adierit
3170 713 3438 770 Urbanus.

2071 807 2155 859 An
2190 804 2324 859 inde
2357 803 2734 859 Inculismam
2769 803 2996 869 adierit,
3030 803 3433 859 incertum.At
3463 817 3531 858 ex
3562 801 3655 859 Hi-

2001 894 2177 949 storia
2210 895 2337 965 ejus
2364 894 2527 949 urbis
2557 893 2962 966 episcoporum
2988 897 3044 948 et
3063 892 3344 948 comitum
3368 895 3541 965 caput
3558 892 3650 958 33,

2000 985 2158 1037 tomo
2192 982 2239 1037 Il
2271 981 2637 1037 Bibliotheca:
2674 983 2985 1037 Labbeanaa
3027 982 3183 1037 edita
3209 980 3493 1038 discimus
3524 997 3654 1038 res-

1999 1070 2331 1126 titutionem
2365 1072 2673 1143 cujusdam
2726 1071 3120 1144 praepositum
3151 1070 3405 1127 ecclesiae
3455 1069 3653 1127 Sancti

2001 1159 2171 1227 Petri,
2198 1160 2252 1214 id
2277 1165 2367 1215 est
2396 1160 2598 1215 cathed
2610 1160 2735 1227 rali,
2762 1162 2996 1225 factam,
3021 1160 3350 1216 Adbemaro
3376 1158 3651 1233 episcopo

1999 1248 2372 1321 efflagitante,
2398 1250 2471 1304 ab
2502 1266 2567 1305 eo
2598 1250 2869 1322 pontifice
2900 1249 3306 1305 confirmatam
3338 1248 3538 1306 fuisse.

2105 1338 2331 1393 CCLXI.
2356 1338 2667 1408 Burdigalae
2696 1338 2909 1393 dedicat
2932 1338 3196 1409 majorem
3232 1337 3535 1394 ecclesiam.

2068 1426 2306 1492 Verum,
2341 1432 2405 1482 ut
2431 1432 2496 1481 ut
2526 1426 2602 1482 sit
2632 1444 2699 1482 ea
2730 1428 2800 1483 de
2830 1444 2909 1493 re,
2944 1431 3163 1483 certum
3213 1430 3303 1483 est
3346 1426 3647 1484 Urbanum

1997 1516 2106 1570 sub
2143 1516 2314 1570 finem
2348 1515 2561 1587 Aprilis
2585 1514 2955 1588 Burdigalam
2981 1514 3301 1587 appulisse,
3326 1515 3426 1570 ubi
3458 1515 3649 1589 primo

1996 1605 2088 1660 die
2112 1605 2245 1660 Maii
2274 1605 2551 1676 Majorem
2585 1604 2887 1661 ecclesiam
2919 1602 3163 1660 solemni
3187 1603 3301 1658 ritu
3321 1602 3648 1663 dedicavit:

1996 1694 2051 1749 id
2085 1693 2369 1749 discimus
2398 1712 2467 1750 ex
2496 1695 2669 1749 veteri
2704 1694 2901 1749 codice
2929 1694 3084 1767 apud
3110 1692 3418 1765 Lopesium
3441 1692 3648 1750 lauda-

2000 1789 2083 1849 to;
2109 1783 2208 1854 qui
2240 1782 2372 1838 licet
2394 1782 2542 1838 hanc
2571 1783 3066 1839 consecrationem
3092 1798 3245 1838 anno
3273 1783 3412 1837 1026
3432 1781 3647 1840 factam

1994 1872 2176 1927 fuisse
2208 1873 2483 1929 mendose
2513 1873 2798 1945 praeferat,
2822 1888 2952 1927 eam
2976 1875 3173 1927 tamen
3196 1888 3348 1927 anno
3371 1870 3646 1944 praesenti

1992 1961 2452 2033 consignandam
2487 1978 2614 2018 esse
2642 1978 2837 2017 rerum
2860 1964 3158 2034 gestarum
3182 1960 3362 2017 series
3389 1959 3647 2017 invictis-

1992 2049 2139 2105 sime
2179 2050 2405 2123 probat.
2440 2055 2600 2106 Certe
2650 2050 2918 2106 Urbanus
2971 2049 3095 2122 ipse
3143 2049 3201 2104 in
3252 2049 3536 2122 rescripto
3567 2049 3641 2106 ad

1991 2139 2303 2195 canonicos
2335 2139 2802 2213 Burdigalenses,
2836 2142 3086 2195 testatur
3113 2139 3241 2211 ejus
3271 2138 3435 2195 urbis
3466 2138 3645 2210 Majo-

1992 2245 2113 2282 rem
2146 2228 2450 2283 ecclesiam
2484 2244 2517 2283 a
2555 2228 2747 2300 seipso
2780 2232 3178 2283 consecratam
3210 2227 3421 2296 fuisse;
3453 2233 3509 2283 et
3539 2225 3641 2299 qui

1988 2316 2048 2371 in
2098 2334 2164 2372 eo
2223 2316 2438 2389 scripto
2498 2321 2893 2383 recensentur,
2925 2316 3053 2387 ejus
3110 2314 3337 2371 itineris
3394 2316 3639 2371 comites

1987 2411 2172 2461 erant.
2207 2407 2277 2460 At
2308 2422 2421 2461 non
2454 2406 2559 2461 abs
2589 2422 2649 2461 re
2679 2406 2789 2461 erit
2821 2405 2934 2460 huc
2962 2404 3218 2476 proferre
3256 2404 3385 2476 ejus
3424 2403 3639 2461 solem-

1989 2493 2188 2548 nitatis
2224 2493 2676 2565 descriptionem
2708 2509 2777 2548 ex
2806 2491 2980 2546 veteri
3014 2490 3113 2547 illo
3152 2489 3371 2556 codice,
3399 2494 3574 2563 prout
3602 2507 3638 2547 a

1988 2582 2250 2638 Darvalio
2280 2582 2334 2636 in
2364 2582 2772 2654 supplemento
2794 2580 3079 2636 chronica;
3100 2577 3560 2653 Burdigalensis,
3579 2584 3640 2637 et

1986 2691 2020 2727 a
2050 2672 2288 2744 Lopezio
2311 2688 2436 2744 cap.
2459 2674 2494 2726 5
2526 2671 2788 2727 Historia:
2818 2671 3083 2742 ejusdem
3114 2668 3278 2726 urbis
3309 2668 3637 2726 exhibetur.

1986 2785 2011 2811 ‹‹
2042 2768 2206 2815 Anno
2230 2761 2653 2817 Incarnutionis
2682 2760 2914 2816 Domini
2948 2760 3106 2828 1016,
3128 2758 3254 2832 lege
3287 2758 3445 2827 1096,
3475 2758 3636 2815 vide-

1986 2850 2117 2905 licct
2148 2849 2420 2905 Kalendis
2452 2850 2586 2906 Maii
2618 2849 2883 2905 dedicata
2926 2849 3036 2904 fuit
3076 2848 3330 2905 Ecclesia
3360 2847 3639 2921 Burdiga-

1982 2938 2326 3011 lensis,quae
2357 2944 2445 2994 est
2474 2940 2687 2995 domus
2734 2937 3069 3008 Domini,in
3108 2938 3390 2994 honorem
3438 2937 3636 2993 beato-

1984 3045 2110 3082 rum
2145 3028 2542 3099 apostolorum
2572 3028 2811 3084 Andreas
2841 3032 2898 3082 et
2924 3027 3099 3096 Petri,
3124 3031 3181 3082 et
3203 3025 3359 3083 beati
3388 3025 3634 3082 Joannis

1980 3116 2275 3188 Baptistae,
2319 3117 2501 3171 sancti
2545 3116 2844 3189 Stephani,
2882 3114 3197 3182 Laurentii,
3222 3114 3633 3186 Vincentiique

1901 3189 1943 3254 C
1984 3205 2275 3276 martyris,
2304 3210 2362 3260 et
2385 3204 2533 3260 beati
2567 3204 2846 3259 Macharii
2872 3202 3244 3271 confessoris,
3274 3205 3635 3259 sanctarum-

1981 3310 2092 3365 que
2143 3292 2435 3364 virginum
2480 3292 2739 3364 Agathae,
2781 3291 3039 3359 Eulaliae,
3072 3307 3322 3363 quarum
3372 3284 3631 3362 reliquis

1980 3381 2221 3436 conditae
2256 3386 2393 3435 sunt
2424 3381 2479 3434 in
2514 3379 2717 3451 majori
2750 3379 2915 3435 altari
2948 3380 3006 3435 in
3038 3379 3165 3452 ipsa
3195 3377 3631 3435 consecratione

1978 3487 2011 3524 a
2042 3471 2278 3525 domino
2301 3487 2472 3541 papa,
2494 3474 2550 3524 et
2570 3470 2642 3523 ab
2664 3470 2870 3524 Amata
2902 3473 3113 3525 sanctae
3140 3468 3412 3523 Romanis
3441 3466 3628 3523 Eccle-

1977 3560 2075 3614 siae
2096 3559 2279 3631 legato
2296 3556 2813 3631 Burdigalensique
2829 3556 3629 3630 archiepiscopo,Adfuerunt

1977 3648 2236 3720 quinque
2293 3647 2529 3714 decani,
2584 3647 2817 3703 Simeon
2875 3645 3237 3719 Agennensis
3292 3645 3624 3718 episcopus,

1977 3738 2170 3792 Bruno
2194 3736 2495 3809 Signensis
2518 3735 2844 3809 episcopus,
2861 3735 3131 3791 Albertus
3153 3735 3440 3808 (Valterus)
3460 3733 3630 3790 Alba-

1979 3827 2177 3882 nensis
2207 3832 2263 3881 et
2293 3824 2389 3881 alii
2426 3825 2807 3881 cardinales.»
2834 3825 3047 3880 Mirum
3094 3829 3183 3881 est
3231 3825 3358 3897 ejus
3389 3824 3629 3879 dedica-

1978 3915 2153 3971 tionis
2186 3914 2648 3971 anniversarium
2682 3914 2773 3970 die
2801 3916 2866 3970 21
2904 3913 3120 3987 Aprilis
3150 3912 3449 3982 celebrari,
3483 3913 3630 3968 forte

1978 4007 2049 4060 ob
2083 4022 2432 4061 concursum
2466 4005 2799 4061 festivitatis
2841 4005 3143 4060 beatorum
3174 4003 3376 4060 Jacobi
3403 4006 3460 4058 et
3489 4001 3631 4057 Phi-

1977 4093 2142 4166 lippi,
2175 4102 2275 4150 aut
2313 4095 2459 4150 forte
2504 4095 2576 4151 ob
2625 4093 2800 4150 aliam
2844 4094 2971 4165 ejus
3019 4092 3274 4149 ecclesia:
3324 4092 3628 4165 antiquam

1979 4184 2494 4240 consecrationem.

1978 4290 2235 4346 CCLXII.
2260 4292 2457 4346 Νιψαιί
2474 4291 2684 4347 dedicat
2700 4292 2983 4347 ecclesiam
2997 4291 3321 4346 monasterii
3328 4288 3627 4346 S.Thom&'.

2048 4380 2309 4435 Pontifex
2358 4380 2595 4442 Neraco,
2635 4381 2787 4451 quod
2845 4380 3137 4435 Vasconize
3186 4378 3467 4450 oppidum
3517 4380 3629 4444 est,

1979 4469 2290 4535 transiens,
2322 4468 2401 4522 ibi
2453 4468 2792 4524 solemuiter
2827 4467 3185 4523 consecravit
3233 4464 3539 4522 ecclesiam
3567 4464 3629 4519 in

193 4537 515 4619 perspicue
547 4535 858 4599 habeatur,
892 4534 1264 4605 multumque
1294 4534 1366 4589 ad
1396 4534 1745 4591 illustranda
1778 4539 1871 4593 Ur-

2042 4575 2258 4612 )norem
2281 4558 2338 4612 S.
2356 4557 2593 4611 Tbonia:
2616 4562 2674 4612 et
2696 4558 2883 4613 sancti
2910 4555 3152 4622 Nicolai,
3169 4556 3225 4610 in
3249 4570 3364 4626 qua
3384 4555 3630 4610 Arsinus

198 4615 339 4678 bani
374 4629 553 4680 Gesta
584 4624 846 4679 conferre
878 4621 1084 4695 possit.

275 4712 380 4768 His
400 4713 771 4785 temporibus
798 4712 1069 4767 monachi
1095 4712 1529 4781 Cluniacenses,
1549 4716 1646 4786 qui
1673 4715 1745 4769 ab
1768 4714 1869 4773 ali-

202 4807 354 4872 quot
382 4793 563 4857 annis'
588 4805 892 4857 vetustum
923 4801 1117 4855 Sancti
1148 4802 1407 4874 Eutropii
1448 4804 1870 4860 monasterium

199 4891 572 4947 Santonense
623 4889 979 4957 incolebant,
1010 4894 1066 4944 et
1110 4898 1455 4946 renovarant
1502 4898 1763 4965 cryptam
1811 4893 1869 4948 in

198 4996 320 5050 qua
351 4980 538 5034 sancti
577 4978 859 5051 martyris
909 4978 1163 5050 reliquiis
1214 4980 1684 5046 continebantur,
1735 4999 1871 5037 cum

201 5070 440 5125 duobus
472 5069 805 5125 altaribus:
832 5085 1013 5139 quare
1046 5069 1379 5141 praeclaram
1415 5070 1563 5125 hanc
1596 5071 1748 5125 nacti
1778 5087 1869 5126 oc-

200 5159 525 5227 casionem,
544 5157 892 5232 pontificem
916 5156 1207 5225 adierunt,
1222 5174 1474 5226 eumque
1498 5165 1779 5232 rogarunt
1809 5164 1875 5216 ut

206 5264 387 5303 unum
417 5248 636 5304 saltem
670 5263 744 5302 ex
776 5244 868 5300 bis
890 5244 1175 5301 altaribus
1200 5245 1434 5318 propria
1465 5264 1643 5303 manu
1676 5265 1874 5304 conse-

202 5351 360 5392 crare
374 5355 486 5403 non
503 5336 965 5409 dedignaretur;
984 5350 1231 5406 quorum
1250 5334 1513 5407 petitioni
1530 5335 1626 5393 ille
1642 5336 1870 5407 annuit,

202 5426 398 5485 relicta
422 5426 681 5484 alterius
715 5421 923 5478 altaris
945 5424 1377 5480 consecratione
1408 5425 1719 5481 Ramnulfo
1749 5427 1873 5499 epi-

197 5533 367 5593 scopo
379 5517 757 5575 dimcesano.
774 5510 894 5567 Hoc
916 5514 1109 5567 autem
1132 5512 1350 5569 factum
1375 5512 1553 5571 fuisse
1569 5514 1875 5575 Dominica

200 5609 256 5670 in
285 5610 438 5671 albis
466 5606 702 5683 legitur
732 5602 797 5665 in
828 5604 1013 5661 vetere
1043 5602 1250 5663 notitia
1296 5602 1367 5661 ab
1400 5608 1631 5663 auctore
1663 5604 1874 5680 aquati

1979 4648 2049 4701 de
2070 4647 2331 4712 Albione,
2355 4647 2491 4701 data
2512 4663 2577 4700 eo
2600 4652 2766 4717 pacto
2790 4646 2923 4701 Loci
2944 4644 3100 4713 villa,
3126 4642 3412 4699 monacho
3432 4659 3462 4697 e
3485 4642 3631 4696 San-

1980 4735 2055 4791 cti
2090 4734 2236 4789 Petri
2268 4735 2713 4791 Condomiensis
2756 4733 3111 4789 monasterio
3159 4732 3376 4787 accitos
3423 4730 3635 4787 locavit

1981 4824 2251 4896 precibus
2286 4823 2611 4896 Raymundi
2633 4824 2761 4893 ejus
2793 4822 3130 4894 fratris,qui
3164 4826 3304 4876 tunc
3328 4819 3632 4877 Condomii

1980 4914 2163 4968 abbas
2192 4918 2332 4967 erat.
2360 4914 2498 4982 Ejus
2518 4911 2626 4967 loci
2650 4911 2942 4967 coenobitae
2970 4909 3181 4967 saeculo
3213 4909 3438 4965 decimo
3470 4913 3633 4967 sexto

1983 5000 2300 5056 monachos
2330 5000 2583 5055 ecclesiae
2604 4999 3068 5069 Condomiensis,
3093 5017 3221 5071 quas
3254 4998 3313 5053 in
3335 4999 3636 5056 cathedra-

1982 5090 2093 5145 Iem
2128 5107 2161 5143 a
2188 5090 2412 5145 Joanne
2442 5107 2578 5159 xxii,
2601 5095 2794 5145 erecta
2824 5090 3032 5157 fuerat,
3059 5088 3292 5156 imitati,
3316 5092 3511 5161 togam
3535 5106 3637 5145 ste-

1981 5178 2237 5234 cularem
2271 5179 2328 5232 in
2362 5179 2671 5234 canonicos
2721 5179 2983 5235 conversi
3028 5178 3363 5233 induerunt.
3393 5178 3633 5233 Brevem

1981 5269 2109 5339 ejus
2141 5268 2524 5323 dedicationis
2552 5268 2819 5338 notitiam
2851 5285 2881 5324 e
2910 5268 3200 5323 chartario
3222 5264 3634 5323 Condomiensi

1981 5356 2255 5413 dabimus
2288 5357 2349 5411 in
2383 5358 2738 5430 Appendice.

2017 5445 2296 5501 CCLXIII.
2332 5447 2548 5501 Leiraci
2577 5448 2897 5573 mogpstcrii
2936 5446 3141 5503 Montis
3170 5444 3283 5500 Atti
3309 5444 3598 5515 conﬁrmat

2727 5533 2944 5573 umaco.

2727 5533 2944 5575 umaco.

2054 5603 2235 5666 Nonis
2295 5622 2395 5665 seu
2424 5608 2457 5664 7
2490 5606 2581 5662 die
2613 5606 2748 5665 Maii
2798 5606 2953 5664 idem
3012 5603 3271 5680 pontifex
3325 5603 3631 5661 Leiracum
