3950 6218
293 387 302 396 ι
343 348 462 407 207

1643 348 1714 410 B.
1762 347 2062 410 URBANI
2106 348 2156 409 ll
2204 348 2460 410 ΡΑΡᾹΞ.

3637 344 3768 407 ωε

345 480 566 548 invisit,
603 480 702 537 ubi
735 481 1030 553 prioratus
1061 485 1154 537 est
1191 481 1413 537 ord'nis
1443 480 1864 550 Cluniacensis,
1897 479 2005 534 ibi-
2035 483 2087 548 Α
2119 496 2251 535 cum
2287 479 2414 535 aliis
2445 481 2642 535 decem
2694 478 3054 536 consecravit
3084 477 3388 536 ecclesiam
3435 476 3634 534 Sancti
3665 478 3773 535 Sa-

345 586 458 642 que
503 570 786 644 rescripto
817 571 889 626 ad
924 571 1228 644 Hugonem
1259 571 1516 626 Cluniaci
1565 570 1836 626 abbatem
1869 570 2003 623 dato

345 657 550 714 cellam
583 659 642 714 S.
680 659 980 716 Michaelis
1034 661 1104 716 de
1149 660 1341 715 Monte
1367 659 1493 714 Alto
1544 677 1674 714 cum
1729 659 2004 713 omnibus

346 748 474 818 ejus
525 749 888 821 appendiciis
935 749 1212 805 Cluniaco
1245 768 1278 805 a
1317 748 1632 814 Willelmo,
1666 753 1864 820 postea
1913 767 2002 800 ar-

348 835 718 911 chiepiscopo
766 838 1092 904 Ausciensi,
1121 856 1253 894 cum
1304 837 1629 892 monachus
1674 837 1862 892 factus
1895 841 2003 898 est,

351 924 624 981 collatam
652 926 1036 982 conﬁrmavit.
1067 926 1210 981 Illud
1243 925 1586 998 rescriptum
1612 925 1748 981 olim
1772 924 2010 980 dabitur

354 1012 506 1069 inter
534 1013 749 1070 Urbani
782 1013 1060 1086 epistolas
1113 1031 1181 1070 ex
1227 1013 1400 1070 veteri
1453 1013 1812 1086 apographo,
1864 1013 2008 1068 forte

356 1101 734 1176 autographo,
770 1103 1154 1174 descriptum.

406 1209 670 1268 CCLXIV.
706 1211 1022 1284 Tolosazgdat
1044 1212 1396 1284 privilegium
1429 1213 1749 1282 Moyssim‘o.
1783 1211 1960 1266 Privi-

901 1282 1104 1354 legitfm
1131 1282 1187 1338 S.
1225 1283 1476 1338 ()rientii.

431 1370 644 1426 Eadem
673 1371 786 1438 die,
811 1370 858 1426 si
885 1388 998 1426 non
1025 1371 1232 1427 fallunt
1254 1370 1538 1426 chronica:
1562 1375 1710 1426 nota~
1737 1370 1791 1425 in
1820 1386 2012 1425 exom-

359 1457 472 1532 plis
505 1460 741 1528 nostris,
765 1464 867 1515 aut
897 1464 1050 1515 certe
1090 1459 1256 1515 locus
1288 1459 1403 1513 rlati
1452 1457 1716 1530 rescripti
1751 1458 2013 1513 sincerus

361 1548 752 1618 est,Tolosam
778 1549 1013 1604 advenit
1034 1549 1312 1621 pontifex,
1338 1548 1431 1602 ubi
1457 1547 1702 1614 litteras,
1723 1565 1886 1603 num.
1915 1547 2015 1602 192

323 1691 331 1696 .
362 1639 432 1692 ad
464 1637 684 1692 vicinos
712 1640 1017 1710 episcopos
1039 1637 1198 1692 dedit
1229 1637 1286 1691 in
1318 1637 1564 1708 gratiam
1595 1636 2014 1692 monachorum

322 1717 907 1798 'Moyssiacensium,
939 1729 1004 1780 ut
1051 1741 1251 1781 eorum
1302 1725 1474 1796 bona,
1510 1725 1758 1798 quisque
1800 1725 1858 1780 in
1910 1741 2017 1780 sua

364 1813 618 1883 dioecesi,
651 1819 973 1870 tuerentur.

436 1903 574 1959 Post
604 1903 828 1976 aliquot
849 1904 974 1960 dies
997 1903 1416 1960 monasterium
1443 1903 1870 1974 Moyssiacense
1894 1903 2016 1974 ipse

367 1993 628 2066 pontifex
679 1992 895 2062 invisit,
931 1992 1129 2065 ibique
1160 2010 1219 2048 ιιι
1256 1992 1392 2047 ldus
1424 1991 1559 2047 Maii
1607 1991 1752 2047 alias
1799 1991 2021 2047 litteras

369 2086 570 2139 sancto
593 2081 820 2155 Hugoni
843 2081 1078 2154 scripsit
1101 2081 1159 2138 in
1182 2083 1432 2154 gratiam
1457 2080 1877 2137 monachorum
1896 2079 2023 2135 Clu-

370 2171 734 2227 niacensium
785 2171 843 2227 S.
887 2170 1128 2226 Orientii
1180 2188 1357 2244 prope
1402 2171 1603 2226 urbem
1653 2170 2018 2235 Ausciorum,

371 2258 608 2332 quibus,
643 2263 708 2314 ut
727 2260 853 2331 jam
887 2260 1127 2314 aLeone
1153 2260 1214 2314 IX
1250 2259 1538 2315 sancitum
1578 2259 1784 2326 fuerat,
1812 2258 2020 2314 confir-

373 2353 493 2404 mat
517 2350 620 2420 jus
651 2348 983 2404 cmmeterii.
1011 2349 1126 2403 Has
1158 2347 1382 2404 litteras
1427 2347 1579 2404 idem
1627 2347 1879 2420 pontifex
1911 2345 2024 2402 alio

371 2438 650 2509 rescripto
681 2437 1068 2506 conﬁrmavit,
1097 2443 1160 2493 ut
1187 2437 1432 2492 inferius
1465 2454 1570 2493 suo
1594 2435 1717 2492 loco
1737 2435 2020 2492 dicemus.

373 2525 648 2597 Ejusdem
671 2526 1013 2582 monasterii
1039 2527 1220 2582 altare
1241 2528 1298 2582 S.
1323 2525 1643 2582 Salvatoris
1669 2525 2027 2582 consecravit

369 2614 727 2683 Urbanus,si
751 2614 1033 2670 Chronico
1065 2616 1376 2670 credamus
1405 2615 1560 2686 quod
1592 2614 1934 2688 Aymericus
1955 2613 2026 2670 de

369 2703 582 2775 Peyrac
625 2703 803 2775 hujus
849 2703 958 2759 loci
1010 2703 1192 2759 abbas
1237 2703 1604 2775 conscripsit.
1648 2703 1803 2760 Idem
1855 2703 2027 2759 refert

375 2791 604 2848 Urbano
635 2791 851 2848 ibidem
883 2791 1165 2848 existente
1195 2809 1380 2847 unum
1408 2791 1762 2848 cardinalem
1785 2793 2025 2860 obiisse,

374 2897 442 2936 ac
473 2881 531 2935 in
565 2897 701 2936 arcu
735 2880 1075 2936 monasterii
1118 2881 1300 2936 fuisse
1339 2881 1720 2952 tumulatum,
1753 2883 1823 2936 ad
1856 2883 2028 2953 cujus

353 2969 682 3040 sepulcrum
713 2986 774 3026 se
804 2967 1022 3025 vidiss’e
1072 2973 1322 3025 testatur
1362 2973 1418 3025 in
1450 2971 1627 3026 altum
1667 2971 1901 3044 pendere
1936 2987 2028 3026 ca-

376 3059 582 3128 pellam
608 3076 790 3126 suum,
820 3060 997 3115 nimia
1046 3063 1305 3116 vetustate
1331 3061 1492 3134 quasi
1533 3061 1752 3132 penitus
1779 3077 2027 3116 consum-

372 3152 552 3222 ptum.

2113 569 2332 624 turnini
2359 569 2633 641 martyris
2653 568 2874 624 Tolosze
2904 567 3184 642 episcopi,
3205 573 3265 624 et
3283 566 3464 624 altare
3495 566 3554 622 in
3587 566 3773 624 hono-

2117 677 2233 712 rum
2268 659 2531 729 ejusdem
2569 658 2846 731 martyris
2868 657 3302 731 gloriosissimi,
3323 655 3588 712 et-sancti
3615 655 3776 711 Assi-

2114 747 2284 802 sccrli
2316 747 2616 820 martyris;
2636 747 2949 820 posuitque
2971 746 3284 803 maximam
3315 751 3538 818 partem
3561 745 3776 818 capitis

2114 836 2522 908 gloriosissimi
2547 837 2869 902 Saturnini,
2895 835 3292 908 reliquiasque
3307 834 3493 891 sancti
3510 835 3776 890 Assisee-

2116 925 2186 979 cli
2239 926 2510 998 martyris
2567 931 2624 982 et
2677 925 2926 981 aliorum
2989 929 3346 992 sanctorum,
3379 927 3436 981 et
3492 921 3778 996 reliquias

2117 1013 2298 1068 sancti
2333 1015 2601 1086 Exuperii
2635 1014 2890 1088 episcopi
2923 1013 3215 1070 Tolosani.
3239 1035 3268 1066 ››

2189 1103 2390 1158 Adhuc
2425 1103 2481 1158 in
2523 1120 2592 1159 ea
2622 1104 2764 1160 urbe
2809 1104 3148 1161 morabatur
3195 1101 3478 1175 pontifex,
3509 1117 3648 1158 cum
3675 1117 3777 1158 ea-

2121 1191 2309 1248 nonici
2345 1192 2698 1248 cuthedralis
2727 1192 2982 1248 ecclesias
3002 1191 3200 1248 Sancti
3227 1190 3507 1264 Stephani
3533 1190 3778 1246 adcum

2119 1281 2388 1353 querelas
2418 1281 2752 1338 detulerunt
2781 1283 3060 1337 adversus
3091 1281 3408 1336 monachos
3439 1279 3640 1336 Sancti
3673 1279 3780 1334 Mi-

2121 1369 2341 1425 chaelis
2371 1370 2440 1425 de
2462 1370 2656 1435 Clusa,
2676 1371 2772 1442 qui
2809 1371 3112 1426 ecclesiam
3135 1369 3362 1426 Sancta:
3385 1367 3780 1435 Gavellaa,'Ec-

2122 1459 2310 1515 clusiie
2340 1459 2638 1514 Tolosanus
2671 1459 2938 1514 collatam
2985 1458 3076 1514 sui
3112 1458 3268 1528 juris
3296 1473 3425 1514 esse
3455 1457 3781 1514 contende-

2125 1549 2285 1602 bant.
2316 1547 2596 1602 Placitum
2620 1548 2773 1620 apud
2799 1548 3072 1604 Sanctam
3096 1547 3340 1607 Mariam
3362 1545 3542 1603 Electi
3569 1546 3784 1602 indi-xit

2125 1637 2401 1709 pontifex,
2439 1637 2495 1690 in
2529 1654 2642 1710 quo
2672 1635 2748 1692 lis
2773 1635 2887 1692 ista
2915 1637 3317 1704 dirimeretur;
3349 1637 3452 1692 sed
3485 1635 3784 1692 renuenti-

2127 1728 2236 1780 bus
2263 1727 2564 1781 monachis
2595 1727 2666 1780 ad
2696 1725 2842 1781 illud
2880 1725 3097 1792 venire,
3133 1726 3430 1799 negotium
3462 1730 3604 1781 tunc
3633 1724 3784 1780 infe-

2125 1821 2282 1870 ctum
2319 1815 2618 1880 remansit,
2651 1815 2819 1886 cujus
2850 1818 3032 1870 totam
3074 1815 3307 1882 seriem,
3335 1813 3436 1870 sed
3461 1829 3598 1886 quas
3633 1811 3784 1868 nihil

2130 1903 2197 1960 ad
2227 1921 2330 1958 nos
2353 1903 2577 1969 attinet,
2593 1903 2787 1958 videre
2807 1908 2895 1958 est
2921 1903 2980 1958 in
3004 1903 3179 1958 veteri
3213 1903 3608 1958 instrumento
3627 1902 3785 1974 apud

2129 1992 2410 2048 Catellum
2449 1993 2592 2047 libro
2623 2011 2656 2047 v
2676 1991 3237 2048 Commentariorum
3271 1991 3785 2048 historim'Oecita-

2131 2082 2260 2144 nia),
2300 2099 2427 2154 pag.
2461 2083 2585 2136 875.
2614 2081 2776 2137 Certe
2807 2080 3045 2137 Clusino
3087 2081 3441 2136 monasterio
3481 2079 3793 2153 complura

2131 2171 2340 2227 harum
2365 2171 2552 2242 partiu
2563 2188 2620 2226 ιιι
2639 2169 2995 2236 monasteria
3009 2170 3274 2241 subjecta
3289 2172 3474 2238 erant,
3494 2170 3648 2226 inter
3663 2186 3791 2242 quae

2132 2277 2198 2316 ex
2219 2259 2432 2315 Urbani
2455 2259 2617 2315 bulla
2637 2278 2763 2332 qua:
2786 2259 3021 2328 excidit,
3041 2262 3343 2315 recensent
3363 2257 3790 2315 monasterium

2135 2349 2320 2405 Mansi
2354 2349 2614 2405 Garnerii
2656 2366 2835 2422 prope
2867 2349 3196 2404 Virdunum
3237 2348 3312 2404 ad
3341 2347 3706 2404 Garumnam
3733 2348 3793 2404 in

2133 2438 2368 2494 dioecesi
2391 2436 2701 2507 Tolosana,
2725 2436 2898 2494 hodie
2919 2437 3354 2511 congregationi
3376 2436 3793 2494 Sancti'Mam-i

2135 2527 2454 2584 addictum.

2241 2659 2512 2716 CCLXVI.
2548 2665 2941 2718 Carcassonam
2971 2659 3090 2716 adit
3121 2660 3371 2717 Urbanus
3407 2663 3685 2733 pontifex.

2209 2792 2429 2849 Relicta
2475 2792 2708 2860 Tolosa,
2749 2794 3168 2849 Carcassonam
3218 2792 3480 2865 pontifex
3507 2792 3674 2858 adiit,
3709 2793 3794 2848 uti

2136 2883 2363 2954 exigere
2386 2881 2614 2937 videtur
2632 2880 2892 2937 locorum
2925 2882 3075 2938 situs
3095 2885 3153 2937 et
3173 2881 3402 2936 dierum
3435 2880 3639 2938 series.
3673 2881 3796 2936 Huc

2137 2989 2269 3028 vero
2301 2975 2510 3042 quarta
2543 2969 2703 3038 feria,
2727 2970 2821 3025 die
2866 2971 2927 3026 11
2975 2969 3138 3026 Junii
3167 2969 3496 3040 advenisse,
3531 2973 3708 3043 atque
3739 2971 3795 3026 in

2138 3078 2206 3116 ea
2228 3060 2372 3116 urbe
2393 3058 2652 3131 exegisse
2673 3059 2935 3132 quinque
2957 3058 3082 3114 dies
3107 3058 3392 3116 discimus
3413 3074 3482 3116 ex
3500 3058 3796 3116 veteribus

2143 3148 2400 3206 historiis
2430 3149 2695 3221 ejusdem
2724 3147 2888 3204 urbis
2917 3148 3399 3222 centonibus,qui
3432 3148 3515 3204 sic
3531 3147 3795 3204 habent:

379 3254 637 3340 εοωςντ
688 3257 886 3340 Tolosa;
934 3257 1034 3340 [αἱ
1067 3257 1438 3340 privilegium
1493 3258 1762 3340 Hellilgci.
1817 3257 2008 3340 Dedica

2199 3254 2296 3293 uno
2350 3238 2651 3294 Dominicae
2705 3239 3106 3294 Incarnationis
3156 3237 3315 3306 1096,
3368 3237 3671 3294 indictione
3723 3255 3796 3309 ιν,

449 3328 729 3383 ecclesiam
760 3328 814 3384 S.
849 3328 1156 3384 Saturnini.
1191 3330 1281 3384 Lis
1325 3331 1612 3384 canonicos
1663 3329 1857 3384 Tolosiv
1888 3331 2031 3385 inter

449 3402 500 3455 et
532 3399 796 3455 Clusinos.

447 3505 716 3562 Tolosam
749 3524 1015 3563 reversus
1046 3507 1304 3579 pontifex
1336 3505 1710 3562 Bellilocense
1745 3510 2030 3563 monaste-

376 3595 528 3651 rium
561 3597 715 3669 apud
765 3595 1123 3664 Lemovicos,
1155 3595 1311 3666 quod
1363 3594 1524 3650 nulla
1571 3595 1668 3652 ibi,
1703 3601 2032 3652 servaretur

376 3683 690 3756 disciplina
744 3683 1048 3757 regularis,
1108 3683 1478 3738 Cluniacensi
1536 3684 1725 3740 ordini
1785 3685 2027 3750 addixit,

371 3766 527 3830 datis
557 3789 627 3828 ea
655 3773 727 3828 de
760 3789 818 3828 re
849 3771 1062 3828 litteris
1096 3771 1167 3826 ad
1200 3776 1471 3827 sanctum
1503 3771 1805 3844 Hugonem
1839 3774 1931 3829 die
1961 3775 2030 3830 23

373 3861 553 3932 hujus
585 3860 827 3916 mensis.

444 3950 548 4004 Die
578 3954 774 4004 autem
808 3948 1098 4020 sequenti,
1125 3948 1180 4003 id
1212 3952 1299 4004 est
1330 3965 1387 4004 Ix
1410 3948 1700 4005 Kalendas
1719 3951 1898 4020 Junii,
1924 3952 2030 4009 Ur-

373 4040 562 4095 banus
593 4036 896 4094 ecclesiam
931 4037 1126 4094 Sancti
1177 4037 1476 4093 Saturnini
1527 4038 1586 4094 in
1635 4041 1837 4096 eadem
1887 4043 2030 4098 urbe

370 4126 710 4182 solemniter
739 4125 1126 4191 dedicavit,ut
1157 4125 1296 4180 varii
1329 4132 1596 4183 auctores
1621 4129 2028 4212 observarunt,

371 4217 613 4290 ipseque
635 4214 889 4288 pontifex
913 4215 970 4269 in
993 4213 1154 4271 bulla
1177 4215 1246 4270 ad
1279 4217 1546 4288 ejusdem
1571 4218 1834 4276 Ecclesiae
1857 4239 2031 4279 cano-

373 4307 536 4362 nicos
568 4311 698 4378 post
727 4305 948 4376 aliquot
997 4321 1230 4362 menses
1261 4306 1398 4360 data
1446 4311 1699 4362 testatus
1729 4315 1836 4365 est.
1870 4313 2032 4369 Certe

373 4393 670 4452 Paschalis
703 4395 748 4450 ll
784 4395 841 4449 in
873 4394 1119 4468 cpistola
1151 4396 1219 4450 ad
1255 4397 1592 4468 Aragonum
1628 4414 1821 4471 regem
1845 4403 1925 4455 ait
1947 4419 2032 4458 ec-

371 4485 608 4541 clesiam
644 4484 839 4541 Sancti
875 4484 1172 4540 Saturnini
1221 4485 1293 4540 ab
1326 4485 1558 4541 Urbano
1585 4487 1888 4545 decessore
1919 4509 2026 4547 suo

2142 3345 2304 3384 LXXIV
2350 3328 2529 3399 [forte,
2575 3327 2708 3382 luna
2736 3327 2889 3397 xxxv]
2919 3327 3064 3398 feria
3115 3334 3330 3397 quarta,
3361 3327 3612 3383 Urbanus
3657 3343 3801 3400 papa

2141 3418 2533 3474 Carcassonam
2563 3416 2844 3487 ingressus
2885 3423 2978 3484 est,
3013 3423 3063 3471 et
3099 3417 3296 3471 missas
3324 3415 3526 3471 ibidem
3552 3415 3797 3472 celebra-

2138 3509 2248 3568 vit;
2276 3509 2424 3562 vivos
2461 3513 2510 3562 et
2540 3505 2818 3578 defunctos
2865 3503 3179 3560 benedicens
3225 3505 3481 3574 absolvit,
3511 3507 3682 3561 etiam
3710 3521 3794 3562 ec-

2138 3598 2321 3653 clesiae
2348 3597 2503 3652 Beati
2542 3595 2790 3662 Nasarii,
2829 3594 2883 3649 id
2925 3598 3014 3650 est
3061 3593 3433 3662 cathedralis,
3467 3611 3604 3651 saxa
3638 3596 3797 3652 bene-

2138 3685 2312 3748 dixit;
2343 3702 2470 3757 quae
2503 3683 2744 3750 scilicet,
2769 3688 2837 3739 ut
2862 3684 3282 3755 interpretatur
3302 3681 3552 3752 Beslius,
3573 3684 3800 3756 act-per-

2140 3775 2448 3830 ﬁciendam
2479 3774 2630 3830 hanc
2661 3771 2964 3828 ecclesiam
2985 3771 3344 3844 jamdudum
3366 3776 3539 3828 antea
3564 3772 3799 3829 inchoa-

2138 3869 2280 3932 tam,
2309 3867 2512 3936 parata
2543 3863 2800 3927 fuerant;
2832 3865 2882 3916 et
2910 3860 3260 3932 subsequenti
3281 3865 3439 3916 sea-ta
3466 3862 3614 3933 feria
3636 3878 3804 3935 super

2139 3954 2310 4010 beatae
2339 3953 2532 4009 Maria:
2558 3967 2772 4022 semper
2798 3951 3030 4021 virginis
3072 3950 3356 4021 sanctique
3381 3948 3688 4007 Salvatoris
3715 3952 3798 4006 al-

2138 4051 2256 4098 tare
2285 4043 2479 4098 missas
2529 4040 2837 4107 celebravit,
2869 4054 3171 4095 sermonem
3211 4038 3363 4094 nobis
3406 4040 3562 4110 fecit,
3611 4057 3805 4096 came-

2137 4133 2339 4187 teriam
2363 4131 2604 4202 propriis
2632 4129 2888 4183 manibus
2929 4129 3062 4184 satis
3105 4129 3418 4200 aspersione
3449 4128 3721 4195 absolvit;
3748 4134 3806 4185 et

2138 4222 2216 4275 sic
2243 4220 2433 4274 diebus
2464 4221 2706 4290 quion
2733 4217 3014 4274 nobiscum
3041 4225 3425 4284 commoratus,
3453 4219 3597 4273 vivis
3625 4235 3692 4274 ac
3719 4219 3810 4274 da

2138 4311 2344 4381 functis
2392 4310 2729 4377 consignatis
2783 4324 2906 4362 cum
2959 4305 3120 4361 laude
3147 4314 3196 4361 et
3223 4308 3533 4377 gratiarum
3591 4309 3810 4363 actione

2137 4399 2406 4454 discessit.
2441 4398 2542 4453 llis
2572 4397 2948 4453 consentiunt
2985 4393 3214 4450 Boslius
3265 4395 3322 4450 in
3375 4395 3636 4452 Historia
3685 4399 3810 4470 epi-

2139 4505 2449 4560 scoporum
2499 4485 3085 4550 Carcassonensium,
3137 4489 3195 4541 et
3251 4485 3697 4542 Sammarthani
3748 4487 3812 4543 in

368 4591 501 4630 cum
535 4572 950 4648 septemdecim
983 4573 1442 4647 archiepiscopis
1477 4581 1535 4630 et
1572 4576 1862 4650 episcOpis
1888 4597 2022 4636 con-
2055 4595 2102 4661 ι)
2137 4577 2476 4633 eorumdem
2535 4574 2797 4647 catalogo
2855 4579 3012 4629 tomo
3075 4573 3123 4628 ll
3181 4573 3380 4628 Galliae
3432 4572 3808 4632 Christianis.

369 4669 676 4732 secretam,
700 4667 756 4719 et
789 4662 1104 4737 privilegiis
1136 4661 1474 4734 apostolicis
1499 4665 1788 4721 munitam
1821 4667 2020 4737 fuisse,

363 4741 419 4811 et
438 4753 700 4811 Amelius
723 4752 1050 4809 Tolosanus
1073 4751 1316 4807 antistes
1334 4752 1701 4808 conﬁrmavit
1722 4755 2026 4830 privilegia

363 4862 396 4900 a
427 4844 701 4917 Gregorio
734 4841 857 4908 νιι,
887 4842 1114 4898 Urbano
1138 4845 1189 4894 II
1219 4844 1276 4895 et
1305 4840 1563 4896 Paschali
1599 4847 1646 4898 ll
1677 4844 1741 4899 de
1771 4845 2026 4902 libertate

360 4935 600 4990 ecclesix
641 4932 827 4986 Sancti
867 4931 1161 4986 Saturnini
1191 4946 1487 4986 concessa.
1515 4931 1622 4986 Sed
1659 4950 1780 4988 rem
1835 4935 2023 4990 fusius

361 5020 596 5092 exponit
617 5018 1122 5090 antiquiChronici
1150 5023 1354 5074 auctor
1377 5021 1527 5090 apud
1545 5021 1852 5094 Catullum,
1877 5024 2020 5080 libro

364 5097 401 5164 ιι
436 5107 699 5164 Historiae
723 5107 1003 5162 comitum
1026 5107 1268 5172 Tolosa},
1292 5123 1418 5180 cap.
1446 5108 1500 5176 3,
1526 5113 1582 5163 et
1609 5109 1666 5164 in
1689 5112 2021 5183 Appendice

361 5215 428 5254 ex
459 5197 648 5252 Veteri
672 5195 777 5251 cod
803 5213 936 5257 ms..
961 5202 1018 5250 in
1041 5212 1158 5268 quo
1180 5195 1299 5251 hinc
1334 5197 1608 5268 leguntur
1631 5214 1679 5252 ια
1705 5200 1870 5255 Anno
1901 5200 2018 5256 Do-

360 5286 505 5342 mini
531 5287 686 5350 1096,
708 5283 1024 5339 indictione
1042 5302 1114 5352 Iv,
1139 5302 1292 5340 nono
1316 5284 1798 5340 Kalcndas.Junii
1824 5287 2017 5344 domi-

358 5391 472 5430 nus
502 5390 654 5445 papa
679 5371 950 5428 L'rbanus
972 5388 1105 5428 cum
1130 5371 1571 5443 archiepiscopo
1593 5371 1871 5430 Toletano
1893 5375 2016 5430 Ber-

353 5464 560 5528 nardo,
583 5467 641 5518 et
669 5464 876 5516 Amato
906 5460 1249 5534 Burdegalis
1293 5458 1728 5530 archiepiscopo
1774 5461 2014 5520 Pisano-

350 5571 463 5626 que
493 5552 928 5623 archiepiscopo
950 5557 1007 5606 et
1028 5551 1242 5606 'l‘isano
1266 5547 1606 5621 (Albanensi)
1630 5548 1990 5624 archiepisco

345 5659 438 5724 po,
465 5641 694 5701 Gallero
719 5639 976 5697 Albiensi
1003 5645 1058 5698 et
1081 5638 1246 5696 Petro
1270 5633 1708 5714 Pampilonensi
1733 5639 2016 5720 episcopo

2135 4667 2309 4722 Porro
2342 4665 2577 4721 abbatis
2611 4665 2835 4725 Sanctae
2881 4662 3078 4718 Maris:
3127 4667 3183 4718 et
3231 4661 3428 4718 Sancti
3457 4661 3810 4735 Salvatoris,

2134 4757 2304 4827 cujus
2337 4754 2432 4811 hic
2462 4753 2645 4810 altare
2677 4756 3059 4819 memoratur,
3087 4749 3144 4806 in
3177 4749 3460 4830 suburbio
3485 4751 3802 4810 Car-casso-

2134 4843 2300 4900 nensi
2327 4843 2458 4910 sita,
2494 4841 2703 4898 saeculo
2747 4839 3015 4914 sequenti
3065 4839 3302 4896 transiit
3355 4839 3427 4896 ad
3477 4842 3803 4898 canonicos

2131 4933 2470 4999 sceculares;
2506 4949 2634 5004 quae
2676 4934 2878 5002 postea
2909 4929 2964 4984 in
2997 4927 3399 5001 Albigensium
3434 4928 3667 4987 bellicis
3695 4937 3800 4987 tu-

2131 5024 2416 5078 multibus
2455 5023 2774 5087 destructa,
2808 5019 3064 5084 tandem,
3095 5034 3196 5074 seu
3242 5018 3458 5090 potius,
3492 5016 3664 5076 locus
3693 5020 3796 5076 ubi

2129 5111 2242 5165 sita
2269 5115 2414 5178 erat,
2434 5109 2701 5166 Patribus
2731 5106 3044 5181 Capueinis
3073 5106 3377 5180 cessit,qui
3416 5106 3500 5163 ibi
3540 5125 3797 5166 conven-

2128 5203 2252 5254 tum
2287 5199 2524 5255 habent.
2543 5197 2688 5254 Huic
2711 5197 2856 5265 loco,
2877 5196 2964 5252 uti
2985 5195 3258 5252 observat
3277 5194 3528 5265 Beslius,
3548 5205 3803 5270 praeerat

2126 5303 2278 5343 anno
2305 5289 2440 5342 1085
2462 5287 2702 5344 Pontius
2722 5285 2938 5352 abbas;
2965 5284 3064 5341 sed
3088 5300 3162 5340 an
3186 5288 3327 5340 tunc
3347 5284 3543 5342 adhuc
3567 5286 3628 5342 in
3651 5287 3802 5345 vivis

2125 5380 2300 5443 esset,
2329 5376 2562 5449 quando
2595 5375 2865 5432 Urbanus
2895 5373 3010 5430 huc
3050 5373 3320 5442 accessit,
3353 5374 3799 5448 incompertum

2123 5469 2230 5521 est.
2255 5465 2460 5521 Petrus
2499 5481 2632 5521 vero
2674 5463 2945 5520 Ecclesiae
2973 5461 3466 5520 Carcassonensis
3495 5466 3642 5521 tunc
3671 5463 3795 5539 epi-

2123 5571 2340 5626 scopus
2371 5559 2514 5610 crat.
2541 5555 2741 5610 Exstat
2768 5552 2825 5608 in
2851 5552 3119 5623 ejusdem
3143 5552 3308 5608 urbis
3329 5551 3566 5610 dioecesi
3598 5552 3795 5611 nobile

2123 5643 2549 5702 monasterium
2596 5647 2786 5702 Beata
2831 5641 3026 5700 Mariis
3071 5641 3144 5698 de
3171 5641 3428 5714 .Crassa;
3460 5643 3559 5701 cui
3608 5643 3791 5702 etiam
