3950 6218
188 392 312 475 eos

1820 431 2028 495 Vl'l‘A.

3507 395 3654 507 εηὸΓ

196 532 471 650 Urbanus
502 525 909 634 privilegium,
943 563 1043 621 sed
1076 563 1233 638 quod
1262 564 1496 635 excidit,
1543 566 1862 627 indulsisse
1892 585 1943 650 Α
1976 565 2092 624 alia
2123 566 2430 644 priuilegia
2460 568 2647 630 eidem
2679 572 2945 632 Ecclesiae
2972 575 3225 646 donavit,
3269 582 3323 637 et
3366 582 3625 643 secundo

195 646 504 719 dicitur‘in
536 651 1032 726 subsequentium
1064 655 1407 728 pontiﬁcum
1442 659 1641 717 bullis.

193 756 512 814 CCLXVII.
552 760 685 817 Adit
732 770 847 818 tum
886 764 1171 893 Tognerias.
1229 769 1593 842 Privilegium
1642 776 1865 847 Pampi-

980 855 1122 893 onaz.

980 855 1122 897 οηέΰ.

268 924 412 980 Inde
445 925 750 997 profectus
808 928 1076 987 Urbanus
1123 932 1486 989 nativitatem
1545 924 1728 991 sincti
1771 938 1865 993 Jo-

193 1016 371 1072 annis
401 1018 683 1088 Baptista:
716 1018 776 1074 in
807 1019 1207 1078 Tomeriarum
1258 1023 1491 1095 oppido,
1542 1027 1778 1082 nomine
1808 1032 1865 1083 et

193 1106 563 1163 monasterio
590 1107 790 1164 Sancti
807 1110 1014 1175 Pontii,
1030 1113 1184 1184 quod
1204 1112 1263 1168 in
1283 1113 1673 1171 cathedralem
1688 1117 1864 1172 eccle-

189 1195 351 1252 siam
381 1202 590 1269 postea
620 1204 881 1255 erectum
931 1205 1037 1268 est,
1072 1202 1356 1274 insignito
1394 1203 1723 1274 celebravit,
1759 1207 1858 1262 ubi

188 1283 305 1340 hac
363 1285 498 1357 ipsa
554 1287 649 1343 die
690 1288 1053 1345 conﬁrmavit
1109 1289 1408 1362 privilegia
1462 1291 1692 1363 aliaque
1722 1293 1859 1360 jura

188 1374 470 1431 Ecclesiae
499 1376 1164 1450 Pampilonensis,cujus
1181 1380 1495 1436 dioeceseos
1511 1379 1725 1436 limites
1745 1382 1791 1434 si
1801 1400 1859 1436 n-

186 1462 447 1533 gulatim
482 1466 791 1537 expressit.
825 1466 992 1523 Bulla
1012 1468 1309 1541 pontiﬁcia
1323 1485 1389 1523 ea
1413 1470 1484 1524 de
1517 1486 1573 1524 re
1595 1470 1763 1524 Petro
1785 1472 1855 1527 de

187 1554 362 1610 Roda
392 1570 499 1610 seu
530 1556 604 1611 de
636 1557 782 1612 Rota
796 1557 1060 1627 ejusdem
1079 1559 1529 1629 urbisepiscopo
1571 1560 1855 1629 quiantea

186 1643 598 1700 Tomeriensis
630 1645 957 1703 monachus
986 1647 1193 1713 fuerat,
1229 1648 1507 1721 inscripta
1538 1655 1643 1704 est.

365 1733 706 1791 CCLXVIII.
740 1736 1075 1805 Magolonam
1104 1743 1376 1794 consecrat
1411 1740 1675 1795 Urbanus.

260 1822 569 1879 Urbanum
583 1825 787 1880 exinde
801 1827 869 1881 ad
886 1827 1136 1881 Montem
1149 1826 1524 1898 pessulanum
1545 1828 1850 1884 divertisse

188 1930 257 1969 ex
289 1914 486 1969 lvonis
510 1914 820 1971 Carnoteni
837 1914 1097 1987 epistolis
1124 1916 1289 1971 facile
1317 1916 1630 1989 colligitur;
1656 1922 1716 1972 at
1734 1936 1846 1973 non

184 2004 268 2059 ita
295 2008 583 2060 constans
606 2008 698 2059 est
726 2004 882 2076 apud
913 2003 1149 2072 multos,
1180 2022 1252 2061 an
1288 2006 1539 2062 insulam
1584 2006 1842 2077 Magalo-

183 2110 458 2159 nensem,
489 2094 647 2165 quod
679 2094 751 2148 ab
781 2110 849 2149 eo
880 2094 1152 2166 pontiﬁce
1197 2095 1307 2151 hoc
1351 2101 1453 2151 aut
1501 2098 1843 2169 praecedenti

184 2200 388 2239 annuo
410 2183 635 2239 factum
649 2183 826 2239 fuisse
843 2185 1215 2240 consentiunt
1244 2202 1468 2251 omnes,
1491 2191 1625 2241 tunc
1648 2204 1846 2243 conse-

181 2273 456 2328 craverit.
488 2276 654 2328 Certe
682 2272 732 2328 si
792 2289 945 2329 anno
970 2275 1109 2329 1095
1165 2279 1474 2330 Astensem
1533 2276 1840 2333 ecclesiam

183 2361 462 2418 Urbanus
492 2362 555 2416 in
584 2361 804 2418 Gallias
834 2378 1173 2434 properans,
1207 2363 1289 2419 uti
1309 2363 1583 2429 diximus,
1614 2365 1842 2421 dedica-

180 2451 333 2507 verit
363 2450 643 2507 Kalendis
667 2450 813 2523 ipsis
836 2450 1001 2518 Julii,
1030 2452 1142 2508 dici
1177 2470 1293 2508 non
1328 2459 1516 2526 potest
1546 2472 1680 2510 eum
1714 2473 1839 2511 exe-

181 2549 324 2596 unte
350 2539 531 2596 Junio
560 2541 826 2611 ejusdem
875 2540 1012 2596 anni
1060 2542 1376 2613 Magalonaa
1422 2544 1736 2601 exstitisse.
1768 2546 1838 2600 Et

181 2630 425 2702 quidem
458 2628 510 2685 si
542 2629 656 2685 sibi
669 2634 960 2686 constaret
974 2631 1264 2687 Arnaldus
1284 2633 1354 2688 de
1370 2632 1609 2688 Ferdala
1640 2634 1835 2703 Maga-

180 2718 445 2775 lonensis
474 2719 789 2792 episcOpus
810 2719 868 2774 in
899 2719 1047 2776 serie
1096 2737 1336 2776 suorum
1370 2727 1830 2792 antecessorum,

177 2806 346 2863 nulla
370 2824 682 2880 superesse
711 2808 1007 2864 videretur
1042 2809 1377 2866 difﬁcultas.
1429 2813 1500 2866 At
1529 2811 1625 2867 ille
1654 2830 1749 2869 res
1778 2818 1835 2870 et

174 2902 449 2968 tempora-
462 2896 789 2953 confundit.
809 2897 863 2954 Is
891 2896 1046 2954 enim
1071 2898 1221 2954 hanc
1240 2898 1448 2956 insulas
1478 2901 1833 2956 benedictio-

174 3002 314 3042 nem
345 3002 503 3042 anno
539 2986 673 3042 1096
701 2986 1029 3059 consignat,
1061 2988 1161 3043 sed
1190 2990 1391 3045 statim
1426 2989 1477 3045 ei
1522 2992 1833 3061 subjungit

172 3073 409 3130 concilii
438 3075 822 3131 Arvernensis
851 3075 1295 3133 celebrationem
1324 3096 1337 3141 ;
1384 3079 1538 3150 quod
1588 3081 1827 3151 quidem

170 3162 487 3219 concilium
519 3180 672 3218 anno
704 3164 846 3219 1095
871 3164 1134 3220 habitum
1169 3166 1350 3222 fuisse
1380 3183 1551 3222 nemo
1581 3168 1826 3224 inﬁciari

172 3256 387 3323 potest.
423 3252 483 3308 Si
513 3255 711 3308 tamen
741 3253 899 3310 notis
925 3252 1236 3319 chronicis,
1288 3272 1435 3327 quas
1480 3256 1575 3311 ille
1622 3262 1827 3312 auctor

1976 655 2102 716 loco
2136 662 2268 733 post
2296 660 2620 720 Romanam
2642 663 2961 723 Ecclesium
2991 664 3493 728 honoriﬁcandam
3524 672 3623 731 de-

1976 750 2172 817 crevit,
2207 755 2420 808 etutse
2444 753 2639 808 ﬁdeles
2669 755 2738 809 de
2770 755 3377 829 quibuscunquelocis
3406 758 3625 819 ibidem

1974 838 2204 910 sepeliri
2239 840 2495 897 facerent
2519 843 2827 916 diligenter
2858 847 3103 902 monuit.
3140 847 3206 903 Et
3235 852 3374 903 tunc
3407 851 3625 906 consti-

1971 930 2163 981 tutum
2196 934 2284 984 est
2308 931 2379 985 ab
2412 931 2535 1003 ipso
2561 933 3153 1008 Gotofrcdoepiscopo
3172 941 3256 1003 ut,
3288 936 3348 991 in
3370 954 3625 995 comme-

1972 1017 2294 1073 moratione
2326 1037 2392 1074 ac
2425 1024 2794 1078 veneratione
2828 1025 3221 1095 processionis
3253 1025 3623 1098 hujusmodi,

1970 1102 2218 1178 singulis
2250 1108 2419 1164 annis
2452 1126 2485 1164 a
2516 1108 2666 1165 clero
2701 1116 2757 1165 et
2789 1112 3001 1184 populo
3033 1112 3141 1170 hac
3173 1113 3341 1170 diein
3372 1113 3619 1171 circuitu

1968 1192 2132 1249 dictae
2164 1196 2416 1252 ecclesiae
2449 1201 2740 1271 processio
2773 1200 3054 1258 solemnis
3076 1203 3197 1274 ﬁat,
3230 1208 3287 1258 et
3312 1204 3619 1261 duodecim

1967 1298 2251 1354 pauperes
2282 1287 2638 1343 reﬁciantur.

1965 1370 2235 1428 CCLXIX.
2270 1376 2422 1446 Apud
2478 1379 3059 1448 iilontempcssulanam
3114 1384 3227 1450 agit
3260 1383 3323 1437 de
3354 1384 3618 1440 electione

2476 1452 2713 1519 episcopi
2742 1452 3096 1507 Parisiensis.

2033 1534 2198 1605 Apud
2233 1534 2893 1609 Montempessuluuum,
2915 1557 3043 1611 quae
3074 1541 3212 1596 urbs
3231 1541 3402 1598 hodie
3424 1542 3619 1616 Maga-

1961 1619 2218 1678 lonensis
2249 1625 2501 1698 episcopi
2537 1628 2702 1682 sedes
2751 1631 2858 1695 est,
2894 1628 3148 1699 pontifex
3187 1637 3427 1701 rogante
3482 1650 3615 1704 rege

1961 1710 2225 1784 Philippo
2256 1714 2326 1768 de
2357 1714 2634 1771 electione
2665 1716 2958 1772 Guillclmi
2994 1716 3051 1771 in
3084 1719 3421 1791 episcopum
3449 1720 3615 1775 Pari—

1959 1797 2210 1856 siensem
2245 1802 2584 1874 inquisivit:
2622 1805 2837 1877 quippe
2856 1806 2953 1876 qui
2981 1805 3281 1862 nonnullis
3311 1808 3457 1862 obid
3482 1809 3613 1864 ﬁdei

1958 1887 2145 1943 dubiaa
2178 1890 2502 1947 habebatur
2532 1894 2685 1965 quod
2721 1895 3071 1950 (luillelmus
3110 1895 3204 1951 ille
3230 1896 3451 1954 electus
3478 1903 3612 1953 Ber-

1879 1955 1923 2019 Β
1954 1978 2151 2046 trades,
2186 1996 2363 2051 quam
2390 1955 2715 2054 Philippus,
2742 2000 2917 2039 uxore
2950 1985 3276 2056 repudiata,
3298 1985 3408 2041 sibi
3441 2003 3614 2059 copu-

1957 2065 2192 2134 laverat,
2227 2070 2405 2126 frater
2434 2078 2607 2139 esset,
2642 2089 2706 2127 ac
2741 2071 2981 2144 proinde
3024 2072 3187 2129 locus
3243 2081 3371 2135 erat
3417 2076 3609 2148 suspi-

1953 2156 2123 2211 candi
2156 2174 2225 2214 ne
2257 2177 2290 2213 a
2319 2159 2472 2216 clero
2504 2161 2811 2217 Parisiensi
2835 2162 3025 2217 favore
3042 2162 3238 2234 aliquo
3272 2167 3372 2219 aut
3398 2163 3609 2221 timore

1951 2244 2210 2303 humano
2242 2247 2336 2304 ille
2367 2250 2697 2321 postulatus
2753 2251 2982 2306 fuisset.
3042 2252 3182 2307 Rem
3213 2252 3272 2307 in
3334 2253 3606 2325 partibus

1951 2336 2560 2393 examinandamlvoni
2584 2338 2922 2395 Carnotensi
2942 2339 3361 2412 episcopo,viro
3379 2340 3603 2414 integro

1949 2427 2005 2476 et
2034 2421 2106 2477 ab
2138 2425 2296 2479 omni
2356 2425 2687 2481 adulatione
2719 2426 2884 2482 valde
2932 2426 3143 2493 alieno,
3192 2428 3292 2499 qui
3356 2433 3496 2485 tunc
3541 2430 3600 2485 in

1948 2511 2212 2567 Romana
2241 2513 2401 2569 curia
2425 2516 2784 2582 versabatur,
2832 2515 3127 2571 commisit
3177 2516 3469 2583 Urbanus,
3519 2518 3600 2574 ita

1948 2606 2009 2658 ut
2043 2601 2090 2657 si
2123 2619 2356 2658 omnem
2390 2604 2660 2659 Simonize
2681 2603 3423 2677 suspicionemjuramento
3445 2623 3600 2662 amo-

1944 2690 2463 2748 lirenturcanonici
2491 2692 2865 2762 Parisienses,
2886 2693 3233 2751 Guillelmus
3265 2710 3299 2749 a
3329 2694 3595 2751 Ricberio

1942 2782 2258 2837 Senonensi
2290 2799 2395 2838 suo
2426 2782 2614 2855 ipsius
2629 2782 3071 2855 metropolitano
3094 2783 3349 2839 ordinari
3373 2789 3590 2856 posset,

1943 2869 2170 2925 indulta
2199 2870 2249 2925 ei
2283 2871 2390 2926 hac
2422 2871 2610 2927 solum
2639 2871 2959 2938 occasione,
2994 2871 3155 2943 pallii
3179 2873 3381 2929 utendi
3413 2872 3591 2929 licen-

1941 2958 2042 3025 tia,
2075 2976 2199 3030 qum
2232 2960 2282 3015 ei
2316 2961 2372 3015 in
2420 2960 2666 3016 concilio
2714 2961 3087 3027 Arvernensi,
3139 2962 3211 3017 ob
3242 2962 3589 3034 denegatam

1941 3046 2167 3120 Hugoni
2205 3047 2823 3122 Lugrlunensiprimati
2855 3050 3590 3119 obedientiam,interdicta

1940 3134 2147 3191 fuerat.
2179 3138 2244 3192 Et
2274 3139 2508 3209 quidem
2536 3155 2669 3192 cum
2700 3139 2833 3193 dato
2865 3143 3230 3193 sacramento
3262 3138 3453 3195 clerici
3486 3140 3591 3195 Pa-

1938 3224 2215 3281 risienses
2254 3226 2595 3281 electionem
2627 3245 2660 3281 a
2705 3225 2915 3296 seipsis
2960 3226 3169 3281 factam
3215 3232 3586 3299 purgassent,

173 3313 417 3413 profert,
448 3343 605 3397 stare
660 3340 929 3407 velimus,
962 3346 1019 3397 et
1059 3313 1233 3398 certe.
1265 3313 1449 3399 multo
1510 3345 1739 3401 facilius
1767 3347 1825 3401 in
1858 3323 1901 3390 Ο
1941 3313 2293 3413 Quinam“?
2319 3316 2699 3413 (ξηίῗῘθδωω
2737 3314 2927 3413 sfw“?
2968 3313 3284 3413 mimigiiﬁ
3322 3315 3589 3413 Ιέίθὲῗνίο

170 3429 543 3503 assignando
561 3446 717 3485 anno
735 3446 913 3501 quam
944 3430 1003 3486 in
1020 3431 1174 3487 notis
1186 3432 1476 3489 chronicis
1490 3434 1828 3503 referendis,

180 3533 330 3590 quas
357 3518 488 3590 ipse
518 3534 630 3573 non
662 3518 892 3574 videtur
927 3520 1305 3591 excogitasse,
1340 3519 1460 3575 falli
1511 3523 1735 3593 potuit;
1772 3523 1826 3578 id

177 3608 250 3663 ab
284 3608 523 3664 Urbano
552 3606 877 3680 prestitum
912 3608 1093 3663 fuisse
1124 3608 1233 3664 hoc
1265 3626 1418 3664 anno
1451 3611 1590 3665 1006
1643 3612 1829 3667 multo

176 3696 557 3752 verisimilius
579 3701 687 3763 est,
720 3714 855 3753 cum
887 3684 1110 3753 scilicet
1151 3699 1210 3753 in
1244 3697 1468 3755 Italiam
1503 3700 1825 3771 repedaret.

178 3786 279 3842 Hic
306 3801 522 3858 nempe
568 3791 774 3843 auctor
810 3787 891 3842 ait
947 3787 1290 3859 pontiﬁcem
1338 3788 1399 3843 in
1431 3789 1825 3861 apostolorum

177 3874 481 3949 pervigilio
525 3875 890 3949 Magalonam
949 3875 1277 3943 advenisse,
1326 3893 1393 3933 ac
1441 3879 1698 3934 secunda
1736 3879 1826 3934 sui

176 3964 464 4020 adventus
493 3963 604 4031 die,
639 3981 761 4036 quae
794 3966 1078 4021 Dominica
1106 3968 1243 4029 erat,
1285 3965 1535 4022 insulam
1589 3967 1825 4023 benedi-

176 4052 525 4125 xisse:quaa
555 4052 790 4125 quidem
849 4056 1001 4108 nota:
1059 4069 1430 4125 nequaquam
1482 4072 1634 4111 anno
1666 4056 1823 4123 1095,

178 4141 417 4196 omnino
446 4156 581 4196 vero
608 4140 769 4208 4096,
817 4141 1187 4197 conveniunt.
1240 4141 1357 4197 Hoc
1405 4143 1621 4216 quippe
1649 4161 1823 4211 anno,

177 4227 300 4285 dies
326 4230 407 4283 29
429 4228 611 4291 Junii,
647 4229 867 4285 sanctis
880 4229 1047 4285 Petro
1069 4233 1126 4284 et
1147 4229 1324 4286 Paulo
1342 4248 1527 4298 sacra,
1552 4232 1612 4286 in
1637 4233 1829 4287 Domi-

179 4316 371 4373 nicam
404 4317 721 4373 incidebat.
756 4317 864 4372 Sed
890 4318 1572 4390 referrejuvatintegrum
1591 4318 1828 4375 Arualdi

177 4404 392 4471 locum,
423 4406 484 4461 in
510 4422 628 4478 quo
650 4406 849 4462 omnia
867 4405 1080 4462 Urbani
1105 4408 1256 4479 apud
1278 4407 1644 4479 Magalonam
1667 4414 1831 4479 gesta

178 4495 381 4567 paucis
409 4495 604 4551 verbis
637 4499 1032 4566 repraesentat.
1067 4519 1094 4544 ‹‹
1130 4500 1318 4557 Anno.
1348 4496 1557 4569 inquit,
1583 4497 1741 4561 1096,
1770 4498 1828 4552 in

173 4582 374 4655 vigilia
403 4581 803 4653 apostolorum
838 4582 987 4637 Petri
1016 4587 1073 4638 et
1089 4582 1272 4653 Pauli,
1294 4584 1562 4640 Urbanus
1583 4600 1736 4655 papa
1758 4585 1826 4649 ll,

175 4672 271 4745 qui
301 4672 377 4727 ad
405 4670 736 4727 visitandas
766 4675 824 4727 et
853 4672 1284 4728 conﬁrmandus
1316 4670 1513 4727 Gallia:
1553 4670 1830 4727 ecclesias
1862 4687 1907 4750 ι)

172 4759 771 4834 Alpestransierat,ad
787 4776 985 4832 preces
1008 4760 1303 4816 Gotofredi
1316 4760 1573 4832 episcopi
1592 4760 1831 4816 intravit

172 4848 563 4922 Magdonam,
598 4847 798 4919 ibique
817 4848 977 4904 stetit
1004 4866 1107 4920 per
1134 4850 1398 4921 quinque
1421 4850 1567 4916 dies;
1600 4852 1656 4904 et
1687 4852 1827 4904 tunc

173 4938 429 4994 secunda
457 4936 558 4992 die
614 4935 902 4992 adventus
960 4937 1052 4992 sui
1103 4936 1328 4993 scilicet
1357 4937 1452 4993 die
1501 4936 1825 5000 Dominica,

173 5029 520 5099 congregato
553 5023 739 5080 totius
768 5040 915 5095 pene
975 5025 1404 5096 Magalonensis
1452 5027 1827 5099 episcopatus

173 5114 321 5171 clm-0
348 5118 409 5171 et
441 5111 684 5187 populo,
746 5127 1016 5169 sermone
1069 5115 1241 5183 facto,
1290 5115 1705 5171 assistentibus
1736 5132 1826 5170 ar-

173 5202 558 5276 chiepiscopis
590 5200 806 5258 Pisano
855 5206 914 5257 et
944 5203 1388 5271 Tarraconensi,
1446 5222 1512 5260 ac
1536 5203 1828 5276 episcopis

171 5291 500 5356 Albanensi,
532 5289 832 5363 Signensi,
883 5290 1265 5346 Nemausensi
1300 5296 1357 5347 et
1405 5292 1824 5359 Magslonensi,

174 5381 558 5451 presentibus
635 5379 849 5435 comite
914 5380 1441 5446 Substantionensi,
1502 5380 1824 5437 Guillermo

172 5466 1401 5542 Montispessulanidomino,contluentibus
1426 5470 1687 5540 undique
1710 5472 1823 5523 tor-

168 5558 769 5624 rsnobilibus,totam
783 5553 1041 5611 insulam
1057 5555 1527 5628 Magalonensem
1546 5556 1727 5614 solem
1737 5556 1825 5611 ni-

166 5645 625 5706 terconsecravit
639 5648 702 5701 et
713 5643 990 5701 omnibus
1003 5642 1060 5699 in
1074 5661 1141 5701 ea
1154 5644 1396 5716 sepultis
1408 5650 1465 5703 et
1477 5645 1824 5717 sepeliendis

169 5734 597 5793 absolutionem
611 5729 883 5787 omnium
896 5727 1243 5785 delictorum
1258 5732 1627 5802 concessit,et
1638 5730 1826 5788 multa

1940 3403 2245 3459 ordinatus
2268 3402 2392 3458 fuit.
2430 3404 2491 3458 Id
2524 3408 2724 3458 narrat
2752 3404 2877 3475 ipse
2910 3403 3003 3458 lvo
3036 3402 3095 3457 in
3144 3402 3406 3474 epistolis
3435 3404 3505 3459 50
3535 3408 3592 3459 et

1937 3492 2027 3558 54,
2052 3492 2151 3564 qui
2177 3494 2302 3565 jam
2321 3497 2454 3548 ante
2478 3491 2621 3546 illud
2641 3496 2874 3563 tempus
2897 3491 2953 3545 in
2982 3490 3246 3562 ejusdem
3274 3490 3441 3547 electi
3463 3508 3592 3564 gra-

1940 3581 2082 3636 tiam
2118 3583 2452 3654 scripserat,
2487 3580 2656 3653 epist.
2692 3581 2782 3645 43,
2814 3580 2969 3652 quod
3002 3578 3119 3647 ille,
3153 3583 3354 3651 utpote
3393 3580 3454 3636 in
3485 3581 3588 3636 Ec-

1938 3669 2117 3725 clesia
2145 3668 2481 3725 Carnotensi
2529 3667 2842 3735 enutritus,
2890 3667 3069 3740 probe
3115 3668 3166 3724 ci
3198 3671 3373 3725 notus
3413 3672 3589 3726 esset.

1939 3759 2040 3815 Hic
2072 3775 2243 3831 porro
2275 3759 2579 3815 observare
2601 3758 2768 3828 juvat
2792 3774 2971 3829 quam
3003 3757 3272 3813 Urbanus
3304 3757 3591 3814 sollicitus

1937 3850 2113 3905 fuerit
2146 3867 2216 3904 ne
2259 3848 2316 3903 in
2378 3846 2849 3903 ordinationibus
2897 3846 3304 3919 episcoporum
3363 3847 3588 3920 aliquid

1936 3938 2159 3995 sinistri
2189 3938 2522 4010 obreperet:
2557 3936 2663 3992 has
2702 3936 2857 3991 enim
2891 3937 2963 3991 ob
2994 3936 3051 3991 id
3085 3936 3275 3992 solum
3319 3936 3592 3993 adhibuit

1937 4028 2236 4085 cautiones
2264 4025 2755 4100 vigilantissimus
2786 4024 3062 4098 pontifex,
3115 4030 3180 4081 ut
3210 4024 3299 4081 vel
3352 4043 3588 4084 omnem

1937 4117 2074 4173 mali
2106 4118 2357 4189 speciem
2390 4117 2461 4171 ab
2494 4115 2601 4171 hac
2631 4115 2912 4171 electione
2941 4114 3299 4171 amoliretur.

1935 4223 2172 4280 CCLXX.
2207 4224 2461 4279 Nemausi
2512 4223 2807 4276 concilium
2862 4222 3099 4277 celebrat
3161 4222 3431 4279 Urbanus.
3488 4224 3585 4278 Ec-

2007 4297 2230 4350 clesium
2292 4294 2663 4349 cathedralcm
2740 4297 3036 4348 consecrat.
3117 4294 3208 4348 Lis
3280 4295 3590 4364 episcopum

2010 4367 2207 4421 Tolosa:
2234 4367 2377 4421 inter
2406 4370 2455 4419 et
2485 4365 2771 4419 canonicos
2818 4368 2877 4417 S.
2909 4364 3222 4420 Saturnini.
3284 4366 3617 4432 Privilegia

2004 4444 2063 4492 S.
2096 4438 2392 4491 Saturnini
2423 4437 2761 4504 conﬁrmata.
2796 4437 3133 4503 Figiacenses
3182 4437 3328 4489 inter
3359 4443 3412 4489 et
3444 4434 3599 4490 Coa-7

2007 4509 2227 4564 chcnscs
2272 4509 2657 4563 controversia.
2710 4507 3023 4577 Reg/mundi
3086 4507 3253 4561 cessio
3317 4508 3464 4577 facta
3530 4506 3585 4561 S.

2009 4580 2228 4649 lngidio.
2267 4580 2651 4648 Rivipullensis
2670 4579 2992 4633 monasterii
3010 4578 3147 4648 jura
3188 4586 3423 4649 servata.
3457 4579 3585 4633 Pri-

2010 4654 2187 4705 matus
2248 4651 2624 4717 Lugdunensis
2672 4652 2914 4720 cpiscOpo
2970 4652 3260 4720 asseritis,
3302 4648 3588 4720 Guibortus

2008 4723 2175 4777 abbas
2204 4721 2691 4777 Autissiodurensis
2740 4719 3030 4792 depositus.
3082 4719 3292 4792 Anselli
3338 4719 3588 4792 Bellona-5

2008 4794 2188 4871 censis
2209 4795 2370 4848 electi
2410 4810 2573 4847 causa
2598 4790 2880 4871 suspensa.
2912 4792 2994 4871 An
3040 4791 3331 4871 Pnilippus
3357 4806 3475 4871 ,γεω
3506 4790 3590 4871 illi

2006 4865 2323 4934 depositus?
2397 4865 2656 4919 Monac/ci
2727 4864 3010 4917 vindicati.
3099 4862 3463 4931 Privilegium
3531 4862 3584 4917 S.

2010 4936 2232 4989 Martini
2258 4953 2291 4989 a
2320 4936 2564 5006 Campis.

2009 5024 2250 5078 Ineunle
2302 5039 2503 5078 mense
2556 5021 2711 5077 Julio
2772 5022 3041 5078 Urbanus
3099 5020 3402 5084 Nemausi.
3463 5038 3592 5093 quae

1940 5111 2153 5168 nobilis
2200 5118 2288 5167 est
2343 5110 2739 5167 Narbonensis
2797 5112 3107 5183 provincia:
3165 5110 3391 5177 civitas,
3454 5127 3592 5167 con-

1939 5201 2137 5256 cilium
2166 5200 2393 5263 habuit,
2452 5200 2604 5270 quod
2639 5200 2709 5255 ab
2740 5216 2807 5255 eo
2855 5200 3114 5271 primum
3172 5199 3466 5255 Arelatem
3502 5198 3589 5253 in-

1936 5291 2154 5344 dictum
2218 5290 2399 5344 fuisse
2430 5305 2499 5342 ex
2553 5288 2818 5357 ejusdem
2882 5288 3173 5360 pontiﬁcis
3232 5286 3480 5360 epistola
3519 5287 3591 5342 ad

1937 5379 2273 5434 Richerium
2299 5381 2695 5433 Sunonensem
2730 5377 2902 5431 modo
2934 5376 3173 5432 laudata
3213 5377 3335 5445 jam
3390 5375 3591 5430 obser-

1932 5468 2219 5523 vavimus.
2251 5468 2312 5522 In
2346 5483 2411 5522 eo
2454 5464 2699 5521 concilio
2733 5464 3013 5519 nonnulla
3044 5482 3171 5536 quae
3204 5465 3263 5518 in
3297 5463 3591 5535 prioribus

1934 5556 2172 5629 synodis
2206 5557 2425 5612 statuta
2450 5553 2698 5618 fuerant,
2729 5554 3074 5608 conﬁrmata
3092 5553 3270 5617 fuere,
3308 5549 3594 5605 nonnulla

1934 5645 2106 5699 etiam
2140 5645 2211 5700 de
2241 5660 2387 5698 novo
2421 5641 2664 5697 sancita.
2694 5658 2820 5712 quae
2843 5640 3020 5694 simul
3041 5638 3329 5695 sexdecim
3352 5638 3592 5692 canoni—

1934 5733 2045 5788 bus
2081 5731 2138 5785 in
2156 5731 2406 5803 vulgatis
2424 5727 2804 5784 conciliorum
2824 5727 3180 5783 editionibus
3201 5724 3589 5795 comprehen-
