3950 6218
361 379 476 446 2H

1685 387 1753 449 B.
1803 385 2094 452 URBANI
2140 382 2191 448 Il
2241 385 2484 448 ΡΑΡΑΞ.

3634 390 3744 453 212
3789 409 3800 424 θ

365 515 606 586 duntur,
638 519 700 576 at
729 517 857 592 ejus
887 518 1028 576 Acta
1076 517 1392 594 perierunt.
1455 523 1639 588 Quare
1688 525 1754 578 ut
1782 520 2002 595 aliquid
2035 527 2089 595 Α
2119 519 2313 578 Sancti
2373 516 2694 590 Saturnini,
2750 519 3075 594 Utrumque
3128 537 3233 578 suo
3292 517 3414 579 loco
3461 510 3740 581 referetur.

361 612 572 682 prater
604 612 958 666 memoratos
989 627 1260 676 canones,
1295 611 1394 684 qui
1445 629 1577 667 cum
1613 612 1744 668 aliis
1790 611 2005 668 Urbani

361 696 629 755 conciliis
659 697 799 754 olim
829 699 1147 764 dabuntur,
1181 699 1275 755 hic
1300 701 1697 765 exhibeamus,
1724 701 2006 771 juvathic

360 801 432 843 ea
460 785 672 842 referre
703 786 901 858 quain
921 787 1097 844 variis
1128 789 1386 861 antiquis
1402 789 1878 844 monumentisde
1899 790 2006 842 hac

362 875 584 949 synodo
616 876 865 948 reperire
891 875 1074 931 licuit.
1124 877 1191 932 Et
1224 878 1410 949 primo
1453 878 1689 948 quidem
1741 876 2008 932 nonnulli

362 970 740 1022 recensentur
768 965 1058 1021 antistites
1088 983 1155 1021 ex
1185 965 1276 1020 his
1307 966 1408 1038 qui
1441 967 1820 1021 Nemausensi
1871 983 2006 1021 con-

364 1053 497 1111 cilio
527 1053 937 1121 interfuerunt,
959 1055 1014 1109 in
1033 1055 1234 1110 charta
1256 1054 1581 1128 Raymundi
1613 1053 1864 1122 comitis,
1893 1071 2011 1127 qua

365 1141 718 1200 monasterio
728 1143 921 1198 Sancti
934 1143 1119 1216 Egidii
1134 1141 1335 1200 vallem
1354 1143 1685 1200 Flavianam
1709 1161 1811 1200 con
1823 1145 2012 1199 ﬁrma-

365 1231 468 1287 vit.
504 1231 547 1286 Ii
580 1235 718 1287 sunt
747 1232 1178 1304 metropolitani
1209 1233 1449 1288 omnino
1473 1250 1592 1294 sex,
1644 1233 2012 1287 Daimbertus

366 1320 655 1385 Pisarum,
688 1323 852 1394 Hugo
885 1321 1176 1393 Lugduni,
1208 1323 1453 1377 Amatus
1479 1321 1826 1394 Burdigalae,
1875 1321 2010 1376 Ber-

366 1409 588 1466 nardus
617 1409 823 1478 Toleti,
857 1411 1088 1483 quitres
1109 1411 1439 1482 apostolicae
1455 1412 1610 1466 sedis
1627 1410 1799 1483 legati
1825 1414 2010 1478 erant,

365 1498 534 1572 Hugo
565 1498 912 1556 Bisuntinus
933 1504 990 1555 et
1009 1500 1197 1556 Guido
1208 1499 1556 1555 Viennensis
1570 1499 2008 1570 archiepiscopi:

367 1587 624 1662 episcopi
658 1589 920 1661 quinque
969 1588 1214 1655 scilicet,
1275 1589 1588 1646 Gauterius
1644 1587 2012 1652 Albanensis,

367 1675 564 1733 Bruno
596 1676 922 1752 Signensis.
967 1677 1302 1734 Gotofridus
1354 1677 1802 1750 Magalonensis,
1849 1677 2014 1746 Ilugo

365 1764 743 1838 (Humbaldus)
771 1765 1363 1822 Antissiodorensiset
1376 1767 1752 1822 Bertramnus
1765 1765 1904 1820 Nem
1914 1781 2013 1818 au-

365 1854 580 1922 sensis;
611 1853 939 1912 cardinales
971 1872 1083 1911 non
1102 1854 1360 1928 episcopi
1392 1855 1672 1927 quinque,
1693 1855 1843 1909 inter
1863 1869 2012 1925 quos

364 1947 490 2000 erat
521 1942 846 2001 Richardus
873 1945 1054 2000 abbas
1087 1943 1490 2000 Massiliensis.
1522 1945 1792 1999 chartam
1818 1942 2007 2014 ipsam

365 2047 438 2088 ex
467 2031 1110 2106 SpicilegioAcheriano
1132 2034 1229 2090 ubi
1247 2033 1806 2105 integriorhabetur,
1833 2048 2008 2104 quam

365 2119 427 2178 in
459 2120 721 2178 conciliis
754 2122 1102 2188 Labbeanis,
1134 2123 1316 2178 habes
1348 2123 1406 2177 in
1436 2122 1786 2194 Appendice.
1837 2121 2009 2175 Porro

364 2213 487 2268 tres
516 2210 697 2267 etiam
715 2209 862 2267 alios
891 2211 1194 2282 episcopos
1217 2211 1522 2282 Hispanos,
1548 2210 1770 2266 scilicet
1800 2214 2008 2264 Beren-

362 2298 598 2373 garium
629 2299 1144 2368 Tarraconensem,
1163 2299 1519 2355 Bernardum
1547 2299 2008 2362 Gcrundensem,

365 2391 423 2446 et
449 2387 757 2446 Artaldum
786 2387 1167 2444 Helenensem
1193 2407 1206 2456 ;
1239 2393 1296 2444 et
1325 2387 1565 2444 totidem
1611 2388 1872 2454 abbates,
1905 2387 2002 2442 Pe-

362 2482 522 2534 trum
570 2479 987 2548 Coxanensem,
1037 2477 1416 2534 Benedictum
1464 2476 1902 2533 Balncolensem
1953 2482 2012 2532 et

362 2566 726 2624 Bernardum
739 2565 1189 2640 Rivipollensem
1215 2568 1284 2622 ad
1299 2567 1562 2622 eamdem
1577 2567 1798 2639 synodu
1809 2583 1864 2622 m
1878 2583 2011 2622 con-

362 2655 1024 2714 venissescribitPetrus
1054 2656 1126 2710 de
1139 2656 1332 2710 Marca
1359 2654 1422 2710 in
1453 2656 1648 2711 Marca
1676 2655 2010 2726 Hispanica,

364 2745 474 2804 col.
509 2747 614 2800 472
641 2749 699 2800 et
726 2760 795 2800 ex
823 2760 889 2800 eo
921 2742 1235 2800 cardinalis
1255 2743 1530 2816 Aguirius
1560 2749 1676 2799 tom
1713 2744 1786 2799 lll
1819 2743 2012 2800 Conci-

361 2833 579 2902 liorum
607 2832 918 2906 Hispanias.
949 2835 1017 2888 At
1048 2831 1246 2904 plures
1263 2849 1332 2888 ex
1356 2831 1546 2904 ipsius
1577 2832 1788 2888 Urbani
1823 2831 2009 2904 diplo-

364 2927 522 2981 mate
549 2921 607 2978 in
655 2937 834 2978 causa
873 2920 1132 2994 episcopi
1179 2920 1449 2978 Tolosani
1496 2927 1552 2977 et:
1593 2921 2008 2978 canonicorum

366 3013 427 3070 S.
461 3009 766 3068 Saturnini
797 3011 932 3068 dato
961 3009 1266 3066 habemus.
1287 3010 1432 3066 Nam
1451 3010 1772 3082 ibi,praeter
1785 3015 2009 3084 septem

365 3097 848 3172 metropolitanos
877 3114 1057 3170 supra
1086 3102 1458 3164 memoratos,
1505 3097 1601 3153 alii
1635 3103 1753 3154 tres
1782 3098 2006 3156 archie-

366 3186 616 3262 piscopi,
671 3202 882 3260 nempe
930 3185 1217 3243 Radulfus
1275 3187 1652 3253 Turonensis,
1705 3186 2010 3244 Gibclinus

365 3275 745 3345 Arelatensis,
759 3276 1260 3333 etEbredunensis
1289 3276 1687 3346 nominantur,
1712 3293 1861 3350 quos
1878 3293 2010 3332 cum
2043 3262 2086 3328 C

368 3368 631 3441 episcopis
662 3373 714 3423 et
739 3364 1026 3422 abbatibus
1057 3366 1126 3420 86
1171 3365 1360 3422 eidem
1409 3364 1654 3421 concilio
1701 3370 2016 3437 praesentes

370 3457 555 3514 fuisse
583 3459 834 3513 testatur
862 3455 1140 3528 pontilcx.
1186 3455 1448 3510 Aliorum
1500 3453 1738 3510 nomina
1786 3470 1853 3509 ex
1882 3453 2014 3509 aliis

365 3545 784 3614 monumentis,
807 3561 1058 3618 quorum
1074 3537 1492 3616 nonnullaque:
1523 3547 1844 3615 supersunt
1865 3542 2014 3598 infra

362 3637 762 3704 laudabimus,
820 3633 943 3690 erui
1007 3637 1297 3704 poterunt.
1357 3631 1520 3686 Certe
1558 3630 1804 3703 exempli
1835 3648 2014 3687 causa

361 3744 558 3796 nemo,
590 3729 658 3783 ut
687 3723 925 3797 quidem
972 3720 1116 3776 mihi
1175 3720 1426 3787 videtur,
1489 3719 1726 3790 negabit
1778 3719 2009 3774 lvonem

361 3820 755 3876 Carnotenum
783 3811 972 3868 eidem
1003 3806 1247 3864 concilio
1277 3807 1633 3873 interfuisse,
1666 3807 1763 3878 qui
1817 3807 2009 3879 seipso

2114 613 2394 666 Caeterum
2425 610 2638 666 Urbani
2657 610 2880 681 judicio
2902 627 3050 683 aagre
3067 610 3435 668 consensisse
3451 612 3742 670 canonicos
3767 671 3777 680 ,

2116 699 2372 754 ροοιθειω
2405 699 2756 756 cathedralis
2787 700 3085 756 Tolosanee
3118 704 3277 773 patet
3317 717 3384 756 ex
3413 701 3582 757 veteri
3623 701 3742 758 illo-

2118 805 2248 843 rum
2281 789 2350 842 de
2383 790 2582 842 eadem
2623 806 2680 843 re
2732 789 3141 853 instrumento,
3205 790 3358 862 quod
3408 789 3670 854 Catellus,
3695 796 3746 846 et

2118 881 2249 948 post
2278 893 2409 931 eum
2447 877 2882 933 Labbeustomo
2913 878 2957 932 X
2987 876 3372 933 Conciliorum
3397 879 3638 942 edidere,
3657 879 3743 936 ubi

2117 963 2402 1020 Calixtum
2437 967 2484 1020 Il
2521 966 2875 1038 pontificem,
2919 966 3018 1038 qui
3069 967 3450 1022 Nemausensi
3499 967 3740 1035 concilio,

2117 1057 2243 1108 tum
2278 1053 2752 1126 archiepiscopus
2782 1053 3155 1120 Viennensis,
3190 1054 3546 1124 interfuerat,
3586 1056 3742 1112 indu-

2119 1147 2261 1198 cunt
2316 1141 2396 1197 ita
2469 1159 2537 1198 ea
2585 1144 3008 1200 disserentem:
3087 1145 3208 1213 ligo
3266 1146 3327 1200 in
3381 1146 3602 1201 concilio
3651 1147 3741 1202 Ne-

2118 1234 2421 1286 mausensis
2479 1233 2536 1287 in
2571 1248 2672 1302 quo
2724 1233 2978 1288 dominus
3020 1233 3268 1290 Urbanus
3327 1249 3471 1306 papa
3511 1236 3742 1306 praefuit,

2119 1337 2243 1374 cum
2274 1321 2462 1376 multis
2487 1323 2618 1376 aliis
2650 1323 2901 1392 interfui,
2953 1323 3138 1394 ibique
3191 1323 3414 1378 clericos
3453 1323 3632 1379 Sancti
3657 1323 3743 1378 Sa-

2122 1411 2340 1464 turnini
2366 1409 2654 1464 dominum
2677 1427 2878 1482 papam
2911 1411 3356 1482 interpellantem
3380 1410 3598 1471 audivi:
3627 1428 3762 1482 qua-.

2121 1506 2278 1552 tenus
2307 1503 2563 1570 quartam
2586 1509 2802 1570 partem
2858 1500 3200 1556 oblationum
3247 1501 3443 1556 altaris
3487 1500 3624 1555 beati
3658 1501 3746 1555 Sa-

2122 1589 2338 1641 turnini
2361 1589 2604 1660 episcopo
2663 1590 2872 1652 Isarno,
2934 1595 3027 1660 qui
3056 1591 3188 1643 tunc
3243 1591 3496 1660 temporis
3550 1605 3662 1646 eam
3697 1591 3748 1644 in

2120 1675 2365 1731 dominio
2395 1692 2494 1731 suo
2522 1677 2758 1744 tenebat,
2820 1678 3085 1748 auferret,
3116 1680 3164 1732 et
3220 1677 3330 1732 sibi
3357 1677 3543 1737 daret;
3591 1681 3639 1732 et
3665 1677 3746 1732 do-

2120 1765 2304 1818 minus
2329 1782 2474 1836 papa
2499 1767 2854 1837 petitionibus
2880 1783 3069 1822 eorum
3085 1765 3442 1822 condescendi
3468 1765 3746 1833 videbatur,

2123 1853 2319 1924 quibus
2343 1856 2619 1926 episcopus
2650 1855 2869 1909 Isarnus
2893 1855 3328 1923 mugnanimiter
3356 1854 3750 1920 resistebat,etc,

2116 1945 2263 1996 Tum
2295 1942 2666 2016 subjungunt
2695 1942 3019 1998 Guidonem
3056 1943 3250 2015 ipsum
3285 1959 3424 1998 cum
3455 1942 3624 1998 fratre
3657 1959 3750 1998 suo

2119 2029 2554 2103 archiepiscopo
2611 2033 2937 2097 Briussensi,
3000 2031 3313 2104 legendum
3386 2033 3750 2095 Bisontinensi,

2119 2119 2302 2174 lsarni
2336 2125 2530 2192 partes
2559 2121 2787 2194 egregie
2821 2121 2880 2176 in
2913 2121 3042 2193 ipsa
3056 2121 3279 2193 synodo
3302 2119 3752 2187 sustinuisse,ita

2121 2213 2185 2264 ut
2213 2207 2365 2264 idem
2402 2210 2638 2268 Isarnus
2668 2210 2901 2267 nonnisi
2935 2215 3065 2282 post
3089 2209 3430 2266 absolutum
3462 2208 3751 2266 concilium

2120 2297 2334 2354 Urbani
2357 2299 2582 2370 judicio
2613 2299 2996 2368 consenserit,
3023 2299 3310 2372 promisso
3341 2299 3396 2355 ei
3430 2299 3578 2372 quod
3608 2298 3750 2354 dear-

2117 2387 2281 2442 clesia
2313 2389 2501 2443 Sancti
2522 2388 2816 2444 Saturnini
2845 2404 3055 2459 semper
3073 2405 3195 2442 cum
3217 2389 3334 2443 suis
3364 2389 3564 2444 victum
3607 2387 3781 2443 habe--

2119 2477 2218 2543 ret,
2252 2476 2390 2547 quod
2419 2479 2470 2532 et
2489 2477 2620 2532 dum
2648 2479 2788 2533 vixit
2808 2477 3020 2532 habuit.
3056 2477 3334 2533 Fateatur
3367 2481 3559 2533 tamen
3591 2475 3748 2533 iidem

2119 2563 2381 2619 canonici
2399 2565 2790 2636 quod,rursus
2802 2565 3132 2621 examinata
3153 2565 3532 2636 postmodum
3551 2565 3604 2620 in
3621 2583 3745 2638 prae-

2119 2652 2311 2708 sentia
2343 2653 2654 2725 ipsiusmet
2680 2653 2883 2710 Calixti
2917 2654 3030 2711 ista
3059 2655 3478 2722 controversia,
3526 2654 3750 2711 ecclesia

2118 2741 2471 2797 cathedralis
2529 2747 2659 2815 post
2713 2743 2906 2798 varias
2963 2742 3432 2800 concertationes
3489 2759 3554 2799 ea
3609 2744 3674 2799 de
3700 2758 3752 2797 re

2121 2829 2323 2885 multis
2348 2831 2406 2886 in
2435 2829 2578 2887 locis
2607 2829 2840 2888 habitas
2870 2829 3015 2886 nihil
3047 2831 3308 2888 obtinere
3337 2832 3680 2906 potuerit.At
3700 2831 3750 2886 id

2119 2918 2483 2991 negligentiae
2514 2919 2794 2994 episcOpi,
2829 2910 2944 2993 qui.
2963 2925 3102 2976 tunc
3153 2919 3426 2978 Ecclesia;
3475 2921 3752 2978 Tolosanaa

2119 3013 2379 3079 praeerat,
2405 3009 2784 3066 tribuendum
2813 3026 2942 3066 esse
2972 3013 3322 3067 asseverant.
3383 3010 3492 3068 Sed
3536 3010 3606 3066 ad
3629 3027 3746 3066 con-

2117 3096 2320 3154 cilium
2354 3103 2736 3155 revertamur.

2195 3222 2257 3278 In
2289 3239 2355 3279 eo
2385 3224 2727 3280 confirmata
2743 3229 2882 3280 sunt
2895 3225 3093 3280 omnia
3106 3223 3411 3298 privilegia
3424 3231 3480 3281 et
3493 3226 3626 3296 jura
3636 3240 3748 3297 quae

2125 3309 2393 3366 Urbanus
2421 3317 2478 3368 et
2507 3313 2889 3385 Raymundus
2916 3329 3112 3368 comes
3131 3313 3319 3370 eidem
3355 3313 3549 3370 Sancti
3570 3314 3749 3370 Satur-

2125 3397 2246 3454 nini
2278 3400 2536 3456 ecclesiae
2569 3401 2627 3456 in
2657 3402 2786 3473 ejus
2815 3401 3181 3457 dedicatione
3204 3401 3585 3459 indulserant.
3604 3400 3746 3469 Quod

2125 3503 2238 3542 non
2273 3489 2462 3544 solum
2495 3506 2562 3544 ex
2593 3489 2908 3562 pontificiis
2934 3489 3135 3556 bullis,
3169 3490 3268 3546 sed
3301 3491 3482 3546 etiam
3530 3507 3597 3546 ex
3635 3488 3750 3546 aliis

2120 3577 2416 3634 veteribus
2471 3577 2880 3634 instrumentis
2939 3583 3184 3634 constat.
3241 3582 3396 3635 Duas
3451 3595 3519 3634 ea
3581 3579 3648 3634 de
3698 3593 3768 3632 re

2121 3663 2356 3721 chartas
2385 3665 2617 3723 exhibet
2647 3665 2902 3722 Catellus
2933 3667 2992 3722 in
3009 3666 3264 3723 Historia
3294 3665 3752 3724 comitum-Tolo-

2119 3768 2418 3822 sanorum,
2454 3755 2512 3810 in
2541 3771 2791 3826 quarum
2833 3753 3008 3826 priori
3059 3755 3420 3811 Bertrandus
3461 3772 3650 3812 comes
3678 3752 3748 3809 sic

2117 3841 2397 3909 decernit,
2430 3860 2562 3916 pag.
2600 3843 2736 3899 153:
2773 3842 3088 3898 Ecclesium
3121 3843 3315 3898 Sancti
3369 3841 3660 3900 Saturnini
3693 3841 3749 3895 li-

353 3909 504 3964 teste
533 3904 592 3959 in
613 3898 879 3974 epistolis
902 3895 1460 3970 superiuslaudatis,
1494 3895 1848 3968 colloquium
1870 3901 2007 3953 tunc

353 3991 638 4066 temporis
668 4005 802 4046 cum
834 3987 1067 4043 Urbano
1085 3983 1289 4041 habuit
1307 3984 1461 4056 apud
1481 3985 2002 4057 Montempessula-

353 4098 498 4140 num
526 4081 597 4137 de
649 4076 932 4136 electione
986 4071 1281 4130 Guillelmi
1314 4073 1374 4130 in
1433 4072 1820 4130 Parisiensem
1880 4074 2000 4148 epi-

353 4185 618 4244 secpum.

424 4261 546 4326 Quo
579 4261 774 4315 autem
805 4255 898 4312 die
927 4251 1226 4324 iucocperit
1257 4251 1344 4307 vel
1377 4250 1646 4308 absoluta
1693 4253 1868 4309 fuerit
1898 4252 1998 4310 illa

351 4349 634 4426 synodus,
666 4361 858 4416 nemo,
889 4343 1047 4416 quod
1081 4342 1316 4415 quidem
1341 4341 1544 4408 sciam,
1579 4341 1794 4398 diserte
1824 4343 1999 4398 adno~

2115 3933 2300 3988 borum
2347 3933 2413 3988 ab
2456 3933 2708 3989 omnibus
2755 3937 2956 3998 statuo,
3003 3934 3144 3988 sicut
3200 3932 3396 3987 melius
3453 3934 3606 3989 illam
3631 3931 3746 4004 [erit

2112 4023 2345 4080 liberam
2371 4039 2514 4094 papa
2577 4023 2824 4078 Urbanus
2873 4038 2994 4076 cum
3051 4023 3167 4076 suis
3211 4023 3498 4094 episcopis,
3523 4023 3588 4092 iet
3606 4023 3749 4093 pater

2110 4127 2263 4168 meus
2296 4110 2650 4182 Raymundus
2678 4127 2854 4165 comes
2883 4112 2944 4165 in
2999 4112 3406 4166 consecratione
3463 4113 3630 4183 ipsius
3670 4124 3743 4163 cc-

2107 4202 2308 4268 clesiae,
2340 4203 2390 4255 el
2416 4201 2474 4254 in
2500 4200 2732 4256 concilio
2760 4201 3135 4256 Nemausensi.
3173 4199 3327 4255 Idem
3353 4199 3612 4256 omnimo
3648 4197 3740 4253 ha-

2109 4290 2224 4358 bet,
2257 4305 2388 4362 pag.
2423 4289 2550 4354 46'3,
2582 4287 2921 4345 Willelmus
2967 4303 3166 4344 comes
3225 4287 3582 4345 Pictavensis
3621 4300 3764 4343 cum-

2107 4393 2285 4434 uxore
2317 4375 2750 4449 suaPhilippia,
2773 4375 2830 4431 in
2854 4375 3035 4432 altera
3050 4375 3275 4434 charta.
3305 4393 3434 4448 quae
3451 4392 3601 4433 anno
3622 4372 3747 4431 l098
3775 4384 3779 4387 ·

348 4437 511 4497 tavit.
543 4439 616 4494 At
632 4433 966 4510 pontiﬁcem
988 4435 1150 4489 sexta
1177 4431 1272 4487 die
1289 4431 1509 4488 mensis
1537 4430 1676 4486 Julii
1697 4431 1814 4502 jam
1839 4431 1995 4504 apud

349 4530 709 4588 Nemausum
737 4522 1030 4582 exstitisse
1078 4539 1147 4577 ex
1179 4519 1516 4578 domesticis
1563 4519 1818 4575 ecclesia:
1867 4521 1995 4591 ejus

347 4618 514 4676 urbis
540 4612 890 4672 cathedralis
920 4609 1330 4668 instrumentis
1361 4608 1664 4674 discimus,
1689 4607 1746 4664 in
1777 4609 1994 4680 quibus
2025 4629 2070 4692 ο

343 4724 475 4767 eam
504 4704 812 4764 ecclesiam
833 4702 1088 4774 hacipsa
1101 4700 1194 4756 die
1223 4699 1296 4754 ab
1327 4698 1560 4754 Urbano
1589 4702 1988 4754 consecratam

341 4798 524 4856 fuisse
539 4791 1108 4870 legitur,astantibus
1120 4785 1522 4860 compluribus
1540 4785 1992 4860 archiepiscopis

340 4893 399 4946 et
425 4882 738 4960 episcopis,
779 4897 915 4937 cum
973 4877 1186 4934 comite
1245 4875 1604 4947 Raymundo.
1661 4876 1825 4932 Forte
1881 4875 1989 4932 hac

340 4975 712 5035 solemnitate
737 4965 1248 5042 synodusinitium
1276 4964 1528 5038 accepit;
1549 4969 1700 5020 certe
1730 4982 1807 5020 v11
1828 4965 1986 5034 Idus,

337 5064 399 5122 id
431 5066 519 5119 est
545 5060 639 5116 die
667 5061 702 5114 8
727 5055 871 5114 Julii
901 5055 960 5110 in
1001 5071 1070 5111 ea
1100 5058 1296 5109 actum
1349 5057 1437 5108 est
1465 5052 1536 5108 de
1593 5053 1987 5109 controversia

340 5169 469 5227 qua:
502 5145 1001 5220 interepiscopum
1013 5142 1372 5199 Tolosanum
1385 5146 1441 5196 et
1454 5142 1766 5196 canonicos
1787 5139 1984 5196 Sancti

337 5237 635 5299 Saturnini
658 5234 1012 5308 jamdudum
1044 5231 1395 5298 vertebatur,
1430 5245 1696 5300 quaeque,
1731 5235 1794 5282 ut
1823 5233 1994 5283 testa-

339 5337 440 5388 tur
469 5329 595 5402 ipse
608 5325 864 5400 pontifex
886 5323 942 5377 in
976 5317 1672 5395 superiuslaudatabulla
1693 5317 1784 5371 die
1801 5333 1836 5371 v
1857 5317 1994 5372 ldus

339 5419 606 5492 ejusdem
641 5414 861 5471 mensis
892 5418 1020 5486 post
1069 5411 1260 5467 varias
1303 5405 1709 5492 altercationes
1753 5404 1994 5492 deﬁnita

339 5491 470 5566 fuit.
531 5507 737 5562 Totam
795 5519 927 5558 vero
971 5501 1149 5572 hujus
1206 5491 1608 5551 controversia
1655 5492 1865 5546 seriem
1897 5491 1992 5546 hic

338 5610 626 5669 exponere
657 5593 1024 5664 superﬂuum
1041 5593 1215 5652 esset,
1233 5600 1366 5637 cum
1385 5577 1668 5669 habeatur
1689 5579 1745 5633 in
1761 5578 1990 5636 laudato

337 5664 552 5742 Urbani
584 5682 924 5754 diplomate,
959 5684 1011 5732 et
1044 5679 1099 5732 in
1121 5673 1235 5729 alia
1257 5671 1384 5741 ejus
1405 5664 1562 5720 bulla
1585 5668 1652 5722 ad
1679 5669 1988 5725 canonicos

2104 4465 2242 4521 data
2271 4471 2381 4521 est.

2175 4580 2273 4636 Die
2293 4579 2621 4644 vuldus,id
2653 4577 3177 4645 est9,.luliiactum
3209 4584 3298 4636 est
3326 4579 3385 4636 in
3419 4575 3732 4636 conciliode

2099 4668 2491 4727 controversia
2520 4667 2671 4722 inter
2712 4667 3077 4738 Figiacenses
3129 4673 3186 4723 et
3214 4667 3586 4724 Conéhenses
3629 4679 3740 4720 mo-

2100 4758 2318 4816 nachos
2375 4755 2678 4812 occasione
2734 4755 3160 4826 conjunctionis
3219 4755 3385 4811 facta:
3437 4755 3732 4812 amborum

2100 4845 2586 4904 monasteriorum
2611 4843 2721 4901 sub
2753 4843 2924 4900 unico
2967 4844 3177 4901 abbate
3226 4849 3404 4915 mota,
3455 4861 3582 4917 quae
3612 4839 3740 4897 unio

2097 4936 2418 4992 mu‘torum
2449 4933 2828 4990 dissidiorum
2860 4931 3023 5005 origo
3061 4932 3270 4988 fuerat.
3303 4932 3449 5000 Quid
3482 4948 3552 4988 ea
3591 4931 3658 4986 de
3688 4943 3741 4982 re

2095 5026 2167 5081 ab
2199 5025 2432 5080 Urbano
2481 5022 2772 5078 sancitum
2832 5020 2891 5076 in
2923 5019 3167 5076 concilio
3225 5021 3421 5089 fuerit,
3486 5019 3738 5076 dicemus

2093 5115 2266 5177 infra,
2303 5113 2397 5168 ubi
2433 5111 2642 5180 deejus
2671 5109 2951 5181 rescripto
2977 5110 3131 5182 apud
3157 5108 3381 5165 Vallem
3418 5108 3736 5166 Flavianam

2101 5221 2169 5258 ca
2199 5201 2502 5256 occasione
2533 5200 2668 5254 dato
2698 5199 2988 5270 agendum
3021 5198 3148 5254 erit.

2172 5317 2270 5371 Dic
2305 5318 2370 5370 12
2397 5314 2536 5372 Julii
2567 5314 2844 5370 laudatus
2873 5330 3070 5370 comes
3101 5313 3509 5386 Raymundus,
3559 5321 3736 5366 coram

2100 5404 2373 5478 pontiﬁce
2385 5409 2439 5460 et
2453 5403 2722 5458 universo
2737 5401 2982 5458 concilio
2994 5400 3218 5458 Vallem
3248 5400 3605 5464 Flavianam,
3618 5409 3738 5453 cum
3763 5432 3768 5434 ἡ

2101 5493 2376 5550 omnibus
2406 5491 2728 5547 honoribus
2750 5494 2806 5545 et
2823 5490 3530 5561 consuetudinibus,quas
3555 5487 3609 5541 in
3625 5485 3739 5556 ipsa

2111 5582 2244 5637 l’illa
2279 5581 2552 5634 Flaviana
2581 5583 2630 5634 et
2660 5580 2984 5634 artrinsccis
3013 5582 3127 5634 tam
3148 5581 3294 5651 juste
3341 5593 3508 5650 quam
3555 5571 3738 5646 injuste

2101 5671 2344 5736 teneret,
2377 5666 2600 5723 Odiloni
2637 5667 2828 5720 abbati
2863 5671 2920 5722 et
2951 5667 3304 5723 monasterio
3333 5663 3526 5726 Sancti
3563 5655 3732 5733 Εεῑάἱὶ
