3950 6218
144 304 268 371 913

1772 313 1978 380 VITA.

3457 304 3583 368 2M.

155 446 401 519 dimisit,
433 449 525 510 uti
557 456 726 526 patet
755 468 822 512 ex
851 453 1113 529 ejusdem
1146 453 1807 519 comitisinstrumento,
1839 450 1895 518 Α
1939 463 2117 510 causa
2136 454 2257 512 haec
2279 455 2769 532 Gerardoinjuria
2797 449 2958 515 illata
2981 456 3171 523 fuerit,
3199 471 3301 512 nec
3333 449 3410 507 ibi
3468 457 3572 503 nec

156 545 211 598 st
236 541 463 599 Urbani
495 543 668 600 bulla
692 543 838 601 illud
871 546 1292 604 conﬁrmantis.

221 633 447 689 Eodem
480 634 602 691 fere
637 636 814 692 modo
838 636 1119 693 satisfecit
1146 638 1530 709 Berengarius
1549 638 1819 692 Tarraco-

156 723 361 778 nensis
396 723 656 781 antistes
696 726 988 782 Bernardo
1044 727 1238 783 abbati
1291 725 1689 798 Rivipullensi,
1718 727 1816 799 qui

156 812 444 868 adversus
483 813 832 886 episcopum
862 815 1127 887 querelas
1157 817 1227 871 ad
1261 816 1571 871 concilium
1606 815 1823 871 detule‘

156 906 263 969 rat,
279 903 443 975 quod
464 903 714 975 insuper
729 903 945 960 habitis
959 905 1117 961 sedis
1139 905 1469 978 apostolicae
1481 904 1739 978 privilegi
1750 906 1818 973 is,

157 991 445 1048 ecclesias
487 991 880 1065 Rivipullensi
913 994 1269 1050 monasterio
1318 995 1610 1066 subjectae
1640 994 1821 1049 inter.

160 1081 433 1136 dixisset.
469 1080 864 1153 Berengarius
895 1083 1111 1155 quippe
1143 1083 1252 1140 hoc
1297 1101 1358 1140 se
1386 1084 1571 1140 inscio
1604 1084 1819 1138 factum

158 1169 346 1225 fuisse
391 1169 739 1225 declaravit.
781 1170 943 1226 Forte
976 1171 1029 1227 id
1066 1173 1323 1228 fecerant
1378 1190 1444 1228 eo
1492 1171 1822 1227 inconsulto

161 1257 356 1314 clerici
389 1258 815 1325 Ausonienses,
849 1259 909 1315 in
942 1276 1193 1333 quorum
1235 1261 1488 1329 dioecesi,
1520 1258 1689 1317 hodie
1718 1261 1822 1315 Vi-

156 1348 347 1414 censi,
383 1364 516 1419 quae
548 1349 969 1405 Tarraconensi
1002 1350 1261 1406 ecclesia:
1293 1355 1433 1405 tunc
1487 1351 1649 1405 unita
1678 1354 1820 1414 erat,

156 1437 345 1492 situm
381 1442 475 1493 est
522 1436 919 1509 Rivipullense
953 1440 1397 1495 monasterium.
1432 1442 1621 1505 Quare
1682 1440 1825 1494 satis

156 1525 269 1581 fuit
290 1526 570 1597 episcopo
594 1525 855 1598 polliceri
888 1544 1014 1583 sese
1038 1529 1109 1584 de
1134 1533 1339 1584 caetero
1366 1527 1666 1601 privilegia
1689 1545 1822 1600 apo-

156 1613 370 1670 stolica
386 1613 640 1669 ﬁdeliter
663 1616 1116 1672 custoditurum.
1139 1617 1198 1672 Id
1222 1617 1827 1673 narratillust.Petrus

158 1703 231 1758 de
252 1703 455 1759 Marce
481 1702 634 1758 libro
663 1722 717 1759 IV
740 1704 942 1759 Merere
979 1706 1326 1778 Hispanicae,
1363 1711 1415 1762 et
1443 1724 1510 1761 ex
1541 1723 1608 1762 eo
1640 1706 1825 1762 cardi-

1926 533 1994 601 °1n
2028 545 2158 605 aliis
2188 547 2450 622 epistolis
2471 551 2512 605 t.
2531 552 2579 603 V
2600 546 3045 605 Baluzianorum
3069 544 3583 603 Miscellancorum‘

1929 638 2103 694 editis
2122 656 2373 711 usquam
2399 639 2762 712 exprimitur.
2785 637 3201 694 Malbranchus
3232 635 3330 703 ait,
3358 633 3506 691 libro
3519 652 3575 690 1x

1928 727 2007 783 De
2024 727 2285 798 Morinis,
2302 745 2427 801 cap.
2466 731 2520 793 7,
2536 729 2856 783 Gerardum
2881 729 2949 782 de
2961 725 3221 782 Simonia
3239 728 3575 779 accusatum

1929 816 2133 878 fuisse,
2170 833 2235 871 ac
2294 816 2464 871 etiam
2521 817 2851 872 convictum
2898 816 3051 888 quod
3084 813 3349 884 pecunia,
3383 813 3482 867 scd
3512 829 3577 867 eo

1929 904 2133 963 inscio.
2168 905 2239 959 ad
2273 906 2706 976 procurandum
2740 905 2789 960 ei
2823 904 2981 959 hunc
3014 903 3415 976 episcopatum
3441 902 3580 956 data

1931 994 2124 1048 fuerit.
2144 998 2282 1048 Rem
2308 994 2566 1065 apertius
2582 995 2818 1066 exponit
2843 999 3045 1048 auctor
3062 992 3205 1046 Vita:
3236 991 3387 1047 beati
3402 991 3577 1046 Joan-

1931 1082 2042 1149 nis,
2060 1083 2157 1155 qui
2182 1082 2435 1138 Gerardo
2460 1082 2515 1137 in
2539 1100 2605 1138 ea
2628 1085 2763 1138 sede
2788 1082 3090 1137 successit.
3116 1082 3219 1136 Hie
3253 1097 3460 1152 nempe
3502 1079 3581 1134 ait

1932 1172 2250 1227 Gerardum
2287 1189 2320 1226 a
2341 1171 2499 1227 clero
2531 1172 2765 1244 quidem
2794 1171 3040 1227 electum
3073 1176 3130 1226 et
3161 1189 3194 1225 a
3226 1169 3439 1242 populo
3489 1186 3579 1224 ex-

1934 1261 2177 1332 petitum
2236 1261 2452 1327 fuisse;
2497 1261 2595 1316 sed
2653 1262 2806 1332 regis
2854 1276 3163 1315 assensum
3215 1275 3280 1315 eo
3338 1259 3577 1330 quidem

1933 1349 2140 1416 inscio,
2159 1351 2421 1422 pactione
2441 1349 2697 1422 pecuniae
2717 1350 3018 1405 obtentum
3043 1349 3243 1408 fuisse.
3270 1365 3447 1419 quam
3482 1365 3576 1419 pe-

1935 1439 2168 1494 cuniam
2199 1440 2489 1493 Gerardus
2521 1444 2721 1511 postea
2751 1439 2967 1493 solvere
3000 1443 3235 1493 coactus
3274 1438 3481 1492 fuerat.
3518 1436 3575 1489 ld

1936 1527 2133 1599 procul
2163 1528 2341 1583 dubio
2369 1528 2731 1599 ignoraverat
2759 1526 3070 1598 Gregorius
3098 1526 3218 1588 Vll,
3247 1526 3345 1597 qui
3375 1525 3479 1579 lib.
3515 1544 3576 1585 ιι,

1935 1616 2105 1689 epist.
2133 1617 2156 1671 1
2185 1618 2433 1672 Roberto
2454 1617 2732 1672 Flandrim
2766 1615 2958 1671 comiti
2986 1615 3305 1669 Gerardum
3326 1615 3582 1669 canonice

1936 1707 2162 1761 electum
2208 1715 2257 1761 et
2286 1724 2385 1777 per
2442 1708 2638 1761 ostium
2696 1706 2751 1760 in
2813 1704 2959 1761 ovile
3003 1703 3214 1760 Christi
3250 1702 3581 1776 ingressum

162 1792 321 1847 nalis
351 1790 634 1864 Aguirius
666 1796 827 1849 torno
858 1795 932 1849 Ill
968 1794 1362 1852 Conciliorum
1414 1796 1721 1867 Hispaniae.
1758 1797 1828 1850 At
1856 1829 1903 1895 Β
1938 1796 2387 1850 commendavit.
2414 1797 2485 1850 Ut
2511 1801 2571 1850 ut
2593 1797 2943 1862 sit;causam
2976 1795 3103 1866 ejus
3133 1792 3585 1892 episcopijpdi—

160 1879 335 1954 plura
362 1880 664 1936 habentur
693 1881 750 1936 in
774 1883 946 1937 veteri
975 1882 1240 1955 ejusdem
1262 1883 1369 1939 loci
1396 1884 1673 1953 Historia,
1700 1901 1825 1956 qua:

164 1970 325 2025 edita
354 1974 446 2026 est
500 1971 556 2025 in
615 1971 950 2043 Appendice
1000 1973 1268 2044 ejusdem
1302 1974 1508 2029 Marcus
1560 1974 1828 2044 Hispan.,

163 2076 334 2114 num.
388 2060 476 2114 45.
512 2060 898 2132 Berengarius
959 2061 1193 2134 quippe,
1227 2067 1294 2118 ut
1352 2062 1431 2118 ibi
1488 2062 1723 2130 dicitur,
1760 2078 1829 2117 ne

163 2147 309 2222 quid
341 2147 538 2204 simile
584 2147 645 2204 in
681 2152 979 2220 posterum
1039 2155 1449 2217 attentaretur,
1492 2150 1827 2207 monasterii

158 2235 471 2309 privilegia
528 2236 797 2301 laudavit,
848 2240 1216 2295 corroboravit
1272 2247 1323 2296 et
1367 2242 1596 2312 propria
1658 2256 1831 2294 manu

162 2326 430 2395 ﬁrmavit,
473 2324 627 2381 facta
657 2342 725 2381 ea
754 2326 825 2381 de
852 2342 911 2381 re
943 2326 1165 2384 charte.
1200 2332 1269 2383 Et
1300 2328 1476 2401 paulo
1512 2334 1645 2401 post
1675 2328 1830 2383 idem

162 2413 351 2469 abbas
382 2413 722 2470 Bernardus
753 2413 1055 2471 Urbanum
1084 2418 1154 2472 ad
1191 2418 1619 2473 monasterium
1637 2416 1831 2472 Sancti

165 2502 351 2571 Egidii
376 2509 621 2559 secutus
646 2503 829 2560 fuisse
855 2504 1210 2571 dieitur,ubi
1246 2506 1479 2579 insigne
1515 2508 1586 2563 ab
1618 2524 1683 2562 eo
1715 2503 1832 2578 pri-

164 2591 447 2664 vilegium
471 2591 746 2659 obtinuit,
773 2610 887 2666 quo
918 2594 1115 2650 omnia
1146 2596 1275 2666 ejus
1295 2596 1436 2667 jura
1460 2601 1515 2652 et
1536 2597 1688 2653 bona
1703 2614 1837 2653 con-

173 2679 517 2735 ﬁrmantur.

241 2768 620 2840 Conquestus
670 2770 845 2825 etiam
916 2776 1002 2827 est
1061 2771 1119 2827 in
1171 2774 1391 2846 synodo
1450 2777 1832 2831 Nemausensi

171 2857 337 2931 Hugo
364 2858 640 2929 Lugduni
675 2859 918 2916 antistes
948 2862 1229 2918 adversus
1292 2863 1625 2920 Richerium
1656 2871 1830 2922 Seno-

177 2962 417 3001 nensem
444 2947 982 3020 metropolitanum,
999 2950 1094 3022 qui
1117 2953 1381 3007 nondum
1410 2954 1620 3009 adduci
1638 2959 1834 3026 potuc-

176 3040 264 3090 rat
284 3036 552 3106 ut,juxta
568 3036 948 3093 conciliorum
975 3041 1355 3096 Arvernensis
1388 3045 1443 3096 et
1475 3043 1831 3099 Turonensis

173 3123 429 3189 decreta,
455 3124 779 3196 primatum
803 3123 1072 3183 Ecclesiae
1098 3128 1506 3201 Lugdunensis
1527 3148 1832 3203 cognosce-

1939 1889 2066 1939 catu
2102 1884 2401 1941 difﬁcilem
2426 1884 2603 1939 fuisse
2631 1901 2697 1939 ex
2716 1884 2968 1939 laudatis
2990 1881 3254 1956 epistolis
3272 1880 3581 1953 colligitur,

1938 1989 2005 2028 ex
2035 1973 2251 2044 quibus
2282 1990 2491 2044 nempe
2529 1976 2687 2045 patet
2734 1973 3060 2028 Gerardum
3102 1972 3171 2026 ab
3202 1972 3355 2026 omni
3382 1972 3582 2041 episco-

1934 2064 2056 2134 pali
2078 2064 2258 2133 ofﬁcio
2288 2079 2611 2134 smpensum
2651 2061 2912 2133 quidem,
2947 2060 3047 2115 sed
3090 2077 3205 2115 non
3252 2062 3586 2114 exauctora-

1938 2156 2065 2206 tum
2100 2151 2478 2208 fuisse.Unde
2500 2151 2623 2223 ipse
2650 2152 2990 2205 Lambertus
3012 2148 3407 2204 Atrebatensis
3433 2165 3584 2204 anno

1940 2240 2205 2311 sequenti
2236 2241 2362 2309 ejus
2381 2257 2616 2294 causam
2642 2238 2898 2311 pontifici
2923 2238 3337 2293 commendare
3360 2236 3581 2292 veritus

1942 2345 2054 2383 non
2088 2332 2195 2393 est,
2219 2333 2284 2383 ut
2305 2328 2459 2383 iul'ra
2489 2328 2835 2383 videbimus.

2012 2417 2270 2472 Similem
2305 2418 2483 2472 ferme
2513 2421 2725 2473 sortem
2760 2434 2825 2471 co
2858 2415 2916 2471 in
2950 2414 3193 2471 concilio
3223 2414 3427 2469 habuit
3469 2415 3582 2469 An-
3622 2416 3641 2429 ’

1943 2505 2069 2561 selli
2094 2504 2691 2562 Bellovacensiselerti
2729 2522 3071 2577 causa,qua3
3094 2502 3171 2558 ibi
3206 2504 3423 2577 agitata
3454 2504 3582 2575 qui-

1943 2595 2213 2663 dem,sed
2237 2595 2480 2651 minime
2504 2594 2742 2651 deﬁnita
2775 2592 3361 2659 fuit.Quamviscnim
3391 2592 3581 2661 multi,

1940 2683 2093 2739 inter
2112 2702 2261 2757 quos
2283 2688 2405 2740 erat
2422 2685 2588 2757 Hugo
2613 2682 2881 2754 Lugduni
2920 2682 3185 2747 antistes,
3220 2699 3323 2754 pro
3355 2680 3586 2737 Ansello

1942 2773 2381 2837 intercederent,
2400 2774 2583 2828 noluit
2603 2777 2794 2828 tamen
2823 2772 3079 2844 pontifex
3102 2771 3229 2842 ejus
3251 2770 3586 2827 electionem

1943 2863 2264 2935 approbare
2290 2881 2303 2925 ;
2330 2863 2426 2917 sed
2455 2880 2556 2917 nec
2586 2880 2711 2917 eam
2742 2859 3008 2928 irritavit,
3039 2864 3103 2913 ut
3134 2877 3201 2914 ex
3233 2859 3421 2915 lvonis
3468 2858 3588 2931 epi-

1943 2951 2089 3007 stola
2118 2955 2189 3007 55
2218 2951 2530 3024 colligitur,
2565 2952 2622 3006 in
2656 2968 2772 3022 qua
2802 2950 3103 3005 Urbanum
3151 2948 3493 3004 adhortatur
3525 2953 3591 3003 ut

1939 3040 2172 3096 Ansello
2204 3042 2390 3095 favere
2422 3045 2640 3112 pergat,
2676 3042 3095 3108 succurratque
3117 3036 3384 3091 Ecclesiae
3416 3036 3591 3091 Bello-

1940 3130 2171 3186 vacensi
2204 3130 2359 3185 hunc
2393 3128 2673 3184 ambienti
2705 3145 2769 3182 ac
2797 3130 3035 3199 propter
3061 3126 3188 3195 ejus
3206 3124 3591 3180 ordinationis

172 3216 359 3277 ret,et
379 3212 625 3285 quidem
667 3215 1049 3272 conﬁrmatus
1080 3199 1292 3273 iterum
1327 3219 1434 3273 fuit.
1463 3199 1689 3291 Hugoni
1726 3220 1837 3292 pri-
1866 3199 1908 3264 (ἶ
1947 3218 2393 3291 suspensionem
2428 3216 2658 3289 magnis
2702 3215 2893 3271 turbis
2926 3214 3176 3287 agitata),
3201 3217 3303 3268 aut
3333 3230 3455 3268 rem
3489 3230 3592 3285 per

169 3306 368 3357 matus
400 3302 462 3356 in
488 3301 599 3358 hac
631 3304 875 3373 synodo,
903 3305 1002 3360 sed
1038 3322 1341 3377 nunquam
1374 3306 1424 3361 ei
1457 3324 1582 3363 sese
1632 3308 1831 3364 Ricbe-

165 3388 289 3446 rius
309 3390 588 3462 subjecit,
608 3392 709 3464 qui
730 3409 797 3448 ea
817 3393 888 3448 de
914 3410 1095 3449 causa
1118 3395 1465 3451 interdictas
1498 3396 1673 3469 paulo
1707 3402 1837 3469 post

165 3494 197 3532 e
227 3479 374 3535 vivis
408 3480 684 3546 excessit,
711 3486 776 3536 ut
803 3498 872 3537 ex
905 3482 1120 3538 Urbani
1153 3482 1343 3556 ipsius
1377 3483 1658 3557 rescripto
1681 3503 1834 3542 anno

172 3567 303 3621 1099
336 3558 477 3624 dato
504 3567 783 3642 colligere
813 3569 977 3625 licet:

244 3656 304 3711 In
326 3657 535 3712 eodem
555 3656 803 3713 concilio
817 3658 1133 3717 Guibertus
1151 3661 1345 3716 Sancti
1363 3662 1629 3718 Germani
1644 3659 1837 3720 Antis-

168 3743 498 3800 siodorensi
533 3745 719 3801 abbas
750 3746 823 3802 ab
853 3747 1183 3804 Humbaldo
1216 3750 1480 3821 ejusdem
1515 3750 1678 3806 urbis
1709 3752 1833 3823 epi-

167 3848 348 3905 scopo
372 3831 675 3890 citatusob
690 3835 1107 3893 variacrimina
1120 3854 1247 3909 quae
1263 3838 1312 3892 ei
1336 3837 1833 3911 impingebantur,

166 3920 295 3977 loco
318 3922 525 3977 cedere
550 3927 792 3979 coactus
808 3928 927 3992 est;
961 3926 1090 3997 ejus
1109 3924 1385 3982 baculum
1419 3928 1686 3983 Urbanus
1715 3928 1834 4000 epi-

168 4025 348 4083 scopo
376 4009 640 4078 tradidit,
662 4028 732 4067 eo
756 4017 926 4084 pacto
947 4019 1013 4068 ut
1034 4013 1172 4069 huic
1196 4016 1547 4072 monasterio
1578 4016 1834 4089 aliquem

164 4098 369 4154 eCasa
417 4099 543 4165 Dei,
579 4105 688 4155 aut
744 4101 948 4173 Majori
1004 4103 1376 4170 Monasterio,
1409 4110 1511 4160 aut
1560 4098 1834 4161 Cluniaco

168 4187 531 4244 monachum
565 4189 905 4260 praeﬁceret,
928 4191 1023 4263 qui
1058 4193 1114 4246 in
1144 4191 1270 4247 loco
1329 4199 1447 4248 tam
1484 4196 1717 4257 illustri,
1752 4194 1833 4249 sic

167 4282 229 4331 et
251 4276 462 4333 merito
482 4277 726 4349 quidem
745 4279 1094 4351 appellatur,
1110 4281 1480 4352 disciplinam
1508 4283 1829 4355 regularem

170 4371 505 4420 restaurare
525 4366 825 4422 niteretur.
842 4368 905 4422 Id
927 4369 1116 4424 fusius
1136 4375 1337 4424 narrat
1359 4370 1545 4425 Guido
1568 4371 1829 4442 ejusdem

169 4452 279 4508 loci
316 4454 501 4509 abbas
524 4453 582 4509 in
616 4455 801 4527 gestis
825 4460 1261 4513 antecessorum
1298 4475 1538 4514 suorum
1598 4465 1753 4515 tomo
1812 4466 1830 4514 Ι

1946 3307 2206 3379 seipsum
2235 3306 2608 3365 absolvendo,
2634 3309 2730 3360 aut
2753 3309 2907 3360 certe
2934 3303 3323 3374 permittendo
3354 3303 3481 3373 ejus
3493 3302 3588 3371 ju-

1944 3396 2163 3451 dicium
2197 3394 2641 3466 metropolitano
2675 3392 3015 3463 caeterisque
3046 3390 3354 3462 provinciae
3375 3390 3592 3462 episco-

1945 3485 2055 3558 pis.
2073 3485 2151 3540 De
2169 3485 2367 3540 eodem
2384 3482 2655 3538 Anselmo
2674 3480 2907 3553 scripsit
2920 3480 3188 3536 Urbanus
3202 3479 3271 3534 ad
3287 3479 3589 3552 Hugonem

1943 3573 2113 3648 epist.
2148 3575 2272 3629 200.

2016 3663 2078 3718 Si
2095 3661 2383 3718 Chronico
2414 3658 2782 3717 Malleaccnsi
2807 3658 2981 3713 ﬁdem
3018 3656 3359 3723 habeamus,
3378 3656 3593 3728 Philip-

1944 3770 2055 3827 pus
2078 3770 2176 3808 rex
2196 3754 2549 3808 Francorum
2565 3749 2699 3803 eoin
2724 3746 2966 3803 concilio
2993 3748 3064 3802 ab
3079 3746 3311 3801 Urbano
3323 3745 3592 3802 Ecclesiae

1912 3835 2351 3898 reconciliatus
2399 3844 2505 3896 est.
2560 3840 2676 3894 Nec
2733 3838 3009 3893 dissentit
3074 3835 3400 3904 Bertoldus,
3460 3836 3595 3892 licet

1944 3931 2135 3987 locum
2170 3930 2268 3986 ubi
2326 3929 2384 3985 id
2419 3930 2636 3984 factum
2692 3926 2865 3982 fuerit
2895 3943 3008 3982 non
3043 3925 3353 3998 exprimat,
3382 3924 3503 3980 haec
3535 3925 3593 3979 in

1944 4019 2231 4075 Chronico
2266 4017 2528 4073 scribens
2561 4033 2573 4070 :
2622 4016 2911 4087 Philippus
2961 4031 3061 4070 rex
3105 4013 3436 4080 Galliarum,
3456 4015 3598 4087 jam-

1942 4108 2149 4163 dudum
2169 4123 2269 4179 pro
2293 4107 2564 4161 adulterio
2594 4105 3093 4160 excommunicatus
3131 4102 3350 4158 tandem
3378 4102 3596 4158 domino

1940 4197 2261 4268 popandum
2291 4196 2465 4250 adhuc
2496 4198 2553 4248 in
2573 4196 2768 4249 Galliis
2796 4200 3121 4258 moraretur,
3145 4194 3280 4247 satis
3310 4193 3596 4247 humiliter

1944 4286 2055 4359 [ad]
2068 4286 2493 4357 satisfactionem
2509 4300 2601 4338 ven
2612 4285 2653 4338 it
2662 4301 2672 4336 :
2689 4287 2738 4337 et
2751 4282 2999 4353 ubjurata
3015 4281 3273 4336 adultera
3288 4282 3343 4334 in
3356 4282 3595 4350 gratiam

1942 4383 2181 4445 receptus
2218 4379 2313 4438 est,
2340 4389 2503 4444 seque
2553 4375 2611 4426 in.
2666 4372 2951 4426 servitium
2995 4370 3211 4424 domino
3265 4383 3422 4440 papa:
3459 4370 3593 4423 satis

1938 4468 2256 4535 promptum
2284 4463 2551 4517 earln'lmzt.
2591 4461 2665 4514 Ex
2699 4459 2914 4532 quibus
2940 4458 3129 4513 verbis
3160 4454 3427 4512 nonnulli
3452 4456 3591 4512 infc-

168 4541 542 4634 Bibliothecze
571 4544 1110 4619 Labbeanaz.Atque
1126 4564 1191 4601 ea
1217 4548 1448 4602 occasio
1478 4547 1829 4604 fuitclunia-
1864 4568 1912 4634 Ι)
1945 4556 2078 4607 runt
2100 4551 2429 4624 Philippum
2451 4548 2724 4605 Nemausi
2760 4547 2978 4620 synodo
3010 4545 3589 4634 praesentemil‘uisse,

165 4646 375 4687 censes
401 4632 460 4687 in
485 4631 593 4687 hoc
617 4634 1045 4690 monasterium
1074 4636 1413 4703 inducendi,
1442 4637 1835 4709 uticolligitur

163 4734 232 4774 ex
258 4719 475 4775 Urbani
499 4720 807 4792 rescripto,
826 4723 896 4777 de
918 4740 1031 4794 quo
1058 4724 1306 4780 inferius
1331 4724 1617 4781 dicemus.
1639 4727 1825 4783 Aliam

163 4824 407 4864 causam
436 4808 734 4881 insignem
767 4810 827 4865 in
849 4811 1052 4867 eadem
1084 4814 1308 4891 synodo
1340 4814 1621 4887 agitatam
1655 4816 1830 4872 disci-

1943 4641 2094 4713 quod
2130 4646 2346 4705 tamen,
2386 4638 2693 4694 silentibus
2725 4635 3083 4700 auctoribus,
3119 4631 3433 4689 verisimile
3473 4650 3590 4688 non

1940 4734 2048 4796 est,
2071 4729 2323 4784 maxime
2354 4746 2485 4783 cum
2520 4728 2647 4799 ejus
2681 4724 2914 4780 nomine
2946 4723 3039 4777 Ivo
3060 4722 3266 4777 adierit
3288 4722 3589 4776 Urbanum

1941 4823 2113 4891 atque
2144 4835 2279 4873 cum
2310 4835 2375 4872 eo
2399 4817 2554 4889 apud
2588 4810 3229 4885 Moutempessulanum
3264 4814 3404 4865 tunc
3423 4809 3594 4867 collo-

159 4913 295 4952 mus
322 4914 390 4953 ex
421 4897 674 4970 epistola
692 4898 987 4955 Lamberti
1019 4901 1279 4975 episcopi
1310 4904 1722 4961 Atrebatensis
1758 4907 1829 4961 ad

160 4984 506 5042 Paschalem
532 4987 581 5042 ll
608 4987 923 5059 papam,in
955 5005 1073 5060 qua
1104 4990 1186 5045 ait
1216 4990 1542 5047 Gerardum
1579 4992 1830 5049 Morino-

164 5091 296 5130 rum
312 5075 669 5150 episcopum
705 5075 764 5131 in
796 5077 1182 5135 Nemausensi
1220 5081 1441 5152 synodo
1457 5082 1695 5138 abomni
1717 5086 1831 5156 epi-

162 5165 367 5237 scopali
395 5166 582 5236 ofﬁcio
643 5181 972 5236 suspensum
1002 5185 1035 5222 α
1081 5168 1247 5224 beatzr
1278 5172 1560 5227 memoriae
1622 5173 1832 5228 Urbano

162 5255 353 5324 fuisse.
382 5255 454 5311 Et
483 5254 733 5326 quidem
767 5254 1071 5313 Manasses
1104 5257 1418 5313 Remorum
1453 5260 1835 5334 archiepisco-

159 5358 271 5416 pus
300 5343 497 5400 eidem
522 5342 834 5398 Lamberto
859 5343 1114 5416 scripsit,
1141 5350 1203 5401 ut
1233 5345 1518 5402 ei‘curam
1579 5349 1834 5407 Morino-

151 5447 285 5489 rum
302 5432 579 5489 ecclesia:
607 5431 680 5486 ad
711 5447 795 5497 se,
822 5430 1037 5503 inquit,
1067 5433 1397 5490 devolutam
1421 5437 1831 5506 committeret,

146 5524 299 5598 quod
328 5519 688 5596 assequendi
746 5519 924 5590 ofﬁcii
975 5522 1066 5575 sui
1115 5526 1353 5593 potestas
1398 5523 1655 5580 Gerardo
1707 5528 1834 5598 ejus

149 5613 421 5671 Ecclesia:
460 5610 773 5683 episcopo,
796 5625 911 5664 non
943 5613 1078 5664 esset
1106 5626 1379 5667 concessa.
1406 5616 1531 5679 Qua
1561 5619 1754 5670 autem
1774 5616 1842 5671 de

1941 4912 2113 4963 cutus
2163 4906 2353 4962 fuerit.
2391 4906 2512 4960 lmo
2571 4902 2873 4974 Philippus
2916 4905 3048 4956 ante
3100 4900 3236 4955 anni
3292 4901 3592 4972 sequentis

1943 4996 2110 5051 initio
2143 5012 2259 5050 non
2307 4994 2537 5049 videtur
2559 4991 2723 5064 plene
2773 4990 2955 5045 fuisse
2986 4988 3221 5044 Eclesitc
3255 4988 3591 5044 reconcilia—

1942 5090 2059 5150 tus,
2097 5084 2178 5138 uti
2214 5087 2371 5155 patet
2403 5100 2470 5137 ex
2528 5080 2841 5152 ipsiusmet
2890 5076 3183 5151 pontiﬁcis
3242 5076 3487 5151 epistola
3519 5076 3589 5131 ad

1943 5173 2272 5228 Manassem
2301 5172 2648 5225 Remensem
2663 5170 3013 5237 caeterosque
3026 5165 3278 5221 Francia:
3290 5163 3593 5236 episcopos

1943 5279 2011 5317 ea
2029 5261 2332 5317 occasione
2364 5260 2519 5325 data,
2551 5272 2677 5328 qua":
2710 5254 2769 5309 in
2801 5254 3147 5310 Collectione
3179 5252 3432 5307 dabitur.
3490 5252 3593 5307 His

1943 5350 2091 5405 adde
2113 5365 2395 5406 canonem
2433 5349 2500 5403 10
2529 5344 2708 5415 hujus
2740 5342 2966 5399 concilii
2998 5347 3199 5398 contra
3236 5340 3593 5395 adulterinas

1945 5439 2200 5510 nuptias,
2236 5436 2336 5510 qui
2389 5435 2729 5505 Philippum
2790 5436 3026 5503 tangere
3057 5430 3303 5484 videtur.
3340 5427 3593 5483 Fabulas

1943 5531 2141 5583 narrat
2166 5525 2483 5582 canonicus
2512 5519 2951 5576 Turonensisin
2987 5516 3310 5583 Chronicis,
3344 5532 3474 5571 cum
3511 5514 3593 5569 ait

1947 5614 2283 5685 Philippum
2315 5630 2381 5667 ea
2401 5608 2702 5666 occasione
2730 5605 2999 5660 amisisse
3033 5621 3235 5659 omnes
3285 5603 3446 5674 regni
3498 5597 3591 5655 sui
