3950 6218
403 369 524 454 ω

1704 378 1774 444 Β.
1820 376 2128 446 ΠΒΒΑΝῙ’
2157 376 2212 446 ΙΙ
2254 377 2506 442 PAPAZ.

3677 375 3792 449 llo.

403 510 846 586 episcopatuum
867 508 1277 578 electiones,a3
1297 509 1634 571 electionem
1668 515 2038 588 Andegaven-
2071 515 2134 582 Αε
2157 513 2311 568 stieae
2333 510 2727 570 abbatisszein
2758 510 2998 572 dimcesi
3025 507 3375 579 Trevircnsi,
3407 510 3558 585 quod
3589 511 3787 572 laudm.

399 599 757 674 sisepiscopi
789 599 987 657 comiti
1020 599 1256 659 Fulconi
1289 609 1412 660 tum
1444 603 1720 660 collatam
1749 605 1950 661 fuisse.

414 745 422 750 .
471 690 894 746 Monachorum
953 691 1129 746 etiam
1182 697 1374 764 partes
1426 694 1878 765 monasticéeque
1920 693 2047 748 vita:

401 778 744 852 dignitatem
769 779 1286 836 etsanctimoniam
1301 782 1528 852 egregie
1545 781 1674 838 tuiti
1693 786 1832 836 sunt
1852 781 2050 836 Patres

401 867 818 924 Nemausensis
845 867 1072 924 concilii
1105 869 1384 924 adversus
1413 885 1612 924 eorum
1657 869 2043 932 :emulatores,

407 956 696 1030 qui-ipsos
726 961 1011 1014 temerario
1041 975 1199 1026 ausu,
1235 961 1300 1014 ut
1327 958 1725 1029 antiquiorum
1783 958 2051 1030 exemplo-

409 1045 595 1116 aiunt,
614 1063 648 1104 a
667 1045 1032 1103 clericalibus
1057 1046 1452 1102 functionibus
1473 1064 1666 1102 arcere
1690 1048 2047 1103 nitebantur.

411 1134 475 1193 Id
501 1134 730 1191 duobus
773 1134 1144 1208 potissimum
1185 1135 1508 1190 canonibus
1557 1136 1885 1208 praestitum
1939 1142 2051 1193 est.

415 1223 542 1278 Haec
574 1225 645 1279 de
674 1223 920 1279 concilio
951 1223 1352 1279 Nemausensi.
2048 1273 2050 1277 .

483 1312 747 1368 Solutum
771 1317 993 1379 erat,ut
1015 1311 1244 1368 videtur
1263 1313 1450 1386 pridie
1479 1315 1610 1369 ldus
1630 1313 1794 1379 Julii,
1817 1332 1936 1386 qua
1961 1315 2053 1372 die

411 1399 694 1464 Urbanus,
731 1401 1154 1458 monasterium
1211 1402 1408 1458 Sancti
1469 1402 1700 1458 Martini
1742 1422 1774 1458 a
1818 1403 2052 1476 Campis

407 1507 588 1564 prope
608 1490 862 1548 Parisios
892 1490 1079 1545 ordini
1113 1490 1482 1547 Cluniacensi
1513 1493 1782 1556 asseruit,
1809 1493 2053 1565 ejusque

411 1579 834 1652 possessiones,
849 1579 1288 1651 quassingillati
1298 1597 1352 1634 n1
1371 1585 1649 1643 recenset,
1666 1581 2053 1648 confirmavit,

410 1667 640 1728 indulto
669 1685 736 1724 ea
755 1668 825 1723 de
849 1685 907 1723 re
929 1667 1228 1740 privilegio
1251 1669 1406 1740 quod
1431 1669 1471 1722 Η
1483 1668 1658 1740 ugoni
1685 1669 2052 1726 Cluniacensi

414 1757 612 1812 abbati
637 1757 985 1829 inscriptum
1015 1761 1124 1812 est.

416 1863 679 1949 CCLXXI.
703 1865 949 1949 Urbem-1:8
975 1863 1207 1949 apud-5.
1239 1865 1534 1949 ίξαίιζιίυῃ.
1566 1866 2055 1949 Eius-praeceptum
2091 1884 2136 1949 Β

481 1937 850 2008 pro-Figiaco.
886 1937 1245 2006 Privilcgium
1275 1937 1660 2008 Itim'pullcnsc.
1693 1939 2056 2006 Privllc’gium

489 2007 862 2070 Balncolense.

489 2113 608 2170 Hac
623 2113 749 2186 ipsa
771 2113 864 2176 die
881 2118 981 2167 aut
1001 2116 1152 2168 certe
1168 2113 1453 2185 sequenti,
1475 2115 1764 2171 Nemauso
1786 2132 2058 2188 egressus

417 2202 696 2276 pontifex,
728 2201 961 2259 divertit
987 2203 1057 2257 ad
1097 2206 1374 2258 Sanctum
1423 2203 1716 2275 .Egidium
1777 2206 1838 2258 in
1898 2204 2059 2261 Valle

418 2291 710 2361 Flaviana,
730 2290 924 2362 ibique
943 2307 1011 2346 ea
1041 2308 1168 2364 quae
1186 2291 1244 2346 in
1271 2293 1490 2364 synodo
1511 2293 1896 2349 Nemausensi
1919 2309 2056 2348 san-

417 2380 532 2436 cita
560 2380 791 2436 fuerant
819 2380 890 2435 de
920 2380 1312 2436 controversia
1369 2381 1521 2436 inter
1571 2381 1942 2453 Figiacenses
2002 2387 2060 2440 et

413 2468 784 2544 Conchenses
805 2467 1131 2524 monachos
1145 2468 1426 2540 rescripto
1447 2469 1832 2538 conﬁrmavit,
1847 2472 1980 2526 dato
1998 2471 2057 2525 in

417 2556 546 2631 ipso
578 2557 933 2614 monasterio
957 2556 1154 2612 Sancti
1173 2557 1381 2630 IEgidii
1407 2558 1606 2614 Idibus
1625 2558 1789 2622 Julii,
1814 2561 1968 2632 quod
1992 2577 2061 2615 ex

401 2645 594 2702 -veteri
629 2646 971 2702 membrana
999 2645 1182 2702 edidit
1211 2651 1407 2703 noster
1424 2647 1687 2702 Joannes
1708 2647 2060 2704 Mabilonius

421 2735 563 2792 Saxo.
589 2735 664 2790 III
706 2735 945 2800 Bened.,
980 2739 1142 2805 parte
1176 2752 1238 2800 ιι,
1264 2751 1396 2807 pag.
1419 2737 1542 2800 448,
1572 2735 1669 2791 ubi
1701 2735 1913 2810 legitur
1941 2743 2059 2792 sta-

420 2825 615 2877 tutum
637 2821 818 2878 fuisse
843 2826 906 2876 ut
927 2827 1170 2894 uterque
1193 2821 1357 2878 locus
1383 2823 1709 2894 proprium,
1733 2841 1858 2890 seu,
1893 2830 1956 2881 ut
1981 2824 2056 2880 ibi

421 2909 684 2982 loquitur
712 2908 987 2981 pontifex,
1019 2910 1359 2965 cardinalem
1387 2911 1655 2968 abbatem
1689 2911 1947 2982 haberet,
1981 2913 2063 2968 ita

419 3001 617 3056 tamen
640 3001 706 3053 ut
726 2997 1043 3070 Figiacum,
1068 2998 1222 3070 quod
1245 2997 1651 3056 Cluniacenses
1682 3001 2052 3073 repetierant,

423 3086 534 3144 sub
563 3103 703 3143 cura
730 3090 788 3141 et
816 3085 1146 3158 provisione
1175 3086 1573 3144 Cluniacensis
1598 3089 1828 3145 abbatis
1871 3107 2060 3146 rema-

423 3177 599 3232 neret.
619 3174 767 3230 Atin
789 3173 900 3230 alio
922 3174 1276 3248 apographo,
1297 3177 1450 3246 quod
1482 3194 1552 3231 ex
1591 3177 1822 3234 archivo
1869 3179 2056 3252 Figia-

2052 622 2057 630 ·
2155 605 2281 657 tum
2313 601 2422 658 fuit
2474 601 2532 658 in
2581 603 2940 674 placilatione
2968 603 3230 658 an.1128
3281 601 3434 658 inter
3472 602 3784 662 Lanzonem

2157 692 2427 747 abbatem
2443 693 2636 746 Sancti
2665 691 2963 747 Michaelis
2993 691 3068 747 ad
3100 692 3411 748 Mosamet
3440 693 3782 750 Harduidem

2157 781 2515 836 aboatissam
2549 781 2856 847 Juviniaci,
2890 797 2922 836 a
2957 780 3184 838 Baluzio
3213 781 3557 838 editatomo
3587 783 3661 838 IV
3688 783 3790 842 Mi-

2159 869 2422 936 scellan.,
2467 887 2535 925 ex
2568 887 2684 942 qua
2740 869 3034 943 colligitur
3063 870 3422 926 Harduidem
3454 887 3604 926 anno
3660 873 3792 928 1124

2158 956 2400 1013 electam
2422 959 2601 1014 fuisse
2631 959 2832 1014 decem
2861 964 2919 1013 et
2947 964 3074 1014 octo
3101 958 3274 1014 annis
3305 965 3438 1030 post
3464 959 3791 1033 Walburgis

2162 1055 2429 1112 mortem,
2461 1064 2590 1120 qum
2642 1047 2885 1120 proinde
2941 1064 3092 1102 anno
3115 1074 3120 1081 -
3141 1049 3280 1102 1106
3310 1047 3527 1104 obiisse
3557 1049 3792 1106 dicenda

2161 1143 2269 1194 est.
2593 1170 2596 1174 ~
3697 1162 3699 1165 ·

2231 1227 2508 1298 Sequenti
2533 1225 2626 1282 die
2648 1225 2916 1282 Urbanus
2939 1225 3129 1282 adhuc
3157 1225 3216 1282 in
3236 1227 3590 1283 monasterio
3603 1228 3784 1284 Sancti

2160 1315 2371 1390 ngidii
2427 1315 2787 1382 versabatur,
2819 1315 2902 1371 uti
2961 1315 3181 1371 indicat
3229 1316 3360 1387 ejus
3389 1315 3646 1388 diploma
3696 1336 3790 1390 pro

2162 1405 2403 1462 ecclesia
2444 1403 2638 1460 Sancti
2685 1404 3005 1473 Saturnini,
3037 1406 3096 1459 in
3128 1422 3246 1477 quo
3275 1406 3535 1478 pontifex
3565 1423 3784 1464 causam

2163 1495 2314 1550 inter
2359 1495 2670 1554 canonicos
2700 1496 2829 1565 ejus
2859 1493 3118 1550 ecclesia:
3147 1499 3205 1550 et
3259 1495 3532 1551 Isarnum
3580 1496 3796 1554 Tolosae

2161 1585 2522 1656 episcopum,
2548 1583 2604 1638 in
2636 1582 2880 1639 concilio
2912 1583 3318 1652 Nemausensi,
3341 1585 3428 1640 uti
3461 1602 3636 1656 supra
3661 1585 3786 1641 dixi-

2167 1689 2318 1736 mus,
2352 1671 2629 1744 agitatam
2661 1673 2790 1726 fuse
2819 1672 3074 1744 exponit.

2163 1778 2458 1854 CCLXX”.
2495 1779 2946 1854 1Ιινίηήοηιξ[αἰτέει
2974 1779 3172 1854 (latum
3231 1780 3300 1833 ab
3366 1781 3580 1836 Urbana
3630 1783 3787 1854 prwi~

2237 1852 2456 1922 legium.
2486 1852 2614 1905 Item
2639 1866 2741 1921 pro
2768 1850 2820 1904 S.
2854 1849 3090 1918 ΑΕῃὶίίίο.
3138 1853 3269 1907 Item
3317 1867 3425 1922 pro
3483 1849 3796 1908 nwndstcrie

2234 1925 2293 2045 ξ.
2309 1921 2562 2046 ὶ4νιίινεεε.
2583 1923 2873 1976 Arcnlom's
2903 1923 3130 1977 ecclesia
3157 1921 3442 1979 canonicis
3464 1924 3790 1992 regularibus

2237 2009 2306 2046 (α
2333 2010 2384 2046 α.

2237 2009 2384 2047 (ιατα.

2236 2098 2454 2154 Eadem
2481 2098 2661 2154 ferme
2688 2098 2896 2170 repetit
2926 2097 2981 2153 in
3017 2097 3179 2154 bulla
3205 2099 3276 2155 ad
3309 2101 3622 2158 canonicos
3649 2101 3788 2173 ejus-

2166 2187 2296 2242 dem
2325 2187 2577 2244 ecclesize
2601 2191 2733 2260 post
2752 2187 2902 2242 duos
2914 2187 3038 2243 dies
3054 2187 3190 2243 data
3209 2189 3368 2260 apud
3389 2189 3789 2248 monasterium

2167 2276 2382 2332 Montis
2401 2275 2832 2345 Andaonis,seu
2876 2275 3068 2332 Sencti
3089 2277 3332 2334 Andreae
3358 2279 3538 2336 situm
3587 2280 3641 2336 in
3671 2281 3790 2336 sub-

2169 2365 2336 2420 urbio
2348 2365 2753 2431 Avenionensi,
2773 2364 2924 2436 quod
2951 2364 3122 2421 hodie
3139 2364 3450 2423 Villanova
3465 2367 3787 2440 appellatur.

2168 2457 2292 2521 Qua
2312 2453 2490 2509 etiam
2507 2454 2635 2526 ipsa
2653 2453 2766 2513 die.
2791 2453 3011 2509 scilicet
3031 2457 3102 2508 22
3127 2453 3292 2523 Julii,
3315 2457 3679 2514 conﬁrmavit
3705 2458 3789 2514 do-

2169 2543 2460 2598 nationem
2483 2541 2651 2598 vallis
2695 2541 2975 2598 Flavianze
3010 2560 3044 2597 a
3073 2543 3423 2616 Raymundo
3457 2545 3662 2602 comite
3687 2562 3793 2601 mo-

2171 2628 2424 2685 nasterio
2453 2628 2646 2685 Sancti
2678 2627 2888 2700 Egidii
2922 2629 3134 2684 factam
3167 2629 3224 2686 in
3255 2631 3506 2688 concilio
3564 2633 3792 2689 Nemau-

2169 2707 2444 2787 sensi,uti
2477 2733 2584 2772 suo
2623 2715 2748 2772 loco
2769 2716 3050 2774 diximus.
3076 2717 3158 2773 Ne
3187 2735 3322 2776 vero
3359 2721 3485 2794 ipse
3509 2737 3643 2794 erga
3668 2737 3790 2778 suos

2169 2805 2431 2878 hospites
2458 2803 2722 2877 ingratus
2751 2805 3062 2874 videretur,
3096 2806 3190 2862 die
3215 2809 3486 2880 sequenti
3522 2813 3789 2870 monaste-

2171 2893 2324 2949 rium
2354 2894 2550 2950 Sancti
2583 2894 2846 2962 Andreae,
2868 2894 2924 2948 in
2954 2912 3068 2967 quo
3091 2899 3234 2951 tunc
3253 2897 3508 2970 degebat
3537 2900 3640 2956 sub
3668 2915 3790 2971 apt»

2170 2981 2378 3038 stolica
2393 2982 2638 3039 tuitione
2661 2983 2919 3056 suscepit
2943 3000 3010 3039 ac
3031 2983 3351 3058 privilegiis
3376 2987 3640 3054 munivit,
3669 2987 3787 3043 data

2169 3088 2237 3128 ea
2265 3072 2336 3127 de
2364 3087 2426 3126 re
2457 3069 2615 3126 bulla
2643 3072 2808 3128 Petro
2859 3073 3054 3129 abbati
3096 3073 3405 3147 inscripta.
3438 3077 3613 3133 Aiunt
3639 3082 3780 3133 Sam-

2171 3160 2464 3216 martbani
2491 3165 2648 3216 tomo
2681 3165 2700 3216 Ι
2728 3159 2922 3216 Galliae
2954 3161 3296 3220 Christianae
3328 3180 3402 3220 ea:
3427 3167 3656 3238 publicis
3699 3169 3784 3221 Ec-

409 3263 949 3335 .censidescriptum
975 3265 1280 3320 nobiscum
1301 3248 2038 3324 communicavitvirclaris

2170 3251 2348 3304 clcsz'ae
2377 3249 2794 3306 Avenionensis
2822 3251 3024 3306 tabulis
3049 3251 3318 3322 ejusdem
3342 3255 3508 3310 urbis
3529 3253 3788 3327 principe:

417 3353 749 3426 Stephanus
762 3351 1054 3419 Baluzius,
1071 3353 1466 3426 praetermissa
1481 3354 1710 3410 abbatis
1727 3355 2062 3412 Cluniacen-

413 3441 496 3499 sis
553 3441 865 3508 mentione,
897 3441 1203 3498 deﬁnitum
1234 3441 1293 3497 in
1335 3441 1579 3498 concilio
1637 3443 1854 3498 dicitur
1882 3443 2063 3500 fuisse

413 3535 478 3586 ut
501 3535 819 3602 utrumque
850 3529 1272 3587 monasterium
1304 3531 1537 3586 sisteret
1565 3531 1676 3586 sub
1709 3531 1926 3603 proprii
1969 3532 2060 3587 sui

411 3619 642 3678 abbatis
671 3635 834 3676 cura.
867 3619 1002 3675 Utra
1031 3623 1226 3674 autem
1256 3618 1424 3674 lectio
1456 3619 1534 3674 sit
1561 3620 1922 3691 praeferenda
1960 3619 2057 3676 alii

411 3709 693 3778 viderint;
719 3713 782 3772 at
793 3712 1014 3762 certum
1033 3712 1124 3762 est
1143 3706 1478 3778 Figiacense
1501 3707 1924 3764 monasterium
1948 3709 2057 3765 sub

413 3795 784 3854 Cluniacensi
815 3795 1016 3852 ordine
1045 3811 1444 3866 perseverasse
1474 3811 1661 3866 usque
1692 3796 1762 3850 ad
1778 3796 2058 3853 saeculum

411 3902 536 3953 xvx,
563 3901 678 3956 quo
731 3884 859 3955 ejus
914 3883 1024 3938 loci
1083 3881 1378 3950 monachi,
1411 3883 1654 3953 abjectis
1697 3883 1962 3951 cucullis,
1995 3885 2054 3942 in

413 3971 722 4029 seculares
738 3971 1048 4026 canonicos
1078 3970 1288 4025 mutati
1319 3974 1474 4026 sunt.
1511 3972 1877 4044 Rescriptum
1911 3973 2054 4032 illud

411 4077 547 4116 cum
570 4059 888 4116 lectionum
919 4059 1297 4114 varietatibus
1328 4058 1475 4116 inter
1507 4059 1722 4116 Urbani
1773 4061 2051 4133 epistolas

411 4148 669 4204 dabitur.

477 4237 582 4294 Die
603 4253 718 4293 xvn
742 4235 1032 4293 Kalendas
1060 4236 1328 4310 Augusti,
1353 4237 1656 4294 occasione
1690 4256 1888 4295 eorum
1922 4257 2050 4312 quae

408 4325 687 4382 adversus
720 4324 1136 4395 Rivipullensis
1177 4325 1516 4381 monasterii
1566 4327 1840 4384 ecclesias
1899 4329 2052 4386 facta

407 4415 745 4481 fuerant,uti
761 4413 935 4488 paulo
952 4419 1123 4470 antea
1138 4415 1772 4485 dicebamus,Urbanus
1783 4417 2048 4486 ejusdem

403 4503 742 4560 monasterii
796 4502 1116 4577 privilegia,
1149 4503 1450 4560 recensitis
1493 4504 1668 4560 etiam
1700 4504 2043 4578 singulatim

2171 3337 2285 3394 lem
2319 3336 2623 3394 ecclesiam
2653 3339 2724 3393 ab
2759 3338 2988 3394 Urbano
3022 3340 3069 3396 Il
3101 3341 3402 3400 canonicis
3451 3341 3787 3416 regularibus

2169 3425 2449 3483 traditam
2484 3425 2684 3494 fuisse,
2717 3443 2784 3481 ac
2816 3427 2967 3483 inter
2996 3426 3126 3484 illos
3153 3429 3466 3487 Alfonsum
3511 3430 3790 3504 Aragonitc.

2171 3514 2500 3587 regem,qui
2528 3519 2664 3570 tunc
2696 3515 3007 3587 provinciae
3045 3533 3242 3572 comes
3271 3523 3418 3586 erat,
3439 3517 3785 3576 annumerari

2171 3601 2613 3675 voluisse;quod
2633 3601 2880 3659 inﬁciari
2916 3603 3192 3670 nolimus,
3207 3610 3268 3661 at
3289 3623 3410 3678 qua
3429 3608 3487 3664 id
3515 3606 3786 3664 occasione

2170 3690 2386 3756 factum
2411 3691 2585 3747 fuerit
2607 3708 2720 3749 non
2743 3693 3020 3761 referunt,
3045 3710 3150 3750 nec
3174 3699 3342 3752 vacat
3369 3695 3643 3754 divinare.

2363 3797 2693 3855 CCLXXIII.
2715 3799 2798 3854 An
2815 3801 3071 3870 pontifex
3097 3801 3370 3859 Arelatem
3397 3803 3615 3861 adierit.

2237 3885 2402 3942 Haud
2428 3887 2614 3957 magis
2633 3885 2817 3958 liquet
2837 3903 2909 3941 an
2935 3904 3194 3960 unquam
3216 3888 3371 3945 idem
3391 3891 3640 3963 pontifex
3667 3892 3788 3945 Area

2163 3971 2340 4029 latem
2369 3973 2598 4044 adierit,
2633 3975 2731 4029 ubi
2763 3980 2959 4031 tamen
2987 3992 3021 4030 a
3051 3976 3318 4034 Gibelino
3350 3980 3612 4052 ejusdem
3642 3976 3785 4036 urbis

2163 4061 2619 4134 archiepiscopo,
2637 4063 2736 4134 qui
2771 4069 2894 4118 tum
2922 4063 2981 4120 in
3013 4065 3310 4136 pontificio
3344 4067 3620 4124 comitatu
3651 4071 3786 4127 erat,

2161 4167 2296 4206 cum
2327 4168 2356 4204 e
2383 4150 2564 4206 Gallis
2585 4150 2644 4205 in
2667 4151 2896 4208 Italiam
2912 4152 3146 4220 rediret,
3175 4155 3488 4228 magniﬁco
3517 4159 3790 4229 apparatu-

2159 4245 2433 4311 exceptus
2465 4239 2644 4296 fuisse
2673 4240 2906 4296 dicitur.
2943 4242 3059 4300 Hoc
3089 4242 3326 4316 quidem
3358 4244 3620 4301 nonnulli
3660 4257 3776 4299 cum

2160 4328 2330 4384 Saxio
2352 4333 2408 4382 et
2439 4328 2907 4386 Sammarlhanis
2929 4331 3213 4398 scribunt,
3247 4333 3349 4388 sed
3386 4351 3498 4390 non
3531 4351 3598 4390 ex
3623 4329 3789 4388 certis:

2159 4417 2575 4474 monumentis.
2592 4423 2742 4474 certe
2769 4417 2928 4474 nulla
2947 4419 3184 4476 omnino
3215 4422 3274 4476 in
3306 4423 3436 4494 ejus
3494 4422 3570 4478 rei
3598 4419 3778 4477 conﬁr-

2158 4505 2474 4561 mationem
2497 4507 2708 4562 ferunt.
2729 4507 2970 4562 Constat
2991 4509 3322 4580 quidemex
3339 4511 3775 4582 ipsiusmetpow

405 4592 1046 4666 ejuspossessionibus,
1066 4591 1318 4650 ﬁrmavit
1337 4591 1552 4665 insigni
1575 4591 2047 4662 bulla,.inmona-
2083 4613 2128 4677 υ
2156 4593 2328 4650 tiﬁcis
2343 4592 2590 4666 epistola
2601 4595 2728 4664 jam
2757 4611 2872 4650 non
2896 4595 3077 4652 semel
3099 4597 3338 4654 laudata
3361 4601 3433 4654 ad
3469 4597 3772 4656 Richarium

403 4682 580 4739 sterio
593 4681 652 4738 S.
670 4680 881 4754 {Egidii
893 4681 1046 4737 data.
1061 4681 1366 4746 Postridie,
1383 4681 1537 4736 idem
1551 4679 1820 4737 Urbanus
1843 4700 2044 4738 mona-

400 4770 644 4828 sterium
699 4769 1078 4828 Balneolense
1129 4769 1447 4842 apostolico
1504 4769 1826 4846 privilegio,
1889 4772 2042 4844 quod

399 4857 707 4916 Benedicto
738 4859 931 4915 abbati
964 4859 1313 4932 inscriptum
1351 4863 1460 4924 est,
1492 4857 1710 4913 ibidem
1771 4860 2040 4914 munivit.

399 4947 572 5004 Porro
594 4947 751 5002 istud
774 4947 1168 5020 privilegium,
1192 4947 1346 5002 sicut
1375 4951 1432 5002 et
1479 4947 1832 5019 praecedens,
1858 4948 2039 5003 illust.

397 5035 602 5091 Petrus
625 5035 1060 5091 deMarcalibro
1079 5053 1132 5090 ιν
1149 5035 1352 5090 Marem
1383 5034 1708 5107 Hispaniam
1731 5036 1803 5090 ad
1821 5054 2042 5092 annum

396 5123 535 5179 1097
567 5121 786 5178 retulit.
821 5124 932 5178 Sed
987 5131 1136 5178 notae
1191 5122 1316 5178 aliae
1375 5123 1817 5194 chronologicm,
1845 5141 2041 5179 rerum

2155 4687 2213 4738 et
2232 4682 2378 4738 alios
2412 4681 2716 4754 episcopos
2753 4683 3105 4754 Gallicanos,
3130 4687 3418 4757 synodum
3452 4703 3576 4743 eam
3607 4686 3661 4740 in
3690 4700 3776 4738 ur-

2155 4773 2287 4827 bem
2329 4772 2400 4826 ab
2458 4788 2524 4826 eo
2557 4771 2834 4826 indictam
2867 4772 3068 4829 fuisse.
3099 4775 3172 4830 At
3201 4774 3359 4831 haud
3391 4775 3584 4832 minus
3613 4773 3776 4845 liquet

2153 4875 2283 4915 eam
2315 4859 2604 4932 synodum
2633 4859 2712 4914 ibi
2744 4877 2858 4915 non
2893 4861 3073 4917 fuisse
3105 4862 3477 4932 celebratam,
3499 4858 3774 4937 quodqui-

2153 4948 2284 5003 dem
2310 4947 2639 5004 conﬁrmari
2664 4953 2853 5020 potest
2869 4965 2938 5004 ex
2969 4950 3158 5007 lvonis
3185 4953 3432 5024 epistola
3459 4953 3530 5010 56
3559 4964 3772 5022 respon-

2155 5036 2344 5091 dentis
2371 5037 2632 5109 Pbilippo
2655 5037 2775 5110 regi
2799 5040 3176 5110 conquerenti
3199 5041 3480 5098 adversus
3494 5041 3772 5112 Hugoncm

2152 5124 2626 5195 Lugdunensem,
2647 5125 2798 5196 quod
2825 5131 2956 5195 post
2977 5125 3092 5183 duo
3115 5126 3224 5182 hoc
3253 5145 3408 5184 anno
3429 5126 3490 5182 in
3511 5120 3791 5182 Galliisab.

2153 5211 2279 5282 ipso
2312 5213 2583 5283 pontiﬁce
2616 5212 2814 5267 habita
2847 5213 3114 5284 concilia,
3149 5215 3207 5272 id
3241 5222 3330 5272 est
3375 5217 3698 5272 Turonense
3722 5211 3771 5264 et

2153 5301 2570 5366 Nemausense,
2613 5302 2872 5366 tertium,
2912 5301 3177 5360 videlicet
3208 5310 3342 5378 post
3365 5303 3582 5362 Urbani
3605 5300 3774 5356 discer'

2153 5404 2284 5442 sum
2317 5393 2708 5444 convocasset.
2743 5389 2906 5445 Unde
2953 5391 3266 5462 conjicitur
3317 5393 3603 5466 synodum
3655 5402 3770 5460 qua!

2150 5475 2438 5531 Arelatem
2465 5477 2537 5532 ab
2576 5476 2807 5533 Urbano
2838 5485 3150 5535 convocata
3181 5482 3390 5549 fuerat,
3423 5481 3571 5538 hanc
3598 5477 3766 5551 ipsum

2150 5579 2281 5620 esse
2315 5579 2490 5633 quam
2515 5564 2668 5619 idem
2689 5565 3239 5636 pontifex-Nemausi
3263 5569 3588 5626 celebravit.
3621 5559 3776 5621 Haud‘

2150 5656 2345 5705 tamen
2369 5650 2536 5720 plane
2562 5651 2806 5707 inliciari
2846 5653 3120 5712 nolumus
3150 5657 3450 5715 Urbanum
3481 5654 3764 5732 Arelatem:

2150 5757 2182 5794 a
2209 5755 2324 5809 qua
2351 5739 2492 5794 urbe
2525 5745 2658 5794 tunc
2688 5739 2841 5794 haud
2876 5743 3074 5812 procul
3107 5747 3326 5818 aberat,
3358 5747 3636 5804 invisisse.

389 5215 690 5286 gestarum
719 5210 898 5267 series
919 5214 976 5266 et
997 5211 1230 5267 locusin
1256 5212 1520 5284 quodata
1547 5216 1800 5275 ruerunt,
1831 5211 2043 5266 invicte

391 5301 645 5374 probant
669 5315 738 5355 ea.
793 5299 866 5355 ad
910 5317 1128 5355 annum
1185 5301 1323 5355 1096
1353 5299 1675 5354 revocanda
1725 5315 1873 5362 esse,
1913 5299 2044 5354 licet

395 5389 535 5444 1097
565 5387 899 5460 praeferunt,
921 5388 1093 5458 juxta
1143 5385 1434 5442 calculum
1476 5385 1774 5450 Pisanum,
1809 5401 1945 5456 quo,
1981 5393 2043 5442 ut

376 5479 507 5548 jam
534 5491 652 5530 non
681 5475 1328 5542 semelobservavimus,
1351 5473 1490 5529 anni
1519 5470 1752 5526 initium
1785 5489 1817 5526 a
1838 5473 2042 5530 Martio

387 5563 747 5636 praecedente
773 5563 1121 5619 desumitur.

458 5650 560 5704 Dic
579 5668 669 5704 x1v
692 5651 812 5708 Kal.
830 5652 1078 5724 Augusti
1101 5651 1330 5720 insigne
1353 5644 1722 5718 privilegium
1747 5649 2039 5706 concessit

386 5737 666 5809 Galburgi
696 5757 796 5795 seu
822 5735 1123 5810 Walburgi
1141 5733 1533 5792 Juviniacensi
1557 5732 1780 5788 Sanctae
1803 5735 2039 5793 Schola-
