3950 6218
350 383 476 452 319

1649 389 1721 456 Β.
1766 388 2065 458 URBANI
2107 385 2164 456 ῘῘ
2205 393 2454 461 ΡΑΡΑΞ.

3648 385 3784 456 220
3809 392 3836 408 ’⁷

355 527 414 583 et
442 521 746 582 Novariam
774 522 834 582 in
865 523 1081 583 ducatu
1111 523 1550 596 Mediolanensi,
1579 541 1744 602 prope
1775 527 2005 602 Papiam
2032 525 2088 596 Α
2115 547 2453 608 compressa
2483 536 2606 592 erat
2633 527 3396 609 protervia,peregrinorum
3430 529 3500 587 ad
3533 528 3772 587 vatim.

353 615 671 672 solemniter
696 613 1330 690 celebravit,multosque
1351 619 1621 692 episcopos
1645 627 1697 675 et
1722 621 2003 692 principes

355 705 419 761 in
446 721 542 760 suo
570 704 834 760 comitatu
861 703 1072 762 habuit.

430 791 606 848 Paulo
636 797 788 866 post,
833 791 889 846 id
935 796 1024 848 est
1067 810 1166 849 vm
1195 793 1317 850 Kal.
1369 795 1654 861 Octobris,
1703 812 1772 850 ex
1826 795 2002 850 veteri

355 880 618 955 catalogo
649 881 802 954 apud
837 881 1130 937 Mabillon.
1160 883 1364 939 tomoI
1397 883 1578 938 Musei
1611 883 1791 939 Italici
1825 885 1999 951 edito,

353 969 634 1028 Arnulfus
681 969 992 1026 Mediolani
1041 972 1287 1027 antistes
1333 972 1580 1028 excessit
1625 989 1655 1027 e
1706 973 1846 1038 vita,
1907 973 1999 1028 cui

351 1059 668 1117 Anselmus
694 1059 767 1115 de
797 1058 934 1114 Buiz
964 1059 1319 1116 substitutus
1349 1059 1561 1116 stolam
1601 1076 1706 1116 seu
1757 1059 2000 1134 pallium

353 1147 846 1222 archiepiscopale
862 1164 962 1220 per
981 1149 1216 1217 legatum
1234 1149 1448 1205 domini
1465 1166 1620 1222 papa
1633 1151 1743 1206 sibi
1761 1149 2004 1206 delatam

353 1237 554 1305 induit,
588 1241 652 1293 ut
675 1241 874 1293 narrat
902 1237 1222 1293 Laudulfus
1271 1239 1344 1294 de
1389 1243 1598 1294 Sancto
1639 1239 1816 1294 Paulo
1847 1240 2000 1311 apud

353 1325 702 1382 Puricellum
733 1330 790 1382 et
819 1325 1128 1400 Ugbellum
1165 1332 1323 1383 tomo
1357 1327 1426 1383 ιν
1461 1326 1635 1382 Italiae
1665 1345 1860 1384 διιεῖ-δε.
1892 1328 1999 1383 Ve-

350 1432 482 1472 reor
506 1419 701 1471 tamen
735 1431 806 1471 ne
829 1415 952 1471 haec
983 1415 1142 1488 pallii
1176 1433 1277 1488 per
1305 1415 1563 1489 legatum
1595 1415 1808 1472 delatio
1829 1417 1898 1473 ad
1925 1417 2004 1472 al-

348 1508 538 1561 terum
568 1503 934 1568 Ansclmum,
968 1505 1039 1560 de
1065 1521 1182 1576 quo
1207 1505 1466 1560 diximus
1497 1505 1567 1560 ad
1610 1522 1830 1561 annum
1867 1507 2004 1561 1093

350 1593 674 1650 revocanda
698 1592 868 1662 sit,ut
897 1609 965 1648 ex
995 1593 1280 1648 Pandulfo
1312 1593 1369 1648 in
1402 1593 1618 1650 Urbani
1644 1593 1776 1649 Vita
1805 1594 1884 1650 ibi
1907 1595 2004 1649 ob»

351 1681 734 1738 servavimus.

439 1769 770 1826 CCLXXIX.
804 1770 1088 1828 Cremonae
1111 1773 1467 1843 privilegium
1494 1772 1586 1828 dat
1616 1773 1670 1827 S.
1705 1773 1912 1829 Basolo.

425 1858 615 1914 Pridie
643 1857 801 1923 ldus,
830 1875 933 1914 seu
964 1859 1056 1914 die
1093 1861 1155 1915 14
1185 1859 1472 1928 Octobris,
1515 1860 1808 1916 Cremona:
1858 1877 1997 1932 pon-

350 1947 568 2003 tificem
583 1947 944 2018 hospitatum
969 1948 1150 2004 fuisse
1173 1947 1507 2021 colligimus
1519 1967 1588 2004 ex
1605 1949 1764 2005 bulla
1783 1949 2003 2005 ibidem

351 2051 631 2092 concessa
661 2037 1016 2092 monasterio
1044 2036 1238 2093 Sancti
1261 2037 1449 2094 Basoli
1469 2039 1528 2094 in
1549 2055 1687 2112 agro
1708 2038 2000 2095 Remensi.

350 2123 472 2181 Etsi
489 2123 642 2180 enim
660 2141 880 2180 annum
907 2125 1042 2180 1098
1066 2126 1126 2181 in
1151 2126 1330 2182 veteri
1360 2127 1882 2199 apographo,quod
1914 2127 2003 2184 usi

351 2213 1044 2288 fuimus,praeferat,hanc
1072 2218 1268 2271 tamen
1302 2215 1373 2270 ad
1408 2219 1750 2288 praesentem
1781 2231 2003 2271 annum

351 2301 551 2358 referri
579 2301 789 2358 debere
818 2303 1190 2375 persuadent,
1222 2307 1430 2376 printer
1457 2303 1715 2361 locorum
1745 2306 2003 2360 circum-

349 2391 627 2450 stantiam
659 2407 862 2448 omnes
909 2395 1057 2447 notze
1105 2392 1527 2466 chronologicaa
1577 2393 1658 2450 ibi
1699 2394 2000 2467 appositae.

350 2480 414 2538 In
445 2496 534 2549 ea,
559 2479 713 2536 sicut
740 2483 797 2536 et
824 2479 884 2535 in
917 2481 1320 2552 praesenti,pro
1348 2481 1658 2554 Scriptura:
1689 2483 2001 2551 sententia,

348 2568 472 2626 haec
499 2568 678 2624 verba
705 2568 1038 2626 referuntur
1065 2569 1392 2626 intersertis
1420 2571 1716 2637 crucibus,
1748 2573 2001 2642 legimus,

349 2658 656 2728 ﬁrmamus,
685 2661 874 2713 sancte
923 2658 1129 2727 Basole,
1163 2674 1291 2730 quae
1343 2659 1487 2714 torte
1535 2659 1795 2732 pontifex
1835 2661 2005 2716 adbi-

350 2745 546 2801 buerit
591 2745 665 2802 ob
710 2745 1070 2819 singularem
1117 2747 1248 2816 eius
1297 2747 1569 2804 affectum
1618 2748 1676 2804 in
1725 2752 2000 2806 Sanctum

349 2831 652 2899 Basolum,
694 2833 752 2888 in
801 2833 974 2905 cujus
1019 2835 1363 2892 monasterii
1409 2835 1622 2893 vicinia
1674 2842 1849 2894 natus
1905 2843 2008 2894 aut

356 2925 511 2978 certe
537 2921 824 2978 educatus
853 2922 1061 2980 fuerat.
1093 2925 1174 2980 Ea
1205 2939 1418 2998 nempe
1437 2925 1700 2982 advocati
1723 2928 1853 2998 ejus
1875 2944 2005 2983 mo-

352 3009 595 3069 nasterii
627 3009 940 3068 saeculares
957 3012 1189 3084 penitus
1214 3013 1710 3088 abrogantur;qui
1741 3016 2002 3087 quidem,

353 3098 404 3157 si
435 3098 707 3158 Urbanus
731 3117 800 3156 ex
826 3099 1339 3158 Castilionensium
1371 3102 1744 3159 dominorum
1785 3104 2008 3160 familia

351 3188 549 3255 fuerit,
580 3188 674 3245 sui
706 3189 895 3262 ipsius
923 3189 1258 3247 consobrini
1281 3195 1466 3248 erant.

458 3277 786 3339 .CCLXXX.
817 3279 1006 3334 Latini
1024 3279 1496 3408 :pgseopitilrwcis
1525 3282 1586 3338 in
1617 3281 1875 3339 Calabria

1054 3367 1092 3407 u
1127 3368 1153 3406 s
1178 3368 1196 3407 ι
1225 3369 1258 3408 u
1289 3369 1326 3408 ι.

1054 3367 1326 3408 uosututi.

423 3439 528 3495 His
554 3437 920 3512 temporibus
952 3445 1182 3496 mortuo
1211 3441 1368 3515 apud
1417 3440 1660 3498 Calabro
1699 3441 2002 3498 Theodoro

351 3526 739 3600 Squillacensi
771 3527 1068 3600 episcOpu,
1095 3528 1381 3602 Rogerius
1415 3546 1610 3586 comes
1641 3529 1700 3586 in
1735 3530 2002 3586 animum

349 3615 463 3674 sibi
477 3615 711 3672 induxit
733 3616 920 3672 hacin
941 3615 1735 3685 ecclesia,omissisGraacis,e
1750 3634 2003 3690 quorum

347 3709 522 3780 gente
552 3704 798 3761 ultimus
829 3704 944 3760 fuit
969 3705 1312 3762 Theodorus
1339 3705 1682 3778 episcopum
1707 3706 2002 3773 Latinum,

349 3793 494 3867 quia
539 3793 728 3848 multo
785 3791 982 3864 plures
1040 3793 1254 3862 Latini,
1314 3793 1536 3850 scilicet
1591 3794 2002 3864 Northmanni,

350 3897 532 3954 quam
560 3881 764 3949 Graeci,
789 3884 917 3936 tum
950 3881 1031 3936 ibi
1063 3881 1430 3947 habitabant,
1464 3882 1791 3938 instituere.
1841 3885 2004 3950 Quod

349 3957 428 4027 et
452 3968 647 4040 reipsa
699 3969 990 4041 praestitit,
1023 3970 1480 4026 assentientibus
1530 3970 1666 4026 aliis
1714 3972 2004 4046 episcopis

349 4055 595 4123 Latinis,
627 4073 778 4129 quos
805 4072 876 4112 ea
903 4057 974 4113 de
1003 4074 1183 4114 causa
1210 4074 1241 4114 e
1279 4058 1479 4116 Sicilia
1520 4059 1917 4128 advocaverat,
1949 4067 2008 4118 et

350 4144 726 4220 potissimum
758 4145 984 4202 Saxone
1003 4162 1107 4203 seu
1129 4147 1382 4204 Sassone
1411 4149 1754 4205 Cassanensi
1779 4151 2002 4224 episco-

349 4231 555 4306 po,qui
586 4232 802 4288 Urbani
825 4232 884 4290 in
907 4233 1172 4292 Calabria
1193 4240 1320 4292 erat
1346 4236 1881 4294 vicarius.Joannes
1902 4244 2006 4294 ita-

348 4337 463 4393 que
492 4319 693 4376 statim
728 4338 758 4377 e
788 4322 1007 4378 decano
1030 4322 1305 4380 Militensi
1324 4324 1461 4382 huic
1484 4325 1752 4383 Ecclesia:
1777 4327 2008 4400 praefec-

347 4416 446 4466 tus
465 4415 573 4474 est,
608 4411 692 4465 uti
719 4409 936 4484 legitur
956 4411 1013 4468 in
1038 4412 1264 4486 Rogerii
1289 4414 1490 4470 charta
1510 4431 1689 4488 quam
1727 4415 2004 4488 Ughellus

346 4503 508 4556 temo
533 4499 604 4556 IX
635 4501 816 4556 Italia:
848 4517 1024 4558 saera:
1057 4519 1190 4575 pag.
1221 4504 1322 4560 591
1349 4503 1689 4561 edidit.Haao
1710 4505 1912 4562 omnia
1931 4509 2004 4562 ab

348 4587 580 4645 Urbano
608 4589 955 4646 conﬁrmata
993 4591 1174 4656 fuere,
1204 4592 1305 4664 qui
1355 4594 1536 4649 etiam
1586 4610 1654 4650 ea
1699 4593 2005 4650 occasione

344 4677 498 4735 hanc
525 4677 849 4736 Ecclesiam
881 4676 1156 4736 Romanis
1203 4681 1352 4751 sedi,
1383 4681 1606 4738 omisso
1650 4698 2003 4755 quocunque

345 4767 813 4840 metropolitano,
844 4768 1110 4841 proxime
1157 4769 1428 4840 subjecit,
1460 4771 1544 4827 uti
1592 4787 1662 4827 ex
1706 4771 2004 4830 Paschalis

344 4855 507 4912 bulla
534 4855 752 4914 ibidem
785 4873 918 4931 pag.
949 4859 1056 4913 597
1086 4857 1272 4914 relata
1302 4857 1688 4932 intelligimus
1729 4877 1866 4916 nam
1897 4859 2004 4917 Ur-

345 4944 482 5001 bani
495 4961 568 5002 ea
586 4945 658 5001 de
688 4961 751 5002 re
773 4944 1034 5018 diploma
1049 4945 1337 5003 amissum
1359 4951 1466 5004 est.

419 5050 744 5107 CCLXXXI.
780 5055 934 5108 Luem
967 5052 1244 5109 Urbanum
1269 5032 1636 5126 crueesigndti
1664 5057 1928 5112 invisum.

418 5141 563 5194 Cum
591 5155 728 5195 vero
757 5138 886 5212 ipse
905 5139 1113 5198 Lucam
1136 5141 1360 5198 Tusciae
1384 5143 1593 5201 urbem
1621 5143 1999 5216 pervenisset,

347 5242 483 5285 eum
509 5225 832 5284 hucadiere
843 5227 1128 5284 Robertus
1149 5229 2003 5304 NortbmannieetStephanus

348 5315 654 5374 Blesarum
683 5315 1054 5389 comites,qui
1082 5335 1187 5391 per
1216 5317 1441 5376 Iialiam
1471 5321 1544 5376 ad
1575 5336 1800 5376 sacram
1830 5335 2002 5392 expe-

347 5404 629 5460 ditionem
662 5404 1068 5476 properabant.
1101 5407 1220 5463 Hoc
1259 5407 1444 5464 secuti
1496 5406 1832 5480 complures
1879 5407 2000 5476 alii,

348 5497 418 5549 ut
447 5495 649 5547 narrat
677 5491 1041 5565 Fulcherius,
1075 5494 1180 5568 qui
1209 5500 1267 5550 et
1294 5496 1422 5568 ipse
1451 5511 1521 5552 ex
1551 5495 1670 5552 illis
1715 5500 1860 5563 erat,
1906 5513 2000 5553 ac-

347 5584 514 5652 cepta
542 5580 838 5652 pontiﬁcis
868 5580 1506 5650 benedictione,statim
1539 5585 1784 5642 Romam
1807 5603 2000 5658 perre-

345 5674 576 5726 xerunt.
611 5672 678 5724 At
710 5670 1058 5741 Guibertini,
1093 5688 1348 5742 quorum
1379 5676 1520 5728 tunc
1563 5675 1824 5732 nondum
1855 5676 2002 5734 bene

2113 641 2248 680 nam
2304 623 2609 682 basilicam
2669 621 3072 680 accedentium
3129 619 3371 678 donaria
3433 619 3769 694 rapiebant,

2112 711 2319 769 occisis
2347 713 2520 769 etiam
2554 711 2856 770 nonnullis
2887 728 3037 785 quos
3068 709 3300 767 Urbano
3324 709 3772 766 sciebantaddi-

2111 807 2235 857 ctos
2265 819 2414 858 esse.
2443 803 2657 859 Verum
2707 801 2788 857 illi
2838 799 3152 857 latrunculi
3201 803 3336 872 post
3383 798 3678 872 pontificis
3707 797 3770 852 in

2112 889 2322 945 Urbem
2357 889 2670 946 adventum
2692 889 2850 945 brevi
2880 889 3060 961 fugati
3084 887 3472 960 dissipatique
3502 886 3769 942 fuerunt.

2357 978 2718 1034 CCLXXXII.
2752 979 2970 1034 Urbano
2998 977 3180 1033 obviat
3209 976 3513 1032 Mathildis.

2180 1067 2382 1123 Eidem
2405 1084 2436 1124 e
2457 1066 2644 1124 Gallia
2659 1067 2923 1123 redeunti
2947 1067 3176 1122 obviam
3195 1064 3369 1121 ivisse
3398 1063 3766 1120 comitissam

2112 1156 2449 1213 Mathildem
2483 1157 2651 1214 testis
2679 1160 2768 1212 est
2797 1155 3097 1219 Domnizo,
3131 1154 3231 1227 qui
3262 1155 3393 1222 ejus
3423 1152 3674 1208 reditum
3707 1152 3770 1207 in

2111 1245 2337 1301 Italiam
2369 1250 2427 1302 et
2457 1247 2515 1301 in
2557 1246 2769 1302 Urbem
2812 1246 3130 1300 adventum
3181 1242 3450 1299 barbaris
3497 1241 3773 1298 versibus

2111 1334 2414 1405 expressit.
2465 1331 2740 1406 Sigonius
2793 1331 2938 1387 libro
2990 1349 3046 1386 Ix
3095 1330 3176 1386 De
3223 1347 3404 1402 regno
3451 1327 3650 1394 Italiae,
3685 1329 3778 1383 ait

2112 1420 2411 1476 Urbanum
2431 1437 2465 1476 a
2487 1418 2766 1476 Mathilde
2795 1419 3136 1490 ceterisque
3157 1417 3213 1472 in
3240 1415 3586 1472 Lombardia
3610 1432 3776 1472 sume

2113 1509 2228 1565 mis
2258 1508 2581 1564 honoribus
2609 1507 2904 1563 excultum
2940 1507 3186 1562 Romam
3210 1506 3526 1561 adiisse.At
3552 1504 3775 1560 Bertol-

2111 1599 2224 1652 dus
2263 1598 2392 1670 ejus
2445 1597 2501 1652 in
2549 1598 2753 1652 urbem
2805 1596 3058 1651 reditum
3115 1593 3416 1666 triumpho
3447 1597 3774 1665 comparat,

2111 1703 2334 1742 annum
2375 1686 2506 1741 l097
2536 1701 2640 1757 pro
2665 1701 2828 1740 more
2859 1700 2965 1740 suo
3013 1701 3048 1739 a
3089 1683 3397 1740 Natalibus
3437 1681 3652 1740 Christi
3681 1682 3774 1736 in-

2112 1775 2330 1830 choans
2360 1773 2454 1830 his
2482 1772 2674 1835 verbis
2707 1789 2720 1829 :
2756 1773 3017 1828 Dominus
3041 1789 3190 1844 papa
3209 1772 3434 1826 tandem
3459 1771 3532 1826 ad
3561 1774 3776 1842 aposto-

2111 1865 2276 1918 limm
2303 1863 2484 1918 sedem
2511 1879 2634 1917 cum
2665 1877 2870 1933 magna
2921 1861 3103 1930 gloria
3132 1863 3184 1917 et
3211 1860 3457 1932 tripudio
3500 1875 3774 1924 reversus,

2111 1953 2463 2008 Nativitatem
2518 1952 2737 2006 Domini
2786 1950 2969 2006 Romae
3031 1966 3154 2005 eum
3215 1951 3329 2004 suis
3394 1948 3777 2004 mrdinalibus

2110 2043 2500 2111 gloriosissime
2543 2041 2869 2102 celebravit;
2917 2041 3121 2111 quippe
3171 2042 3281 2094 tota
3341 2041 3590 2094 Romana
3638 2039 3778 2094 urbe

2109 2146 2246 2203 pene
2269 2130 2378 2185 sibi
2403 2131 2716 2201 subjugata,
2744 2133 2951 2200 genter
2977 2129 3182 2184 turrim
3219 2128 3540 2195 Crescentii,
3575 2129 3640 2184 in
3666 2143 3778 2199 qua

2110 2219 2287 2275 adhuc
2306 2218 2600 2274 latitabant
2621 2215 3305 2273 Guibertini.Guibertum
3331 2215 3528 2289 ipsum
3550 2232 3585 2272 ο,
3606 2214 3777 2288 plebe

2113 2307 2346 2382 pulsum
2383 2307 2564 2363 fuisse
2593 2306 2751 2361 canit
2771 2306 3249 2376 Domnizo.cujus
3279 2321 3348 2361 ea
3377 2305 3449 2360 de
3480 2319 3540 2360 re
3561 2321 3772 2360 versus

2112 2395 2330 2452 videsis
2358 2395 2418 2450 in
2450 2393 2806 2468 Appendice.
2838 2392 3178 2450 Mathildem
3200 2410 3360 2458 vero,
3381 2393 3537 2466 quod
3567 2397 3773 2448 tamen

2113 2501 2230 2540 nou
2259 2483 2438 2540 habet
2458 2481 2555 2538 ille
2576 2482 3049 2548 auctor,Romam
3071 2498 3259 2554 usque
3271 2482 3570 2538 Urbanum
3590 2481 3777 2538 comi-

2111 2576 2294 2629 tatam
2327 2572 2510 2629 fuisse
2539 2588 2606 2628 ex
2637 2571 2949 2644 ipsiusmet
2979 2570 3274 2644 pontificis
3289 2569 3538 2644 epistola
3559 2570 3633 2626 ad
3656 2570 3775 2626 Hu-

2112 2677 2326 2735 gonem
2357 2661 2809 2735 Lugdunensem
2840 2664 2974 2732 post
3002 2658 3238 2732 aliquod
3271 2663 3510 2732 tempus
3529 2659 3773 2732 scripta,

2113 2749 2306 2822 colligi
2335 2741 2550 2822 potest,
2578 2747 2640 2804 in
2670 2765 2788 2821 qua
2817 2765 3025 2821 nempe
3072 2747 3195 2804 haec
3246 2747 3526 2822 leguntur
3552 2765 3567 2805 :
3600 2749 3778 2822 Usque

2111 2840 2183 2895 ad
2227 2840 2424 2897 Urbem
2465 2855 2590 2894 cum
2617 2839 2898 2894 comitissa
2926 2839 2990 2893 Μ.
3021 2838 3245 2910 paciﬁca
3273 2839 3543 2905 venimus,
3579 2837 3778 2895 Urbem

2113 2929 2494 2985 honestissime
2519 2943 2644 2983 cum
2660 2927 3084 2999 praecedentium
3101 2929 3399 2998 stipatione
3444 2927 3785 3000 frequentis-

2112 3020 2258 3074 sima
2305 3018 2678 3073 introivimus.
2712 3017 2782 3071 Et
2830 3015 3068 3088 quidem
3127 3014 3470 3072 Fulcherius
3526 3019 3782 3072 testatur

2111 3106 2449 3180 pontificem
2481 3105 2749 3177 ejusdem
2771 3104 3084 3161 comitissze
3116 3103 3332 3160 auxilio
3355 3104 3780 3178 Urbem,quam

2113 3196 2306 3252 adhuc
2336 3193 2662 3251 Guibertini
2693 3194 2990 3261 tenebant,
3019 3197 3588 3266 temperasse,quam
3611 3193 3777 3266 Sigo-

2113 3284 2269 3352 nius,
2296 3281 2422 3339 loco
2451 3283 2569 3354 iam
2602 3281 2861 3350 laudato,
2899 3298 2934 3336 a
2961 3281 3242 3338 Guiberto
3271 3286 3642 3354 occupatam,
3673 3283 3778 3338 sed

2111 3374 2184 3430 ab
2215 3372 2450 3428 Urbano
2475 3371 2522 3426 ΙΙ
2551 3374 2946 3444 expugnatam
2975 3370 3158 3427 fuisse
3185 3370 3381 3438 refert,
3405 3371 3779 3445 pseudopon-

2111 3462 2267 3520 tifice
2293 3460 2356 3516 in
2387 3473 2580 3516 arcem
2631 3458 2938 3532 compulso
2986 3458 3203 3515 auxilio
3248 3475 3474 3528 eorum,
3507 3476 3661 3532 quos
3702 3461 3777 3518 ad

2111 3566 2340 3609 sacram
2385 3548 2811 3622 expeditionem
2860 3548 3120 3620 pontifex
3168 3548 3552 3604 animaverat.
3613 3549 3773 3606 Idem

2111 3639 2334 3696 habent
2361 3635 2550 3694 caeteri
2581 3640 2851 3693 auctores
2879 3653 3015 3692 cum
3040 3635 3476 3708 Fulcberio,qui
3499 3637 3776 3694 observat

2116 3728 2399 3788 Urbanum
2428 3742 2488 3782 eo
2517 3725 2645 3800 ipso
2673 3741 2842 3795 anno,
2881 3741 2988 3798 quo
3037 3727 3245 3782 Franci
3291 3727 3597 3782 Jerusalem
3643 3728 3781 3782 ituri

2108 3834 2210 3892 per
2253 3819 2480 3873 Romam
2525 3816 2891 3882 transierunt,
2937 3818 3106 3871 totam
3156 3817 3380 3872 omnino
3425 3816 3780 3888 apostole

2107 3913 2434 3981 potestatem
2457 3903 2710 3975 adeptum
2734 3919 2866 3960 esse.
2897 3904 3152 3960 Tantum
3183 3904 3339 3960 enim
3369 3903 3557 3961 fuisse
3577 3921 3782 3961 nume-

2114 4011 2246 4052 rum
2279 3993 2612 4066 principum
2661 3996 2721 4048 et
2770 3991 3030 4049 militum
3082 3993 3184 4066 qui
3235 3993 3482 4049 Romam
3523 4009 3593 4050 eo
3624 4010 3780 4050 anno

2113 4082 2388 4140 adierunt
2412 4085 2666 4137 testatur
2687 4081 2980 4138 Robertus
3010 4080 3160 4137 libro
3191 4098 3232 4137 ιι
3258 4081 3525 4138 Historia
3545 4082 3780 4140 Jeroso-

2111 4169 2435 4246 lymitanie,
2455 4173 2522 4225 ut
2544 4185 2615 4226 ex
2643 4169 2737 4224 his
2761 4169 2934 4226 multi
2965 4173 3127 4225 extra
3155 4171 3363 4229 urbem
3394 4185 3532 4226 cum
3563 4171 3780 4229 domus

2113 4276 2228 4315 non
2260 4257 2874 4325 suﬁicerent,tentoria
2903 4259 3078 4332 figere
3109 4259 3291 4315 coacti
3323 4258 3569 4316 fuerint:
3613 4260 3779 4316 Certe

2114 4348 2434 4405 Robertum
2467 4347 2908 4403 Northmanniae
2937 4347 3146 4404 ducem
3177 4352 3235 4404 et
3263 4348 3526 4404 Odonem
3557 4349 3782 4422 episco-

2114 4454 2258 4511 pum
2289 4435 2753 4508 Bajocassimum
2787 4437 2982 4492 Romae
2997 4453 3131 4492 cum
3153 4437 3384 4494 Urbano
3414 4436 3776 4510 colloquium

2111 4530 2254 4582 tunc
2281 4524 2562 4582 habuisse
2589 4525 2756 4582 testis
2785 4530 2878 4581 est
2897 4525 3068 4582 etiam
3095 4525 3220 4598 ipse
3234 4525 3545 4582 0rdericus
3564 4525 3780 4583 Vitalis

2035 4633 2082 4698 Β
2112 4614 2262 4672 libro
2311 4632 2370 4682 χ,
2403 4631 2552 4688 quos
2600 4615 2719 4686 ejus
2760 4619 3018 4687 percepta
3065 4614 3435 4671 benedictione
3473 4615 3537 4670 in
3573 4615 3780 4689 Apulia

2110 4705 2375 4760 hiemasse
2403 4702 2626 4760 scribit.
2660 4706 2738 4758 De
2768 4701 2862 4758 his
2897 4701 3146 4776 aliisque
3194 4702 3520 4776 peregrinis
3567 4704 3780 4761 eadem

2112 4793 2352 4851 omnino
2395 4796 2642 4848 narrant
2690 4790 2789 4848 alii
2845 4807 3077 4865 quoque
3127 4797 3420 4862 auctores,
3452 4809 3607 4865 quos
3645 4798 3785 4866 post

2111 4881 2348 4939 visitata
2404 4882 2678 4938 Romanis
2733 4881 2898 4937 urbis
2947 4880 3077 4938 loca
3131 4898 3299 4938 sacra
3345 4883 3782 4940 monasterium

2113 4972 2290 5028 etiam
2319 4969 2638 5028 Casinense
2669 4969 2886 5026 adiisse
2916 4969 3121 5026 scribit
3150 4970 3356 5027 Petrus
3386 4970 3686 5028 Diaconus
3715 4971 3782 5029 in

2110 5059 2395 5116 Chronico
2423 5058 2726 5116 Casinensi
2753 5057 2905 5115 libro
2934 5075 3010 5128 IV,
3043 5075 3172 5132 cap.
3215 5077 3278 5127 ιι,
3330 5063 3397 5114 ut
3442 5072 3506 5116 se
3545 5075 3784 5134 suaque

2111 5151 2315 5204 sancto
2346 5147 2497 5204 Patri
2517 5147 3106 5220 Benedicto,ejusque
3135 5149 3562 5205 monachorum
3585 5150 3784 5222 preci-

2109 5237 2224 5293 bus
2251 5235 2750 5293 commendarent.

2331 5323 2704 5382 CCLXXXIII.
2737 5324 2961 5382 Henrici
2984 5326 3326 5383 miserabilis
3353 5333 3550 5384 status.

2181 5412 2346 5468 Haud
2366 5413 2554 5486 magis
2570 5428 2850 5486 prospera
2879 5419 3046 5471 erant
3060 5415 3120 5471 in
3145 5413 3312 5472 Italia
3333 5414 3571 5474 Henrici
3587 5433 3774 5492 quam

2109 5500 2240 5572 ejus
2267 5501 2787 5574 pseudopontiﬁcis
2816 5503 3070 5576 negotia,
3103 5503 3206 5576 qui
3236 5503 3478 5575 quidem
3528 5505 3778 5564 absente

2109 5587 2341 5646 Urbano
2371 5589 2659 5664 Nogeram
2686 5590 3016 5663 obsederat,
3067 5591 3171 5649 sed
3219 5592 3462 5660 ﬁ-ustra,
3493 5597 3564 5649 ut
3598 5593 3780 5652 habet

2110 5676 2408 5746 Domnizo,
2438 5677 2536 5750 qui
2567 5678 2719 5736 hanc
2762 5679 3126 5738 obsidionem
3162 5681 3460 5738 describit.
3495 5681 3778 5741 Mathildis
