3950 6218
89 350 253 427 ω.

1720 352 1926 422 νιτΑ.

3405 361 3525 425 222
3557 354 3585 389 ⁵’

94 510 224 551 vero
252 506 407 567 quae,
436 489 625 553 verba
650 498 795 553 sunt
824 491 1097 562 Bertoldi,
1148 508 1289 569 pene
1334 491 1451 552 sola
1504 508 1629 551 cum
1655 493 1770 550 suis
1798 500 1852 569 Α
1881 489 2229 550 CCLXXXV.
2281 492 2577 550 Daimberti
2626 494 2863 579 episcopi
2897 496 3221 556 Senonensis
3249 499 3522 558 ordinatio

95 591 278 651 contra
311 586 631 647 Henricum
662 595 716 642 et
742 585 1163 643 haeresiarcham
1191 584 1507 641 Guibertum
1542 583 1765 656 compli-

97 690 284 745 cesque
310 690 513 729 eorum
533 676 665 745 jam
692 677 972 747 septennia
984 682 1328 747 pugnaverat
1346 693 1368 739 ;
1388 676 1623 730 tandem
1657 675 1764 730 hoc

99 780 251 827 anno
280 763 741 835 imperatdrem,
771 763 971 837 procul
1004 764 1182 820 dubio
1216 768 1304 819 tot
1349 768 1767 836 tantorumque

99 852 554 923 hominum,qui
574 852 793 908 Urbani
807 853 1040 909 hortatu
1072 853 1142 908 ad
1159 870 1352 908 sacras
1372 853 1767 925 expeditiones

104 940 529 1013 properabant,
554 942 811 997 adventu
830 942 889 996 in
906 941 1130 997 Italiam
1153 943 1512 1010 exterritum,
1539 958 1772 1014 recupe-

110 1028 414 1091 ratis-suis
445 1029 647 1096 bonis,
691 1030 924 1102 penitus
971 1047 1001 1085 c
1026 1031 1404 1102 Longobardia
1436 1033 1691 1103 fugavit;
1720 1035 1769 1085 et

109 1119 205 1174 ille
228 1136 359 1174 cum
406 1121 609 1190 paucis
660 1120 1014 1175 Ratisbonam
1043 1123 1261 1177 veniens
1290 1123 1457 1175 totam
1486 1122 1566 1175 ibi
1592 1121 1771 1191 exegit

109 1213 378 1275 atatem,
406 1213 464 1264 et
492 1212 645 1264 circa
684 1212 923 1264 castrum
979 1196 1312 1281 Nurei‘nberg
1367 1212 1501 1266 satis
1554 1211 1771 1281 private

108 1302 353 1353 moratus
380 1298 618 1354 tandem
645 1300 930 1355 Nemetum
949 1301 1225 1370 migravit,
1255 1300 1453 1354 ibidem
1496 1300 1627 1354 satis
1650 1300 1768 1371 pri-

113 1390 232 1443 vate
254 1386 361 1441 diu
389 1392 668 1442 moratur.

154 1520 542 1577 CCLXXXIV.
588 1521 836 1577 Urbanus
864 1523 1158 1577 concilium
1189 1523 1448 1577 Laterani
1467 1523 1722 1577 celebrat.

184 1655 335 1710 Cum
368 1655 573 1726 itaque
603 1654 876 1711 Urbanus
919 1655 1113 1710 Romae
1161 1656 1513 1728 praevaleret,
1555 1654 1676 1726 ubi,
1711 1660 1775 1708 nt

117 1745 240 1818 ipse
272 1743 486 1800 scribit
525 1744 598 1799 ad
659 1744 961 1817 Hugonem
1014 1745 1486 1818 Lugdunensem,
1537 1746 1771 1813 honeste,

118 1842 231 1890 tute
258 1836 313 1887 et
342 1833 614 1889 alacriter
637 1833 997 1899 versabatur,
1021 1835 1210 1889 visum
1243 1840 1333 1889 est
1362 1834 1433 1901 ei,
1468 1836 1538 1890 ad
1564 1833 1771 1889 Urbem

119 1921 228 1978 sibi
262 1921 784 1994 magismagisque
799 1923 1345 1992 asscrendum,ejus
1372 1927 1514 1979 cives
1526 1932 1576 1978 et
1598 1925 1773 1991 regio-

119 2027 211 2067 nes
237 2026 431 2067 omnes
459 2013 821 2067 sacramentis
849 2028 956 2067 suo
982 2013 1173 2067 officio
1202 2014 1564 2081 adstringere.
1613 2014 1777 2069 Certe

115 2100 234 2171 iam
270 2100 347 2155 ab
372 2100 507 2172 ipso
539 2100 677 2155 anni
737 2102 872 2155 1097
930 2100 1097 2156 initio
1147 2102 1519 2157 Lateranensi
1562 2100 1777 2174 palatio

120 2190 479 2263 potiebatur,
509 2192 573 2244 ut
600 2193 760 2261 patet
787 2206 855 2245 ex
884 2191 1013 2261 ejus
1038 2189 1200 2245 bulla
1221 2190 1292 2245 ad
1325 2195 1625 2262 Hugonem
1649 2188 1777 2243 Ulu-

120 2278 461 2335 niacensem
490 2277 760 2334 abbatem
791 2279 919 2335 data
962 2280 1220 2334 Laterani
1246 2296 1282 2335 v
1328 2278 1453 2335 Idus
1497 2280 1775 2343 Januarii,

119 2366 428 2423 indictione
456 2382 509 2431 ν,
544 2366 604 2419 in
636 2381 753 2437 qua
766 2364 1140 2439 privilegiaet
1165 2366 1565 2438 possessiones
1583 2383 1779 2422 mona-

119 2453 282 2510 sterii
311 2452 723 2512 Cluniacensis
753 2471 819 2509 ac
848 2452 1110 2509 locorum
1144 2455 1193 2510 ei
1226 2453 1597 2510 subditorum
1641 2471 1779 2509 con-

121 2543 379 2598 ﬁrmavit
396 2543 523 2615 :qui
540 2548 741 2615 utpote
755 2544 807 2597 vi
814 2543 1250 2615 gilantissimus
1262 2544 1517 2616 pontifex
1538 2560 1778 2599 suarum

126 2648 320 2688 rerum
354 2630 806 2704 prosperitatem
839 2632 910 2687 ad
944 2631 1210 2689 Ecclesiae
1243 2634 1616 2688 commodum
1636 2633 1780 2688 refe-
1830 2670 1838 2677 -

124 2737 287 2786 rans,
316 2719 635 2777 concilium
668 2720 867 2775 statim
900 2720 1254 2788 convocavit,
1280 2722 1480 2793 procul
1510 2721 1689 2778 dubio
1720 2726 1783 2776 ut

126 2826 198 2866 ea
224 2826 356 2882 qua
389 2808 450 2863 in
482 2807 803 2865 Gallicanis
834 2810 1073 2882 synodis
1093 2811 1412 2865 constituta
1440 2811 1688 2874 fuerant,
1720 2809 1779 2865 in

126 2898 360 2954 Italiam
391 2912 629 2969 quoque
644 2903 1013 2971 propagaret.
1048 2899 1208 2954 Istud
1241 2899 1500 2968 generale
1527 2897 1783 2971 appellat

126 2984 571 3059 Sigoniuslibro
602 3002 659 3041 Ix
672 2985 751 3041 De
781 2998 958 3057 regno
973 2986 1167 3055 Italiae,
1188 2987 1426 3043 cuiOtto
1450 2987 1781 3059 Frisingen-

127 3075 212 3132 sis
241 3078 303 3131 et
324 3074 429 3135 alii
462 3078 730 3131 auctores
784 3076 1173 3132 consentiunt.
1233 3077 1364 3150 Ipse
1419 3077 1676 3149 pontifex
1721 3075 1781 3131 in

126 3162 377 3237 epistola
402 3179 539 3219 mox
567 3163 808 3219 laudata
850 3165 923 3220 ad
981 3165 1283 3238 Hugonem
1330 3166 1782 3239 Lugdunensem

2605 565 2801 623 dilata.

1945 664 2173 719 Mortuo
2204 668 2398 720 autem
2432 665 2540 721 sub
2574 665 2749 721 linem
2764 666 3098 724 Decembris
3119 671 3517 740 praecedentis,

1874 753 2075 822 utjam
2108 754 2564 820 observavimus,
2591 754 2858 812 Ricberio
2880 757 3200 814 Senonensi
3232 759 3519 833 archiepi-

1876 858 2070 913 scopo,
2123 842 2496 898 Daimbertus
2546 842 2605 898 in
2662 845 2789 915 ejus
2837 843 3027 901 locum
3080 848 3367 905 substitue
3397 855 3523 918 est;

1875 931 1975 987 sed
2009 947 2141 986 cum
2175 930 2289 998 ille,
2309 932 2397 986 sui
2421 932 2745 988 decessoris
2765 935 3010 1007 vestigia
3031 936 3290 1002 secutus,
3311 938 3530 1010 prima-

1877 1019 1961 1075 tui
1992 1020 2399 1091 Lugdunensis
2418 1020 2681 1076 Ecclesiae
2699 1022 2909 1094 subjici
2929 1024 3123 1093 nollet,
3147 1026 3313 1100 Hugo
3332 1029 3528 1085 archi-

1877 1108 2188 1180 episcopus
2220 1108 2548 1164 intercessit
2576 1127 2647 1165 ne
2668 1112 2739 1166 ab
2767 1111 3527 1188 episcopiscomprovincia-

1879 1197 2035 1253 libus
2067 1198 2456 1253 ordinaretur.
2490 1200 2613 1263 Qua
2642 1201 2943 1257 occasione
2990 1207 3085 1258 Ivo
3141 1206 3525 1276 Carnotenus,

1880 1288 2043 1359 quia
2096 1288 2449 1354 Daimberto,
2510 1292 2574 1343 ut
2621 1306 2754 1345 eum
2813 1297 3197 1361 consecraret,
3249 1294 3531 1352 invitatus

1880 1376 2088 1440 fuerat,
2118 1377 2416 1432 Urbanum
2449 1378 2587 1449 quid
2624 1379 2770 1434 facto
2820 1396 2967 1450 opus
3000 1386 3174 1448 esset,
3232 1384 3532 1441 consuluit

1882 1465 2128 1536 epistola
2160 1467 2279 1521 165.
2315 1466 2377 1521 In
2405 1482 2471 1521 ea
2499 1471 2738 1523 excusat
2759 1485 2821 1523 se
2856 1473 2948 1524 Ivo
2979 1471 3131 1541 apud
3164 1473 3531 1543 pontificem,

1884 1556 2036 1627 quod
2053 1559 2183 1627 post.
2196 1573 2302 1610 suu
2316 1571 2369 1609 m
2397 1557 2470 1611 ab
2487 1557 2615 1626 ejus
2628 1557 2905 1613 comitatu
2921 1559 3247 1617 discessum
3269 1563 3528 1620 nondum

1883 1643 2144 1700 licuisset
2173 1645 2242 1700 ad
2259 1661 2392 1700 eum
2410 1646 2723 1712 redire,aut
2739 1646 2943 1702 saltem
2962 1665 3061 1720 per
3082 1651 3319 1707 nuntios
3338 1651 3530 1724 ipsum

1885 1733 2159 1792 salutare:
2193 1740 2318 1789 tum
2352 1736 2400 1789 ei
2452 1736 2825 1791 commendat
2870 1736 3254 1797 Parisiensem
3306 1741 3532 1816 episeo-

1887 1839 2027 1896 pum
2061 1823 2302 1877 Romam
2340 1824 2683 1895 profectum,
2734 1826 2826 1880 cui
2859 1827 3042 1883 abbas
3092 1828 3531 1895 Latiniacensis,

1887 1912 1996 1967 sub
2026 1912 2217 1983 specie
2248 1912 2377 1967 novi
2402 1912 2681 1987 privilegii
2705 1931 2739 1969 a
2769 1916 3040 1987 pontifice
3060 1918 3376 1989 impetrati,
3399 1921 3533 1977 obe-

1886 2001 2167 2057 dientiam
2198 2002 2541 2073 denegabat.
2576 2003 2742 2059 Certe
2772 2021 2888 2076 prie
2920 2007 3195 2063 manibus
3248 2008 3535 2067 habemus

1887 2089 2252 2163 privilegium
2286 2090 2430 2146 illud
2463 2092 2885 2163 Latiniacense,
2919 2095 3095 2166 quod,
3127 2113 3259 2153 cum
3292 2099 3350 2153 in
3397 2116 3534 2171 apo-

1887 2178 2108 2250 grapho
2138 2178 2356 2234 nullam
2391 2180 2604 2236 habeat
2633 2181 2965 2238 chronicam
2988 2188 3210 2252 notam,
3242 2186 3357 2242 huc
3374 2204 3534 2244 revo-

1887 2268 2006 2323 cari
2038 2285 2209 2340 posse
2240 2286 2308 2323 ex
2339 2269 2446 2324 hac
2480 2270 2670 2325 Ivonis
2700 2271 2948 2343 epistola
2984 2290 3316 2343 censemus,
3362 2281 3536 2350 atque

1889 2358 2031 2413 adeo
2064 2357 2119 2412 in
2150 2358 2525 2430 Appendicea
2546 2358 3331 2420 nobisexhibendum.Porro
3345 2365 3535 2420 Ivonis

1888 2445 2194 2519 epistolam
2246 2446 2412 2502 initio
2444 2446 2624 2519 hujus
2681 2447 2818 2503 anni
2859 2449 3136 2523 scriptam
3187 2452 3371 2508 fuisse
3400 2451 3537 2508 inde

1890 2533 2221 2604 colligimus
2235 2535 2389 2605 quod
2403 2536 2664 2591 nondum
2687 2540 2825 2592 tunc
2839 2539 3072 2608 quando
3095 2538 3254 2595 illam
3278 2540 3532 2613 seripsit,

1890 2622 2155 2679 audierat
2175 2624 2313 2695 quid
2331 2624 2559 2680 Urbano
2578 2625 2820 2681 Romam
2839 2626 3182 2699 ingredienti
3207 2629 3533 2698 accidisset,

1891 2717 1959 2768 ut
1987 2712 2111 2783 ipse
2143 2716 2395 2768 testatur
2421 2713 2515 2769 his
2546 2714 2738 2770 verbis
2767 2732 2780 2770 :
2818 2719 2895 2771 De
2920 2733 3053 2787 pace
3086 2721 3294 2775 sancta?
3343 2721 3536 2775 Roma-
3582 2716 3589 2721 ’

1891 2817 1976 2857 na:
2019 2803 2276 2859 Ecclesim
2324 2811 2375 2858 et
2421 2810 2593 2859 vestra
2645 2806 3003 2876 prosperitate
3029 2809 3115 2861 det
3170 2809 3327 2863 nobis
3356 2808 3537 2863 Domi-

1891 2907 1998 2945 nus
2026 2890 2223 2947 audire
2253 2892 2394 2963 quod
2421 2897 2690 2964 optamus.

1892 2995 2266 3054 CCLXXXVI.
2330 2998 2597 3055 Gerardus
2652 3001 2815 3127 optigit).
2863 3000 3195 3058 Morinorum
3224 3003 3401 3059 sedem
3446 3002 3538 3059 di-

2625 3086 2705 3126 mi
2801 3113 2814 3127 .

2625 3086 2814 3127 mum.

1962 3157 2127 3212 Circa
2156 3158 2357 3213 eadem
2390 3161 2654 3230 tempora
2701 3177 2838 3214 cum
2872 3160 3234 3217 Morinorum
3284 3162 3536 3219 Ecclesia

125 3252 279 3308 hanc
308 3251 503 3323 ipsam
534 3251 806 3323 synodum
834 3238 1776 3311 Lateranisolemniter’celebmtam
1809 3238 1851 3304 C
1888 3244 2065 3300 variis
2095 3246 2283 3300 turbis
2314 3245 2652 3319 agitaretur,
2687 3248 2844 3319 quod
2877 3249 3171 3305 Gerardus
3204 3250 3333 3322 ejus
3379 3252 3539 3308 sedis

126 3341 311 3399 fuisse
334 3344 606 3396 testatur.
642 3341 819 3397 Porro
834 3342 943 3398 etsi
976 3342 1171 3399 nullas
1202 3344 1469 3416 praeferat
1483 3342 1783 3399 chronolo-

124 3431 233 3503 gius
266 3433 437 3486 notas
457 3428 581 3484 haec
608 3428 878 3501 epistola,
912 3430 1100 3502 ipsam
1150 3436 1347 3487 tamen
1406 3432 1587 3504 hujus
1642 3431 1781 3487 anni

123 3518 293 3575 initio
322 3518 792 3591 consignandam
809 3534 936 3574 esse
948 3536 1016 3575 ex
1041 3536 1108 3576 eo
1141 3520 1307 3576 facile
1320 3519 1614 3594 colligitur
1625 3521 1777 3593 quod

123 3606 187 3662 in
212 3624 283 3663 ea
313 3605 538 3661 mentio
570 3605 673 3660 fiat
707 3604 1020 3662 Daimberti
1053 3624 1255 3663 recens
1285 3607 1449 3663 electi
1483 3608 1541 3663 in
1592 3606 1779 3662 archi-

128 3695 473 3767 episcopum
507 3694 929 3762 Senonensem,
950 3711 1121 3767 quem
1138 3695 1248 3752 hoc
1278 3712 1431 3752 anno
1454 3697 1779 3751 intrantein

127 3783 385 3840 Ricberii
413 3783 614 3839 locum
655 3783 1043 3839 substitutum
1092 3784 1275 3841 fuisse
1323 3788 1573 3840 constat.
1622 3785 1780 3840 ldcm

127 3875 334 3947 probat
344 3890 528 3929 causa
540 3870 971 3928 Lemovicensis
983 3871 1149 3929 electi
1180 3872 1260 3927 ibi
1284 3878 1627 3941 memorata;
1645 3891 1780 3929 nam

127 3963 301 4035 paulo
313 3966 451 4035 post
463 3959 819 4018 Guillelmus
834 3961 1147 4033 episcopus
1158 3960 1463 4017 ordinatus
1492 3967 1598 4017 est.
1619 3962 1784 4018 Certe

128 4050 382 4124 insignis
410 4054 504 4106 est
531 4047 801 4122 epistola,
836 4053 1036 4121 utpote
1082 4066 1209 4121 quae
1256 4048 1445 4104 multa
1474 4055 1532 4106 et
1587 4051 1784 4123 gravia

128 4140 427 4197 variarum
458 4137 662 4195 Galliae
694 4136 1071 4195 ecclesiarum
1092 4139 1322 4210 negotia
1352 4138 1780 4211 complectitur,

127 4228 433 4291 etUrbani
462 4226 523 4281 in
570 4226 875 4283 servandis
922 4225 1200 4286 Ecclesia:
1260 4226 1477 4299 regulis
1521 4228 1783 4283 studium

125 4319 354 4391 probat.
388 4316 520 4372 Haec
549 4314 692 4373 olim
723 4312 959 4371 dabitur
986 4333 1055 4371 ex
1086 4332 1196 4370 ms.
1232 4316 1546 4372 Baluziano
1567 4316 1784 4371 descri-

122 4412 241 4480 pta.
270 4406 454 4462 Porro
485 4404 595 4461 etsi
627 4421 698 4460 ex
728 4404 900 4460 dictis
933 4409 1156 4459 certum
1185 4404 1455 4460 videatur
1485 4404 1785 4461 Urbanum

122 4495 279 4552 haud
294 4493 491 4550 multo
519 4497 841 4566 postsuum
872 4493 931 4548 in
963 4494 1165 4550 urbem
1199 4493 1449 4548 reditum
1472 4493 1783 4549 concilium

1889 3334 2200 3407 episcopus
2231 3334 2287 3388 in
2320 3334 2569 3390 concilio
2597 3335 3004 3412 Nemausensi,
3039 3341 3105 3392 ut
3152 3339 3430 3406 diximus,
3464 3341 3537 3397 ab

1890 3422 2080 3479 ofﬁcio
2105 3440 2430 3496 suspensus
2470 3422 2698 3487 fuisset,
2747 3425 3091 3481 Lambertus
3140 3429 3538 3500 Atrebatensis

1891 3511 2155 3579 antistes,
2190 3512 2281 3566 cui
2337 3513 2637 3567 Manasses
2686 3512 3173 3586 metropolitanus
3222 3516 3537 3574 Remorum

1891 3601 2021 3672 ejus
2050 3598 2305 3655 ecclesiae
2353 3616 2552 3655 curam
2614 3602 3144 3669 commendaverat,
3194 3605 3252 3659 in
3300 3607 3538 3662 Ger‘ardi

1890 3690 2137 3763 gratiam
2172 3690 2404 3746 Urbano
2435 3689 2690 3763 scripsit.
2739 3690 2884 3754 Quid
2936 3693 3302 3765 responderit
3350 3695 3539 3768 ponti-
3604 3692 3609 3695 ’

1890 3779 1981 3834 fex
2034 3778 2395 3851 ignoramus.
2455 3780 2529 3834 At
2577 3778 2869 3837 Gerardus
2926 3785 3011 3836 tot
3068 3782 3213 3839 forte
3244 3800 3537 3841 morarum

1891 3871 2195 3940 pertaesus,
2217 3871 2273 3925 et
2303 3868 2479 3940 quod,
2507 3884 2767 3925 excusare
2794 3886 2867 3939 se,
2890 3875 2954 3925 ut
2982 3870 3159 3927 habet
3178 3877 3382 3929 auctor
3396 3874 3541 3930 Vitas

1890 3956 2137 4013 Joannis
2167 3958 2296 4028 ejus
2319 3957 2696 4025 successoris,
2730 3958 2939 4015 saltem
2958 3976 3029 4016 ex
3059 3962 3218 4038 omni
3250 3968 3414 4035 parte
3431 3981 3541 4020 non

1886 4045 2086 4118 posset,
2119 4046 2456 4119 episcopatu
2513 4047 2706 4113 cessit,
2759 4052 2823 4102 ut.
2877 4049 3051 4105 refert
3094 4049 3191 4107 ille
3239 4056 3440 4123 auctor
3487 4056 3543 4109 ct

1892 4139 2023 4206 post
2051 4151 2185 4190 eum
2204 4133 2599 4199 Malbrancus,
2617 4137 2862 4209 atquein
2880 4138 3303 4195 monasterium
3327 4142 3541 4197 Montis

1890 4224 2084 4279 Sancti
2117 4223 2283 4295 Eligii
2317 4241 2494 4296 prope
2523 4214 2827 4281 Atrebatas
2858 4242 2919 4282 se
2950 4228 3186 4300 recepit,
3231 4229 3353 4293 ubi,
3402 4232 3539 4288 sub-

1895 4312 2100 4369 stituto
2125 4312 2173 4367 ei
2208 4312 2380 4385 paulo
2414 4318 2633 4385 postea,
2668 4314 2751 4368 uti
2787 4314 2939 4370 infra
2968 4316 3255 4383 dicemus,
3292 4319 3538 4386 Joanne,

1896 4400 2186 4474 reliquum
2220 4401 2345 4457 vitae
2378 4419 2497 4457 suae
2530 4405 2589 4457 in.
2617 4420 2748 4474 pace
2777 4403 2914 4475 egit,
2948 4404 3238 4461 Lamberti
3275 4423 3342 4462 ea
3380 4407 3451 4463 de
3482 4424 3542 4465 re

1893 4489 2199 4562 epistolam
2234 4490 2539 4545 deﬁciente
2589 4490 2805 4547 Urbani
2855 4508 3136 4564 responso
3180 4493 3450 4552 exhibere
3480 4497 3539 4552 in

125 4584 287 4640 istud
320 4582 483 4655 apud
517 4582 869 4638 Lateranum
893 4582 1240 4650 celebrasse,
1273 4581 1368 4636 vix
1397 4586 1591 4638 tamen
1616 4582 1801 4654 quid-.
1818 4603 1865 4668 Β
1895 4578 2246 4668 Appendice-
2261 4579 2451 4668 visum
2469 4582 2577 4634 est.
2603 4579 2799 4635 Eidem
2814 4581 3068 4636 Gerardo
3086 4587 3255 4639 antea
3272 4583 3540 4641 Urbanus

123 4689 305 4745 quam
336 4688 409 4728 ex
438 4672 572 4743 ejus
585 4671 750 4729 Actis
780 4674 880 4726 aut
893 4671 1140 4728 decretis
1162 4687 1472 4744 superesse
1488 4672 1787 4727 fatendum
1820 4666 1851 4668 ⁷
1900 4666 2279 4738 rescripserat
2308 4667 2589 4723 adversus
2617 4684 2907 4724 canonum
2943 4675 3391 4742 contemptores,
3438 4673 3541 4729 sed

121 4764 232 4829 est,
262 4760 426 4834 quod
460 4760 613 4816 forte
644 4758 792 4815 nihil
823 4759 954 4815 novi
984 4760 1063 4816 ibi
1104 4760 1395 4816 sancitum
1430 4759 1623 4816 fuerit.
1657 4761 1782 4815 Huc

120 4849 316 4907 solum
330 4848 592 4909 revocari
605 4865 781 4921 posse
790 4849 1119 4921 censemus(
1128 4848 1351 4904 nullam
1379 4848 1594 4921 quippe
1606 4848 1780 4904 aliam

123 4939 399 4996 Urbanus
458 4937 752 5010 synodum
802 4937 1069 4993 Laterani
1128 4936 1354 5008 habuit)
1385 4937 1780 5010 fragmentum

122 5026 391 5101 epistolae
418 5026 493 5082 ad
512 5025 901 5083 Gothfredum
930 5025 1400 5098 Magalonensem
1419 5026 1780 5099 episcopum,

123 5118 184 5172 in
213 5133 335 5189 quo
356 5115 623 5189 pontifex
652 5114 883 5181 statuit,
918 5116 1089 5187 juxta
1134 5115 1290 5187 (μιοά
1324 5116 1384 5169 in
1430 5117 1787 5172 Lateranensi

123 5204 357 5262 concilio
380 5206 855 5278 promulgaverat,
889 5221 1005 5276 qua
1035 5205 1259 5259 ratione
1296 5203 1617 5260 dividendis
1667 5206 1786 5260 sint

123 5296 507 5365 eloemosynaa
539 5297 909 5351 mortuorum
943 5292 1115 5365 quiin
1149 5294 1522 5348 monasteriis
1554 5294 1784 5366 sepeliri

126 5384 624 5443 desideraverant.
660 5380 815 5438 Illud
848 5384 1154 5447 statutum,
1187 5381 1343 5453 quod
1373 5382 1433 5436 in
1482 5382 1785 5439 nonnullis

126 5471 562 5545 exemplaribus
584 5474 722 5543 post
752 5485 1033 5527 canonem
1054 5471 1120 5525 12
1132 5471 1354 5539 Questa,
1386 5472 1540 5543 apud
1564 5471 1785 5528 Gratia-

127 5578 263 5621 num
296 5563 382 5628 13,
416 5578 476 5633 q.
512 5564 550 5617 2
578 5559 858 5625 habetur,
890 5557 1039 5614 inter
1087 5558 1232 5615 alias
1263 5558 1476 5614 Urbani
1508 5560 1783 5632 epistolas

131 5670 288 5711 num.
319 5652 430 5707 240
460 5650 826 5722 proferetur.

1892 4754 2084 4813 solum
2114 4759 2382 4827 superest
2406 4757 2534 4827 ejus
2558 4756 2813 4828 epistolae
2830 4757 3218 4830 fragmentum
3244 4760 3397 4831 apud
3422 4759 3544 4817 Ivo-

1891 4861 2047 4902 nem.

1893 4949 2291 5007 CCLXXXVII.
2351 4952 2658 5030 Pontiﬁcis
2682 4952 2905 5024 affectus
2930 4954 3010 5030 in
3052 4952 3363 5022 monachos,
3411 4974 3542 5030 quos

2404 5021 2474 5076 ad
2493 5021 2798 5093 dignitates
2826 5024 3020 5080 evehit.

1967 5118 2156 5190 Hujus
2185 5120 2323 5173 anni
2336 5117 2525 5188 initio,
2541 5124 2808 5176 autcerte
2821 5122 2930 5176 sub
2946 5122 3324 5195 praicedentis
3340 5124 3541 5200 linem,

1894 5226 2029 5263 nam
2064 5208 2203 5261 1096
2234 5206 2462 5278 praefert
2490 5206 2813 5263 Chronicon
2843 5213 3093 5265 Cavense
3120 5227 3228 5266 ms.
3261 5212 3543 5271 ecclesiam

1894 5297 2086 5352 Sancti
2113 5296 2281 5351 Pauli
2309 5295 2457 5351 dedit
2503 5296 2752 5352 Urbanus
2803 5315 2949 5369 papa
2983 5303 3142 5355 Petro
3189 5299 3377 5355 abbati
3403 5303 3541 5357 San-

1892 5389 1991 5441 ciae
2021 5385 2303 5440 Trinitatis
2345 5383 2410 5440 de
2434 5384 2602 5440 Cava.
2661 5384 2826 5441 Haud
2885 5388 3152 5456 dubium,
3195 5391 3262 5441 ut
3309 5387 3371 5442 in
3419 5394 3538 5445 tam

1893 5472 2101 5529 celebri
2136 5471 2262 5528 loco
2310 5471 2637 5544 regularem
2697 5473 3069 5546 disciplinam
3118 5475 3399 5543 ﬁrmaret,
3442 5481 3543 5533 aut

1893 5563 2039 5618 forte
2097 5561 2469 5632 aliquantum
2504 5565 2895 5633 tepescentem
2955 5566 3329 5618 rcstauraret.
3382 5564 3539 5621 Nihil

1894 5649 2047 5705 enim
2081 5649 2383 5705 omittebat
2396 5648 2705 5720 religiosus
2722 5650 3070 5719 pontifex,ut
3091 5650 3148 5705 in
3168 5651 3539 5708 monasteriis
