3950 6218
344 378 465 445 283

1645 379 1715 441 Β.
1763 376 2053 443 URBANI
2100 379 2153 443 II
2198 380 2451 444 ΡΔΡΑΞ.

3641 367 3808 444 221i?

338 511 1081 593 potissimumBenedictini
1095 512 1319 573 ordinis
1331 513 1542 591 regqu
1564 512 1888 573 observatio
1900 530 1987 571 ac-
2015 516 2252 587 Αλκιηο
2282 515 2411 591 ipso
2443 516 2500 572 in
2520 512 2749 574 Italiam
2779 514 3076 589 reductus;
3106 514 3201 575 ille
3228 532 3363 573 vero
3384 513 3487 591 qui
3521 515 3598 573 ab‘
3623 517 3769 572 Eado

339 611 542 666 curata
567 609 915 677 servaretur,
936 603 1090 680 quod
1105 603 1355 680 probant
1382 604 1553 661 variis
1574 604 1702 676 ejus
1722 601 1913 673 bullaa,
1931 603 1989 661 in

339 699 635 773 quibuseo
656 696 1034 770 potissimum
1047 695 1244 753 animo
1268 712 1329 751 se
1362 693 1666 767 privilegia
1698 696 1987 749 monaste-

340 786 760 860 riisindulgere
773 785 1049 847 declarat.
1069 788 1135 839 ut
1146 783 1436 850 monachi,
1462 781 1886 839 aszecularibus
1902 799 1987 836 rc-

340 875 889 942 busetcurisliberi,
918 874 1234 929 ferventius
1246 873 1317 928 ad
1330 872 1591 929 cmlestia
1621 870 1984 928 anhelarent.

341 966 572 1023 Sciebat
609 964 825 1037 quippe
836 962 1125 1034 ejusmodi
1143 960 1271 1017 loca
1282 977 1468 1025 sacra,
1488 977 1622 1016 cum
1639 959 1989 1015 amonachis

339 1056 577 1111 boniset
587 1054 704 1127 piis
735 1052 1156 1117 inhabitantur,
1188 1064 1315 1106 esse
1328 1049 1503 1105 veluti
1519 1048 1835 1105 seminaria
1865 1065 1990 1103 ma-

340 1159 590 1218 gnorum
603 1143 882 1210 virorum,
912 1141 1010 1213 qui
1032 1138 1295 1196 Ecclesiae
1330 1138 1620 1194 laboranti
1634 1136 1848 1193 auxilio
1861 1153 1989 1193 esse

339 1235 597 1307 possent.
632 1230 950 1303 thuidem
968 1229 1021 1283 id
1039 1228 1290 1284 maxime
1319 1226 1654 1284 attendebat
1668 1231 1750 1293 ut,
1777 1225 1825 1281 si
1844 1225 1990 1281 forte

339 1320 552 1378 alicubi
563 1319 830 1389 lateretej
841 1316 1068 1374 usmodi
1083 1314 1155 1371 ali
1166 1314 1299 1388 quis
1313 1314 1803 1381 monachus,eum
1816 1315 1992 1371 adEc-

338 1407 857 1482 clesizedignitates
871 1409 1252 1479 promoveret.
1286 1404 1418 1460 Jam
1451 1402 1766 1460 nonnullos
1798 1419 1866 1457 ex
1895 1402 1989 1457 his

335 1496 847 1565 laudavimus,sed
884 1496 998 1549 duo
1029 1494 1197 1549 nobis
1228 1493 1518 1566 praecipue
1546 1496 1863 1548 occurrunt
1893 1491 1987 1546 hic

336 1586 701 1647 memorandi
725 1602 737 1641 :
762 1584 1033 1641 Albertus
1053 1598 1266 1653 nempe
1288 1582 1412 1653 qui,
1430 1586 1492 1637 ut
1514 1580 1792 1653 Ughellus
1816 1582 1990 1635 refert

340 1681 498 1733 tomo
526 1675 628 1731 VII
660 1673 835 1729 Italia:
870 1690 1068 1742 sacrae,
1102 1671 1207 1727 hoc
1227 1687 1381 1727 anno
1396 1687 1463 1726 cx
1488 1669 1769 1724 monacho
1792 1668 1985 1724 Sancti

339 1764 638 1822 Savini-de
667 1762 1276 1833 Placentiapresbytor
1306 1757 1639 1824 cardinalis,
1664 1774 1730 1813 ac
1754 1758 1993 1820 tandem

337 1849 815 1927 archiepiscopus
834 1849 1184 1922 Sipontinus
1223 1848 1412 1903 lactus
1437 1851 1544 1915 est,
1568 1848 1715 1902 alter
1740 1846 1985 1954 fiiits‘nn‘
2023 1889 2068 1954 Β

339 1947 469 1999 ctus
501 1940 855 2005 Bernardus,
889 1956 957 1994 ex
988 1937 1333 1993 Ubertorum
1367 1936 1589 1991 familia
1622 1933 1834 1991 nobilis
1866 1934 1991 1989 Flo-

340 2031 628 2102 rentinus,
659 2046 834 2101 quem
868 2025 1049 2083 semel
1104 2030 1163 2083 et
1193 2025 1404 2080 iterum
1456 2024 1725 2080 Urbanus
1776 2024 1990 2079 frustra

340 2138 467 2178 com
476 2120 787 2187 monitum,
802 2117 1037 2179 tandem
1062 2114 1343 2171 adhibitis
1358 2130 1536 2171 censu
1546 2113 1627 2168 ris
1639 2112 1991 2169 ecclesiasti-

340 2211 446 2280 cis,
480 2208 631 2267 utin
688 2208 819 2279 ejus
860 2205 993 2263 Vita
1046 2203 1280 2277 legitur,
1314 2204 1387 2258 ad
1443 2219 1505 2259 se
1535 2202 1728 2257 venire
1782 2201 1991 2273 coegit,

341 2315 594 2371 eumque
624 2297 735 2353 hoc
763 2295 940 2352 etiam
995 2292 1123 2365 ipso
1182 2309 1339 2348 anno
1385 2292 1790 2364 presbyterum
1837 2288 1993 2346 tituli

340 2387 527 2445 sancti
557 2383 915 2460 Chrysogoni
945 2380 1304 2438 cardinalem
1335 2380 1569 2436 creavit.
1616 2378 1816 2436 Multis
1860 2378 1992 2435 fun-

338 2481 470 2535 ctus
526 2472 943 2550 legationibus,
1004 2488 1140 2527 cuni
1172 2471 1391 2527 Parma)
1441 2469 1755 2542 episcOpus
1801 2467 1992 2525 factus

338 2566 568 2633 fuisset,
600 2562 903 2621 miraculis
932 2564 991 2616 et
1020 2559 1332 2617 sanctitate
1354 2556 1603 2614 illustris
1632 2574 1701 2612 ex
1736 2557 1848 2613 hac
1878 2556 1995 2612 vita

338 2655 609 2729 migravit
641 2654 752 2709 sub
778 2649 1075 2709 Paschalis
1104 2649 1154 2704 II
1186 2646 1549 2721 pontificatu.
1579 2646 1680 2702 His
1721 2647 1839 2702 duo
1893 2644 1993 2701 alii

341 2742 589 2817 adjpngi
616 2745 885 2815 possunt;
918 2737 1099 2806 Milo,~
1126 2753 1197 2792 ex
1238 2735 1525 2793 monacho
1570 2736 1765 2792 Sancti
1797 2734 1993 2791 Albini

339 2830 794 2903 Andegavensis,
826 2829 896 2885 de
925 2843 1045 2900 quo
1066 2827 1194 2897 jam
1226 2824 1505 2892 diximus,
1536 2824 1635 2897 qui
1664 2825 1818 2881 circa
1837 2825 1995 2881 hunc

343 2936 566 2976 annum
594 2918 666 2973 ab
697 2915 939 2989 Ughello
960 2914 1176 2970 dicitur
1190 2913 1485 2969 Bernardo
1497 2913 1851 2971 Praanestino
1871 2913 1993 2985 epi-

342 3024 518 3081 scopo
549 3005 905 3062 substitutus
953 3003 1135 3059 fuisse
1181 3005 1385 3058 contra
1429 3001 1732 3075 Hugonem
1780 3000 1993 3057 Album

345 3091 947 3170 pseudocardinalem,
967 3091 1260 3146 famosum
1274 3089 1992 3159 echismaticum,etJoan-

343 3181 855 3265 nes‘Marticanus,
888 3196 1071 3253 quem
1090 3179 1165 3235 ab
1185 3178 1416 3237 Urbano
1446 3177 1845 3236 Tusculanum
1868 3178 1990 3251 epio

2101 621 2259 663 mero
2290 604 2585 675 laudatur,
2618 622 2798 664 causa
2823 604 2998 664 studii
3017 603 3331 664 litterarum
3358 603 3419 662 in
3450 602 3767 663 Franciam

2099 696 2327 751 venisse
2355 695 2591 764 dicitur,
2628 713 2692 752 ac
2725 695 2882 753 fama
2936 696 3199 753 Anselmi
3249 699 3553 769 permotus
3593 692 3768 751 Becci

2102 784 2486 841 monasticam
2519 785 2699 841 vitam
2756 786 3109 859 suscepisse,
3164 785 3343 841 unde'
3378 780 3770 857 post'aliqnot

2100 891 2285 929 annos
2316 874 2387 929 ab
2420 873 2653 930 Urbano
2683 874 3002 930 accersitus
3033 874 3242 944 fuerat,
3278 878 3341 929 ul
3370 889 3507 930 eum
3555 888 3765 927 mona-

2100 961 2274 1018 sterio
2304 962 2570 1018 Telesino
2599 964 2934 1034 praeficeret.
2968 963 3154 1030 Certe,
3191 979 3255 1019 ex
3286 958 3382 1018 his
3414 966 3574 1035 patet
3612 959 3767 1016 nihil

2100 1051 2373 1108 omisisse
2406 1051 2704 1107 Urbanum
2738 1057 2802 1107 ut
2827 1052 2981 1108 viros
3005 1052 3310 1125 religiosos
3331 1051 3402 1105 ad
3427 1067 3489 1106 se
3513 1066 3580 1105 ex
3599 1048 3767 1105 omni

2100 1146 2261 1213 parte
2287 1145 2629 1208 accerseret,
2660 1158 2913 1214 quorum
2944 1158 3117 1214 opera
3150 1140 3208 1196 in
3250 1138 3622 1195 difficillimis
3651 1154 3759 1195 ne-

2097 1212 2273 1302 gotiis
2307 1233 2582 1299 uteretur,
2618 1212 2736 1302 qua
2756 1212 2828 1285 5e
2859 1246 2940 1294 re,
2959 1212 3023 1285 ut
3043 1230 3171 1301 jam
3203 1226 3665 1295 observavimus,
3687 1226 3781 1282 ad‘

2098 1320 2293 1391 ipsum
2322 1319 2665 1376 Anselmum
2691 1324 2819 1374 tum
2850 1318 3013 1375 Becci
3035 1319 3305 1373 abbatem
3330 1314 3666 1389 scripserat,
3696 1320 3767 1371 ut

2099 1409 2146 1463 si
2181 1407 2437 1481 aliquem
2468 1408 2758 1479 ejusmodi
2791 1408 2850 1463 in
2882 1424 2991 1465 sua
3010 1406 3465 1480 congregatione
3493 1404 3761 1471 haberet,

2097 1514 2231 1553 eum
2264 1502 2363 1553 aut
2394 1497 2707 1553 adduceret
2739 1514 2961 1567 secum,
2996 1501 3097 1553 aut
3126 1502 3300 1563 certe,
3326 1495 3375 1549 si
3412 1495 3538 1567 ipse
3560 1493 3762 1550 venire

2100 1603 2211 1641 non
2245 1590 2462 1657 posset,
2488 1586 2559 1640 ad
2592 1602 2653 1641 se
2685 1585 2961 1641 mitteret.
2997 1586 3152 1641 Idem
3208 1580 3467 1656 pontifex
3512 1580 3765 1655 epistola

2100 1677 2168 1730 48
2196 1675 2486 1731 Joannem
2517 1675 2857 1747 quemdam,
2883 1691 2951 1730 ex
2981 1673 3190 1729 clerico
3209 1673 3470 1729 Romano
3500 1668 3762 1728 ecclesiae

2099 1763 2452 1820 monachum
2466 1764 2627 1820 Becci
2644 1763 2863 1819 factum
2881 1764 3105 1836 repetit.
3124 1762 3387 1834 Denique
3434 1761 3764 1817 Eadmerns

2101 1854 2159 1909 in
2191 1853 2324 1909 Vita
2354 1853 2540 1910 sancti
2572 1852 2831 1909 Anselmi
2867 1852 3073 1909 laudat
3093 1852 3323 1907 Petrum
3340 1849 3522 1906 alium
3553 1866 3762 1905 mona-

2104 1942 2281 1999 chum
2311 1929 2775 2009 Cluniacensem,
2806 1956 3029 2011 magna:
3049 1940 3394 1996 auctoritatis
3409 1938 3624 2007 virum,
3657 1938 3763 2010 qui

2102 2031 2318 2088 Urbani
2352 2048 2417 2087 ac
2448 2035 2649 2104 postea
2677 2029 2973 2085 Paschalis
3004 2028 3351 2101 pontificum
3396 2025 3762 2083 cunerarius

2102 2119 2308 2176 fuerat.
2343 2119 2507 2176 Hunc
2539 2118 2826 2185 nonnulli,
2859 2118 2959 2174 sed
3017 2115 3331 2187 immerito,
3378 2114 3763 2189 suspicantur

2099 2208 2287 2265 fuisse
2314 2212 2554 2264 Petrum
2586 2206 2896 2272 celebrem,
2925 2212 3129 2280 postea
3156 2206 3429 2262 abbatem
3467 2203 3760 2270 Cluniaci,

2100 2296 2506 2353 Venerabilem
2538 2297 2783 2353 dictum.
2819 2297 2873 2352 Is
2903 2311 3112 2368 nempe
3144 2311 3297 2350 anno
3344 2293 3489 2350 1092
3505 2294 3637 2365 jam
3666 2309 3759 2349 se-

2101 2386 2274 2442 dente
2306 2385 2538 2441 Urbano
2574 2390 2748 2441 natus
2778 2389 2887 2440 est.

2352 2473 2771 2530 CCLXXXVIII.
2812 2473 3118 2529 Concilium
3148 2472 3501 2528 Santonme.

2174 2563 2331 2619 Inter
2341 2562 2461 2619 hac
2487 2564 2731 2619 Amatne
2748 2567 2829 2618 Bu
2839 2560 3189 2635 rdigalensis
3206 2560 3689 2634 archiepiscopis
3699 2563 3765 2615 et

2100 2652 2330 2725 legatus
2350 2651 2507 2708 sedis
2535 2650 2873 2725 apostolicae
2903 2668 2956 2706 v1
2987 2651 3184 2707 Nonas
3214 2649 3408 2706 Martii
3438 2648 3759 2707 concilium

2105 2742 2260 2815 apud
2291 2742 2581 2799 Santonus
2611 2739 2947 2809 celebravit,
2980 2757 3015 2796 a
3063 2739 3292 2796 Labbeo
3314 2774 3319 2785 ι
3343 2743 3402 2795 et
3432 2737 3566 2795 aliis
3601 2752 3761 2794 anno

2102 2830 2450 2905 praecedenti
2483 2829 2914 2903 consignatum,
2947 2829 3103 2902 quod
3134 2828 3327 2902 reipsa
3375 2827 3761 2887 indictiowem

2103 2938 2159 2977 ιν
2178 2925 2241 2977 et
2269 2936 2493 2977 annum
2525 2920 2665 2974 1096
2684 2919 2742 2973 in
2773 2917 2975 2974 charta
3006 2916 3445 2985 Vindooinensi:
3471 2917 3633 2975 unde
3651 2915 3761 2971 ha-

2103 3011 2293 3076 betur,
2348 3008 2619 3065 exhibeat
2675 3008 2828 3079 (Vid.
2882 3008 3082 3063 Anecd.‘
3115 3007 3262 3063 Thes.
3296 3012 3340 3062 t.‘
3371 3006 3461 3073 IV,
3495 3022 3554 3078 p.
3606 3004 3759 3077 423).

2100 3101 2192 3165 At,
2226 3101 2292 3155 ut
2319 3102 2395 3154 ut.
2413 3097 2587 3154 fuerit
2613 3097 2686 3153 de
2714 3095 3053 3166 indictione,
3086 3095 3624 3169 quaa'biomsn'dosa
3644 3099 3757 3163 est,

2103 3187 2152 3243 si
2185 3186 2388 3244 nullus
2415 3186 2650 3242 errorin
2678 3202 2901 3242 annum
2919 3186 3238 3258 irrepserit,
3262 3184 3646 3258 repetendum
3663 3188 3763 3239 est

342 3260 585 3353 scopum
618 3275 878 3327 creatum
909 3270 1092 3327 fuisse
1122 3266 1610 3341 Ughellus'tradit.
1635 3267 1692 3323 Is
1709 3267 1992 3339 forteipse
2021 3257 2066 3326 (ἶ
2104 3277 2163 3332 in
2193 3293 2263 3333 ea
2290 3275 2512 3343 charta,
2545 3275 2700 3331 sicut
2730 3275 2953 3347 passim
2984 3257 3109 3330 fieri
3139 3274 3307 3342 solet,
3335 3257 3468 3345 ejus
3518 3271 3760 3329 initium

343 3367 447 3423 esti
459 3363 715 3419 Joannes
724 3357 1254 3431 monachus,quem
1268 3356 1434 3429 Hugo
1462 3355 1988 3413 Flaviniacensisin

343 3450 629 3509 Chronico
655 3452 960 3506 memorat.
1004 3447 1106 3502 Hic
1136 3451 1356 3514 tamen,
1404 3445 1454 3501 si
1485 3445 1714 3502 sincera
1755 3445 1835 3502 sit
1862 3446 1992 3517 ejus

342 3539 598 3599 auctoris
627 3537 906 3605 narratio,
920 3535 1221 3609 aliquanto
1233 3540 1366 3607 post
1380 3534 1538 3591 hunc
1567 3550 1788 3591 annum
1804 3534 1994 3591 factus

343 3634 432 3687 est
444 3628 788 3705 cpiscopus,
808 3643 943 3682 nam
957 3626 1030 3683 ab
1063 3624 1508 3693 Urbano,cume
1528 3622 1733 3680 Galliis
1746 3624 1993 3679 Romam

342 3718 573 3787 rediret,
594 3732 805 3775 secum
820 3714 1110 3770 adductus
1126 3712 1308 3769 dicitu
1317 3730 1365 3779 ιε,
1388 3716 1448 3767 et
1462 3711 1722 3784 primum
1735 3712 1995 3778 abbatis,

341 3812 471 3863 tum
498 3806 836 3878 episcopatu
868 3803 1141 3859 donatus.
1175 3802 1261 3857 En
1289 3801 1419 3873 ipsa
1464 3800 1728 3873 Hugonis
1780 3801 1992 3858 verba:

344 3892 929 3950 Anno-Immationis
963 3890 1270 3947 Dominicae
1298 3888 1458 3957 118ι,
1507 3890 1739 3946 Joannes
1794 3890 1991 3946 Tuscu-

347 3984 509 4039 lanus
546 3982 826 4054 episcopus
857 3996 892 4033 a
914 3995 1064 4050 papa
1091 3980 1157 4033 ini
1204 3978 1467 4050 Angliam
1509 3979 1711 4034 missus
1757 3981 1835 4035 est
1875 3996 2000 4052 pro-

338 4080 463 4147 pter
484 4087 704 4129 omum
732 4070 790 4126 S.
823 4070 993 4125 Petri.
1027 4069 1125 4125 Hic
1171 4069 1468 4125 canenicus
1509 4067 1697 4125 Sancti
1746 4070 1999 4139 Quinh'ni

345 4158 745 4217 Bellovaeensis
796 4156 1079 4228 regularis.
1113 4157 1456 4229 professione
1524 4156 1751 4225 violata,
1806 4157 2000 4214 habitu

345 4248 602 4319 deposito,
635 4245 707 4302 ad
722 4245 993 4303 saeculum
1001 4243 1164 4302 rediit
1176 4262 1203 4309 δ
1231 4249 1282 4301 et
1292 4262 1423 4302 cum
1445 4248 1839 4319 impropaium
1852 4250 2001 4321 ferre

345 4337 615 4409 nequiret,
646 4337 804 4392 Becci
830 4333 1127 4391 monachus
1182 4337 1380 4407 factus,
1427 4352 1553 4392 cum
1598 4344 1751 4392 esset.
1775 4338 2001 4394 natione

346 4427 641 4495 Romanus,
667 4442 817 4499 papa
857 4423 1072 4482 Urbano
1126 4424 1195 4481 ad
1227 4424 1431 4481 Callias
1462 4426 1707 4482 veniente
1752 4427 2001 4497 familia-

347 4517 568 4573 ritatem
587 4516 701 4587 ejus
730 4514 957 4588 adeptus
985 4516 1082 4579 est,
1143 4514 1471 4587 Romamque
1517 4514 1790 4583 reduetus,
1833 4519 1885 4571 et
1908 4514 1998 4573 de-

2101 3383 2137 3423 a
2163 3363 2449 3422 Paschali‘
2488 3363 2819 3421 festivitate.
2861 3364 3024 3420 Certe
3080 3380 3303 3419 annum
3350 3362 3490 3418 l097
3510 3368 3514 3381 ‘
3539 3362 3774 3419 diserte

2103 3452 2335 3528 praefert
2366 3453 2823 3509 instrumentum
2854 3450 3020 3508 Silvas
3042 3450 3379 3524 Majoris,in
3411 3466 3485 3507 eo
3507 3448 3761 3506 concilio

2103 3544 2345 3609 factum,
2403 3559 2506 3615 pro
2568 3540 2933 3598 restitutione
2996 3548 3161 3599 terrae
3214 3540 3281 3597 de
3336 3542 3534 3596 Doeria
3590 3546 3665 3595 δι’
3689 3538 3761 3595 de

2092 3632 2258 3707 (Tosco
2287 3647 2467 3704 quam
2498 3628 2816 3686 Achelmus
2844 3630 3110 3702 ejusdem
3165 3628 3274 3686 loci
3306 3629 3511 3686 abbas
3539 3627 3763 3685 ibidem

2105 3719 2458 3792 impetravit.
2515 3718 2642 3774 Non
2701 3716 2975 3774 dissentit
3032 3716 3303 3773 Chroniei-
3356 3714 3767 3772 Mallcacensis

2108 3812 2333 3876 auctor,
2364 3805 2485 3881 qui,
2522 3805 2657 3864 licet
2685 3806 2757 3863 ad
2788 3803 3770 3877 annumiOQOhsnc'synodumre-

2105 3902 2293 3963 vocat,
2327 3912 2457 3953 eam
2510 3900 2706 3953 tamen
2738 3895 2973 3951 nonnisi
3032 3895 3143 3951 sub
3170 3895 3348 3950 tinem
3397 3891 3764 3965 hujus‘anni

2106 3985 2279 4057 locat,
2308 3990 2444 4058 post
2500 3985 2791 4041 recensita
2846 3983 3069 4040 scilicet
3099 3982 3291 4039 muita
3343 3981 3770 4055 alia2qumper-

2108 4078 2298 4131 totum
2330 4073 2803 4146 ejus‘dccursum
2838 4071 3225 4146 contigerant.
3258 4071 3384 4127 Uno
3410 4070 3611 4137 verbo,
3638 4084 3765 4127 om~

2109 4162 2248 4221 nino
2280 4165 2507 4218 certum
2537 4166 2627 4217 est
2656 4160 2807 4219 hanc
2831 4161 3122 4235 synodum
3149 4175 3359 4216 mense
3383 4158 3594 4215 Martio
3623 4155 3767 4213 anni

2110 4252 2253 4308 1096
2278 4249 2632 4307 celebratam
2663 4268 2780 4308 non
2838 4250 3043 4307 fuisse.
3093 4249 3260 4305 Time
3308 4248 3764 4313 enim‘A'mntus,

2110 4339 2215 4413 qui
2242 4340 2293 4395 ei
2326 4338 2918 4412 prafei‘sssedicitur,
2949 4338 3104 4411 apud
3136 4338 3427 4394 Santones
3471 4351 3619 4391 esse.
3651 4350 3771 4391 non

2109 4428 2319 4504 potuit,
2354 4432 2553 4501 Mpote
2569 4428 2671 4501 qui
2701 4444 2767 4485 eo
2789 4428 3133 4501 temporein-
3157 4425 3455 4500 pontiﬁcis
3484 4424 3770 4481 comitata

2109 4517 2427 4591 aegrotabat
2451 4518 2607 4590 apud
2655 4518 2940 4585 Turonos,
2994 4514 3091 4571 ubi
3152 4513 3467 4571 concilium
3527 4512 3601 4568 ab
3641 4511 3777 4585 ipso

344 4607 535 4679 functa
551 4604 822 4661 Lauicano
851 4605 1121 4676 episcopo,
1148 4620 1275 4660 cum
1280 4605 1402 4677 jam
1422 4604 1498 4660 :de
1526 4604 1746 4661 abbatis
1760 4604 2001 4678 quadam
2034 4626 2079 4691 Β
2111 4606 2347 4664 Urbano
2394 4604 2816 4673 celebrabatur,
2847 4608 2912 4660 ut
2933 4604 3131 4661 videre
3160 4609 3250 4660 est
3276 4603 3341 4660 in
3359 4598 3765 4660 instrumento

345 4702 667 4752 muneratus
712 4697 868 4762 esset,
907 4693 974 4750 de
1032 4692 1219 4750 abbate
1250 4695 1312 4749 in
1365 4694 1677 4766 episcopum
1719 4702 2000 4766 promtus
2038 4690 2057 4691 ί
2108 4693 2493 4751 dedicationis
2522 4692 2781 4751 basilicas
2809 4693 3045 4767 Majoris
3073 4690 3775 4761 Monasterii,etiex-aliis

346 4789 442 4841 est.
476 4784 539 4841 Si
567 4800 700 4841 vero
734 4783 781 4840 is
808 4783 934 4856 ipse
962 4782 1042 4838 sit
1068 4783 1326 4839 Joannes
1358 4782 1541 4839 abbas
1570 4782 1769 4839 Sancti
1800 4782 2001 4840 Salva-

348 4873 494 4930 toris
523 4889 701 4947 prope
726 4872 1057 4929 Telesinam
1089 4871 1317 4941 urbem,
1351 4871 1506 4944 apud
1534 4888 1709 4945 quem
1762 4875 2002 4930 sanctus

351 4961 666 5019 Anselmus
699 4960 952 5028 divertit,
1013 4965 1079 5021 ut
1104 4977 1259 5018 anno
1320 4960 1588 5034 sequenti
1637 4978 1706 5017 ex
1737 4961 2003 5019 Eadmeri

351 5050 502 5106 libro
533 5051 583 5105 II
612 5050 901 5106 Novorum
916 5048 1199 5119 dicemus,
1214 5049 1309 5107 vix
1323 5049 1438 5107 dici
1456 5054 1646 5123 potest
1675 5051 1746 5107 ab
1772 5051 2003 5108 Urbano

354 5140 545 5199 factus
577 5137 761 5194 fuisse
784 5137 1115 5212 episcopus,
1146 5156 1282 5196 cum
1314 5140 1375 5196 id
1419 5139 1760 5207 Eadmerus,
1795 5145 1861 5196 ut
1875 5140 2002 5213 qui-

355 5228 489 5289 dem
508 5226 799 5300 conjicere
829 5230 938 5295 est,
971 5228 1213 5285 reticere
1232 5244 1346 5285 non
1372 5226 2006 5285 debuisset.Nonnulla

355 5322 551 5377 autem
584 5321 887 5375 momenta
910 5318 1203 5385 eumdem,
1240 5316 1357 5372 alia
1372 5315 1633 5372 diversos
1654 5317 1837 5372 fuisse.
1858 5318 2008 5389 ejus-

354 5406 491 5464 dem
522 5404 778 5463 nominis
805 5405 961 5461 viros
994 5406 1243 5478 probare
1258 5404 1548 5461 videntur.
1573 5404 1739 5461 Certe
1763 5408 2013 5477 uterque

357 5498 631 5554 Romanus
657 5497 783 5551 erat
807 5509 1020 5565 genere,
1053 5497 1110 5550 et
1138 5493 1304 5550 Becci
1324 5491 1669 5560 monachus,
1693 5496 1750 5549 et
1769 5492 2007 5566 quidem

358 5601 478 5641 uno
488 5585 692 5641 eodem
706 5587 968 5655 tempore
981 5583 1093 5639 sub
1108 5582 1335 5639 abbate
1345 5579 1640 5641 Anselmo.
1662 5582 1736 5640 At
1748 5581 2008 5640 Joannes

358 5673 643 5746 Hugonis,
676 5667 1449 5729 canonicuslelovacensis
1478 5668 1689 5739 fuerat,
1719 5672 1878 5729 etab
1909 5671 2009 5729 Ur-

2113 4782 2517 4842 moaumentis
2532 4781 2882 4839 indubitatis
2894 4786 3142 4838 constat;
3152 4779 3778 4853 Deinde'Raymundus

2112 4871 2451 4931 Ausoiensis
2467 4870 2964 4945 archiepiscopus,
2981 4869 3282 4943 quieidem
3295 4868 3518 4943 synodo
3528 4868 3779 4925 Sancto-

2112 4961 2285 5019 nenai
2308 4960 2651 5017 interfuisse
2694 4959 2930 5027 dicitur,
2991 4959 3255 5016 nondum
3303 4972 3509 5015 mense
3564 4955 3787 5012 Martio

2111 5050 2248 5108 anni
2282 5050 2423 5107 1096
2444 5049 2518 5106 ad
2552 5048 2705 5106 hanc
2734 5048 3039 5106 ecclesiam
3070 5050 3376 5122 promotus
3398 5046 3785 5113 fueratjanm

2117 5140 2256 5196 1097
2285 5138 2620 5212 apontiﬂce
2653 5137 2830 5212 pallio
2862 5139 3134 5194 donatus.
3183 5137 3417 5193 Deinde
3444 5134 3797 5195 Marbodus'

2116 5245 2270 5284 unus
2300 5227 2481 5285 etiam
2513 5244 2581 5284 ex
2610 5227 2882 5283 Patribus
2908 5226 3381 5283 Santonensibus-
3407 5224 3779 5297 in~ips<retmh

2115 5315 2248 5373 cilio
2272 5316 2598 5373 Turonensi
2630 5316 2701 5372 ab
2736 5315 2968 5372 Urbano
2997 5315 3110 5371 fuit
3129 5316 3551 5380 consecratum;
3583 5311 3787 5368 eidem

2116 5405 2339 5478 synodo
2362 5404 2638 5461 interfuit
2680 5403 3053 5462 Hildebertus
3099 5403 3430 5477 episcopus
3455 5405 3789 5457 Oenomau-

2117 5494 2341 5561 nensis,
2372 5493 2474 5566 qui
2502 5492 2739 5553 Johelio‘
2759 5509 2917 5549 anno
2949 5493 3108 5560 1098,
3142 5510 3199 5548 ιχ
3229 5491 3352 5549 Kal.
3377 5488 3637 5563 Augusti
3674 5488 3778 5545 de-

2118 5583 2317 5639 functo
2347 5582 2651 5651 successit,
2684 5585 2753 5638 ut
2770 5581 3001 5639 habent
3015 5583 3146 5655 ejus
3159 5579 3601 5646 ecclesiaa‘Acta,
3618 5580 3785 5635 temo

2116 5671 2194 5729 III
2221 5670 2480 5728 Analect.
2514 5666 2837 5740 Mabillon.,
2890 5688 3022 5745 pag.
3054 5671 3189 5728 302:
3238 5670 3465 5741 Ex-quo
3521 5667 3693 5734 loco,
3724 5665 3783 5721 si
