3950 6218
443 331 559 392 227

1746 328 1816 389 Β.
1867 325 2156 389 lillBANl
2205 327 2253 386 ll
2302 329 2550 389 ΡΑΡΑΞ.

3704 318 3799 394 298

431 480 633 520 eorum
665 467 996 534 temporum
1030 460 1362 534 scriptores.
1393 463 1641 534 Legendi
1671 479 1736 516 ea
1766 462 1836 516 de
1868 477 1927 516 re
1957 459 2084 514 l’ul-
2117 460 2167 526 Α
2203 462 2258 514 in
2291 465 2507 532 Sagana
2556 466 2604 516 et
2655 461 2887 516 borariis
2938 461 3188 530 ﬂuminis
3227 458 3438 528 Sattiae;
3473 477 3636 533 quam
3665 463 3795 521 litem

431 551 596 609 conis
626 550 932 621 cujusdam
967 555 1144 623 poetai
1177 552 1304 620 ejus
1334 551 1518 606 astatis
1549 567 1772 612 versus,
1797 549 1892 622 qui
1927 556 2086 604 tonio

432 641 507 698 IlI
549 638 784 698 Chesnii
838 638 1106 694 Historiae
1161 641 1514 696 Francorum
1563 639 1915 711 scriptorum
1947 636 2083 692 editi

431 737 590 788 sunt.
623 731 686 786 In
717 729 789 786 iis
820 728 935 797 ille,
969 728 1122 784 sicut
1171 734 1229 784 et
1274 728 1370 784 alii
1405 729 1625 802 passim
1657 734 1944 792 auctores,
1975 726 2085 781 hos

430 820 607 877 etiam
640 818 843 874 laudat
871 817 973 889 qui
1005 817 1118 872 alia
1138 817 1232 873 via
1245 834 1348 889 per
1367 817 1739 872 Germaniam
1761 830 2083 887 perrexere.

432 907 738 965 Bertoldus
767 906 1141 963 commendat
1161 905 1438 962 comitem
1459 905 1838 960 Harduanum
1861 904 1933 960 de
1962 904 2084 960 Ale-

429 998 682 1064 mannia,
727 1001 786 1052 et
831 995 1103 1052 Ottonem
1151 993 1668 1067 Strasburgensem
1718 992 2082 1065 episcopum,

430 1086 564 1142 licet
593 1083 1056 1155 schismaticum,
1083 1083 1236 1156 quod
1288 1099 1423 1138 cum
1469 1081 1695 1139 caateris
1745 1081 1892 1138 hanc
1928 1081 2083 1136 viam

429 1175 646 1232 inierit.
679 1174 732 1230 Is
761 1178 850 1228 est
880 1173 1023 1244 ipse,
1055 1169 1168 1228 nisi
1201 1170 1392 1237 fallor,
1423 1171 1525 1244 qui
1575 1187 1644 1228 ex
1697 1171 1900 1226 eodem
1949 1173 2082 1224 Ber-

430 1264 609 1331 toldo,
655 1269 720 1317 ut
768 1278 949 1333 supra
999 1260 1277 1326 diximus,
1311 1260 1543 1316 Urbano
1592 1275 1746 1316 anno
1798 1257 2081 1331 superiori

431 1351 835 1408 reconciliatus
866 1354 974 1406 est.
1007 1348 1268 1405 Celebris
1311 1353 1400 1404 est
1443 1348 1618 1404 etiam
1671 1348 1743 1403 ob
1775 1346 1926 1402 hanc
1957 1362 2080 1401 rem

431 1441 657 1498 Ulricus
702 1439 1014 1511 episcopus
1063 1437 1382 1503 Curiensis,
1432 1436 1555 1509 qui,
1607 1435 1806 1491 relicta
1837 1435 2081 1491 Ceroldo

428 1529 716 1588 monacho
743 1527 1076 1584 Fabariensi
1109 1544 1227 1582 sum
1259 1525 1528 1580 dimcesis
1573 1541 1730 1591 cura,
1766 1539 1900 1579 cum
1950 1521 2082 1579 aliis

429 1619 633 1676 multis
665 1617 736 1672 ad
767 1615 930 1672 illam
961 1614 1390 1686 expeditionem
1422 1613 1718 1686 profectus
1749 1618 1856 1668 est.

429 1721 809 1782 CCXClll-lV.
843 1723 1020 1776 Romae
1046 1737 1145 1792 pro
1169 1721 1562 1789 crucesignatis
1601 1719 1790 1774 scribit
1834 1718 2082 1774 Urbanus

585 1795 777 1851 Alexio
807 1794 1146 1865 imperatori.
1179 1793 1482 1862 Privilegia
1511 1792 1708 1847 Casini
1735 1798 1917 1858 auget.

501 1884 647 1942 Cum
663 1898 796 1939 vero
819 1881 926 1936 has
946 1879 1686 1956 expeditiones,instigante
1705 1877 2080 1950 potissimum

429 1972 630 2030 Alexio
658 1968 1302 2040 Constantinopolitano
1334 1965 2081 2040 imperatore,promulgas-

431 2067 519 2118 set
549 2059 837 2125 Urbanus,
871 2058 1060 2112 visum
1093 2063 1182 2113 est
1227 2055 1278 2113 ei
1328 2057 1398 2112 de
1446 2055 1598 2112 felici
1641 2057 1770 2126 ejus
1799 2069 2076 2112 successu

429 2150 704 2216 scribere,
729 2152 794 2203 ut
822 2145 1044 2204 scilicet
1073 2145 1508 2219 crucesignatos
1539 2144 1590 2200 ei
1621 2143 2074 2200 commendaret.

427 2245 504 2296 At
531 2255 695 2312 spem
726 2235 1190 2293 Christianorum
1215 2235 1417 2291 fefellit
1436 2232 1760 2306 versipellis
1784 2231 1880 2288 ille
1903 2232 2078 2303 impc-

428 2333 587 2385 rator
617 2343 630 2382 :
662 2326 877 2382 veritus
907 2323 1122 2396 quippe
1155 2340 1224 2378 ne
1251 2341 1283 2380 a
1316 2327 1478 2378 tanta
1507 2321 1812 2377 hominum
1853 2325 2075 2376 extero-

427 2435 558 2475 rum
577 2413 954 2472 multitudine
992 2411 1688 2485 opprimeretur,insidias
1717 2410 1801 2465 eis
1818 2408 2076 2464 occultas

425 2505 670 2581 paravit,
702 2507 761 2558 et
788 2502 1096 2558 subductis
1127 2501 1349 2573 passim
1379 2517 1508 2572 quis
1535 2500 1606 2555 ad
1639 2499 1853 2554 victum
1879 2514 2072 2552 neces-

423 2594 579 2652 saria
607 2595 774 2649 erant
803 2590 1109 2660 subsidiis,
1140 2589 1196 2645 in
1229 2606 1409 2644 causa
1439 2587 1548 2644 fuit
1595 2593 1660 2642 ut
1707 2586 1875 2642 multi
1908 2603 1975 2640 ex
2004 2585 2075 2640 iis

425 2682 720 2758 perierint.
746 2679 922 2736 Paulo
948 2685 1144 2734 tamen
1181 2684 1380 2752 postea
1410 2678 1748 2732 societatem
1772 2692 1904 2731 cum
1929 2675 2073 2747 ipsis

425 2777 746 2842 utcumque
779 2768 965 2833 inivit,
998 2772 1310 2840 postquam
1342 2767 1416 2835 ei,
1449 2771 1513 2821 ut
1541 2766 1716 2821 refert
1747 2781 2074 2836 anonymus

425 2856 1098 2923 Barensis,securitatem
1131 2855 1202 2912 de
1222 2871 1328 2911 suo
1355 2853 1515 2910 illius
1545 2870 1721 2926 regno
1749 2852 2075 2909 Constanti-

425 2947 620 3022 nopoli
656 2947 944 3003 fecissent.
979 2945 1164 3000 Multa
1191 2945 1428 2998 demum
1461 2943 1544 2998 eis
1567 2941 1811 2998 contulit
1839 2942 2075 3009 dona,et

424 3037 658 3112 navigia
684 3032 1454 3109 suppeditavit,quibuscum
1470 3033 1524 3086 in
1543 3029 1864 3086 infidelium
1887 3036 2072 3086 terras

423 3128 812 3201 penetrarent.
844 3125 1030 3194 Atque
1073 3121 1194 3176 hinc
1242 3121 1400 3177 fuere
1444 3120 1803 3175 famosarum
1837 3117 2068 3174 illarum

2197 555 2543 620 prosecutus
2573 549 2760 606 fuerat
2811 549 2870 605 in
2915 549 3078 606 curia
3124 549 3358 606 comitis
3404 550 3800 612 Matisconensis

2197 638 2362 711 Hugo
2409 637 2666 694 Cluniaci
2716 637 3008 695 cellarius.
3062 641 3136 695 At
3180 655 3315 695 cum
3361 638 3798 700 Trenorchienses

2198 727 2356 784 nullo
2393 728 2618 798 judicio
2667 727 3004 800 acquiscere
3051 726 3284 795 vellent,
3319 744 3410 784 res
3443 728 3510 783 ad
3541 727 3798 786 Urbanum

2195 815 2388 874 delata
2416 821 2524 885 est,
2561 817 2661 884 qui
2690 815 2887 872 statim
2923 815 3150 888 Hugoni
3207 815 3570 887 Lugdunensi
3611 817 3798 874 archie-

2196 908 2432 981 piscopo
2466 905 2768 978 rescripsit
2798 909 2864 962 ut
2892 905 3058 961 Petro
3089 902 3532 961 Trcnorchiensi
3577 907 3632 961 in
3654 907 3799 963 cathe-

2193 999 2294 1053 dra
2331 996 2600 1052 abbatiaii
2643 995 2828 1051 sedere
2874 993 3268 1060 interdiceret,
3315 993 3498 1050 donec
3522 993 3798 1070 satisfecis-

2194 1093 2282 1143 set
2309 1082 2924 1142 Cluniacensibus.Cui
2961 1082 3237 1137 mandato
3265 1080 3362 1137 hic
3385 1081 3610 1136 tandem
3639 1082 3799 1154 paruit

2193 1192 2348 1233 anno
2381 1174 2541 1243 l097,
2576 1171 2892 1228 indictione
2917 1187 2971 1239 v,
3003 1167 3391 1226 ordinationis
3441 1169 3681 1242 Hugonis
3723 1169 3792 1237 49,

2193 1271 2260 1320 ut
2305 1263 2482 1320 habet
2527 1265 2692 1318 vetus
2742 1260 3202 1317 instrumentum
3227 1276 3297 1315 ex
3325 1275 3437 1330 quo
3475 1257 3590 1314 hinc
3615 1259 3794 1316 descri-

2192 1355 2441 1426 pshnus.

2349 1440 2622 1497 CCXCVI.
2661 1439 3022 1509 Privilrgium
3054 1438 3294 1494 ecclesia,
3320 1437 3672 1492 Arvemensis.

2265 1531 2421 1586 Idem
2453 1528 2706 1604 pontifex
2739 1527 2829 1584 die
2861 1529 2926 1582 18
2958 1525 3172 1598 Aprilis
3203 1525 3419 1599 insigni
3441 1525 3593 1582 bulla
3619 1524 3794 1582 confir-

2191 1620 2371 1676 mavit
2416 1618 2614 1674 omnia
2662 1615 2963 1689 privilegia
3011 1631 3077 1670 ac
3123 1614 3524 1686 possessiones
3566 1611 3794 1668 Ecclesia

2191 1708 2602 1774 Arvernensis;
2639 1705 2960 1777 statuitque
3011 1709 3076 1758 ut
3123 1704 3254 1774 ejus
3299 1701 3567 1759 Ecclesia:
3591 1701 3796 1758 antistes

2191 1799 2250 1854 in
2282 1796 2646 1854 ordinatione
2696 1792 3122 1866 metrOpolitani
3175 1791 3550 1850 Bituricensis
3579 1791 3794 1864 primum

2189 1885 2384 1942 locum
2415 1884 2724 1941 obtineret.

2294 1973 2592 2030 CCXCVII.
2620 1977 2768 2029 Bona
2804 1972 3081 2027 Theatinae
3109 1970 3364 2026 Ecclesiae
3394 1969 3708 2040 conﬁrmata.

2256 2063 2530 2136 Sequenti
2563 2063 2655 2116 die
2686 2059 2922 2132 scripsit
2953 2061 3103 2115 idem
3136 2058 3397 2131 pontifex
3425 2057 3497 2114 ad
3525 2055 3724 2112 clerum
3745 2057 3793 2110 et

2187 2169 2453 2225 proceres
2484 2150 2794 2206 comitatus
2822 2148 3207 2217 Theatini,de
3237 2146 3332 2203 his
3364 2163 3492 2220 quae
3517 2160 3694 2202 coram
3713 2160 3793 2217 po-

2185 2242 2495 2312 situs,cum
2523 2239 2726 2296 Theati
2761 2254 2961 2294 mense
2994 2236 3202 2292 Martio
3231 2235 3496 2309 proxime
3526 2233 3706 2307 elapso
3722 2248 3792 2288 es-

2186 2334 2292 2395 set,
2317 2328 2716 2385 constituerat.
2749 2327 3138 2397 Rescriptum,
3171 2342 3274 2381 seu
3305 2324 3502 2397 potius
3529 2324 3648 2395 ejus
3668 2323 3792 2396 frag-

2185 2423 2449 2474 mentum
2473 2416 2705 2472 exhibet
2734 2411 3140 2486 Ughellus,sed
3163 2413 3405 2468 omnino
3436 2409 3722 2478 mutilum;
3747 2412 3794 2464 at

2185 2507 2350 2564 facile
2381 2503 2638 2578 suppleri
2679 2507 2868 2576 potest
2898 2519 2966 2558 ex
3014 2501 3177 2557 bulla
3224 2500 3523 2557 Paschalis
3555 2499 3617 2565 ll,
3647 2514 3792 2578 quam

2185 2595 2338 2651 idem
2361 2573 2563 2650 auctor
2586 2573 2760 2648 refert
2777 2596 2936 2646 tomo
2953 2591 3025 2645 Vl
3050 2589 3105 2644 in
3124 2589 3390 2662 catalogo
3417 2573 3792 2644 Theatinoruin

2182 2684 2613 2756 episcoporum,
2647 2681 2706 2735 in
2739 2697 2854 2753 qua
2883 2696 2952 2735 ea:
3003 2679 3208 2736 Urbani
3242 2679 3446 2750 scripto
3493 2675 3793 2750 singillatim

2183 2777 2443 2829 recenset
2471 2771 2660 2826 varias
2692 2768 3092 2842 possessiones
3142 2785 3177 2822 a
3223 2765 3536 2823 comitibus
3584 2765 3794 2821 Roberto

2181 2867 2238 2918 et
2277 2861 2556 2917 Tassione
2601 2860 2730 2931 ejus
2780 2858 2956 2913 fratre
3007 2857 3310 2913 restitutas
3337 2859 3440 2912 aut
3467 2856 3645 2920 datas,
3674 2869 3794 2926 qua!

2186 2950 2468 3024 Baynulfo
2499 2947 2854 3020 episcopo,et
2881 2947 3009 3018 ejus
3038 2944 3306 3002 Ecclesiae
3337 2962 3472 3001 cum
3502 2943 3625 3000 aliis
3653 2941 3716 2998 ab
3739 2955 3793 2996 eo

2181 3039 2487 3113 acquisitis
2519 3037 2788 3094 Urbanus
2819 3036 3282 3091 contirmaverat.

2448 3125 2778 3182 CCXCVIII.
2813 3123 3105 3196 Philippus
3134 3139 3238 3178 rea:
3259 3123 3558 3179 absolutus.

419 3195 856 3290 expeditionum
888 3209 1073 3274 initia,
1105 3227 1233 3282 quae
1265 3225 1368 3282 per
1413 3214 1496 3264 tot
1540 3225 1827 3264 annorum
1879 3208 2066 3280 spatia

2248 3217 2326 3272 Eo
2357 3221 2617 3288 tempore
2651 3212 2894 3270 nuntius
2911 3229 2945 3269 a
2961 3195 3228 3285 Philippo
3257 3209 3578 3268 Galliarum
3597 3223 3716 3282 rege
3734 3205 3790 3278 ad

418 3304 572 3360 inter
598 3302 789 3359 varias
822 3303 1086 3357 fortunas
1115 3299 1457 3355 continuata
1485 3299 1758 3367 deinceps
1807 3298 2060 3354 fuerunt.

415 3397 489 3450 At
513 3393 584 3449 de
613 3408 814 3449 earum
845 3389 1146 3447 eventibus
1180 3389 1367 3444 fusius
1401 3405 1568 3461 agere
1601 3400 1715 3442 non
1747 3393 1835 3442 est
1880 3387 2064 3442 nostri

416 3479 946 3552 instituti.Legendi
981 3482 1268 3544 auctores,
1305 3481 1368 3532 ut
1402 3478 1528 3549 jam
1575 3493 1686 3532 non
1727 3476 1907 3532 semel
1935 3492 2064 3532 mo-

417 3571 676 3638 nuimus,
707 3570 809 3642 qui
858 3567 1036 3624 simul
1086 3567 1198 3624 sub
1244 3565 1412 3622 titulo
1462 3566 1770 3621 Gestorum
1827 3565 1926 3621 Dei
1964 3581 2066 3638 per

414 3661 667 3716 Francos
697 3657 837 3714 editi
872 3661 1028 3712 sunt.

486 3748 774 3804 Reversus
813 3749 1030 3810 autem,
1071 3747 1136 3799 ut
1189 3743 1362 3799 modo
1409 3743 1770 3807 dicebamus,
1820 3743 2063 3798 Romam

416 3836 686 3893 Urbanus
717 3835 796 3888 ibi
831 3831 1119 3904 insignem
1152 3831 1374 3887 bullam
1406 3831 1669 3886 Oderisio
1699 3830 1982 3886 cardiuali
2009 3835 2066 3887 et

415 3923 614 3981 abbati
643 3921 942 3979 Casinensi
976 3919 1286 3988 concessit,
1318 3919 1378 3976 in
1407 3937 1525 3992 qua
1573 3935 1719 3975 nova
1767 3919 2067 3992 privilegia

416 4009 770 4069 monasterio
806 4008 1102 4065 Casinensi
1137 4007 1338 4064 multis
1377 4009 1503 4080 jam
1555 4015 1727 4065 antea
1773 4009 2065 4066 concessis

416 4099 711 4173 adjecit,et
729 4097 1130 4171 possessiones
1143 4095 1641 4170 ejus,singillatim
1661 4103 1724 4152 ut
1744 4096 2062 4171 plurimum

416 4187 1090 4255 recensitas,confirmat.
1123 4185 1254 4240 Haec
1282 4185 1495 4258 partim
1518 4187 1645 4258 jam
1675 4187 1832 4242 edita
1855 4187 1911 4242 in
1933 4187 2068 4243 Bul-

414 4276 561 4334 lario
591 4275 915 4344 Casinensi,
938 4291 1006 4330 ex
1037 4273 1328 4331 chartario
1357 4273 1510 4330 Petri
1547 4275 1800 4344 Diaconi,
1826 4275 1980 4348 quod
2004 4275 2062 4330 in

413 4365 766 4422 bibliotheCa
787 4363 1070 4438 principis
1085 4362 1369 4436 Pamphili
1403 4364 1614 4420 habetu
1625 4365 1903 4436 r,integra
1925 4363 2064 4418 olim

412 4453 568 4512 inter
599 4452 814 4510 Urbani
846 4450 1122 4524 epistolas
1151 4453 1494 4524 proferetur.
1532 4452 1676 4508 Data
1705 4456 1792 4508 est
1823 4452 1929 4507 hoc
1961 4469 2060 4506 an-

418 4560 494 4601 no
523 4561 578 4600 Vl
609 4543 736 4598 Kal.
759 4541 994 4614 Aprilis.

649 4633 892 4689 CCXCV.
911 4632 1232 4688 Cluniacum
1257 4633 1489 4703 protegit
1523 4629 1790 4688 Urbanus.

478 4724 673 4780 Mense
705 4723 832 4796 ipso
861 4720 1043 4794 Aprili
1074 4720 1333 4793 pontifex
1357 4717 1827 4774 Cluniacensium
1861 4735 2060 4774 monan

407 4812 673 4883 chorum,
705 4828 856 4884 quos
885 4807 1150 4866 nonnulli
1191 4807 1634 4881 perturbabant,
1666 4807 2058 4878 patrocinium

408 4901 686 4974 suscepit,
715 4902 850 4956 dato
879 4899 1158 4970 rescripto
1191 4897 1260 4952 ad
1297 4897 1598 4969 Hugonem
1633 4895 2058 4968 abbatem,quo

408 4989 616 5045 statuit
674 4994 758 5056 ut,
805 4989 1036 5044 etiamsi
1085 4985 1394 5041 interdicta
1441 4984 1567 5039 loca
1616 4984 1805 5040 vicina
1839 4990 2055 5051 essent,

409 5075 706 5133 autetiam
737 5076 1016 5130 dimceses
1047 5075 1282 5147 integris
1308 5073 1368 5128 in
1400 5073 1619 5145 quibus
1647 5071 2058 5134 Cluniacenses

408 5165 650 5239 degunt,
683 5163 828 5238 ipsis
860 5163 1058 5219 liceret
1089 5162 1292 5235 januis
1339 5159 1590 5219 occlusis
1633 5160 1831 5216 divina
1874 5159 2062 5216 ofﬁcia

408 5269 708 5330 peragere.

479 5342 809 5398 Emerserat
857 5339 1061 5396 eodem
1115 5343 1378 5412 tempore
1429 5338 1620 5411 gravis
1669 5337 2064 5394 controversia

407 5431 558 5487 inter
585 5431 823 5488 eosdem
873 5427 1288 5486 Cluniacenses
1318 5432 1376 5484 et
1406 5427 1638 5482 Petrum
1686 5425 1958 5482 abbatem
2007 5431 2064 5483 et

410 5519 726 5577 monachos
765 5517 1277 5576 Trenorchienses.
1337 5515 1780 5574 Contendebant
1827 5512 2062 5572 Clunia-

409 5623 611 5673 censes
639 5608 710 5668 ab
741 5609 873 5671 istis
902 5608 1122 5686 injuste
1144 5610 1488 5682 usurpatam
1520 5603 1702 5662 fuisse
1720 5603 2064 5684 pacaturam

2173 3305 2474 3362 Urbanum
2508 3303 2729 3358 missus
2761 3301 3004 3356 Romam
3034 3298 3284 3367 advenit,
3319 3297 3422 3372 qui
3453 3299 3586 3354 dato
3625 3310 3786 3352 sacra-

2175 3398 2368 3450 mento
2399 3391 2714 3448 afﬁrmavit
2763 3406 2957 3463 regem
3009 3389 3081 3444 ad
3130 3387 3496 3454 Bertradam,
3525 3401 3689 3460 quam
3709 3383 3788 3456 ju-

2172 3485 2341 3539 bente
2372 3480 2643 3554 pontifice
2673 3477 2994 3545 dimiserat,
3031 3494 3333 3550 nunquam
3365 3474 3788 3538 rediisse.0uare

2173 3572 2444 3627 Urbanus
2477 3568 2793 3625 Gallicanis
2825 3567 3136 3640 episcopis,
3158 3583 3225 3622 ac
3249 3566 3540 3639 praecipue
3567 3558 3787 3619 Manassi

2174 3659 2441 3718 Remensi
2475 3656 2928 3729 archiepiscopo,
2955 3655 3025 3710 ad
3057 3671 3230 3726 quem
3262 3655 3635 3728 potissimum
3655 3646 3789 3722 regni

2173 3749 2446 3805 diadema
2473 3745 2818 3819 pertinebat,
2851 3743 3108 3815 scripsit,
3145 3759 3336 3816 regem
3363 3744 3436 3799 ab
3467 3742 3620 3800 omni
3641 3740 3786 3795 inter-

2173 3838 2326 3894 dicto
2356 3852 2484 3892 esse
2515 3833 2884 3901 absolutum;
2919 3837 3092 3905 atque
3116 3833 3258 3888 adeo
3279 3849 3454 3904 posse
3485 3831 3567 3886 uti
3589 3841 3788 3887 corona,

2175 3943 2278 4002 pro
2303 3925 2540 3981 illorum
2572 3929 2903 3996 temporum
2935 3938 3115 3986 more,
3149 3920 3204 3975 in
3241 3919 3474 3993 magnis
3496 3915 3789 3976 solemnita-

2173 4016 2352 4072 tibus.
2375 4014 2504 4070 Hzec
2535 4010 2932 4084 epistola,quze
2965 4011 3022 4066 in
3056 4009 3368 4084 Spicilegio
3401 4006 3664 4065 chronica
3684 4008 3793 4060 nota

2172 4104 2426 4171 carebat,
2459 4116 2561 4157 vm
2593 4101 2711 4156 Kal.
2746 4099 2896 4164 Maii,
2931 4098 3338 4154 ιίιίεναηίιίιιῑα
3361 4099 3578 4154 dicitur
3604 4095 3658 4150 in
3686 4106 3792 4147 nos-

2171 4199 2260 4250 tro
2293 4192 2419 4248 cod.
2453 4207 2565 4246 ms.

2494 4277 2765 4335 CCXCIX.
2801 4278 2858 4334 S.
2888 4277 3126 4334 Orientii
3143 4277 3279 4348 jura
3302 4280 3506 4332 tuetur.

2245 4369 2422 4426 Paulo
2455 4379 2606 4442 post,
2635 4367 2688 4422 id
2725 4372 2814 4422 est
2847 4365 3014 4422 tertio
3047 4365 3170 4422 Kal.
3213 4365 3394 4437 hujus
3447 4361 3676 4431 mensis,
3706 4355 3792 4414 [Ir-

2174 4459 2364 4514 banus
2397 4455 2869 4529 Raymundo,qui
2892 4455 3000 4510 hoc
3025 4472 3178 4509 anno
3209 4453 3586 4510 Ausciensem
3609 4451 3790 4506 metro-

2094 4565 2141 4628 D
2175 4546 2352 4620 polim
2387 4545 2698 4619 regendam
2731 4547 3086 4616 susceperat,
3120 4543 3356 4615 scripsit
3406 4548 3472 4598 ut
3520 4535 3791 4597 audaciam

2173 4637 2436 4708 ejusdem
2496 4633 2765 4691 Ecclesiae
2825 4633 3168 4688 clericorum
3227 4630 3464 4707 reprimi
3518 4625 3791 4700 satageret.

2169 4725 2266 4798 qui
2298 4728 2500 4779 contra
2531 4721 2739 4778 Leonis
2772 4738 2954 4794 papae,
2988 4724 3043 4776 et
3075 4721 3169 4795 sui
3200 4721 3376 4776 etiam
3407 4719 3592 4792 ipsius
3625 4715 3790 4770 decre-

2170 4810 2722 4882 tum,ca3meterium
2745 4809 2966 4866 Sanctii
2998 4809 3218 4865 Orienti
3247 4807 3618 4865 violaverant.

2693 4899 2837 4956 CCC.
2875 4899 3120 4956 Udalrici
3145 4915 3310 4956 mors.

2237 4994 2354 5048 Sub
2388 4992 2562 5046 finem
2595 4988 2861 5045 Octobris
2894 4987 3202 5043 Udalricus
3250 5002 3468 5054 comes,
3519 4977 3716 5040 Urbani
3742 4975 3788 5030 in

2168 5079 2479 5137 Germania
2509 5079 2762 5151 partium
2798 5082 3200 5150 propugnator
3245 5076 3584 5139 acerrimus,
3613 5088 3641 5126 c
3667 5063 3786 5121 vivis

2169 5165 2446 5235 excessit;
2479 5164 2578 5238 qui
2627 5182 2682 5220 v1
2730 5163 3124 5220 Kalendarum
3153 5163 3563 5220 Novembrium
3603 5157 3688 5214 die
3711 5165 3784 5238 se:

2169 5253 2372 5327 pultus
2401 5235 2674 5326 est—apud
2715 5251 3232 5324 Brigantiam,ubi,
3264 5255 3410 5309 teste
3451 5235 3782 5310 Bertoldo,ad

2169 5343 2327 5400 hunc
2359 5359 2603 5407 annum,
2630 5339 2950 5397 monachos
2981 5339 3332 5396 instituerat.

2278 5431 2472 5498 ,CCCI.
2504 5430 2865 5486 Narbonensis
2896 5429 3154 5487 Ecclesiae
3172 5429 3307 5501 jura
3337 5427 3668 5498 conﬁrmata.

2245 5520 2524 5576 Defuncto
2573 5517 2747 5574 etiam
2781 5517 2889 5574 hoc
2929 5534 3081 5574 anno
3129 5516 3566 5592 archiepiscopo
3594 5505 3782 5570 Narbo-

2173 5609 2361 5680 nensi,
2395 5607 2662 5670 Urbanus
2691 5607 3103 5682 Bertrandum,
3136 5623 3309 5684 quem
3339 5609 3508 5666 antea
3536 5605 3654 5682 ipse
3690 5595 3784 5660 Ne-
