3950 6218
147 232 254 309 229

1727 226 1939 293 Vl'l‘A.

3420 234 3540 295 230

149 366 321 423 mansi
354 367 703 441 episcopum
735 372 1179 436 consecraverat,
1213 366 1283 424 ad
1318 367 1463 424 hanc
1498 372 1782 441 metmpo-
1813 371 1864 435 Α
1898 365 1991 421 ille
2040 366 2108 421 ad
2163 368 2356 424 sedem
2388 369 2766 441 apostolicam
2817 370 3149 444 appellavit,
3180 388 3243 426 ac
3296 370 3539 426 Romam

143 455 233 511 lim
261 454 541 512 electione
583 455 1156 530 comprovincialium
1197 456 1626 530 episcoporum,
1659 459 1770 513 exi-

139 548 283 613 gente
301 546 634 600 necessitate
670 544 989 612 transtulit,
1023 546 1175 619 quod
1208 545 1354 603 nulli
1401 562 1462 602 se
1505 545 1779 618 deinceps

137 631 552 706 permissurum
587 637 856 689 testatur.
890 633 950 689 Id
991 650 1060 690 ex
1096 635 1224 706 ejus
1255 633 1572 707 diplomate
1604 634 1778 691 disci-

138 739 276 790 mus,
308 738 423 794 quo
453 720 569 795 ipsi
607 723 927 778 Bertrando
953 721 1410 796 metropolitanaa
1441 723 1778 780 Narbonen-

137 809 209 867 sis
236 809 497 867 Ecclesiae
521 811 689 883 jura,
714 815 771 868 et
801 812 929 884 ejus
955 829 1014 868 in
1041 813 1375 884 Aquensem
1410 811 1779 885 metropolim

137 899 435 972 primatum
466 899 858 957 conﬁrmavit.
890 901 1107 958 Datum
1138 900 1354 957 dicitur
1384 900 1650 958 Laterani
1677 919 1779 958 vm

139 989 257 1045 ldus
284 988 655 1057 Novembris,
686 991 843 1063 quod
880 990 1006 1063 jam
1056 990 1130 1046 ab
1176 988 1581 1051 illustrissimo
1610 989 1779 1047 Petro

138 1077 199 1132 de
234 1080 419 1133 Marce
449 1077 510 1133 in
554 1079 891 1152 Appendice
939 1079 1011 1134 ad
1044 1077 1264 1135 librum
1298 1078 1379 1135 De
1427 1078 1780 1151 primatibus

136 1165 336 1233 editum
366 1170 476 1222 est.
511 1167 617 1223 Isti
659 1168 775 1223 alia
819 1167 937 1223 duo
968 1167 1250 1241 rescripta
1278 1184 1347 1224 ex
1375 1168 1586 1223 iisdem
1615 1168 1778 1223 codi-

133 1256 285 1312 cibus
315 1256 776 1329 subjungentur,
809 1274 935 1330 qua:
975 1256 1046 1313 ad
1092 1258 1359 1312 eamdem
1410 1255 1778 1328 metropolim

134 1344 424 1415 pertinent,
475 1350 533 1401 et
598 1346 792 1402 nullas
853 1347 1169 1419 praeferunt
1225 1346 1530 1403 chronicas
1588 1350 1776 1402 notas.

135 1433 438 1507 Utrumque
463 1436 752 1492 adversus
771 1439 1106 1508 Aquensem
1132 1434 1777 1508 archiepiscopum,qui

133 1522 472 1603 Narbonensi
496 1524 741 1598 primati
765 1524 1005 1581 obedire
1028 1524 1409 1590 detrectabat,
1433 1524 1635 1580 datum
1659 1530 1776 1593 est;

136 1628 298 1667 unum
321 1612 431 1685 ipsi
455 1613 744 1686 Aqucnsi,
772 1613 1026 1669 alterum
1050 1613 1275 1686 Hugoni
1303 1613 1678 1686 Lugdunensi
1703 1613 1782 1667 vi-

133 1700 272 1755 cario
299 1702 457 1758 sedis
487 1702 831 1775 apostolicae
864 1702 1239 1774 inscriptum.

311 1790 511 1847 CCCII.
546 1792 919 1865 Privilegium
948 1792 1206 1849 Ecclesiae
1237 1792 1578 1847 Verulensis.

193 1878 268 1933 Ad
298 1880 451 1936 idem
479 1897 727 1953 quoque
774 1884 1005 1954 tempus
1053 1880 1440 1937 revocandum
1482 1886 1569 1936 est
1595 1880 1778 1936 Veru-

134 1965 278 2024 lense
320 1968 726 2043 privilegium,
779 1970 932 2042 quod
983 1969 1256 2026 Urbanus
1311 1969 1530 2037 Albani,
1565 1970 1612 2025 si
1664 1987 1779 2025 non

135 2055 266 2112 fallit
293 2058 419 2129 ejus
448 2057 796 2132 exemplum
828 2058 901 2115 ab
935 2057 1176 2131 Ughello
1215 2059 1458 2124 editum,
1491 2058 1597 2113 hoc
1628 2074 1781 2114 anno

135 2148 184 2200 et
210 2145 437 2219 quidem
470 2147 806 2215 desinente,
834 2146 914 2203 uti
964 2150 1174 2220 probat
1201 2145 1441 2203 indictio
1492 2151 1655 2204 sexta
1698 2147 1778 2203 ibi

133 2235 399 2307 apposita,
430 2235 682 2292 Alberto
727 2236 992 2307 ejusdem
1039 2234 1306 2293 Ecclesiae
1337 2237 1612 2310 episcopo
1642 2254 1777 2293 con-

130 2324 302 2379 cessit.
326 2325 488 2401 Certe
520 2324 668 2381 huic
698 2325 997 2399 privilegio
1029 2325 1188 2381 sicut
1216 2329 1274 2381 et
1299 2326 1685 2393 Narbonensi,
1709 2326 1780 2381 de

128 2428 230 2483 quo
265 2430 506 2471 numero
555 2413 911 2487 praecedenti
956 2413 1234 2483 diximus,
1268 2415 1609 2486 Lua/rancus
1638 2415 1779 2470 vices

128 2517 299 2572 gerens
359 2503 696 2558 conceilariz'
766 2501 1151 2575 subscripsit,
1213 2502 1369 2559 unde
1434 2501 1781 2574 conjicimus

132 2594 423 2663 utrumque
453 2592 671 2648 eodem
694 2591 874 2648 ferme
905 2595 1189 2664 tempore,
1216 2608 1425 2665 nempe
1447 2592 1601 2648 circa
1623 2609 1780 2649 men-

132 2691 240 2731 sem
259 2677 671 2747 Novembrem,
696 2678 935 2735 absente
952 2683 1055 2735 aut
1074 2684 1388 2752 aegrotante
1407 2680 1630 2736 Joanne
1652 2697 1782 2736 can-

134 2763 365 2837 cellario,
386 2766 581 2827 fuisse
616 2766 1035 2840 conscriptum.

227 2872 445 2931 CCCIII.
475 2875 750 2931 Robertus
779 2875 944 2930 abbas
976 2877 1329 2945 Rcmigianus
1359 2876 1428 2931 ab
1458 2876 1670 2933 Urbano

760 2947 1132 3016 conﬁrmatus.

197 3031 301 3088 Hoc
329 3034 456 3106 ipso
487 3034 674 3091 etiam
707 3052 881 3103 anno,
916 3038 981 3090 ut
1013 3034 1227 3091 diserte
1270 3034 1447 3091 habet
1491 3039 1657 3091 vetus
1686 3035 1778 3090 in-

1887 456 2089 527 petivit
2118 474 2286 514 suam
2337 475 2576 515 causam
2628 460 2999 516 defensurus.
3033 461 3104 515 Et
3149 461 3407 533 quidem,
3440 459 3539 515 illo

1887 543 2107 612 audito,
2142 546 2402 618 pontifex
2449 565 2517 604 ea
2565 565 2692 621 qua
2748 553 2871 603 tum
2924 565 2959 603 a
3008 548 3319 615 Bernardo,
3351 553 3475 604 tum
3508 566 3543 604 a

1887 631 2115 688 concilii
2151 633 2455 692 Remensis
2503 637 2775 694 Patribus
2806 637 2959 693 facta
3007 638 3237 692 fuerant
3267 637 3537 705 rescidit;

1887 710 2154 777 asserens
2186 724 2563 794 monachum,
2588 725 2788 782 statim
2837 729 3010 798 atque
3058 724 3299 782 alterius
3337 742 3538 782 mona-

1887 808 2047 864 sterii
2078 810 2261 867 abbas
2303 813 2492 869 factus
2537 817 2646 880 est,
2677 816 3079 886 emancipatam
3124 830 3272 882 esse,
3305 830 3412 869 nec
3441 814 3539 869 de-

1887 896 2023 953 bere
2054 899 2311 973 amplius
2343 902 2556 974 prioris
2604 902 2946 959 monasterii
2976 903 3173 958 abbati
3215 903 3538 974 subjacere.

1889 984 2017 1042 Haec
2047 989 2243 1045 omnia
2270 1007 2336 1047 ex
2382 990 2618 1047 laudato
2669 992 3062 1048 instrumento
3090 996 3149 1048 et
3194 991 3385 1053 tribus
3413 992 3542 1064 epi-

1888 1073 2053 1130 stolis
2082 1092 2149 1131 ea
2179 1077 2250 1132 de
2282 1096 2341 1134 re
2373 1079 2608 1152 scriptis
2655 1079 2960 1136 discimus.
2995 1079 3256 1137 Primum
3304 1080 3544 1154 scripsit

1887 1162 2231 1221 Lambertus
2254 1168 2654 1225 Atrebatensis
2675 1169 2987 1241 episcOpus
3017 1169 3087 1225 ad
3123 1168 3446 1238 Urbanum,
3479 1169 3539 1224 in

1888 1269 2005 1324 qua
2035 1253 2213 1326 hujus
2236 1257 2429 1313 omnis
2454 1258 2666 1330 negotii
2695 1259 2974 1313 rationem
3008 1259 3058 1312 ei
3094 1258 3314 1326 reddit;
3338 1275 3543 1314 secun-

1887 1341 1961 1395 da
1977 1346 2065 1397 est
2088 1343 2275 1416 ipsius
2297 1347 2587 1417 pontiﬁcis
2606 1346 2833 1403 concilii
2857 1347 3206 1403 sententiam
3224 1346 3537 1417 irritantis;

1886 1429 2058 1485 tertia
2088 1432 2343 1506 denique
2374 1435 2607 1492 Roberti
2639 1436 2710 1491 ad
2762 1436 3158 1504 Lambertum,
3192 1440 3256 1491 ut
3299 1452 3435 1493 eum
3465 1436 3540 1491 ad

1888 1536 2007 1574 suae
2039 1537 2251 1587 causae,
2287 1540 2462 1595 quam
2496 1524 2755 1597 pontifex
2785 1525 2993 1580 bonam
3020 1524 3405 1597 judicaverat,
3437 1540 3539 1597 pa-

1891 1609 2203 1665 trocinium
2252 1612 2697 1685 suscipiendum
2746 1613 3037 1671 invitaret.
3066 1613 3184 1668 Has
3223 1628 3427 1669 omnes
3479 1612 3541 1668 in

1885 1698 2215 1769 Appendice
2247 1702 2460 1758 referre
2489 1700 2680 1758 visum
2725 1706 2832 1758 est.
2859 1702 3032 1758 Porro
3061 1702 3133 1758 ad
3164 1701 3317 1758 hanc
3363 1701 3541 1759 etiam

1890 1789 2363 1855 controversiam,
2420 1789 2469 1845 si
2531 1796 2683 1846 recte
2731 1790 2955 1863 judico,
3015 1791 3270 1848 revocari
3327 1790 3555 1849 debent

1889 1873 2135 1931 Baldriei
2190 1877 2592 1951 Burguliensis
2643 1879 2871 1935 abbatis
2908 1896 3109 1936 versus
3158 1879 3230 1936 ad
3279 1878 3540 1935 Odonem

1889 1963 2215 2021 Ostiensem
2248 1967 2584 2040 episcopum
2619 1973 2677 2023 et
2720 1968 3073 2024 cardinalem
3103 1973 3263 2026 tomo
3294 1967 3366 2024 IV
3393 1968 3542 2025 Che-

1890 2052 2002 2108 snii
2040 2053 2182 2110 Hist.
2226 2055 2578 2112 Francorum
2611 2058 2770 2124 editi,
2803 2057 3019 2130 quibus
3066 2056 3117 2114 ei
3168 2057 3543 2114 commendat

1889 2158 2127 2198 causam
2160 2144 2389 2201 abbatis
2434 2146 2782 2219 Remigiani,
2816 2164 3011 2219 quem,
3045 2148 3154 2204 etsi
3195 2164 3231 2203 a
3266 2148 3542 2219 pontiﬁce

1890 2230 2328 2299 confirmatum,
2354 2233 2669 2290 Remorum
2703 2234 3175 2307 archiepiscopus
3200 2251 3231 2294 θ
3254 2240 3542 2292 monaste-

1891 2318 1974 2374 rio
2011 2319 2330 2393 expulerat.
2350 2322 2514 2379 Certe
2557 2341 2671 2379 non
2704 2324 2931 2380 videtur
2958 2323 3244 2385 Robertus
3274 2339 3539 2397 unquam

1890 2407 1944 2462 in
1981 2424 2149 2463 suam
2181 2407 2526 2481 dignitatem
2548 2411 2855 2471 restitutus
2879 2413 3088 2478 fuisse;
3113 2412 3213 2484 qui
3240 2412 3385 2471 forte
3414 2428 3541 2484 per-

1888 2500 2063 2551 tensus
2102 2498 2176 2552 ob
2217 2498 2324 2555 has
2382 2500 2585 2556 turbas
2644 2500 2978 2556 Burchardo
3038 2498 3229 2556 locum
3283 2500 3439 2569 fecit,
3471 2517 3537 2557 ac

1887 2583 2442 2657 Jerosolymitanum
2477 2589 2585 2645 iter
2624 2589 2902 2660 suscepit,
2931 2589 3101 2661 cujus
3143 2593 3202 2646 et
3233 2606 3411 2646 sacrm
3441 2606 3536 2646 ex-

1887 2673 2200 2745 peditionis
2245 2676 2581 2746 Historiam,
2616 2678 2675 2733 in
2725 2676 2873 2733 cella
2920 2677 3265 2751 Remigiana
3310 2679 3538 2737 Senuco

1887 2754 2042 2810 dicta
2062 2753 2119 2810 in
2143 2756 2445 2812 Franciam
2470 2774 2734 2813 reversus
2756 2764 2959 2830 postea
2979 2757 3347 2831 conscripsit.
3368 2760 3536 2816 Anno

1887 2846 2081 2899 tamen
2117 2845 2248 2900 1111
2284 2845 2341 2900 in
2373 2846 2618 2902 concilio
2664 2844 3011 2915 Pictavensi,
3046 2850 3111 2903 ut
3146 2847 3324 2905 habet
3370 2848 3537 2922 Hugo

1889 2930 2338 2990 Flaviniacensis
2382 2934 2441 2990 in
2471 2934 2776 3001 Chronico,
2808 2952 3014 2991 rursus
3045 2935 3117 2991 de
3162 2938 3281 3009 ejus
3329 2938 3538 3010 injuste

1885 3022 2203 3092 expidsionc
2239 3027 2289 3078 et
2336 3024 2534 3078 illicita
2564 3023 2873 3079 Burchardi
2898 3024 3282 3081 substitutione
3314 3029 3535 3099 tracta.-

130 3123 505 3180 strumentum
538 3124 703 3195 quod
737 3140 804 3179 ex
834 3141 945 3179 ms.
971 3124 1357 3181 Mauriacensi
1391 3123 1698 3187 habemus,
1722 3128 1770 3180 et

1952 3126 2005 3163 ni
2029 3114 2138 3172 est;
2169 3111 2291 3180 sed,
2325 3110 2459 3167 licet
2503 3113 2631 3184 ejus
2656 3114 2921 3184 promotio
2949 3112 3267 3169 authentico
3284 3122 3338 3169 et
3372 3129 3534 3172 cano-

127 3224 184 3263 ex
212 3211 492 3268 tabulario
544 3212 1074 3269 archimonasterii
1122 3212 1446 3286 Remigiani
1485 3212 1635 3284 apud
1672 3212 1781 3268 Re-

126 3312 238 3355 mos
263 3300 409 3356 eruit
438 3301 513 3358 cl.
546 3300 849 3357 memoria:
874 3302 1129 3374 Cangius
1162 3301 1222 3356 in
1247 3300 1541 3358 Glossario
1574 3301 1780 3357 Latino

125 3385 346 3453 editum,
361 3388 644 3446 Urbanus
660 3406 691 3445 e
709 3387 923 3444 Galliis
946 3389 1189 3445 Romam
1210 3389 1781 3461 reversusjudicium

126 3473 243 3530 tulit
264 3476 321 3532 in
341 3477 585 3535 Roberti
605 3477 871 3549 ejusdem
899 3477 1242 3534 monasterii
1264 3477 1491 3535 abbatis
1508 3477 1778 3550 gratiam,

124 3562 382 3622 adversus
412 3566 787 3622 Bernardum
833 3566 1071 3637 Majoris
1113 3565 1449 3623 Monasterii
1483 3566 1775 3635 abbatem_

124 3648 392 3710 Robertus
413 3653 665 3727 Majoris
699 3654 1034 3710 Monasterii
1067 3655 1392 3712 monachus
1422 3655 1480 3710 in
1506 3655 1777 3711 abbatem

123 3755 152 3793 a
182 3739 534 3816 Remigianis
572 3743 630 3797 in
664 3742 897 3798 Henrici
929 3743 1123 3800 locum
1157 3748 1291 3801 ante
1340 3745 1565 3817 aliquot
1596 3760 1781 3800 annos

123 3831 411 3900 expetitus,
442 3850 512 3888 ea
552 3831 885 3888 conditione
909 3833 1255 3888 aBernardo
1292 3850 1607 3890 concessus
1651 3834 1779 3888 fue-

123 3920 220 3985 rat,
243 3921 321 3986 ut,
346 3920 393 3976 si
426 3920 754 3993 aliquando
782 3919 877 3976 ille
906 3921 1289 3993 professionis
1318 3939 1436 3978 sua:
1470 3922 1783 3979 immemor

125 4010 309 4062 contra
338 4010 610 4082 regulam
665 4009 985 4082 quidquam
1023 4015 1243 4083 ageret,
1268 4010 1608 4068 correctioni
1657 4012 1776 4068 Ma-

119 4091 252 4161 joris
274 4095 619 4154 Monasterii
652 4098 882 4155 abbatis
913 4099 1284 4155 subderetur.
1314 4099 1427 4156 Res
1458 4100 1540 4157 ita
1569 4101 1776 4157 evenit.

126 4180 393 4242 Robertus
415 4202 634 4257 nempe
651 4186 839 4242 factus
862 4185 1045 4243 abbas
1064 4186 1515 4245 Claromontano
1532 4189 1776 4247 concilio

126 4286 248 4327 cum
287 4276 510 4331 caeteris
548 4274 832 4341 interfuit,
868 4292 933 4330 ac
983 4280 1207 4348 postea,
1232 4277 1367 4348 jure
1416 4294 1490 4332 an
1540 4278 1756 4349 injuria

130 4358 400 4417 incertum
453 4362 602 4419 mihi
651 4368 759 4429 est,
794 4362 943 4419 male
975 4364 1125 4436 apud
1160 4365 1520 4422 Bernardum
1570 4360 1776 4452 audiit:

1888 3199 2034 3267 nica,
2081 3198 2359 3256 introitus
2405 3203 2702 3272 legitimus,
2735 3204 2792 3257 et
2833 3203 3164 3257 conversatio
3209 3205 3396 3258 sancta
3438 3202 3534 3258 in-

1885 3292 2058 3342 venta
2079 3288 2346 3354 fuissent,
2379 3288 2784 3356 nihilominus,
2810 3306 2965 3353 cum,
2990 3291 3291 3345 occasione
3312 3290 3535 3348 littera-

1886 3393 2018 3431 rum
2051 3377 2503 3449 apostolicarum
2533 3394 2660 3450 quae
2691 3377 2991 3434 nonnullis
3021 3378 3211 3434 dubiae
3241 3378 3375 3436 ﬁdei
3407 3396 3536 3437 esse

1885 3465 2251 3531 videbantur,
2266 3466 2640 3524 difﬁcultates
2662 3466 2886 3539 aliquot
2909 3467 3309 3536 emersissent,
3332 3484 3536 3524 earum

1887 3554 2152 3612 examine
2183 3556 2252 3610 ad
2285 3557 2484 3613 sedem
2507 3556 2885 3630 apostolicam
2911 3556 3178 3626 remisso,
3202 3573 3292 3613 res
3322 3557 3536 3614 infecta

1888 3646 2199 3713 remansit;
2234 3645 2608 3703 Burcbardus
2633 3651 2829 3701 tamen
2856 3645 3027 3718 paulo
3058 3650 3194 3719 post
3221 3644 3413 3703 locum
3446 3663 3534 3704 ce-

1888 3733 2024 3790 dere
2054 3741 2288 3791 coactus
2309 3739 2416 3803 est,
2439 3736 2540 3791 sed
2573 3752 2687 3791 non
2722 3735 2847 3791 ideo
2880 3734 3187 3791 restitutus
3215 3739 3305 3792 est
3325 3736 3536 3803 Rober-

1885 3830 2003 3878 tus.
2036 3823 2179 3879 Nam
2211 3823 2321 3881 hoc
2369 3826 2495 3897 ipso
2526 3842 2678 3881 anno
2709 3824 3024 3880 Azenarius
3070 3840 3140 3880 ex
3186 3823 3532 3891 Trimolieu-

1887 3912 2040 3966 sium
2073 3912 2445 3969 dominorum
2495 3912 2675 3970 nobili
2721 3913 2943 3970 familia
2989 3914 3174 3970 factus
3220 3919 3312 3970 est
3351 3915 3536 3972 abbas

1888 4003 2287 4077 Remigianus,
2322 4003 2406 4059 uti
2438 4004 2720 4060 Marlotus
2762 4003 2818 4058 in
2860 4003 3197 4076 metropolis
3228 4004 3536 4073 Remensis

1888 4092 2142 4149 Historia
2171 4110 2239 4148 ex
2269 4093 2442 4149 variis
2472 4092 2691 4149 chartis
2723 4090 3126 4165 colligit.Quin
3158 4097 3216 4149 et
3247 4093 3535 4158 Robertus

1885 4181 2063 4238 etiam
2094 4182 2444 4238 Senucensis
2475 4181 2630 4238 cellae
2664 4181 3192 4249 administratione,
3224 4199 3352 4255 quas
3378 4182 3429 4238 ei
3460 4183 3533 4238 ad

1885 4272 2063 4327 vitam
2120 4270 2558 4344 transigendam
2618 4270 2848 4326 indulta
2903 4271 3109 4335 fuerat,
3158 4270 3535 4342 postmodum

1887 4360 2145 4433 privatus
2175 4365 2281 4431 est,
2322 4364 2382 4415 ut
2415 4358 2569 4415 idem
2602 4364 2804 4414 auctor
2843 4359 3048 4430 probat
3075 4357 3295 4415 Callisti
3326 4359 3533 4414 rescri-

123 4448 237 4517 qui,
259 4456 319 4504 ut
349 4452 473 4523 ipse
505 4452 759 4517 dicebat,
793 4452 1110 4508 inordinata
1158 4461 1212 4507 et
1257 4454 1588 4523 irregularia
1621 4457 1689 4511 ab
1714 4445 1774 4513 eo
1806 4479 1851 4543 D
1888 4450 2176 4522 pto,quod
2211 4455 2300 4506 est
2337 4451 2539 4504 datum
2566 4448 2848 4543 Ιέειῐοξιξιιῐξῖ,
2874 4464 3007 4503 XVIII
3032 4445 3321 4543 Ιξαιεὲηάαξ
3344 4447 3530 4543 ιξξλξιίί,

123 4538 281 4592 multa
336 4541 461 4610 ﬁeri
520 4545 843 4612 acceperat.
880 4540 1199 4596 Robertum
1260 4542 1457 4614 itaque
1514 4545 1771 4617 primum
1806 4534 1845 4543 ”
1883 4540 2241 4612 proindeque
2273 4544 2404 4611 post
2434 4555 2653 4593 annum
2681 4539 2818 4593 1120
2847 4555 2961 4609 quo
2987 4537 3243 4609 primum
3276 4534 3534 4595 Calixtus

124 4621 320 4682 litteris
350 4628 607 4695 monuit,
634 4645 766 4684 cum
799 4628 943 4685 nihil
992 4630 1255 4701 responsi
1288 4631 1592 4703 acciperet,
1618 4633 1773 4691 diem

120 4728 210 4781 per
234 4714 453 4773 idoneas
476 4733 741 4789 personas
769 4716 819 4773 ei
852 4717 1016 4785 dixit,
1041 4722 1107 4774 ut
1148 4719 1221 4774 ad
1256 4719 1446 4792 Majus
1479 4722 1770 4780 Monaste-

124 4801 266 4859 rium
295 4806 540 4873 veniret,
562 4806 628 4861 de
651 4822 751 4861 sua
780 4809 894 4862 vita
924 4810 975 4862 et
1000 4811 1407 4864 conversatione
1439 4810 1494 4865 in
1520 4812 1773 4884 capitulo

128 4890 397 4950 rationem
419 4894 781 4951 redditurus.
797 4895 930 4959 Quae
948 4913 1102 4966 cum,
1120 4897 1575 4970 insuperhabitis
1595 4903 1771 4959 etiam

123 4979 536 5057 archiepiscOpi
593 4985 685 5040 sui
745 4985 1014 5055 monitis,
1078 4985 1261 5042 nihilo
1315 4985 1414 5043 ille
1468 4990 1769 5061 penderet,

124 5071 663 5130 excommunicatus
693 5089 727 5128 a
766 5072 1060 5130 Bernardo
1091 5074 1221 5144 fuit,
1254 5079 1307 5132 et
1339 5075 1493 5133 hanc
1536 5084 1769 5136 senten-

124 5156 256 5213 tiam
298 5158 606 5219 Manasses
654 5161 1137 5235 metropolitanus
1187 5167 1246 5220 et
1290 5165 1479 5222 caeteri
1526 5167 1769 5242 Belgica

127 5245 420 5314 provinciae
453 5250 715 5323 episcOpi
751 5254 809 5307 et
837 5251 1077 5308 abbates
1107 5250 1166 5307 in
1206 5252 1451 5311 concilio
1484 5256 1638 5329 apud
1668 5258 1772 5314 Re-

126 5346 243 5399 mos
296 5339 746 5405 contirmarunt,
797 5344 1266 5414 censueruntque
1320 5342 1637 5401 Robertum
1694 5348 1767 5404 ad

123 5419 381 5482 abbatem
407 5444 585 5485 suum
609 5426 826 5486 remitti
848 5428 1077 5495 debere,
1103 5429 1259 5502 quod
1285 5431 1413 5504 ejus
1444 5433 1766 5510 disciplinis

125 5510 286 5571 etiam
313 5518 455 5578 tunc
486 5533 555 5578 ex
603 5516 785 5597 priori
830 5520 963 5579 voto
1006 5518 1312 5594 subjectus
1342 5528 1518 5583 esset.
1551 5524 1766 5589 Verum

1883 4628 2126 4684 Romam
2161 4643 2361 4684 mense
2391 4626 2565 4683 Junio
2592 4626 2844 4682 advenit.

2227 4760 2450 4817 CCCIV.
2487 4760 2794 4816 Concilium
2824 4758 3181 4815 Gerundense.

1952 4897 2068 4951 Sub
2099 4895 2389 4950 currentis
2420 4893 2557 4949 anni
2590 4894 2788 4960 ﬁnem,
2824 4893 2882 4947 id
2930 4896 3019 4948 est
3064 4890 3267 4947 Idibus
3298 4890 3537 4949 Decem-

1879 4986 2023 5053 bris,
2057 4984 2388 5041 Bernardus
2430 4983 2614 5039 Toleti
2663 4983 2930 5049 antistes,
2964 4981 3064 5053 qui
3119 4980 3178 5036 in
3235 4979 3536 5053 Hispaniis

1881 5073 2097 5131 Urbani
2117 5073 2367 5129 vicarius
2388 5077 2536 5140 erat,
2560 5070 2873 5128 concilium
2899 5069 3109 5125 habuit
3131 5069 3286 5141 apud
3309 5069 3534 5126 Gerun-

1878 5164 2037 5232 dam,
2066 5162 2151 5218 uti
2181 5161 2240 5217 in
2272 5162 2464 5219 Marca
2487 5160 2821 5234 Hispanica,
2845 5164 2903 5216 et
2932 5158 2991 5215 in
3024 5156 3373 5215 Collectione
3394 5175 3532 5215 con-

1878 5251 2146 5309 ciliorum
2180 5250 2491 5308 cardinalis
2535 5249 2759 5324 Aguirii
2807 5247 3134 5323 legitur,ad
3179 5247 3532 5302 corroboran-

1876 5343 2005 5399 dam
2030 5342 2412 5399 ecclesiastica:
2448 5340 2716 5396 libertatis
2744 5338 3089 5410 dignitatem.
3115 5332 3258 5391 Huic
3311 5334 3533 5406 synodo

1875 5436 2087 5507 praeter
2134 5430 2498 5487 Bernardum
2546 5428 2859 5485 interfuere
2907 5422 3363 5483 Tarraconensis
3410 5439 3532 5481 me-

1876 5521 2286 5598 tropolitanus,
2316 5517 2611 5589 Rotensis,
2644 5513 3092 5579 Barcinonensis
3120 5516 3177 5573 et
3200 5510 3533 5577 Gerunden-
