3950 6218
417 332 531 392 231

1722 333 1793 395 Β.
1841 331 2134 396 URBANI
2178 330 2233 392 Il
2277 330 2530 391 ΡΑΡΛΞ.

3696 326 3797 389 232

416 467 499 523 sis
529 466 809 540 episcopi,
841 484 906 523 ac
952 467 1101 524 forte
1142 467 1242 524 alii
1292 485 1543 541 quorum
1589 468 1872 524 memoria
1919 466 2069 523 exci-
2100 466 2148 534 Α
2184 463 2344 520 aliud
2376 463 2454 519 sit
2485 480 2518 519 a
2550 462 2835 519 Chronico
2861 460 3286 528 Cameracensi,
3315 459 3466 531 quod
3496 475 3685 515 omnes
3712 478 3796 516 no-

425 554 531 611 dit.

594 643 1209 728 CCCV.‘Baldricusjit
1248 646 1522 728 episcopus
1559 646 1807 701 Noviomi
1846 648 1897 699 et

1158 734 1367 772 emaci.

491 828 557 878 In
581 820 788 878 Galliis
841 820 1104 879 Ecclesia
1160 821 1580 888 Noviomensis,
1611 839 1738 894 qua:
1791 826 1911 877 toto
1963 821 2073 877 hoc

421 924 574 967 anno
613 911 790 966 variis
842 910 1062 982 agitata
1104 911 1296 966 turbis
1325 911 1553 977 'fuerat,
1584 927 1784 983 pacem
1835 912 2069 983 recepit.

417 1000 550 1055 Jam
585 999 820 1073 quidem
852 998 926 1054 ab
957 999 1135 1071 hujus
1167 998 1304 1055 anni
1334 1000 1569 1056 exordio
1600 1001 1660 1055 iu
1692 1000 1884 1055 locum
1920 1000 2069 1055 Rab-

418 1087 551 1143 bodi
583 1087 837 1144 defuncti
870 1088 1181 1144 Baldricus
1221 1105 1252 1143 e
1292 1093 1527 1144 cantore
1575 1088 1893 1144 Morinensi
1941 1090 2072 1159 ejus

413 1175 680 1233 Ecclesiae
712 1177 1023 1250 episcopus
1061 1176 1280 1232 electus
1326 1178 1533 1243 fuerat,
1567 1176 1808 1248 diesque
1839 1178 1910 1232 ad
1942 1179 2071 1248 ejus

416 1264 911 1320 consecrationem
955 1270 1158 1320 octava
1208 1265 1575 1321 Pentecostes
1606 1281 1640 1320 a
1669 1265 1935 1320 Manasse
1964 1266 2072 1321 Re-

416 1353 1079 1424 mensi'melropolitano
1112 1354 1301 1409 fuerat
1328 1353 1581 1421 indicta,
1613 1357 1677 1408 ut
1706 1370 1776 1408 ex
1804 1354 2069 1424 ejusdem

414 1440 838 1514 archiepiscopi
870 1440 1081 1497 litteris
1111 1442 1182 1497 ad
1216 1442 1591 1498 Lambertum
1629 1442 2069 1498 Atrebatensem

415 1533 593 1602 patet.
623 1529 874 1597 'Verum,
938 1530 1437 1587 intercedentibus
1483 1529 1802 1597 nonnullis,
1854 1531 1950 1603 qui
2001 1547 2070 1586 ex

414 1618 627 1674 Urbani
658 1618 853 1673 nescio
886 1617 1104 1690 quibus
1135 1618 1346 1674 litteris
1385 1620 1773 1676 autumabant
1802 1635 1870 1675 ea
1899 1635 2069 1674 occa-

412 1705 576 1760 sione
598 1705 961 1761 reddendum
989 1720 1118 1763 esse
1140 1694 1634 1774 Tornacensibus,
1653 1711 1719 1762 ut
1737 1708 2070 1763 Atrebaten-

413 1793 579 1849 sibus
609 1792 904 1849 indultum
946 1795 1161 1861 fuerat,
1195 1796 1498 1868 proprium
1544 1796 1903 1868 episcopum,
1938 1796 2066 1852 Bal-

415 1880 594 1937 derici
624 1882 915 1937 ordinatio
935 1884 1006 1938 ad
1029 1890 1369 1956 sequentem
1398 1902 1618 1941 annum
1643 1884 1979 1941 dilata‘fuit.
2001 1885 2070 1941 Et

411 1971 650 2042 quidem
683 1976 955 2028 nouerat
984 1972 1205 2045 absque
1248 1972 1452 2046 aliquo
1502 1973 1881 2029 fundamento
1914 1979 2071 2029 mota

410 2058 516 2114 illa
544 2056 903 2135 difficultas.
936 2060 1394 2118 Tornacensium
1429 2064 1646 2135 quippe
1694 2062 1896 2118 civitas
1939 2068 2073 2120 ante

415 2163 584 2202 suam
621 2133 868 2204 ruinam.
902 2150 1208 2221 proprium
1242 2133 1932 2223 habuerat‘episcopum,
1967 2168 2072 2208 nec
2100 2204 2108 2213 .

413 2235 525 2291 nisi
559 2237 891 2308 provisoriie
941 2237 1348 2295 Noviomensis
1397 2240 1676 2295 antistitis
1725 2256 1874 2295 cura:
1912 2258 2069 2296 com-

411 2325 598 2382 missa
654 2326 839 2381 luisse
887 2325 1223 2395 videbatur;
1279 2327 1489 2383 deinde
1547 2327 1668 2383 hac
1715 2330 1858 2384 urbs
1915 2329 2069 2384 haud

413 2413 838 2486 minus-ampla
866 2418 967 2470 aut
997 2414 1285 2488 populosa
1321 2421 1467 2482 erat,
1498 2433 1676 2489 quam
1706 2418 2069 2484 Atrebatum,

409 2501 523 2568 cui,
556 2507 765 2575 agente
811 2502 1374 2577 Urbano,'proprius
1420 2505 1736 2578 episcopus
1766 2506 2073 2562 restitutus

408 2590 599 2646 fuerat
631 2595 733 2646 :vet
764 2591 1187 2663 quidem‘hanc
1228 2610 1399 2649 suam
1432 2611 1562 2650 esse
1593 2594 1783 2666 ipsius
1814 2599 2071 2650 mentem

409 2677 738 2734 declarasse
778 2679 1092 2736 videbatur
1136 2681 1261 2754 ipse
1311 2682 1590 2754 pontifex,
1632 2683 1691 2737 in
1738 2682 1949 2739 litteris
1997 2685 2068 2739 ad

412 2765 848 2833 Noviomenses,
875 2768 974 2823 ubi
1018 2785 1087 2823 ea
1130 2774 1361 2825 tantum
1394 2769 1701 2843 privilegia
1728 2772 2070 2829 Noviomen-

410 2853 577 2909 sibus
598 2854 897 2928 episcOpis
928 2859 1322 2925 conﬁrmarat,
1346 2875 1474 2931 quis
1500 2877 1534 2915 a
1560 2859 1843 2933 legitimis
1878 2863 2069 2933 ponti-

412 2941 633 3019 ficibus
657 2941 887 2999 indulta
923 2940 1180 3001 fuerant.
1214 2948 1401 3011 Quare
1429 2948 1622 3003 visum
1676 2954 1765 3005 est
1799 2951 2072 3008 Remensi

411 3029 849 3109 archiepiscopo
894 3031 1229 3089 Baldricum
1277 3035 1473 3108 ipsum
1524 3036 1772 3093 electum
1827 3039 2069 3095 Romam

420 3118 673 3187 mittere,
698 3124 762 3174 ut
791 3121 915 3193 ipse
941 3122 1211 3179 Ecclesiae
1233 3141 1353 3180 sua:
1384 3141 1618 3182 causam
1652 3143 1846 3183 coram
1876 3131 2069 3200 ponti-

2182 557 2341 608 runt.

2265 641 2491 697 CCCVI.
2527 641 2777 698 Urbanus
2802 640 2984 696 Romae
3013 640 3176 710 degit,
3216 637 3461 710 fugiente
3488 636 3736 694 Guiberto.

2254 732 2521 787 Dominus
2573 746 2738 802 papa,
2789 729 2874 784 uti
2926 727 3100 783 habet
3151 724 3450 783 Bertoldus
3491 726 3559 782 ad
3602 741 3799 783 annum

2183 822 2343 885 1098,
2373 835 2545 892 quem
2579 836 2682 891 pro
2712 834 2820 874 suo
2851 834 3011 873 more
3040 834 3073 872 a
3106 815 3412 872 Nativitate
3432 814 3636 871 Christi
3660 816 3796 871 ordi-

2180 915 2296 975 tur,
2332 910 2511 965 Romae
2538 909 2791 965 It‘atalem
2819 909 3041 964 Domini
3077 906 3397 974 celebravit,
3422 907 3799 975 maximamque

2175 1015 2365 1070 pacem
2393 1001 2449 1054 in
2481 999 2603 1070 ipsa
2630 998 2764 1053 urbe
2791 1002 2846 1052 et
2874 998 2989 1068 ejus
3037 996 3239 1065 ﬁnibus
3278 995 3585 1065 ﬁrmissime
3606 1006 3796 1064 campo-

2178 1090 2322 1150 suit;
2354 1087 2662 1159 ibidemque
2692 1085 3009 1140 Paschalem
3047 1084 3445 1139 solemnitatem
3482 1097 3602 1136 cum
3625 1096 3797 1151 magna

2177 1177 2363 1248 gloria
2392 1175 2580 1231 itidem
2629 1173 3031 1230 solemnimvit.
3086 1171 3259 1227 Addit
3289 1170 3443 1225 idem
3472 1173 3664 1225 auctor
3688 1168 3800 1225 Gui-

2179 1268 2412 1321 bertum
2462 1262 3042 1337 pseudopontificem,
3082 1264 3209 1315 tum
3260 1261 3320 1314 in
3370 1259 3642 1314 Ravenna;
3682 1274 3797 1330 par-

2179 1353 2358 1420 tibus,
2392 1370 2508 1426 quo
2554 1370 2636 1420 se,
2684 1358 2749 1407 ut
2796 1350 2953 1407 canit
2986 1349 3302 1416 'Domnizo,
3333 1348 3664 1404 adveniente
3705 1347 3797 1403 Ro-

2178 1458 2336 1499 mam
2385 1442 2620 1497 Urbano
2680 1443 2993 1511 receperat,
3028 1461 3056 1486 ‹‹
3091 1438 3514 1503 demorantem,
3542 1435 3799 1491 amisisse

2178 1530 2567 1586 munitionem
2599 1529 2917 1601 quamdam
2963 1544 3143 1599 supra
3191 1526 3437 1590 Padum,
3468 1523 3690 1580 nomine
3714 1524 3797 1579 Ar-

2176 1625 2420 1689 gentum,
2453 1621 2511 1675 in
2551 1635 2667 1690 qua
2699 1617 3017 1673 maximam
3049 1630 3283 1687 semper
3311 1630 3477 1686 spem
3525 1611 3796 1680 habuerat,

2177 1708 2331 1780 quod
2364 1725 2431 1764 ex
2478 1723 2546 1762 ea
2592 1706 2719 1762 suis
2751 1704 2918 1760 facile
2965 1707 3123 1760 esset
3167 1706 3540 1758 transeuntes
3584 1699 3798 1756 distrin-

2178 1813 2327 1869 gere.
2358 1820 2384 1845 ››
2406 1796 2677 1869 Sigonius
2733 1800 2928 1849 tamen
2988 1792 3191 1849 scribit
3247 1790 3588 1847 Guibertum
3643 1788 3798 1844 Roma

2180 1885 2328 1941 clam
2361 1883 2627 1956 elapsum
2681 1882 2889 1937 Albam
2923 1882 3249 1937 Marsorum
3280 1884 3421 1934 tunc
3462 1876 3723 1950 temperie
3749 1892 3798 1933 se

2179 1975 2487 2047 recepisse,
2510 1973 2607 2028 ubi
2645 1972 2881 2027 firmum
2928 1969 3269 2042 praesidium
3299 1967 3570 2024 habebat.
3590 1968 3666 2021 ‘At
3691 1965 3799 2021 ubi-

2179 2080 2410 2135 cunque
2456 2062 2716 2118 locorum
2764 2060 2939 2115 fuerit
2977 2058 3571 2126 Guibertus,'certum
3614 2057 3712 2124 est,
3746 2058 3799 2109 ut

2180 2158 2379 2208 narrat
2407 2152 2725 2206 Eadmerus
2760 2149 2907 2204 libro
2937 2166 2972 2204 ιι
2997 2148 3289 2203 Novorum
3322 2146 3425 2218 qui
3457 2150 3512 2201 et
3541 2144 3657 2216 ipse
3681 2142 3799 2215 peri-

2179 2240 2379 2296 culum
2398 2239 2541 2301 illud
2562 2240 2751 2295 fuerat
2767 2241 3062 2310 expertus,
3077 2252 3213 2291 eum
3233 2240 3377 2290 tunc
3396 2235 3577 2290 Reme
3592 2230 3797 2305 pulsum

2180 2331 2331 2385 omni
2359 2330 2635 2400 religiosae
2661 2329 3161 2399 personee‘Romam
3186 2326 3396 2396 petenti
3417 2334 3799 2395 persesuosque

2182 2434 2532 2491 quocunque
2557 2416 2787 2472 valebat
2816 2415 2988 2470 modo
3029 2413 3263 2468 insidias
3305 2411 3622 2469 struxisse:
3649 2409 3795 2475 unde,

2182 2507 2376 2579 inquit
2407 2507 2561 2561 idem
2592 2510 2816 2570 auctor,
2843 2502 3067 2575 quidam
3096 2502 3356 2573 episcopi,
3394 2498 3642 2555 monachi
3662 2507 3709 2554 et
3733 2512 3799 2551 re-

2181 2597 2364 2666 ligiosi
2391 2596 2579 2650 clerici
2605 2609 2669 2649 ea
2698 2588 2952 2648 serviente
2979 2593 3356 2663 persecutione
3392 2590 3560 2661 capti,
3587 2584 3795 2659 spoliati,

2178 2684 2470 2754 multisque
2496 2683 2841 2738 contumeliis
2870 2681 3053 2752 aﬂ‘ecti
3075 2680 3259 2734 necati
3284 2682 3438 2733 sunt.
3470 2674 3726 2739 Huic-rei,
3747 2677 3799 2729 ut

2182 2773 2503 2827 Eadmerus
2548 2769 2942 2843 prosequitur,
2991 2768 3237 2823 homines
3291 2766 3655 2838 potissimum
3686 2762 3797 2818 Ale-

2179 2862 2428 2917 mannici
2474 2863 2615 2930 regis
2658 2857 3087 2914 intendebant:
3132 2855 3285 2911 unde
3334 2853 3628 2928 colligitur
3656 2850 3798 2906 haud

2181 2952 2378 3007 minus
2408 2950 2469 3005 in
2502 2948 2812 3005 Germania
2857 2963 3036 3019 quam
3072 2947 3129 3001 in
3164 2946 3292 3001 istis
3341 2944 3521 3000 Italia;
3568 2940 3798 3016 partibus

2180 3040 2411 3097 szevisse
2442 3038 2601 3094 illam
2634 3036 3129 3111 persecutionem;
3164 3052 3270 3090 nec
3310 3033 3584 3090 dissentit
3610 3027 3798 3087 Bertol-

2179 3131 2310 3197 dus,
2336 3129 2435 3200 qui
2469 3128 2738 3183 observat
2780 3125 3154 3195 Manegoldum
3200 3123 3577 3196 praepositum
3602 3118 3796 3176 Marha-

411 3208 518 3264 tice
534 3213 754 3281 ageret.
768 3208 1135 3268 ‘At'Urbanus
1157 3213 1355 3270 nescio
1379 3231 1527 3286 quas
1557 3218 1630 3270 ob
1662 3234 1891 3284 causas,
1918 3220 2063 3275 forte
2095 3201 2137 3267 Ο
2177 3235 2411 3275 censem
2438 3215 2649 3273 Urbani
2676 3216 2976 3289 egregium
3000 3215 3368 3270 defensorem
3393 3216 3533 3268 tunc
3550 3204 3798 3281 temporis

409 3296 483 3351 ob
507 3310 713 3369 graves
737 3296 969 3355 labores
999 3316 1146 3371 quos
1169 3304 1471 3358 occasione
1493 3304 1884 3361 restitutionis
1915 3309 2075 3364 Atre-

409 3384 669 3442 batensis
711 3385 977 3444 Ecclesia:
1023 3389 1304 3446 devorare
1351 3398 1589 3449 coactus
1621 3394 1833 3461 fuerat,
1869 3403 2072 3468 partae-

409 3488 530 3542 sus,
562 3473 713 3530 nihil
742 3491 811 3532 ea
838 3477 964 3533 vice
1014 3480 1364 3535 mutandum
1412 3497 1541 3538 esse
1590 3482 1776 3550 duxit,
1811 3484 1947 3541 dato
1978 3503 2068 3542 re-

408 3561 984 3635 sci-iptoprovisorio
1016 3566 1089 3621 ad
1137 3567 1465 3624 Manassem
1498 3570 1845 3627 Remensem
1877 3574 2074 3630 archi-

408 3648 770 3723 episcopum,
799 3659 864 3708 ut
908 3655 1208 3710 secundum
1254 3657 1425 3711 Deum
1455 3657 1683 3714 meliori
1712 3677 1828 3731 quo
1878 3679 2050 3733 posse

408 3738 582 3795 mo‘do
610 3740 836 3795 vacanti
878 3742 1240 3811 jamdudum
1289 3744 1553 3801 Ecclesiae
1585 3749 1693 3803 hac
1724 3723 1846 3805 vice
1878 3723 2076 3822 provit

408 3824 589 3881 deret.
618 3826 718 3882 [lle
748 3842 884 3883 vero
916 3828 1066 3883 nihil
1113 3836 1444 3900 cunctatus,
1468 3834 1831 3892 Dominicam
1882 3821 2074 3913 proxi:

411 3920 731 3986 mam-post
760 3916 1121 3989 Theophaniee
1153 3919 1366 3975 festum
1392 3923 1463 3977 ad
1495 3922 1743 3979 Baldrici
1771 3943 2076 3987 consecra-

412 3999 631 4088 tionem
663 4002 861 4059 statim
892 4002 1135 4075 indixit;
1171 4007 1325 4064 datis
1357 4025 1424 4065 ea
1454 4011 1525 4066 de
1557 4028 1617 4067 re
1661 4011 1890 4083 litteris,
1925 4032 2073 4088 quas

419 4087 692 4151 Baluzius
723 4108 857 4146 cum
899 4093 1031 4148 aliis
1064 4101 1317 4167 quatuor
1350 4100 1617 4170 ejusdem
1649 4087 1977 4175 argumenti
2004 4123 2073 4162 ex

416 4176 544 4231 cod.
594 4177 884 4236 Lamberti
936 4183 1121 4238 edidit
1168 4190 1323 4242 tome
1353 4187 1400 4241 V
1430 4188 1957 4249 Miscellaneorum.
1993 4194 2072 4251 Ex

416 4262 512 4321 his
544 4264 705 4323 illam
730 4284 867 4340 quae
893 4270 1106 4327 Urbani
1130 4279 1220 4328 est
1244 4277 1317 4331 ad
1345 4276 1523 4346 huius
1546 4279 1683 4335 anni
1708 4282 1882 4337 finem
1916 4299 2071 4339 revo-

411 4354 659 4443 candam
693 4371 821 4413 esse
851 4376 919 4414 ex
969 4376 1035 4415 eo
1086 4360 1438 4436 colligimus,
1466 4367 1621 4438 quod
1670 4367 1729 4423 in
1784 4370 1909 4440 ipso
1941 4374 2069 4443 ejus

410 4436 706 4515 epitaphio
730 4445 1033 4505 Baldricus
1052 4452 1359 4510 defunctus
1376 4436 1605 4511 dicatur
1622 4436 2064 4528 pridie—Kalend.

2182 3308 2253 3363 ab
2285 3306 2530 3363 Henrico
2577 3304 2990 3376 interceptum,
3017 3303 3115 3357 diu
3151 3301 3211 3357 in
3251 3300 3583 3373 captivitate
3626 3299 3797 3354 deten-

2182 3403 2310 3452 tum
2343 3395 2544 3459 fuisse,
2569 3395 2724 3466 quod
2746 3392 2925 3449 nollet
2946 3390 3338 3448 schismaticis
3370 3389 3673 3445 adhaerere.
3702 3383 3797 3438 Hoc

2182 3485 2359 3541 etiam
2401 3483 2527 3555 ipso
2576 3499 2728 3538 anno
2788 3480 3139 3537 Rulhandus
3198 3478 3511 3551 Moguntize
3566 3474 3794 3531 antistes.

2181 3573 2425 3629 Henrico
2474 3570 2831 3643 imperatori,
2873 3574 2938 3624 ut
2985 3569 3161 3625 refert
3210 3565 3603 3632 Dodechinus‘,
3643 3563 3796 3633 favere

2182 3662 2370 3718 nolens
2423 3662 2707 3734 profugus
2746 3659 2805 3714 in
2852 3657 3239 3727 Thuringiam
3300 3654 3568 3711 secedere
3596 3652 3799 3707 coactus

2183 3757 2299 3819 est;
2333 3767 2507 3823 quem
2560 3750 2825 3806 Ecclesiae
2860 3748 3138 3803 catholicze
3172 3745 3351 3800 fuisse
3382 3744 3683 3800 restitutum
3720 3749 3799 3808 per

2183 3840 2443 3896 damnum
2476 3840 2753 3895 Urbanum
2774 3836 2942 3893 testis
2963 3839 3052 3892 est
3078 3836 3199 3908 ipse
3223 3831 3525 3889 Paschalis
3553 3830 3674 3901 ejus
3699 3838 3800 3880 suc-

2183 3945 2380 3985 cessor
2414 3928 2471 3982 in
2506 3925 2753 3998 epistola
2783 3926 2853 3981 ad
2885 3923 3290 3979 Gebehardum
3331 3917 3796 3976 Constantiensem

2182 4018 2546 4091 episcopum,
2571 4033 2605 4070 a
2635 4014 2862 4071 Serario
2891 4014 2991 4069 lib.
3016 4030 3068 4079 ν,
3092 4012 3309 4067 Rerum
3342 4007 3798 4083 Mogontinarum,

2181 4125 2248 4164 ex
2275 4123 2385 4162 ms.
2419 4105 2546 4160 cod.
2580 4103 2890 4175 descripta.

2238 4193 2492 4250 CCCVlI.
2528 4192 2866 4248 Gebehardus
2896 4190 3189 4246 ex'abbate
3212 4195 3386 4244 custos
3414 4186 3470 4242 S.
3504 4179 3747 4256 Sepulcri.

2251 4285 2400 4339 Tum
2426 4283 2630 4347 etiam,
2666 4286 2730 4335 ut
2760 4284 2957 4335 narrat
2990 4278 3314 4343 Bertoldus,
3343 4270 3688 4331 Gerhardus.
3715 4279 3796 4321 seu

2180 4373 2376 4445 potius
2408 4370 2785 4427 Gebehardus
2815 4369 2996 4425 abbas
3027 4365 3518 4438 Sebaphusensis,
3543 4358 3798 4418 annuente

2178 4462 2410 4517 Urbano
2436 4475 2606 4532 papa,
2631 4456 2971 4512 monasterii
2994 4454 3085 4510 sui
3110 4454 3369 4527 regimen
3392 4448 3631 4512 dimisit,
3654 4450 3798 4514 atque

408 4531 593 4602 Junii,
616 4549 773 4590 anno
801 4537 939 4592 1092
969 4555 1087 4594 suae
1120 4542 1474 4613 praelationis
1502 4562 1593 4611 xv,
1617 4563 1795 4617 quam
1825 4550 2067 4620 proinde
2100 4574 2144 4638 Β
2177 4568 2311 4606 cum
2353 4531 2486 4605 aliis
2531 4546 2955 4619 crucesignatis
3004 4545 3076 4600 ad
3128 4558 3356 4599 sacram
3407 4537 3797 4628 expeditionem

410 4624 545 4677 ante
594 4637 857 4681 mensem
905 4627 1151 4686 Junium
1204 4633 1341 4686 anni
1394 4633 1623 4702 inierat,
1657 4639 1712 4690 et
1768 4635 1856 4691 ha:
1916 4643 2063 4693 uotae

408 4709 633 4768 calculo
665 4718 864 4771 nostro
904 4719 1168 4791 apprime
1199 4722 1570 4789 conveniunt,
1606 4740 1720 4795 quo
1766 4725 2066 4784 Baldricus

406 4800 708 4858 Dominica
738 4805 951 4875 prima
969 4813 1101 4879 post
1150 4809 1535 4882 Epiphaniam
1567 4829 1600 4866 a
1632 4812 1900 4870 Manasse
1931 4832 2063 4872 con-

409 4894 671 4945 secratus
695 4892 929 4961 dicitur,
959 4913 1092 4952 cum
1126 4899 1300 4970 paulo
1330 4905 1520 4968 antea,
1546 4918 1754 4974 nempe
1777 4905 1887 4959 sub
1917 4922 2062 4976 prte-

409 4976 594 5064 sentis
622 4979 761 5032 anni
795 4982 934 5035 1097
965 4985 1166 5053 ﬁnem,
1194 4988 1557 5059 pontificium
1590 4991 1936 5064 rescriptum
1970 5010 2066 5049 su-

408 5062 709 5135 scepisset.
738 5066 792 5121 Is
812 5084 983 5138 porro
1007 5078 1097 5128 est
1121 5074 1421 5133 Baldricus
1444 5082 1647 5133 auctor
1675 5062 1944 5136 Chronici
1965 5087 2065 5137 Ca-

409 5152 766 5209 meracensis
785 5159 842 5209 et
864 5159 1287 5230 Atrebatensis,
1310 5164 1371 5220 in
1398 5182 1514 5238 quo
1546 5183 1640 5221 res
1671 5184 1705 5222 a
1735 5168 2016 5226 Clodoveo
2044 5171 2067 5227 Ι

411 5239 483 5295 ad
512 5254 735 5296 annum
771 5243 909 5298 1030
953 5254 1151 5319 gestas
1193 5260 1539 5323 prosecutus
1567 5260 1674 5310 est.
1702 5255 1914 5312 Eidem
1949 5259 2068 5314 'tri-

410 5324 972 5390 buitur'Chronicon
1013 5337 1361 5409 Morinense,
1395 5343 1551 5414 quod
1602 5342 1662 5397 in
1713 5347 2069 5403 monasterio

411 5416 669 5489 quodam
701 5420 1164 5482 Cenomannensi
1194 5447 1330 5486 -ms.
1383 5430 1525 5485 dicit
1555 5430 1796 5487 Vossius
1841 5432 1989 5490 libro
2030 5453 2071 5491 ιι

412 5504 493 5594 De
523 5505 822 5594 historicis
850 5509 1089 5583 Latinis,
1112 5522 1169 5573 et
1199 5518 1352 5594 typis
1376 5518 1598 5575 editum
1628 5537 1757 5576 esse
1787 5521 2073 5583 Marlotus

427 5590 510 5654 ait
539 5591 602 5654 in
633 5599 939 5674 metropoli
998 5590 1396 5667 Remensiﬁtt
1451 5606 1621 5666 fallor
1678 5609 1726 5667 si
1769 5608 1878 5668 hoc
1927 5629 2074 5688 opus

2173 4640 2471 4711 profectus
2525 4641 2634 4691 est.
2669 4639 2846 4705 Capta
2905 4650 3058 4688 anno
3115 4630 3449 4703 sequentia
3489 4618 3798 4711 Christianis

2175 4708 2525 4783 exercitibus
2571 4722 3072 4795 Jerosolymorum
3108 4721 3268 4789 urbe,
3306 4720 3536 4791 primus
3581 4708 3797 4784 sepulcri
3885 4782 3887 4795 ⁴

2174 4815 2458 4872 Dominici
2508 4818 2707 4869 custos
2754 4811 3063 4866 institutus
3094 4808 3228 4876 fuit,
3257 4812 3324 4864 ut
3352 4807 3509 4879 apud
3559 4796 3797 4859 eumdem

2175 4909 2469 4961 auctorem
2502 4902 2734 4975 legitur.
2764 4900 2868 4955 Hic
2920 4899 3074 4955 idem
3123 4898 3249 4970 ipse
3291 4901 3382 4953 est
3430 4884 3796 4979 Gebehardus,

2173 4994 2269 5049 cui
2305 4970 2639 5048 Bernardiis
2677 4988 2980 5062 presbyter
3012 4987 3230 5042 librum
3263 5000 3441 5041 suum
3482 4970 3800 5069 nuncuparit

2176 5084 2256 5138 De
2271 5080 2524 5136 vitandis
2540 5060 3061 5135 excommunicatis
3080 5080 3139 5131 et
3160 5074 3343 5147 lapsis
3365 5060 3796 5128 reconciliandis,

2177 5176 2234 5228 et
2263 5172 2334 5226 de
2358 5168 2738 5224 conciliorum
2768 5182 2835 5221 ac
2856 5160 3587 5237 pontiﬁcum'auctoritate,
3608 5150 3796 5237 edit.qu

2180 5278 2214 5315 a
2237 5255 2613 5330 Tegnagello.
2638 5232 2950 5311 Bertoldus
2978 5270 3113 5310 vero
3136 5254 3207 5309 ad
3231 5265 3451 5307 annum
3476 5232 3799 5330 imllaudet

2180 5319 2362 5405 alium
2390 5319 2895 5415 librum'ejusdem
2919 5342 3219 5408 Bernardi,
3243 5351 3495 5410 eumque
3516 5329 3689 5390 multa
3706 5319 3797 5379 alia

2183 5437 2277 5493 sui
2309 5432 2528 5507 ingenii
2559 5435 2943 5488 monumenta
2964 5428 3273 5503 reliquisse
3302 5424 3536 5491 scribit;
3569 5418 3660 5478 sed
3689 5420 3793 5507 enin

2183 5498 2558 5599 reprehendit
2588 5521 2741 5596 quod
2773 5537 2871 5577 eos
2897 5520 2999 5593 qui
3029 5498 3113 5575 ab-
3133 5509 3650 5576 excommunicatis
3677 5498 3798 5561 Ordi-

2186 5613 2308 5672 nati
2342 5612 2576 5669 fuerunt
2609 5608 2931 5667 reordinari
2964 5610 3172 5666 debere
3204 5604 3515 5666 censuerit.
