3950 6218
114 329 225 390 233

1716 327 1920 389 νιτΑ.

3403 325 3523 386 234

188 461 468 518 CCCV-III.
503 461 850 518 Daimbertus
877 462 1201 517 Senonensi's
1231 462 1681 532 metropolitanus
1790 465 1844 529 Α
1875 458 2080 514 litteris
2114 464 2270 530 patet
2301 458 2456 513 hunc
2481 458 2751 513 abbatem
2784 457 3013 514 Urbano
3054 458 3305 516 maxime
3343 460 3521 515 addi-

757 541 1119 589 consecratur.

179 623 406 680 Interea
435 622 820 678 Daimbertus
853 621 1208 692 jamdudum
1258 621 1317 676 in
1367 622 1759 677 Senonensem

115 711 636 784 metropolitanum
666 710 900 774 electus,
935 711 1034 782 qui
1068 715 1197 781 post
1226 709 1444 765 multas
1489 710 1760 782 tergiver-

114 802 362 857 sationes
407 800 742 872 primatum
790 799 1054 855 Ecclesia:
1087 799 1494 870 Lugdunensis
1526 799 1761 853 tandem

115 892 441 963 agnoverat,
479 889 682 944 Romae
707 889 778 943 ab
810 888 935 960 ipso
959 887 1233 959 pontiﬁce
1259 890 1631 942 consecratus
1653 890 1759 953 est,

116 985 166 1034 et
194 978 457 1034 Senonas
489 994 632 1034 cum
666 975 841 1050 pallio
873 974 1350 1047 archiepiscopali
1373 992 1656 1041 reversus,
1681 974 1761 1028 ibi

1871 552 2029 602 ctum
2054 547 2254 616 fuisse,
2279 547 2450 617 cujus
2472 546 3166 619 monasteriumtempore
3182 548 3520 608 schismatis

1872 653 2184 692 commune
2215 635 2634 691 catholicorum
2667 635 2892 709 asylum
2916 642 3056 691 erat.

2192 725 2439 780 CCCXll.
2477 725 2696 780 Ordinis
2728 727 2974 780 Cistercii
3005 727 3190 782 initia.

1945 814 2096 869 Nihil
2128 831 2260 870 vero
2293 815 2482 885 magis
2533 831 2753 870 annum
2793 820 3136 887 praesentem
3187 813 3527 871 illustrasse

1870 903 2116 969 videtur,
2151 919 2326 974 quam
2359 903 2756 959 Cisterciensis
2801 904 3141 960 monasterii
3194 908 3251 959 et
3299 900 3521 960 ordinis

1871 991 2210 1062 primordia,
2242 996 2474 1047 auctore
2506 997 2706 1047 sancto
2738 993 2985 1048 Roberto
3021 992 3381 1048 Molismensi
3427 993 3525 1048 ab-

117 1083 204 1122 Χιν
233 1065 523 1122 Kalendas
559 1065 697 1120 Mali
747 1063 995 1154 3919mm
1041 1081 1255 1154 ροωριι
1295 1062 1353 1118 in
1384 1063 1625 1154 (ῗθεῖθείίι
1656 1080 1764 1154 Si”?
1871 1081 2019 1136 bate.
2071 1081 2172 1134 Hic
2221 1079 2465 1136 dimisso
2513 1081 2603 1136 sui
2649 1082 2986 1137 monasterii
3035 1082 3320 1154 regimine
3384 1098 3520 1137 cum

118 1159 373 1227 receptus
391 1155 527 1210 fuit.
552 1156 628 1208 At
648 1170 762 1209 non
786 1153 878 1208 hic
902 1154 1011 1207 fuit
1033 1154 1103 1207 de
1117 1151 1367 1224 primatu
1389 1152 1760 1224 Lugdunensi

119 1244 516 1299 controversiis
540 1243 705 1298 ﬁnis:
741 1259 868 1313 qua:
901 1256 1110 1312 nempe
1142 1240 1298 1296 brevi
1332 1246 1534 1312 postea
1564 1257 1760 1296 recru-

118 1332 252 1398 duit,
284 1347 438 1404 aegre
470 1331 802 1387 ferentibus
851 1329 1205 1386 Senonensis
1254 1329 1519 1384 Ecclesiae
1572 1329 1759 1385 archi-

117 1419 391 1492 episcOpis
425 1419 601 1476 alteri
627 1419 858 1490 subjici,
885 1418 986 1490 qui
1011 1419 1122 1490 ipsi
1145 1417 1342 1475 Gallia:
1361 1423 1417 1473 et
1438 1417 1760 1474 Germanis:

119 1509 395 1580 primatus
428 1508 610 1564 titulo
641 1507 1059 1581 gloriabantur.

222 1615 445 1671 CCCIX.
484 1618 830 1686 Rescriptum
853 1631 953 1685 pro
983 1615 1037 1668 S.
1072 1614 1299 1670 Andreae
1335 1616 1644 1669 Viennensis

791 1687 1090 1741 monachis.

131 1815 134 1818 λ
179 1776 258 1830 Ad
303 1775 488 1846 hujus
538 1791 781 1847 quoque
821 1775 957 1830 anni
1009 1774 1244 1829 initium
1292 1776 1543 1830 revocari
1591 1792 1761 1846 posse

123 1881 411 1920 censemus
445 1864 674 1919 Urbani
707 1863 929 1919 litteras
959 1863 1017 1917 in
1049 1862 1296 1935 gratiam
1344 1863 1763 1918 monachorum
1794 1833 1841 1898 Β

124 1954 299 2008 Sancti
319 1954 570 2018 Andreae
594 1953 964 2019 Viennensis,
988 1969 1137 2023 quos
1159 1956 1214 2006 et
1233 1969 1434 2007 eorum
1457 1952 1686 2022 bajulos
1707 1953 1762 2007 in

125 2047 334 2098 tantum
345 2043 604 2098 vexabat
617 2042 803 2097 Guido
815 2041 1078 2111 ejusdem
1094 2040 1257 2096 urbis
1270 2040 1761 2112 archiepiscopus,

124 2135 182 2186 ut
206 2131 372 2186 etiam
408 2147 479 2186 ex
513 2131 592 2186 iis
650 2129 965 2186 nonnullos
993 2129 1051 2184 in
1085 2146 1311 2184 carcere
1344 2130 1638 2185 retineret.
1667 2131 1767 2184 Da-

125 2225 234 2274 tum
262 2225 350 2275 est
377 2220 492 2276 hoc
525 2219 886 2290 rescriptum
919 2219 1175 2273 Laterani
1206 2237 1256 2273 Vl
1298 2219 1421 2273 Idus
1451 2219 1760 2286 Februarii,

127 2309 215 2364 sed
253 2326 443 2366 annus
494 2326 621 2365 non
668 2308 1052 2380 exprimitur;
1105 2309 1258 2362 unde
1310 2325 1442 2362 cum
1501 2324 1762 2363 mensem

127 2396 485 2454 Februarium
523 2397 801 2453 Urbanus
833 2396 1096 2452 Laterani
1121 2413 1276 2452 anno
1300 2397 1437 2452 1097
1455 2401 1513 2452 et
1533 2397 1765 2452 duobus

128 2486 490 2557 sequentibus
521 2486 760 2559 exigere
789 2486 1060 2557 potuerit,
1095 2487 1250 2540 haud
1296 2486 1534 2542 omnino
1584 2485 1766 2557 liquet

128 2575 339 2630 cuinam
366 2593 433 2632 ex
459 2576 556 2631 his
592 2573 783 2630 tribus
815 2574 986 2630 annis
1008 2575 1416 2646 consignandre
1441 2576 1558 2628 sint
1579 2574 1765 2646 ponti-

131 2663 253 2719 ficiis
284 2663 388 2721 illae
419 2665 658 2722 litteris.
695 2664 752 2719 Si
794 2668 986 2720 tamen
1036 2663 1390 2734 conjecturis
1441 2664 1524 2718 uti
1571 2663 1761 2730 liceat,

129 2768 245 2806 cum
274 2753 546 2809 monachi
583 2752 945 2809 Viennenses
977 2752 1221 2808 Romam
1255 2753 1469 2807 adiisse
1495 2753 1766 2808 dicantur

130 2841 372 2912 querelas
403 2861 544 2900 suas
581 2846 790 2898 contra
819 2841 1318 2913 archiepiscopum
1351 2842 1422 2896 ad
1465 2841 1764 2896 Urbanum

131 2930 374 3001 deleturi,
409 2933 469 2988 in
503 2931 650 2988 anni
690 2933 825 2986 1097
852 2931 1038 2998 initio,
1073 2947 1188 3002 quo
1213 2931 1303 2985 vix
1327 2931 1568 2986 Romam
1596 2931 1766 3002 perti-

133 3025 276 3089 gerat
305 3023 587 3093 pontifex,
623 3021 842 3076 factum
875 3020 1055 3075 fuisse
1087 3037 1200 3075 non
1232 3020 1478 3075 videtur.
1513 3020 1763 3074 Mediam

135 3109 266 3162 viam
289 3109 588 3182 eligimus;
617 3107 697 3164 ita
715 3111 909 3164 tamen
928 3107 1070 3162 illud
1090 3108 1438 3179 rescriptum
1457 3125 1608 3163 anno
1635 3109 1766 3162 1098

1867 1169 2069 1240 viginti
2120 1170 2352 1224 duobus
2411 1188 2440 1224 e
2499 1170 2623 1226 suis
2681 1170 2987 1242 discipulis
3015 1171 3072 1224 in
3136 1171 3514 1230 solitudinem

1867 1258 2302 1313 Cisterciensem
2321 1259 2482 1313 initio
2501 1259 2680 1329 hujus
2693 1260 2828 1314 anni
2846 1256 3518 1333 transmigravit,ibiqus

1868 1347 1958 1400 die
1983 1348 2039 1400 '21
2073 1347 2282 1410 Martii,
2318 1352 2516 1402 sancto
2540 1347 2692 1402 Patri
2715 1349 3024 1404 Benedicto
3048 1365 3240 1420 sacra,
3269 1349 3517 1410 celebris

1870 1436 2094 1490 ordinis
2128 1435 2315 1507 prima
2374 1437 2754 1491 fundamenta
2775 1437 2918 1507 jecit
2948 1443 3241 1494 annuente
3268 1437 3522 1493 Walerio

1867 1523 2189 1579 diaecesano
2220 1523 2489 1595 episcopo
2521 1523 2911 1589 Cabilonensi,
2963 1526 3263 1597 suppetias
3302 1526 3524 1583 ferente

1869 1613 2064 1668 Odone
2085 1613 2230 1668 duce
2250 1613 2753 1685 Burgundionum,
2769 1613 2966 1669 omnia
2982 1630 3113 1669 vero
3140 1615 3520 1670 :onﬁrmante

1867 1705 2106 1773 Hugone
2142 1701 2510 1773 Lugdunensi
2539 1702 3004 1775 metropolitano,
3034 1720 3140 1758 sua
3172 1708 3229 1758 et
3268 1702 3519 1770 Urbani,

1871 1791 2040 1860 cujus
2073 1791 2324 1846 vicarius
2353 1791 2408 1844 in
2441 1790 2643 1845 Galliis
2677 1799 2734 1846 et
2759 1792 3090 1864 apostolicae
3122 1790 3528 1865 sediSlegatus

1872 1883 2014 1946 erat,
2065 1879 2425 1934 auctoritate.
2477 1881 2740 1952 Hugonis
2809 1880 3116 1952 epistolam
3185 1897 3254 1936 ea
3327 1882 3397 1936 de
3460 1897 3521 1937 re

1872 1968 2132 2022 Labbeus
2164 1969 2373 2023 tomoI
2425 1968 2654 2035 Bibliot,
2701 1985 2880 2036 novae,
2928 1968 3262 2042 Manriquez
3309 1975 3366 2025 et
3425 1968 3525 2024 alii

1872 2056 2196 2111 ediderunt.
2223 2055 2367 2121 Quid
2393 2057 2596 2114 exinde
2620 2058 2866 2114 Roberto
2890 2059 3216 2131 contigerit,
3241 2058 3526 2116 suislocis

1872 2161 2252 2215 exponemus.

2181 2234 2450 2301 CCCXIII,
2481 2237 2846 2306 Privilegium
2880 2238 3204 2307 Urgellense.

1943 2323 2104 2386 Quod
2127 2327 2321 2378 autem
2349 2325 2419 2378 ad
2445 2341 2536 2378 res
2548 2324 2891 2394 Hispanicae
2910 2326 3134 2392 attinet,
3169 2325 3525 2397 Urgellensis

1875 2410 2137 2466 Ecclesiae
2184 2413 2583 2482 possessiones
2635 2414 3001 2468 conﬁrmavit
3060 2415 3319 2485 pontifex
3385 2415 3520 2468 dato

1871 2499 2186 2572 diplomate
2208 2501 2280 2554 ad
2303 2501 2559 2556 Orionem
2583 2503 2845 2572 ejusdem
2871 2502 3136 2558 Ecclesiae
3153 2503 3517 2575 episcopum,

1873 2607 1965 2644 vui
1998 2589 2131 2644 ldus
2162 2590 2400 2661 Aprilis,
2436 2591 2636 2645 indict.
2674 2609 2748 2662 v1,
2801 2608 2954 2648 anno
3004 2592 3208 2664 pontif.
3262 2609 3339 2658 xx,
3391 2608 3520 2663 quae

1873 2683 2017 2732 notae
2051 2677 2183 2732 huic
2215 2696 2366 2734 anno
2397 2679 2767 2736 conveniunt.
2801 2681 2938 2752 Ejus
2961 2685 3157 2736 tamen
3188 2680 3520 2754 exemplum

1872 2767 1927 2820 in
1963 2767 2156 2822 Marce
2201 2767 2502 2839 hispanica
2549 2769 2770 2824 editum
2823 2787 3042 2826 annum
3099 2768 3522 2826 Incarnationis

1876 2856 2011 2910 1099
2043 2857 2280 2912 indicat.
2335 2858 2445 2912 Sed
2496 2858 2605 2913 hoc
2650 2865 2739 2913 est
2787 2859 3168 2915 amanuensis
3219 2862 3518 2927 erratum;

1873 2950 1974 3000 aut
2003 2951 2178 3013 certe,
2211 2951 2274 2999 ut
2306 2946 2451 3001 alias
2482 2965 2632 3018 saepe
2665 2949 2881 3003 factum
2913 2953 3020 3014 est,
3047 2964 3236 3004 annus
3259 2965 3292 3002 a
3315 2948 3522 3003 Martio

1873 3035 2216 3106 princedenti
2241 3035 2314 3089 ibi
2350 3035 2675 3091 inchoatur.
2707 3037 2883 3092 Paulo
2916 3042 3067 3109 post,
3099 3038 3154 3093 id
3189 3041 3277 3094 est
3306 3037 3352 3092 v‘
3387 3037 3524 3092 Idus

1877 3124 2032 3188 Maii,
2065 3124 2376 3180 Oscensem
2409 3127 2634 3191 urbem,
2665 3143 2840 3197 quam
2889 3143 3043 3181 anno
3089 3126 3230 3181 1096
3276 3126 3526 3181 Saucius

136 3198 538 3270 consignando,
562 3202 630 3252 lli.
652 3197 700 3252 SI
719 3197 812 3252 CUI
835 3197 950 3251 alia
968 3197 1258 3252 sententia
1281 3197 1466 3268 magis
1484 3197 1762 3264 arriserit,
1797 3198 1839 3263 C
1879 3218 2212 3284 Aragonum
2273 3229 2370 3268 rex
2433 3214 2649 3267 Mauris
2709 3214 3023 3284 eripuerat,
3090 3214 3148 3269 in
3214 3214 3525 3286 pristinam

137 3285 364 3342 multum
396 3287 686 3359 refragari
718 3285 995 3342 nolimus.

198 3393 372 3449 CCCX.
405 3394 812 3462 Mmasterium
842 3393 1134 3475 S..Vigoris
1162 3393 1468 3465 subjectum
1507 3394 1561 3446 S.
1597 3395 1696 3447 Be-

851 3481 1038 3532 mgna.

200 3550 516 3610 Pontiﬁeem
549 3569 687 3608 vero
721 3553 912 3608 Romae
944 3557 1063 3608 toto
1097 3569 1294 3609 mense
1335 3553 1540 3608 Martio
1591 3553 1768 3624 hujus

142 3641 260 3694 anni
299 3643 640 3700 substitisse
686 3642 934 3714 probant
981 3641 1282 3714 privilegia
1330 3642 1544 3697 ibidem
1594 3642 1770 3698 variis

139 3728 376 3787 ecclesiis
395 3731 650 3788 indulta.
676 3731 936 3785 Primum
961 3730 1226 3786 Laterani
1251 3731 1448 3786 datum
1475 3736 1562 3786 est
1584 3732 1768 3803 pridie

144 3817 263 3874 ldus
292 3819 496 3888 Martii,
549 3837 669 3892 quo
719 3820 1101 3875 conﬁrmatur
1149 3820 1386 3875 donatio
1430 3821 1769 3876 monasterii

141 3904 312 3962 Sancti
367 3909 604 3982 Vigoris
636 3908 972 3979 Bajocensis
1003 3909 1074 3963 ab
1105 3908 1302 3964 Odone
1325 3909 1597 3980 episcopo
1622 3909 1771 3964 facta

142 3992 417 4054 Jarentoni
449 3998 651 4055 abbati
684 3997 882 4053 Sancti
924 3996 1166 4070 Benigni
1205 3997 1590 4053 Divionensis.

208 4083 401 4140 Eadem
433 4089 552 4154 die,
589 4091 646 4142 et
676 4086 914 4158 quidem
948 4087 1151 4141 eodem
1183 4103 1356 4151 anno,
1390 4087 1436 4140 si
1473 4087 1616 4142 bene
1641 4104 1772 4143 con-

143 4169 282 4239 jicio,
314 4175 545 4248 scripsit
579 4175 834 4246 pontifex
863 4175 1172 4246 epistolam
1205 4176 1274 4229 ad
1310 4175 1540 4231 Ivonem
1568 4175 1774 4232 Carno-

152 4263 348 4317 tensem
362 4269 415 4319 et
429 4263 769 4322 Ramulium
785 4263 1110 4318 Santonum
1128 4264 1431 4336 episcopos
1451 4265 1506 4318 in
1521 4266 1770 4334 gratiam

155 4351 546 4408 monachorum
623 4352 1182 4419 Vindocinensium,
1254 4369 1400 4424 quos
1473 4354 1545 4407 ab
1612 4354 1770 4409 omni

153 4437 530 4512 episcoporum
584 4441 944 4512 subiectione
995 4442 1290 4496 immunes
1337 4458 1465 4496 esse
1495 4442 1767 4498 declarat.

151 4524 560 4599 A-liasejusdem
577 4530 870 4603 pontificis
892 4530 1112 4586 litteras
1136 4548 1202 4587 ea
1223 4533 1294 4585 de
1318 4548 1375 4585 re
1397 4536 1528 4602 post
1549 4532 1772 4603 aliquot

154 4611 260 4669 dies
288 4621 532 4675 omnibus
565 4621 820 4677 Ecclesia
843 4621 978 4691 ﬁliis
1011 4620 1324 4691 inscriptas
1357 4621 1530 4675 refert
1563 4621 1768 4676 Goti‘ri-

156 4700 250 4755 dus
275 4705 529 4772 ejusdem
584 4709 690 4764 loci
742 4709 924 4764 abbas
971 4709 1141 4780 epist.
1197 4712 1264 4762 27
1313 4711 1385 4764 ad
1437 4710 1771 4766 Goﬁ‘redum

159 4787 324 4848 Ivonis
347 4813 766 4852 successorem.

303 4900 518 4959 CCCXI.
555 4906 779 4961 Littera?
803 4921 904 4976 pro
933 4905 989 4960 S.
1021 4905 1277 4961 Michaelc
1305 4905 1374 4960 ad
1404 4905 1621 4962 Mosam.

206 4985 364 5044 Tunc
409 4993 582 5047 etiam
641 4993 946 5048 monachis
1002 4996 1192 5049 Sancti
1253 4994 1548 5050 Michaelis
1598 5013 1777 5067 supra

160 5070 354 5131 Mosam
388 5079 444 5134 in
477 5081 710 5138 diceeesi
741 5081 1090 5138 Virdunensi
1122 5082 1368 5138 indulsit
1405 5083 1690 5150 Urbanus,
1715 5089 1780 5138 ut

163 5161 356 5220 omissa
384 5169 850 5241 sepeliendorum
901 5171 1148 5228 fratrum
1198 5188 1441 5227 suorum
1493 5172 1552 5227 in
1600 5173 1776 5228 veteri

165 5257 484 5313 monasterio
511 5259 954 5326 consuetudine,
988 5276 1085 5315 eos
1130 5277 1306 5332 prope
1357 5261 1776 5317 monasterium

167 5351 354 5397 novum
383 5346 625 5418 sepelire
654 5346 712 5402 in
737 5351 1034 5420 posterum
1068 5347 1222 5404 licite
1241 5354 1500 5420 possent.
1527 5349 1781 5421 Epistula

164 5429 423 5493 pontificis
452 5450 520 5491 ea
547 5436 618 5490 de
648 5453 709 5491 re
735 5437 871 5492 data
913 5441 1003 5492 est
1049 5437 1313 5492 Laterani
1362 5455 1440 5492 vn
1492 5438 1779 5496 Kalendas

166 5512 351 5602 Aprilis
381 5521 486 5578 hoc
533 5541 707 5595 anno,
757 5525 1042 5598 inscripta
1087 5525 1355 5583 Udalrico
1408 5526 1627 5597 abbati,
1680 5529 1779 5602 qui

168 5598 312 5664 illum
341 5625 404 5666 ea
432 5613 500 5669 de
529 5629 705 5671 causa
735 5613 1127 5673 consuluerat.
1183 5616 1263 5672 Ex
1312 5615 1617 5689 utriusque
1648 5598 1779 5675 vero

457 5739 724 5809 Parant.
770 5741 917 5810 CLI.

1879 3299 2220 3372 dignitatem
2271 3300 2496 3354 restitui
2537 3300 2718 3355 voluit
2769 3301 3058 3370 Urbanus,
3111 3301 3162 3354 ei
3210 3299 3523 3373 episcopali

1878 3390 2033 3457 sede,
2059 3389 2427 3460 quanaccam
2443 3388 2726 3444 translata
2741 3390 2946 3456 fuerat,
2967 3390 3212 3445 reddita.
3229 3389 3525 3460 Insignem

1879 3495 1946 3534 ea
1977 3479 2047 3532 de
2105 3494 2164 3532 re
2215 3477 2438 3532 bullam
2487 3477 2670 3532 edidit
2713 3495 2826 3549 pm
2878 3478 3170 3533 memoria:
3211 3476 3526 3535 cardinalis

1877 3567 2151 3639 Aguirius
2185 3573 2340 3621 tomo
2365 3566 2437 3621 Ill
2469 3565 2683 3620 Concil.
2711 3566 2998 3638 Hispania:
3024 3566 3105 3622 .In
3130 3584 3248 3639 qua
3266 3565 3526 3637 pontifex

1877 3656 2219 3711 donationes
2251 3673 2284 3709 a
2312 3655 2488 3711 variis
2510 3657 2842 3727 Aragonum
2865 3656 3102 3729 regibus
3123 3656 3310 3712 eidem
3334 3655 3526 3710 Eccle-

1877 3746 1974 3801 sia:
2008 3746 2189 3800 factas
2211 3747 2552 3813 conﬁrmat;
2589 3745 2689 3799 sed
2723 3750 2778 3800 et
2808 3744 2922 3800 alia
2951 3745 3139 3801 multa
3163 3746 3312 3801 scitu
3363 3744 3522 3801 haud

1880 3834 2122 3906 indigna
2151 3833 2579 3905 complectitur.

1877 3941 2144 3998 CCCXIV.
2193 3942 2434 3997 Ληιςείιηὶ
2483 3944 2584 3996 iter
2601 3944 2884 4067 dﬁomam.
2952 3941 3162 3998 Seccdit
3211 3943 3271 3996 in
3328 3942 3523 3997 solitu-

2640 4031 2802 4067 mem.

2640 4031 2781 4070 mem
2791 4056 2802 4068 .

1949 4103 2081 4158 Jam
2104 4120 2236 4157 vero
2262 4107 2491 4173 tempus
2508 4106 2599 4158 est
2621 4107 2684 4158 ut
2707 4104 2774 4158 ad
2791 4103 3134 4159 Anselmum
3149 4103 3524 4160 Cantuarien-

1881 4209 2001 4248 sem
2025 4193 2355 4257 redeamus,
2380 4193 2478 4264 qui
2505 4193 2742 4248 ineunte
2775 4210 2906 4248 vere
2928 4193 3106 4264 hujus
3121 4192 3258 4248 anni
3276 4193 3528 4250 Romam

1881 4281 2142 4337 accessit.
2175 4282 2320 4336 Cum
2347 4281 2502 4335 enim
2535 4299 2712 4348 novas,
2752 4288 2817 4336 ut
2849 4283 3168 4338 Eadmerus
3199 4283 3326 4337 fuse
3356 4299 3530 4353 expo-

1880 4371 1986 4437 nit,
2020 4369 2395 4425 difﬁcultates
2427 4371 2686 4441 quotidie
2707 4369 3528 4442 interipsumctGuillelmum

1880 4459 2102 4530 Anglia;
2135 4475 2325 4530 regem
2352 4459 2663 4525 orirentur,
2697 4460 3008 4515 Anselmus
3040 4478 3074 4514 a
3102 4475 3234 4530 rege
3286 4458 3533 4530 petierat

1805 4567 1848 4630 Ι)
1881 4553 1946 4602 ut
1965 4548 2075 4602 sibi
2103 4547 2344 4602 Romam
2362 4548 2613 4602 adeundi
2638 4547 2932 4603 licentiam
2959 4549 3315 4613 concederet,
3349 4563 3528 4618 quam

1881 4637 2116 4690 tandem
2145 4640 2277 4706 post
2307 4635 2522 4691 multas
2553 4635 2706 4692 rixas
2737 4637 2988 4692 obtinuit
3022 4638 3221 4692 Idibus
3265 4635 3530 4692 Octobris

1883 4725 2019 4780 anni
2043 4725 2436 4796 prmcedentis.
2463 4725 2575 4779 Nec
2600 4742 2781 4792 mora,
2802 4725 3105 4796 dispositis
3118 4724 3384 4780 Ecclesiae
3411 4742 3532 4782 sua:

1884 4813 2080 4880 rebus,
2115 4814 2221 4868 iter
2247 4817 2430 4883 parat,
2463 4830 2529 4868 ac
2560 4813 2838 4869 Doveram
2872 4814 3035 4880 adiit,
3060 4812 3159 4868 ubi
3175 4813 3351 4883 jussu
3377 4813 3533 4886 regis

1885 4902 2124 4958 sarcinae
2156 4902 2282 4972 ejus
2313 4902 2557 4957 visitata:
2591 4903 2864 4971 fuerunt;
2918 4909 3044 4958 tum
3094 4903 3426 4958 transmisit
3475 4904 3536 4958 in

1889 4991 2208 5057 Franciam,
2234 4990 2429 5062 ibique
2451 4992 2746 5047 Natalium
2769 4992 2983 5048 Christi
3005 4992 3375 5048 festivitatem
3399 5008 3535 5055 cum

1889 5083 2091 5135 sancto
2139 5081 2375 5152 [ingene
2425 5080 2634 5136 abbate
2683 5080 2945 5137 Cluniaci
2996 5080 3327 5137 celebravit.
3398 5081 3539 5136 Inde

1889 5169 2239 5241 Lugdunum
2263 5185 2628 5242 progressus,
2656 5187 2790 5226 cum
2817 5188 3030 5243 magna
3042 5185 3256 5242 pompa
3270 5169 3342 5224 ab
3358 5168 3539 5226 altero

1889 5257 2127 5329 Hugone
2159 5258 2338 5330 hujus
2370 5259 2535 5315 urbis
2558 5259 2995 5332 archiepiscopo
3025 5263 3300 5329 exceptus
3321 5262 3430 5316 est.
3453 5256 3540 5314 Ibi

1885 5349 2103 5403 veritus
2136 5365 2206 5404 ne
2228 5349 2372 5404 forte
2406 5349 2513 5405 hoc
2537 5351 2645 5405 iter
2664 5350 2924 5421 pontiﬁci
2948 5348 3306 5420 displiceret,
3329 5347 3540 5404 anxius

1887 5436 2162 5507 haerebat,
2196 5441 2464 5496 nesciens
2515 5459 2585 5496 an
2639 5442 2876 5497 deberet
2927 5440 3174 5495 ulterius
3224 5437 3538 5513 progredi;

1888 5543 2068 5599 quare
2101 5531 2375 5584 nuntium
2410 5546 2543 5584 cum
2578 5530 2786 5585 litteris
2818 5531 2889 5584 ad
2923 5530 3225 5584 Urbanum
3259 5528 3440 5592 misit,
3479 5527 3543 5604 ut

1890 5616 2028 5689 quid
2054 5618 2202 5676 facto
2235 5635 2382 5691 opus
2408 5624 2582 5686 esset,
2616 5619 2689 5674 ab
2721 5635 2786 5674 eo
2826 5617 2952 5691 ipso
3003 5618 3366 5677 edoceretur.
3410 5617 3541 5673 Haec
