3950 6218
393 285 510 344 235

394 425 482 474 est
511 417 758 491 epistola
789 419 847 475 in
881 419 1134 494 vulgatis
1165 423 1519 480 editionibus
1551 425 1655 480 166
1682 425 1812 480 libri
1857 426 2032 494 tertii,
2065 428 2118 494 Α

395 524 571 578 quam
595 509 883 582 integram
905 509 1140 567 exhibet
1160 513 1478 569 Eadmerus
1502 512 1652 570 libro
1673 531 1712 569 Il
1728 513 2038 583 Novarum,

396 612 530 651 cum
562 596 1102 670 bacinscriptione:
1137 601 1364 657 Domino
1391 607 1444 658 et
1485 604 1645 659 Patri
1689 621 1813 658 cum
1859 619 2042 658 amore

393 686 708 755 reverendo,
739 695 790 743 et
815 703 941 742 cum
969 693 1265 746 reverentia
1300 691 1554 757 amando,
1598 707 1808 746 summo
1857 694 2038 762 ponti~

394 774 488 844 ﬁci
517 775 752 845 Urbano,
781 779 958 849 frater
986 779 1288 846 Auselmus,
1311 795 1498 835 servus
1514 781 1776 836 Ecclesia:
1797 780 2036 835 Cantua-

395 863 517 930 νέω,
550 863 785 920 debitam
811 869 1198 938 subjectionem
1234 876 1286 924 et
1325 871 1636 924 orationum
1680 869 2034 936 devotionem,

397 955 506 1006 etc.
541 952 604 1008 In
636 970 703 1009 ea
731 954 819 1008 vir
848 960 1086 1011 sanctus
1107 959 1237 1028 post
1257 957 1550 1028 expositas
1571 956 1826 1029 pontifici
1849 957 2038 1012 varias

397 1039 828 1110 tribulationes,
861 1043 1076 1116 quibus
1102 1046 1172 1101 ab
1205 1045 1349 1101 inito
1397 1046 1734 1118 episcopatu
1783 1046 2038 1118 agitatus

397 1133 452 1184 et
482 1147 634 1202 pene
657 1132 895 1189 attritus
939 1133 1146 1201 fuerat,
1172 1135 1313 1206 petit
1334 1135 1406 1190 ab
1427 1151 1493 1190 eo
1517 1139 1580 1188 ut
1602 1133 1713 1190 sibi
1737 1134 2037 1189 dimitten-

395 1218 480 1272 dae
512 1219 667 1275 sedis
706 1219 1000 1277 licentiam
1054 1222 1374 1296 indulgeat.
1422 1226 1492 1278 At
1525 1223 1736 1279 litteris
1766 1223 1910 1278 tanti
1934 1223 2036 1278 viri

394 1309 646 1380 acceptis
693 1311 951 1382 pontifex
1001 1312 1238 1384 gavisus
1301 1317 1412 1380 est,
1456 1311 1719 1384 nihilque
1771 1311 1929 1368 aliud
1987 1312 2036 1366 ei

391 1399 692 1470 respondit
737 1399 850 1456 nisi
900 1405 987 1468 ut,
1037 1402 1364 1474 postposita
1412 1401 1570 1456 omni
1647 1401 2037 1456 excusationis

395 1503 590 1553 causa,
623 1489 822 1544 statim
883 1489 1129 1545 Romam
1160 1491 1479 1546 accederet.
1506 1489 1607 1545 Cui
1633 1491 1854 1562 absque
1876 1506 2039 1545 mora

394 1576 482 1631 vir
511 1581 750 1632 sanctus
781 1577 1212 1648 obtemperans,
1256 1577 1410 1634 illico
1458 1578 1752 1650 profectus
1799 1581 1916 1646 est;
1972 1594 2038 1633 ac

396 1662 701 1720 celebratis
740 1682 921 1738 prope
969 1667 1280 1737 Segusium
1333 1666 1390 1721 in
1440 1667 1794 1723 monasterio
1841 1667 2037 1723 Sancti

392 1752 548 1809 Justi
575 1751 1007 1826 Vallis-asperae
1037 1757 1160 1809 tum
1195 1755 1346 1826 apud
1378 1759 1652 1811 Sanctum
1697 1754 2036 1812 Michaelem

396 1841 467 1897 de
509 1840 682 1898 Clusa
733 1841 1029 1899 Passionis
1087 1859 1152 1898 ac
1194 1843 1656 1900 Rcsurrectionis
1728 1843 2038 1900 Dominiczn

393 1929 715 1999 solemniis,
741 1930 1085 2003 evitatisque
1115 1931 1355 1988 feliciter
1385 1933 1880 2004 Guibertinorum,
1914 1949 2039 2005 qua:

396 2023 608 2090 parata:
657 2020 709 2076 ei
763 2025 950 2089 erant,
1002 2020 1256 2084 insidiis,
1311 2021 1558 2076 Romam
1607 2022 1846 2078 tandem
1907 2037 2040 2077 cum

395 2108 628 2165 duobus
651 2113 882 2164 tantum
905 2108 1078 2164 sociis
1102 2111 1384 2182 pervenit.
1409 2110 1695 2166 Postridie
1716 2110 1946 2166 Urbano
1980 2110 2040 2164 in

396 2196 614 2269 palatio
647 2198 1042 2267 Lateranensi,
1076 2198 1173 2253 ubi
1207 2215 1273 2254 eo
1295 2199 1540 2270 jubente
1569 2199 1898 2272 hospitatus
1921 2198 2044 2254 fue-

396 2290 504 2352 rat,
553 2292 956 2358 praasentatus,
1007 2287 1265 2343 humiliat
1309 2305 1366 2344 se
1401 2305 1503 2360 pro
1547 2304 1698 2343 more
1742 2288 1812 2343 ad
1881 2287 2042 2360 pedes

392 2378 595 2430 summi
629 2378 924 2447 pontiﬁcis,
985 2377 1075 2432 sed
1128 2380 1315 2432 statim
1378 2379 1446 2432 ab
1506 2380 1620 2449 ipso
1672 2379 1912 2448 erigitur
1971 2376 2042 2431 ad

393 2465 642 2520 osculum
669 2467 804 2536 ejus,
837 2473 888 2521 et
919 2468 976 2521 in
1006 2467 1140 2521 sella
1184 2467 1368 2522 sedere
1405 2467 1653 2538 jubetur.
1706 2467 1910 2522 Aderat
1957 2466 2040 2522 ibi

395 2557 606 2608 cuncta
654 2553 947 2614 Romanis,
978 2555 1140 2609 urbis
1177 2559 1232 2610 et
1273 2555 1446 2610 curia:
1493 2554 1768 2611 nobilitas
1809 2559 2039 2610 tantum

392 2639 585 2696 virum
614 2641 847 2697 videndi
879 2642 1165 2698 desiderio
1197 2647 1525 2715 aggregata,
1559 2661 1812 2716 cumque
1853 2645 1925 2700 ab
1975 2661 2040 2700 eo

397 2729 654 2802 pontifex
674 2729 902 2786 itineris
921 2731 1048 2802 ejus
1071 2748 1279 2786 causas
1303 2731 1639 2800 audivisset,
1667 2732 2040 2806 multaquein

397 2819 528 2890 ejus
573 2817 778 2874 laudes
823 2818 1017 2891 palam
1058 2819 1260 2876 fuisset
1310 2826 1672 2892 persecutus,
1732 2823 1956 2894 plenam
1992 2825 2044 2880 ei

397 2909 804 2964 subventionem
822 2909 1100 2980 pollicitus
1126 2914 1235 2978 est,
1267 2914 1394 2966 tum
1438 2910 1736 2967 mandavit
1783 2917 1847 2967 ut
1894 2913 2045 2969 inte-

400 2997 511 3052 rim
570 2997 629 3052 in
671 2997 1041 3054 Lateranensi
1065 2997 1279 3070 palatio
1303 3015 1501 3054 secum
1523 2999 1612 3055 vir
1626 3005 1866 3056 sanctus
1886 3018 2046 3058 com-

396 3092 677 3154 maneret,
717 3087 814 3142 ubi
859 3087 1224 3144 subventionis
1252 3089 1424 3160 ipsius
1469 3087 1723 3162 eﬂ'cctum
1759 3093 2046 3162 praestola-

398 3182 568 3234 retur.
599 3177 1072 3233 Interimlitteras
1103 3176 1370 3234 Urbanus
1403 3178 1472 3234 ad
1497 3161 1818 3251 Anglorum
1843 3197 2038 3254 regem
2071 3161 2114 3228 (ἶ

397 3267 651 3339 scripsit,
679 3267 833 3339 quod
873 3272 930 3320 ct
978 3265 1111 3322 fecit
1153 3266 1485 3323 Ansclmus.
1526 3270 1598 3323 At
1637 3285 1734 3324 rex
1778 3270 2042 3344 utrisque

395 3357 702 3428 susceptis,
765 3355 1073 3428 nequidem
1095 3355 1262 3427 digito
1278 3360 1501 3425 tangere
1519 3373 1618 3413 eas
1642 3357 2037 3430 quaSAnselmi

393 3451 559 3504 erant
587 3445 861 3518 dignatus
893 3450 1000 3500 est.
1032 3445 1162 3501 Hiec
1201 3451 1258 3502 et
1305 3445 1420 3501 alia
1467 3463 1595 3517 quas
1643 3447 1715 3502 de
1765 3448 2040 3504 Anselmo

394 3535 722 3604 referimus,
777 3534 1098 3591 Eadmerus
1149 3536 1277 3606 ejus
1328 3534 1543 3600 socius,
1589 3540 1647 3590 et
1692 3536 1921 3593 itineris
1972 3555 2039 3594 ac

393 3624 660 3682 laborum
681 3641 877 3681 comes
899 3623 1258 3688 individuus,
1278 3622 1378 3694 qui
1403 3623 1577 3680 rebus
1588 3623 1768 3695 gestis
1783 3641 2038 3697 praesens

393 3717 524 3784 fuit,
555 3716 746 3771 fusius
779 3717 973 3769 narrat
1019 3712 1078 3766 in
1127 3713 1394 3782 ejusdem
1439 3711 1624 3767 sancti
1671 3711 1822 3781 Vita,
1870 3717 1928 3770 et
1977 3714 2036 3768 in

392 3806 560 3863 libris
590 3805 907 3868 Novorum,
939 3801 1000 3855 in
1029 3799 1248 3872 quibus
1297 3798 1484 3855 multa
1529 3799 1699 3872 plura
1749 3801 1925 3858 habet
1966 3802 2038 3859 de

393 3911 630 3952 summa
657 3890 1027 3948 veneratione
1061 3906 1188 3960 qua:
1237 3889 1289 3943 ei
1337 3889 1410 3944 ab
1463 3889 1739 3946 omnibus
1787 3890 1846 3946 in
1894 3892 2036 3948 urbe

393 3983 792 4042 exhibebatur.
825 3984 900 4035 At
927 3977 1174 4034 taedebat
1203 3976 1544 4033 Anselmum
1575 3977 1669 4035 his
1715 3979 2034 4037 honoribus

393 4072 572 4132 excoli
599 4091 613 4140 ;
637 4086 838 4144 quare,
863 4067 1172 4124 transactis
1195 4067 1388 4122 Romae
1409 4067 1615 4122 diebus
1632 4068 1851 4138 decem,
1886 4069 2033 4125 invi-

393 4168 552 4222 tatus
573 4179 609 4218 a
625 4161 847 4216 Joanne
866 4157 1004 4214 olim
1029 4171 1134 4212 suo
1151 4157 1280 4227 ejus
1292 4155 1447 4228 apud
1463 4155 1706 4213 Beccum
1721 4157 2030 4232 discipulo,

391 4259 530 4310 tunc
556 4267 690 4306 vero
722 4249 928 4304 abbate
959 4245 1152 4302 Sancti
1183 4244 1496 4300 Salvatoris
1524 4263 1701 4318 prope
1739 4245 2032 4304 Telesiam

391 4343 595 4400 urbem
629 4342 686 4395 in
716 4333 1184 4398 Terra-Laboris,
1232 4335 1300 4389 ad
1351 4351 1485 4390 eum
1536 4335 1788 4407 divertit,
1839 4353 1873 4391 a
1917 4353 2033 4409 quo

389 4433 601 4488 ductus
625 4428 684 4484 in
715 4426 912 4483 villam
938 4425 1028 4482 sui
1059 4423 1420 4490 monasterii,
1455 4424 1690 4478 nomine
1720 4423 2030 4492 Sclaviam,

388 4522 447 4576 in
468 4519 654 4576 vicino
681 4521 876 4574 monte
899 4515 1094 4582 sitam,
1121 4513 1462 4586 aliquandiu
1485 4513 1564 4567 ibi
1585 4511 1786 4578 vitam,
1811 4513 2032 4568 acuriai
2063 4535 2110 4598 D

389 4609 740 4668 tumultibus
762 4605 999 4663 omnino
1021 4603 1348 4658 immunem
1363 4600 1550 4668 duxit,
1566 4601 1854 4657 exercitiis
1868 4601 2036 4674 spiri-

386 4700 606 4758 talibus
637 4696 992 4772 potissimun
1042 4692 1335 4755 addictus,
1387 4694 1445 4746 et
1491 4689 1688 4746 studio
1736 4707 2034 4747 sacrarum

387 4808 601 4848 rerum.
634 4789 750 4844 Hoc
781 4786 895 4842 otio
925 4783 1144 4856 optime
1177 4797 1323 4835 usus
1371 4779 1676 4835 Anselmus
1733 4780 2034 4853 egregium

385 4897 551 4954 opus,
585 4878 738 4952 quod
763 4873 1120 4948 jamdudum
1161 4869 1219 4924 in
1280 4867 1486 4940 Anglia
1509 4867 1900 4936 inchoaverat,
1922 4870 2032 4926 sub

391 4970 560 5026 titulo
589 4970 698 5024 Cur
725 4966 866 5020 Deus
889 4962 1066 5028 homo,
1101 4959 1335 5030 penitus
1393 4957 1660 5012 absolvit.
1709 4956 1848 5012 Cum
1899 4975 2032 5014 vero

384 5060 464 5115 ibi
494 5055 743 5130 penuria
771 5055 925 5108 esset
939 5067 1124 5119 aquae,
1152 5048 1366 5102 fontem
1393 5047 1586 5102 vivum
1611 5046 1735 5102 suis
1759 5047 2031 5117 precibus

381 5168 416 5206 a
441 5149 554 5204 Deo
586 5140 910 5200 obtinuisse
941 5138 1172 5201 dicitur,
1213 5135 1365 5208 quod
1411 5133 1759 5190 miraculum
1827 5135 2030 5190 Petrus

381 5234 648 5294 Divensis
679 5245 814 5284 cum
845 5226 1159 5298 aliquando
1191 5223 1353 5279 Bccci
1401 5222 1818 5294 hospitaretur,
1878 5223 2031 5279 inter

383 5325 498 5380 alia
545 5323 674 5391 ejus
715 5320 878 5389 gesta
927 5313 1212 5382 versibus,
1249 5329 1395 5384 quos
1439 5310 1758 5382 aliquando
1795 5310 1854 5364 in
1912 5329 2024 5368 ms.

382 5411 578 5469 codice
625 5405 896 5480 legimus,
949 5404 1094 5463 satis
1141 5401 1432 5476 eleganter
1493 5415 1598 5475 pro
1640 5402 1900 5474 tempore
1935 5417 2027 5459 ex-

382 5497 616 5582 pressit.

1696 286 1764 352 B.
1811 287 2098 355 URBANI
2143 291 2198 354 ΙΙ
2241 289 2493 355 ΡΑΡΑΞ.

3676 298 3792 360 236

2359 427 2602 484 CCCXV.
2641 431 2924 502 Rogerium
2952 430 3142 488 ducem
3170 431 3286 488 adit
3305 432 3574 506 pontifex.

2221 515 2538 572 Obsidcbat
2567 517 2658 573 his
2689 519 3052 591 temporibus
3080 523 3338 593 Capuam
3368 522 3576 578 urbem
3609 520 3796 596 Roge-

2147 603 2270 658 rius
2301 603 2418 658 dux
2447 603 2690 677 Apulia),
2725 606 2848 679 qui,
2879 607 3077 664 audita
3098 607 3253 665 beati
3277 609 3385 664 viri
3431 609 3611 676 fama,
3663 626 3798 666 eum

2150 696 2212 745 ut
2241 692 2311 746 ad
2345 709 2406 747 se
2437 693 2736 750 accederet
2763 695 3050 766 invitavit,
3095 697 3543 771 advenientique
3589 698 3800 756 obvius

2149 779 2368 851 ingenti
2400 781 2684 838 nobilium
2716 784 2890 840 turba
2923 785 3174 858 stipatus
3221 787 3526 859 processit.
3580 786 3802 844 Mansit

2147 883 2280 922 cum
2311 886 2377 925 eo
2407 869 2629 942 aliquot
2659 873 2782 928 dies
2811 873 2900 928 vir
2919 878 3182 942 sanctus,
3205 875 3304 931 sed
3329 873 3532 948 procul
3553 875 3627 930 ab
3654 874 3803 932 aulai

2147 957 2393 1029 strepitu
2424 957 2480 1014 in
2531 958 2659 1016 loco
2718 961 3002 1028 solitario,
3056 979 3228 1035 quem
3291 963 3565 1036 princeps
3619 963 3672 1018 ei
3733 968 3803 1020 ut

2149 1045 2382 1114 faveret,
2407 1049 2718 1120 prznparari
2733 1051 3018 1121 jusserat.
3037 1050 3568 1121 Urbanusinterea,
3594 1067 3667 1106 ne
3687 1051 3800 1108 hoc

2147 1132 2297 1189 bello
2357 1135 2533 1190 [taliae
2593 1154 2684 1192 res
2730 1139 3128 1207 turbarentur,
3184 1140 3257 1196 ad
3315 1144 3508 1196 castra
3561 1140 3798 1214 Rogerii

2146 1223 2334 1294 gratia
2355 1224 2514 1295 pacis
2536 1227 2950 1299 componendae
2971 1227 3146 1284 etiam
3169 1227 3436 1297 accessit,
3461 1245 3636 1302 quam
3659 1245 3798 1285 cum

2149 1314 2286 1365 tunc
2343 1311 2650 1368 conciliare
2699 1330 2812 1369 non
2865 1315 3174 1387 potuisset,
3232 1315 3334 1383 ibi,
3389 1321 3491 1372 aut
3536 1320 3693 1372 certe
3737 1315 3802 1375 in

2146 1399 2380 1465 vicinia,
2409 1402 2489 1456 uti
2522 1403 2845 1458 Eadmerus
2879 1403 3074 1470 habet,
3107 1421 3240 1460 cum
3274 1408 3478 1461 sancto
3521 1405 3804 1462 Anselmo

2149 1505 2334 1559 usque
2376 1490 2444 1544 ad
2495 1491 2657 1545 urbis
2709 1491 3065 1548 deditionem
3117 1509 3416 1549 remanere
3466 1493 3800 1564 constituit,

2147 1575 2287 1630 dum
2317 1577 2436 1630 haec
2467 1577 2716 1634 discidia
2747 1577 2977 1635 facilius
3007 1580 3278 1652 componi
3309 1585 3570 1654 possent.
3613 1581 3805 1638 Ordo-

2149 1663 2303 1719 ricus
2337 1664 2483 1720 libro
2512 1683 2549 1722 x
2575 1667 2986 1739 compendiose
3014 1667 3275 1724 Anselmi
3297 1675 3462 1742 gesta
3482 1668 3802 1742 replicans,

2148 1753 2351 1808 scribit
2381 1770 2516 1810 eum
2545 1753 2605 1810 in
2652 1755 2865 1828 Apulia
2913 1755 3214 1813 Urbanum
3256 1757 3568 1828 invenisse,
3622 1762 3807 1831 atque

2149 1859 2280 1897 cum
2313 1859 2380 1896 cn
2405 1843 2648 1899 concilio
2683 1845 2916 1901 Barensi
2949 1844 3305 1914 interfuisse,
3351 1863 3417 1903 ac
3462 1847 3618 1920 apud
3665 1845 3803 1904 Cla-

2151 1937 2540 1986 rummontem
2575 1948 2809 1989 crucem
2851 1933 3081 1990 Domini
3129 1934 3491 2007 praedicasse.
3545 1935 3658 1992 Sed
3705 1951 3805 1994 res

2153 2019 2229 2074 ibi
2264 2037 2328 2074 ac
2359 2025 2623 2092 tempora
2651 2022 2954 2078 confundit
2975 2027 3180 2080 auctor
3227 2023 3444 2096 alioqui
3484 2029 3804 2082 accuratus

2150 2114 2206 2162 et
2263 2107 2533 2180 diligens,
2592 2110 2690 2182 qui
2750 2110 2994 2167 lectores
3045 2113 3118 2168 ad
3175 2112 3529 2169 Eadmerum
3587 2113 3806 2171 merito

2151 2196 2413 2266 remittit,
2446 2197 2502 2252 in
2538 2198 2646 2254 hoc
2677 2198 2862 2254 multo
2893 2200 3083 2274 magis
3104 2200 3455 2268 audiendus,
3479 2219 3660 2274 quam
3681 2219 3810 2260 ere-

2151 2286 2378 2362 dendus
2408 2287 2467 2342 in
2499 2287 2571 2342 iis
2601 2305 2728 2360 quae
2759 2286 3009 2360 ipsemet
3037 2305 3104 2344 ea
3143 2288 3214 2344 de
3246 2305 3306 2344 re
3335 2295 3692 2346 narraverat.
3735 2293 3809 2348 At

2150 2374 2476 2430 Gaufredus
2509 2375 2840 2442 Malaterra,
2873 2380 3076 2432 auctor
3105 2377 3232 2449 ejus
3267 2379 3570 2451 temporis,
3612 2379 3718 2452 qui
3751 2385 3812 2436 et

2150 2463 2276 2534 ipse
2307 2464 2482 2520 rebus
2513 2465 2696 2536 gestis
2728 2481 2984 2538 praesens
3015 2466 3234 2534 aderat,
3269 2467 3444 2523 refert
3472 2467 3808 2538 Urbanum,

2150 2570 2285 2609 cum
2317 2552 2462 2608 nihil
2499 2555 2555 2608 in
2590 2553 2819 2626 Rogerii
2843 2555 3052 2611 castris
3071 2556 3394 2628 proﬁceret,
3417 2557 3812 2614 ecclesiasticis

2148 2644 2380 2714 negotiis
2405 2644 2700 2714 plusquam
2727 2643 3224 2714 expeditionalibus
3241 2647 3470 2717 negotiis
3499 2647 3808 2715 intentum,

2151 2731 2408 2786 letalibus
2434 2732 2754 2788 tumultibus
2783 2735 2965 2788 mente
2989 2732 3298 2802 declinatis,
3331 2734 3467 2790 data
3516 2734 3810 2809 principi-

2150 2819 2284 2886 bus,
2303 2837 2439 2875 nam
2457 2820 2536 2876 ibi
2561 2821 2848 2892 Rogerius
2867 2825 3114 2894 uterque
3126 2838 3260 2878 cum
3277 2822 3566 2879 Richardo
3585 2827 3807 2898 Capuae

2153 2909 2416 2981 principe
2443 2909 2704 2976 aderant,
2737 2913 2792 2966 et
2811 2910 2968 2965 omni
2991 2909 3267 2967 exercitui
3287 2911 3608 2985 apostolica
3624 2913 3810 2972 bene‘

2154 2997 2428 3068 dictione,
2466 2998 2862 3054 Beneventum
2894 2999 3231 3067 secessisse,
3279 2999 3477 3074 ibique
3519 3017 3810 3074 perseve-

2155 3103 2316 3142 rasse
2345 3087 2414 3142 ad
2451 3085 2704 3142 solutam
2735 3085 2940 3159 Capuae
2969 3087 3350 3144 obsidionem.

2468 3174 2736 3230 CCCXVI.
2768 3177 3132 3232 Beneventum
3159 3193 3214 3234 se
3257 3179 3470 3250 recipit.

2224 3265 2390 3320 Forte
2429 3264 2686 3336 pontifex
2731 3268 2994 3336 tempore
3037 3265 3217 3337 hujus
3268 3265 3616 3336 obsidionis,
3660 3286 3810 3328 cum

2151 3353 2311 3408 nulla
2339 3352 2498 3426 pacis
2525 3353 2938 3426 componendae
2971 3369 3105 3426 spes
3148 3353 3470 3428 effulgeret,
3504 3356 3812 3414 Beneven-

2147 3446 2295 3510 tum,
2350 3458 2478 3514 quaa
2528 3441 2690 3509 urbs,
2745 3445 2811 3496 ut
2867 3441 3020 3498 idem
3073 3447 3276 3498 auctor
3328 3443 3620 3512 observat,
3673 3451 3813 3503 erat

2147 3530 2386 3586 ditionis
2441 3529 2793 3602 apostolicae,
2841 3530 3005 3598 adiit,
3069 3548 3136 3587 ac
3191 3533 3567 3605 postmodum
3629 3539 3810 3608 capta

2145 3624 2342 3693 Capua
2362 3620 2434 3676 ad
2457 3619 2770 3692 Rogerium
2795 3636 3061 3677 reversus
3077 3625 3186 3677 est.
3213 3622 3378 3678 Certe
3399 3621 3807 3682 Beneventum

2147 3709 2305 3765 hisce
2328 3708 2690 3782 temporibus
2707 3725 2770 3764 se
2787 3709 3057 3766 invisisse
3080 3709 3272 3766 innuit
3292 3711 3416 3784 ipse
3439 3711 3722 3770 Urbanus
3743 3714 3804 3770 in

2147 3797 2394 3871 epistola
2423 3798 2496 3853 ad
2525 3799 2821 3855 Ansonem
2853 3799 2983 3870 ejus
3015 3799 3182 3855 urbis
3207 3799 3538 3870 dominum,
3591 3819 3807 3859 mense

2144 3887 2452 3943 Novembri
2471 3892 2748 3960 sequente
2770 3886 3009 3960 scripta,
3027 3887 3099 3943 de
3125 3904 3242 3961 qua
3261 3888 3510 3946 inferius
3525 3906 3802 3964 agemus;

2144 3993 2260 4048 qua
2285 3976 2520 4048 quidem
2552 3977 2858 4032 occasione
2881 3977 3137 4049 pontifex
3167 3977 3458 4033 Ansonem
3488 3977 3548 4034 in
3583 3979 3806 4052 princi-

2145 4070 2280 4136 patu
2315 4065 2728 4121 Beneventanis
2759 4064 2924 4120 urbis
2956 4065 3344 4133 conﬁrmavit,
3391 4082 3508 4136 quo
3557 4068 3805 4124 nonnisi

2142 4158 2274 4224 post
2303 4169 2488 4209 annos
2515 4157 2634 4208 tres
2661 4169 2694 4208 a
2725 4151 2988 4208 Paschali
3021 4152 3070 4208 ΙΙ
3099 4156 3309 4208 exutus
3340 4157 3451 4222 est,
3488 4153 3573 4209 uti
3603 4154 3805 4212 fusius

2142 4241 2376 4316 exponit
2391 4241 2764 4314 Peregrinius
2783 4239 2950 4296 initio
2971 4241 3435 4314 Castigationum
3459 4243 3534 4298 ad
3555 4243 3807 4300 Chroni-

2141 4347 2274 4386 cum
2309 4329 2594 4386 Falconis.
2629 4330 2898 4402 Ejusdem
2940 4329 3170 4386 itineris
3220 4329 3566 4388 meminisse
3615 4333 3804 4389 etiam

2141 4421 2368 4476 videtur
2395 4420 2661 4477 Urbanus
2683 4419 2808 4491 ipse
2827 4419 2886 4474 in
2911 4417 3192 4492 rescripto
3213 4419 3286 4475 ad
3309 4419 3662 4478 Casinenses
3683 4421 3807 4479 hoc

2141 4527 2294 4566 anno
2309 4513 2550 4565 exeunte
2566 4509 2702 4564 dato
2721 4507 3001 4564 adversus
3018 4506 3388 4581 Cinglensem
3401 4509 3802 4576 abbatissam,

2142 4615 2275 4654 cum
2308 4599 2389 4655 ait
2421 4598 2583 4654 litem
2615 4615 2742 4670 quae
2773 4598 2924 4654 inter
2954 4597 3106 4652 hanc
3135 4597 3499 4653 abbatissam
3522 4601 3582 4654 et
3599 4598 3813 4656 Oderi-

2141 4688 2295 4746 sium
2331 4686 2526 4744 Casini
2556 4687 2826 4743 abbatem
2855 4686 3208 4754 vertebatur,
3238 4702 3300 4744 se
3320 4687 3492 4742 Roma
3506 4703 3612 4759 pro
3631 4689 3812 4744 eccle-

2139 4779 2376 4834 siasticis
2403 4778 2584 4833 causis
2609 4791 2884 4847 egressum
2913 4778 2976 4831 in
2993 4777 3278 4846 utriusque
3291 4776 3474 4848 partis
3492 4779 3811 4848 presenti}:
3906 4779 3912 4792 '

2140 4870 2440 4923 tractasse.
2500 4865 2619 4920 Hoc
2668 4863 3040 4937 rescriptum,
3099 4863 3255 4920 sicut
3299 4868 3358 4919 et
3415 4863 3669 4936 epistola
3721 4866 3809 4923 ad

2141 4958 2454 5020 Ausonem,
2505 4969 2612 5009 suo
2665 4952 2866 5008 ordine
2910 4953 3020 5008 sub
3078 4953 3254 5008 ﬁnem
3301 4951 3484 5022 hujus
3535 4953 3674 5010 anni
3735 4955 3808 5013 in

2140 5051 2342 5100 nostra
2357 5041 2695 5100 collectione
2711 5041 2976 5098 habetur.
2999 5041 3172 5097 Porro
3189 5041 3399 5114 Capua:
3415 5041 3806 5100 obsidionem

2139 5134 2335 5204 Lupus
2387 5132 2747 5202 Protospata,
2797 5146 3124 5204 anonymus
3166 5129 3531 5200 Casinensis,
3581 5136 3638 5188 et
3685 5130 3805 5188 alii

2137 5225 2402 5278 auctores
2432 5223 2916 5288 commemorant,
2949 5219 3052 5276 sed
3083 5218 3262 5275 variis
3293 5218 3466 5274 annis
3498 5220 3574 5276 ob
3603 5219 3805 5277 diver-

2135 5326 2264 5366 sam
2293 5309 2366 5366 ab
2397 5309 2470 5364 iis
2500 5307 2825 5364 adhibitam
2846 5307 3224 5381 computandi
3257 5307 3570 5376 rationem,
3592 5307 3710 5366 nisi
3731 5307 3800 5366 id

2131 5397 2511 5455 librariorum
2543 5413 2736 5453 errore
2765 5397 3040 5466 evenerit,
3073 5399 3138 5455 ut
3163 5395 3360 5454 videre
3400 5401 3493 5456 est
3523 5397 3584 5456 in
3617 5396 3800 5457 Pero-

2131 5486 2306 5568 grinii
2346 5485 2861 5562 Castigationibus.
