3950 6218
127 311 236 373 237

252 444 494 501 CCCXII.
526 443 809 499 Anselmus
837 441 1016 570 setiam
1044 441 1318 498 dimittere
1350 458 1457 498 non
1483 458 1610 513 per-

801 532 879 569 mi
972 531 1057 568 ur.

801 531 1057 569 mumur.

1707 306 1914 369 VITA.

1784 450 1837 516 Α
1868 440 1979 495 sibi
2014 440 2268 509 aliquem
2302 440 2637 510 praeﬁceret,
2672 439 2841 510 cujus
2879 441 3066 511 jussis
3097 441 3327 497 obedire
3354 446 3511 497 tene-

1864 535 2044 596 retur,
2070 529 2499 601 praepositoque
2548 529 2599 583 ei
2644 529 2926 585 Eadmero
2968 530 3418 600 obtemperasse,
3452 534 3517 585 ut

3391 310 3510 371 238

186 622 500 678 Eadmerus
531 626 722 677 autem
755 620 961 677 scribit
1002 619 1346 675 Anselmum
1378 620 1575 675 statim
1624 620 1757 691 post
1864 618 2086 689 absque
2112 618 2238 686 ejus
2270 617 2440 673 venia
2468 615 2561 671 vix
2590 634 2772 672 ausus
2798 622 2952 673 esset
2978 618 3122 673 latus
3173 620 3460 674 invertere.

124 711 363 768 solutam
420 713 627 782 Capua
683 710 1048 765 obsidionem
1097 708 1276 765 simul
1334 724 1467 763 cum
1524 707 1755 763 Urbano

123 802 379 855 Aversam
410 799 669 870 petiisse,
699 799 797 854 ubi
834 799 1093 871 pontifex
1124 798 1181 852 in
1212 797 1343 868 ipsa
1370 796 1533 863 urbe,
1562 795 1759 851 Ansel-

122 905 244 944 mus
271 903 399 943 vero
431 887 491 941 in
522 886 709 943 vicino
741 887 939 942 Sancti
966 885 1263 942 Laurentii
1296 884 1651 941 monasterio
1673 901 1760 939 or-

122 976 263 1032 dinis
291 974 475 1031 nostri
526 974 855 1047 hospitatus
884 981 992 1030 est.
1016 979 1158 1029 Cum
1190 991 1322 1030 vero
1374 974 1452 1028 ibi
1504 974 1757 1045 quadam

121 1064 205 1120 die
229 1063 540 1120 Anselmus
571 1080 603 1119 a
623 1064 898 1135 pontiﬁce
921 1063 1245 1135 postularet
1268 1067 1331 1117 ut
1359 1062 1490 1121 sibi.
1515 1060 1759 1116 dimisso

125 1154 466 1225 episcOpatu,
501 1152 727 1225 privato
776 1151 977 1207 liceret
1025 1152 1083 1206 in
1134 1152 1488 1206 monasterio
1532 1151 1759 1221 degere,

121 1258 222 1297 non
242 1240 430 1297 solum
453 1258 572 1297 non
597 1241 851 1297 assensit
872 1240 1163 1307 Urbanus,
1181 1240 1280 1295 sed
1306 1240 1480 1295 etiam
1503 1239 1553 1294 ei
1579 1238 1763 1293 acrio-

123 1331 271 1386 ribus
294 1330 487 1386 verbis
520 1329 875 1402 reprehenso
912 1329 971 1384 in
1003 1330 1215 1384 virtute
1247 1328 1588 1384 obedientiaa
1619 1344 1760 1398 prae-

124 1418 261 1491 cepit
288 1423 352 1473 ut
382 1434 454 1474 ne
485 1434 749 1489 unquam
799 1416 1101 1472 commissi
1143 1416 1337 1489 gregis
1386 1432 1586 1470 curam
1618 1414 1765 1485 abji'

124 1513 282 1562 ceret.
313 1507 508 1562 Verba
541 1507 672 1579 ipsa
701 1505 997 1578 pontiﬁcis
1027 1505 1143 1561 huc
1170 1505 1582 1575 referrejuvat.
1607 1527 1632 1552 ‹‹
1657 1506 1768 1557 Au-

117 1595 210 1663 dit,
235 1595 422 1667 inquit
464 1595 564 1650 ille
596 1601 820 1658 auctor,
846 1612 997 1667 papa
1050 1596 1202 1667 quod
1252 1592 1350 1649 ille
1405 1592 1683 1664 postulat,
1712 1595 1769 1646 et

121 1684 259 1740 illico
280 1683 533 1740 miratus
555 1683 845 1739 exclamat
869 1700 881 1739 :
908 1684 951 1739 Ο
976 1682 1348 1755 episcopum!
1379 1699 1411 1737 ο
1438 1675 1758 1753 pastorem!

121 1774 361 1828 nondum
407 1774 627 1839 caedes,
662 1773 924 1827 nondum
956 1771 1203 1827 vulnera
1247 1786 1561 1843 perpessus
1592 1786 1676 1836 es,
1709 1772 1766 1823 et
1798 1813 1840 1877 Β

117 1868 225 1917 tam
273 1860 561 1917 Dominici
625 1877 828 1916 curam
879 1858 1045 1915 ovilis
1095 1859 1499 1930 subterfugere
1529 1857 1762 1929 quieris.

113 1949 352 2005 Christus
372 1950 432 2005 in
450 1966 595 2005 cura
612 1949 812 2005 ovium
833 1965 1075 2005 suarum
1110 1948 1315 2019 probat
1332 1946 1483 2002 Petri
1505 1962 1763 2002 amorem

118 2055 241 2111 erga
268 2055 354 2105 se;
388 2042 445 2095 et
473 2036 815 2103 Anselmus,
855 2036 1189 2102 Anselmus,
1213 2034 1479 2107 inquam,
1505 2034 1601 2089 ille
1631 2051 1763 2089 san-

119 2132 252 2194 ctus,
286 2126 381 2183 ille
411 2125 550 2182 talis
583 2142 651 2181 ac
692 2130 896 2180 tantus
929 2125 1038 2189 vir,
1072 2124 1441 2179 solummodo
1471 2123 1768 2195 quiescere

115 2214 465 2283 volens,oves
488 2214 710 2271 Christi
744 2219 802 2269 et
836 2219 970 2268 ante
1016 2228 1276 2284 pugnam
1309 2212 1581 2284 luporum
1616 2229 1767 2267 mor-

115 2304 264 2359 sibus
294 2303 671 2358 dilaniandas
714 2318 833 2357 non
864 2306 1098 2357 veretur
1135 2317 1439 2373 exponere.
1468 2300 1588 2355 Ahl
1625 2299 1764 2371 quid

120 2392 326 2448 dicam!
357 2408 475 2465 quo
503 2407 710 2446 amore
741 2394 940 2461 sperat
962 2389 1210 2445 Domino
1244 2388 1637 2461 copulari,qui
1660 2389 1769 2444 hoc

119 2481 254 2553 fugit
281 2497 393 2553 quo
424 2482 554 2552 ipse
590 2478 879 2535 Dominus
926 2495 988 2533 se
1025 2485 1173 2534 teste
1223 2479 1505 2549 probatur
1548 2477 1763 2533 amari!

116 2570 302 2626 Absint
330 2569 450 2624 haec
476 2585 511 2624 a
545 2573 629 2638 te,
654 2567 851 2623 absint
881 2584 915 2622 a
944 2572 1047 2621 tua
1078 2565 1767 2638 religione,dilectissime

115 2660 277 2714 frater
322 2656 629 2723 Anselme,
664 2655 860 2728 potius
892 2671 964 2710 ne
989 2671 1083 2709 me
1112 2654 1171 2709 in
1205 2654 1335 2710 istis
1383 2654 1629 2710 ulterius
1674 2655 1763 2709 in-

115 2748 339 2818 quietes.
359 2747 526 2803 Scias
576 2745 736 2816 quod
783 2761 900 2800 non
935 2743 1126 2799 solum
1182 2760 1295 2798 non
1355 2744 1606 2799 concedo
1660 2743 1766 2807 tibi

117 2836 285 2891 facere
312 2837 466 2908 quod
501 2834 693 2907 petis;
731 2833 850 2888 imo
885 2850 952 2888 ex
983 2836 1148 2905 parte
1189 2831 1288 2887 Dei
1328 2832 1762 2905 omnipotentis,

119 2925 230 2980 vice
255 2923 577 2980 beatissimi
604 2922 755 2977 Petri
783 2921 1183 2994 apostolorum
1215 2921 1514 2993 principis,
1538 2921 1641 2975 tibi
1662 2938 1765 2992 per

124 3018 369 3069 sanctam
427 3010 829 3068 obedientiam
884 3009 1174 3081 praecipio,
1216 3013 1507 3081 quatenus
1561 3026 1757 3065 curam

122 3101 330 3173 Anglici
360 3100 527 3174 regni
561 3099 673 3153 tibi
705 3098 1196 3165 commendatam,
1220 3097 1479 3168 quandiu
1514 3098 1761 3153 retinere

2025 705 2352 761 CCCXVIII.
2392 708 2596 762 Urbani
2623 722 2749 761 cum
2779 709 3005 776 Rogerio
3033 723 3363 778 congressus.

1937 793 2175 849 Interim
2225 798 2392 865 capta
2437 794 2658 866 Capua,
2711 811 2845 849 cum
2896 795 3153 867 pontifex
3204 796 3525 868 accepisset

1869 887 2183 953 utrumque
2216 882 2527 955 Rogerium
2572 881 2878 937 Salernum
2926 884 3250 951 divertisse,
3282 884 3398 940 huc
3423 901 3522 940 eos

1868 971 2027 1026 adire
2057 971 2378 1038 constituit,
2406 976 2723 1042 antequam
2750 970 3029 1043 Rogerius
3060 988 3255 1028 comes
3287 972 3347 1027 in
3379 972 3521 1028 Sici-

1869 1060 2008 1115 liam
2036 1060 2267 1114 rediret.
2294 1059 2525 1114 Urbano
2556 1060 2881 1115 advenienti
2905 1077 3037 1115 cum
3064 1060 3519 1133 archiepiscopis

1869 1153 1926 1203 et
1954 1152 2159 1203 caetero
2206 1146 2485 1203 comitatu
2533 1148 2763 1203 obviam
2806 1148 2951 1203 itum
2984 1152 3073 1204 est
3102 1166 3236 1205 cum
3267 1148 3518 1205 solemni

1872 1237 2256 1308 processione.
2291 1236 2494 1308 Ibique
2524 1236 2649 1292 dies
2705 1235 2927 1308 aliquot
2982 1238 3171 1311 exegit
3225 1235 3517 1309 frequenti

1872 1324 2156 1395 colloquio
2187 1325 2419 1381 comitis
2459 1323 2688 1397 Rogerii
2719 1341 2732 1379 :
2768 1342 2904 1380 nam
2954 1324 3299 1381 amicissimi
3353 1328 3520 1381 erant

1874 1417 2185 1480 recreatus,
2220 1412 2303 1467 uti
2349 1413 2523 1468 habet
2569 1412 2895 1469 Gaufredus
2944 1413 3273 1480 Malaterra,
3305 1413 3406 1469 lib.
3440 1430 3514 1469 ιν.

1873 1504 1952 1557 Ea
1981 1502 2302 1568 occasione,
2332 1508 2397 1556 ut
2426 1502 2581 1556 idem
2611 1507 2816 1557 auctor
2840 1501 3061 1573 scribit,
3085 1519 3216 1558 cum
3250 1502 3520 1558 Urbanus

1875 1590 2216 1646 advertisset
2239 1591 2483 1662 Rogerio
2518 1590 2847 1662 displicere,
2864 1592 3019 1662 quod
3044 1592 3331 1647 Robertus
3357 1591 3519 1645 Trai-

1874 1679 2075 1735 nensis
2104 1678 2411 1751 episcopus
2438 1697 2504 1735 eo
2533 1679 2865 1735 inconsulto
2894 1680 3125 1753 legatus
3163 1678 3522 1752 apostolicus

1875 1769 1934 1823 in
1966 1768 2165 1830 Sicilia
2206 1767 2514 1824 institutus
2546 1769 2773 1837 fuisset,
2795 1773 3020 1825 mutata
3049 1785 3245 1825 rerum
3270 1768 3520 1840 disposi-

1878 1858 2052 1924 tione,
2076 1856 2224 1911 hanc
2273 1856 2614 1929 dignitatem
2672 1857 2783 1928 ipsi
2832 1858 3076 1930 Rogerio
3124 1859 3196 1913 ob
3248 1856 3524 1929 praeclara

1874 1948 2002 2016 ejus
2025 1946 2081 1999 in
2105 1944 2416 2000 Ecclesiam
2440 1946 2650 2001 merita
2673 1946 3069 2003 hwreditaliter
3087 1946 3372 2017 attribuit,
3398 1944 3523 2019 pol-

1874 2032 2071 2089 licitus
2100 2050 2161 2089 se
2193 2034 2489 2089 neminem
2523 2051 2782 2105 unquam
2814 2034 3071 2108 legatum
3092 2035 3271 2092 alium
3306 2036 3364 2090 in
3388 2035 3526 2091 Sici-

1875 2123 2011 2177 liam
2036 2122 2133 2178 illo
2165 2123 2343 2177 invito
2368 2123 2716 2189 missurum,
2738 2124 2869 2179 dum
2892 2127 3005 2196 ipse
3027 2140 3201 2180 comes
3230 2125 3522 2190 advirerit,

1874 2212 1957 2266 vel
1988 2212 2191 2281 aliquis
2222 2211 2513 2267 hazredum
2544 2229 2770 2267 suorum
2799 2214 2909 2268 zeli
2926 2216 3149 2285 paterni
3174 2214 3529 2269 ecclesiastici

1873 2309 2171 2367 exsecutor,
2202 2303 2469 2371 superstes
2512 2303 2701 2371 fuerit.
2737 2301 2881 2355 Hinc
2924 2302 3148 2357 famosa
3177 2301 3280 2356 illa
3308 2302 3525 2357 consti-

1874 2390 2021 2444 tutio
2044 2387 2360 2461 apostolica
2378 2405 2446 2443 ea
2465 2389 2537 2444 de
2560 2405 2619 2443 re
2650 2390 2960 2456 emanavit,
2985 2391 3120 2445 data
3150 2389 3259 2445 hoc
3288 2406 3442 2445 anno
3464 2406 3526 2446 ιιι

1875 2479 2067 2533 Nonas
2095 2476 2259 2543 Julii,
2281 2494 2407 2547 qua:
2434 2482 2565 2548 post
2587 2477 2964 2532 Gautl‘redum
2998 2495 3032 2533 a
3062 2477 3306 2534 diversis
3330 2481 3525 2535 aucto-

1876 2567 2038 2622 ribus
2059 2565 2215 2622 edita
2234 2567 2302 2621 ad
2330 2583 2473 2621 mss.
2499 2566 2675 2621 etiam
2697 2567 2924 2622 codices
2946 2566 3156 2622 collata
3175 2568 3520 2640 proferetur,

1874 2657 1975 2711 sed
1999 2655 2107 2711 etsi
2129 2655 2364 2710 sincerae
2388 2655 2508 2710 sint
2530 2658 2742 2710 caeteras
2764 2655 2891 2726 ejus
2907 2655 3327 2729 chronologicae
3348 2661 3520 2725 notas,

1873 2743 2199 2799 adulterata
2228 2747 2421 2798 tamen
2470 2742 2532 2797 in
2564 2758 2632 2797 ea
2678 2747 2769 2799 est
2815 2744 3077 2800 indictio.
3112 2744 3287 2801 Porro
3341 2744 3526 2801 multa

1873 2833 2052 2904 hujus
2081 2830 2522 2887 constitutionis
2552 2832 2855 2887 occasione
2886 2832 3022 2888 hinc
3054 2836 3113 2888 et
3142 2833 3277 2889 inde
3310 2835 3528 2907 scripta

1871 2926 2172 2994 sunt,quee
2204 2922 2275 2976 ad
2311 2938 2415 2976 nos
2451 2919 2599 2975 nihil
2632 2922 2841 2977 attinet
2868 2922 3058 2977 fusius
3102 2922 3391 2996 indagari.
3426 2925 3522 2994 Ea,

1870 3014 1916 3069 si
1939 3009 2352 3080 lubet,videsis
2393 3010 2544 3080 apud
2578 3010 2890 3065 Baronium
2922 3016 3081 3067 tomo
3100 3011 3197 3079 XI;
3230 3012 3527 3069 Bocchum

1872 3099 2156 3171 Pyrrhum
2179 3104 2335 3153 tumo
2359 3098 2403 3152 ll
2432 3096 2640 3152 Sicilia:
2664 3114 2864 3165 sacrae,
2892 3115 3025 3171 pag.
3051 3100 3158 3153 452
3175 3104 3233 3153 et
3253 3116 3439 3171 seqq.,
3460 3116 3527 3156 ac

118 3195 173 3245 ut
201 3172 503 3258 hactenus,
538 3186 784 3261 poteris,
810 3203 926 3242 non
960 3186 1228 3257 abjicias.
1254 3186 1417 3249 Quod
1452 3185 1500 3240 si
1532 3191 1766 3258 propter
1796 3172 1838 3239 C
1876 3188 2020 3244 alios
2053 3191 2339 3242 auctores.
2372 3188 2457 3239 An
2490 3202 2621 3241 vero
2668 3186 2789 3241 haec
2820 3186 3033 3259 legatio
3082 3204 3209 3243 sese
3257 3189 3432 3242 etiam
3463 3188 3525 3244 in

113 3278 461 3349 tyrannidem
509 3275 826 3350 principis,
858 3274 957 3346 qui
994 3290 1148 3329 nunc
1193 3274 1270 3328 ibi
1314 3273 1671 3343 dominatur,
1706 3276 1765 3330 in

112 3369 310 3421 terram
347 3365 510 3421 illam
560 3362 750 3419 redire
807 3379 922 3418 non
992 3363 1367 3434 permitteris,
1392 3364 1526 3433 jure
1568 3367 1764 3418 tamen

128 3453 599 3518 Christianitatis,
629 3468 860 3523 semper
904 3450 1065 3507 illius
1113 3450 1583 3523 archiepiscopus
1621 3457 1767 3526 esto,

127 3547 460 3613 potestatem
519 3539 745 3614 ligandi
795 3544 969 3611 atque
1020 3538 1355 3595 absolvendi
1406 3556 1583 3612 super
1638 3557 1768 3596 eam

120 3630 250 3686 dum
278 3632 490 3687 vixeris
522 3629 822 3692 obtinens,
857 3632 913 3683 et
957 3628 1288 3700 insignibus
1332 3628 1771 3700 pontiﬁcalibus

124 3735 272 3775 more
291 3720 510 3776 summi
541 3717 840 3791 pontiﬁcis
860 3722 1029 3772 utens
1053 3718 1389 3789 ubicunque
1414 3718 1663 3772 fueris.»
1685 3720 1771 3774 Ad

116 3808 227 3862 haec
256 3809 572 3866 Anselmus
607 3806 999 3862 obedientiam
1032 3806 1347 3878 pollicitus,
1376 3808 1682 3878 respondit
1711 3825 1773 3865 se

116 3913 212 3951 nec
241 3899 423 3954 caedes
468 3898 697 3970 fugere,
721 3912 827 3950 nec
872 3896 1139 3960 vulnera,
1174 3895 1293 3950 imo
1345 3912 1533 3967 neque
1583 3898 1773 3969 ipsam

119 3991 384 4054 mortem;
420 3992 480 4041 at
510 4003 575 4042 se
625 3984 756 4039 ideo
787 3983 1039 4038 voluisse
1072 3984 1406 4038 renuntiare
1458 4001 1575 4039 sua:
1626 3987 1771 4058 sedi,

126 4076 268 4144 quod
315 4075 424 4130 sibi
458 4072 834 4146 impossibile
866 4071 1055 4126 visum
1088 4077 1244 4127 esset
1288 4072 1572 4144 integram
1606 4076 1775 4131 beato

124 4162 280 4218 Petro
309 4161 703 4220 obedientiam
735 4160 1008 4216 exhibere
1051 4159 1228 4215 simul
1261 4177 1394 4215 cum
1430 4161 1564 4227 ﬁde,
1597 4179 1775 4234 quam

120 4250 233 4320 regi
266 4256 494 4307 terreno
526 4249 785 4305 debitam
821 4264 950 4303 esse
977 4248 1145 4320 Angli
1187 4249 1636 4306 contendebant.
1670 4241 1774 4307 Cui

120 4338 366 4408 pontifex
399 4358 466 4395 :«
502 4338 772 4403 Ratione,
807 4336 1021 4408 inquit,
1068 4337 1331 4405 duceris;
1366 4354 1472 4410 ego
1518 4356 1775 4418 quoque,

119 4442 187 4480 ne
214 4428 282 4481 de
311 4426 403 4482 his
423 4432 605 4499 atque
634 4425 769 4481 aliis
799 4424 904 4480 tibi
933 4441 1048 4480 non
1071 4425 1207 4495 jure
1229 4424 1409 4481 illatis
1435 4427 1634 4483 videar
1661 4446 1774 4485 non

1874 3276 2223 3340 Calabriam,
2257 3274 2356 3328 ubi
2404 3277 2544 3327 tunc
2583 3278 2755 3329 Sasso
2785 3275 3166 3330 Cassanensis
3211 3276 3523 3348 episcopus

1874 3365 2160 3438 legatione
2190 3361 2509 3433 apostolica
2554 3362 2923 3434 fungebatur,
2956 3363 3295 3432 extenderit,
3327 3364 3526 3438 incerg

1876 3458 2004 3509 tum
2036 3456 2143 3519 est,
2178 3452 2330 3523 quod
2362 3451 2603 3506 innuere
2633 3452 2863 3506 videtur
2891 3452 3236 3508 Gaufredus.

2045 3540 2317 3596 CCCXIX.
2350 3541 2628 3594 Primatus
2654 3540 2912 3597 Ecclesiae
2947 3542 3168 3596 Salerni
3198 3540 3378 3596 datus.

1952 3629 2126 3685 Paulo
2157 3633 2289 3701 post
2314 3628 2368 3683 id
2394 3633 2649 3700 tempus,
2673 3628 2767 3684 die
2793 3628 3014 3685 scilicet
3033 3631 3102 3684 20
3120 3629 3260 3685 Julii
3280 3645 3529 3702 sequen-

1880 3720 1974 3785 tis,
1999 3717 2257 3790 pontifex
2276 3717 2348 3772 ad
2370 3716 2610 3772 alterius
2641 3716 2892 3790 Rogerii,
2917 3734 3128 3790 nempe
3170 3718 3336 3775 ducis
3369 3721 3528 3792 Apu-

1880 3807 1989 3875 liae,
2023 3810 2080 3861 et
2117 3806 2307 3861 Alfani
2340 3804 2762 3879 archiepiscopi
2794 3822 3014 3878 preces,
3046 3805 3276 3881 insigne
3306 3807 3534 3880 privile-

1882 3896 2043 3968 gium
2075 3895 2449 3951 Salernitanie
2481 3894 2745 3951 Ecclesia:
2777 3897 3086 3965 concessit,
3108 3896 3316 3953 collato
3337 3898 3389 3954 ei
3420 3898 3535 3970 pri-

1884 3988 2045 4039 matu
2080 3984 2138 4037 in
2169 3984 2317 4038 duas
2350 3983 2698 4056 metropoles
2728 3988 3116 4057 Compsanam
3147 3988 3204 4041 et
3231 3985 3531 4043 Acherun-

1883 4074 2089 4139 tinam,
2116 4089 2242 4144 quae
2272 4072 2410 4126 olim
2452 4072 2563 4144 ipsi
2606 4074 2742 4143 jure
2786 4074 3207 4148 metropolitico
3253 4077 3529 4147 subjecta:

1885 4163 2132 4217 fuerant.
2167 4162 2311 4216 Data
2358 4164 2446 4216 est
2475 4160 2640 4218 bulla
2667 4162 2760 4218 die
2807 4181 2906 4219 xm
2938 4164 3229 4221 Kalendas
3256 4165 3524 4237 Augusti,

1885 4268 2035 4306 anno
2070 4251 2224 4316 1099,
2253 4255 2315 4305 ut
2342 4250 2655 4322 praeferunt
2682 4252 2810 4322 ejus
2839 4252 3212 4325 exemplaria,
3236 4254 3337 4308 sed
3363 4254 3464 4324 qui
3496 4270 3531 4309 a

1885 4354 2085 4394 mense
2117 4339 2323 4393 Martio
2353 4338 2491 4405 anni
2523 4340 2901 4411 praecedentis
2940 4341 3306 4397 inchoandas
3333 4346 3441 4408 est,
3466 4345 3531 4397 ut

1883 4428 1955 4483 ad
1988 4420 2575 4505 praesentem/annum
2609 4428 2857 4483 revocari
2884 4430 3089 4500 possit.
3112 4432 3183 4484 At
3214 4430 3452 4485 indictio
3476 4446 3531 4485 xv

120 4530 336 4582 curare,
359 4532 548 4588 eaque
578 4514 773 4586 gladio
817 4515 1004 4570 sancti
1058 4513 1210 4568 Petri
1265 4514 1416 4570 nolle
1463 4515 1777 4600 vindicare,
1807 4537 1854 4601 D
1886 4534 2012 4589 qua:
2053 4516 2132 4571 ibi
2181 4513 2493 4601 appenitur
2539 4518 2801 4572 excusari
2848 4519 3069 4589 nequit,
3104 4518 3218 4574 nisi
3262 4536 3422 4574 error
3471 4517 3534 4573 in

122 4617 339 4672 moneo,
362 4609 662 4675 quatenus
699 4601 950 4658 concilio
981 4602 1138 4674 quod
1190 4603 1344 4673 apud
1396 4608 1608 4660 Barum
1642 4612 1777 4662 ante
1885 4601 2289 4676 Amanueiises
2340 4605 2655 4676 rejiciatur.
2691 4607 2874 4661 Locus
2911 4605 3006 4661 hic
3037 4609 3190 4661 esset
3235 4607 3305 4662 de
3351 4606 3533 4662 altero

119 4702 322 4763 corpus
375 4692 533 4749 beati
592 4691 817 4747 Nicolai
851 4690 1126 4747 Kalendis
1159 4690 1425 4746 Octobris
1484 4692 1773 4750 celebrare

118 4782 407 4847 constitui,
445 4780 818 4853 praesentiam
865 4784 1027 4835 tuam
1059 4778 1358 4844 exhibeas,
1389 4784 1454 4835 ut
1501 4782 1655 4852 quod
1704 4782 1775 4837 de

116 4866 239 4939 ipso
262 4886 393 4942 rege
414 4869 682 4942 Anglico,
698 4869 939 4941 suisque
961 4886 1027 4923 ac
1051 4868 1142 4923 sui
1178 4866 1492 4935 similibus,
1515 4869 1613 4941 qui
1637 4887 1774 4926 con-

118 4961 202 5011 tra
231 4956 566 5013 libertatem
598 4956 865 5012 Ecclesiae
896 4956 996 5011 Dei
1026 4974 1088 5012 se
1120 4962 1449 5022 erexerunt,
1482 4959 1742 5013 mediant

119 5045 404 5116 aequitatis
460 5062 712 5101 censura
762 5062 852 5101 me
900 5046 1195 5101 facturum
1238 5045 1524 5116 disposui,
1571 5045 1777 5116 auditu

117 5134 362 5206 visuque
402 5134 719 5207 percipias.
747 5156 773 5183 »
799 5134 900 5190 His
946 5133 1186 5199 auditis,
1210 5132 1297 5188 vir
1336 5132 1458 5202 Dei,
1484 5132 1774 5207 ut/p’rose-

120 5221 315 5291 quitur
344 5223 694 5292 Eadmerus,
715 5222 1001 5279 Sclaviam
1042 5238 1311 5278 reversus
1336 5221 1556 5297 est/ibi
1588 5242 1777 5297 usque

123 5309 189 5363 ad
220 5310 477 5368 Barense
521 5310 831 5367 concilium
877 5316 1389 5389 commoraturus/
1401 5312 1613 5377 Quanti
1643 5331 1777 5370 vero

114 5398 515 5463 ,obedientiam
548 5399 747 5457 fecerit
794 5401 882 5456 vir
926 5405 1197 5483 sanctus,
1200 5394 1603 5473 et'Willelmo
1632 5402 1774 5458 Mal-

120 5487 517 5546 mesburiensi
549 5488 951 5563 accipiendum
982 5494 1071 5546 est
1086 5488 1233 5561 uiui
1267 5488 1416 5544 libro
1448 5489 1567 5547 iDe
1596 5492 1776 5564 gestis

121 5578 464 5663 pontiﬁcum
513 5582 712 5641 narrat
755 5596 889 5641 eum
946 5578 1023 5671 ap
1042 5568 1281 5637 Urbano
1338 5576 1683 5655 impetrasse
1716 5587 1773 5642 ut

1884 4694 2101 4767 Urbe/ni
2130 4694 2412 4765 rescripto
2442 4695 2673 4766 agendi,
2698 4712 2813 4767 quo
2862 4695 2921 4750 in
2970 4695 3218 4767 gratiam
3267 4696 3536 4766 ejusdem

1885 4782 2153 4855 Ecclesiae
2175 4782 2477 4855 privilegia
2497 4782 2771 4840 Cavensis
2797 4783 3139 4839 monasterii
3170 4788 3537 4855 revocantur,

1824 4871 1935 4955 [Αἱ
1964 4874 2167 4928 datum
2201 4872 2394 4926 Roma:
2428 4888 2541 4926 non
2573 4871 2880 4940 diceretur,
2915 4879 2972 4928 et
3005 4872 3222 4929 indicto
3252 4891 3325 4930 vn
3357 4889 3537 4946 quam

1887 4964 2135 5034 praefert,
2181 4959 2316 5014 huic
2365 4975 2517 5013 anno
2568 4962 2873 5017 convenire
2905 4966 3119 5034 posset.
3152 4962 3230 5018 De
3275 4980 3341 5019 eo
3390 4962 3537 5019 infe-

1887 5050 2030 5105 rius.

2074 5135 2316 5192 CCCXX.
2352 5137 2694 5205 Rescriptum
2714 5155 2816 5210 pro
2846 5149 3034 5196 sancto
3062 5143 3338 5198 Brunone.

1955 5228 2029 5281 At
2049 5226 2340 5281 sincerum
2360 5225 2598 5281 omnino
2615 5232 2670 5282 et
2686 5228 2918 5299 penitus
2937 5228 3248 5285 indubium
3268 5235 3357 5286 est
3372 5228 3538 5295 illud,

1886 5332 1999 5387 quo
2032 5331 2233 5370 mense
2275 5314 2599 5385 Septembri
2642 5316 2821 5388 hujus
2865 5318 2999 5373 anni
3034 5318 3301 5374 Urbanus
3341 5320 3542 5372 sancto

1885 5404 2139 5459 Brunoni
2162 5402 2679 5460 Carthusianorum
2706 5407 2954 5478 parenti,
2974 5407 3075 5478 qui
3094 5412 3236 5462 tunc
3268 5408 3325 5462 in
3350 5402 3545 5475 Squil-

1883 5492 2103 5552 lacensi
2142 5508 2335 5549 eremo
2385 5494 2746 5562 morabatur,
2781 5493 3181 5559 concessit,ad
3226 5495 3280 5551 ei
3331 5494 3543 5550 contir-

1886 5582 2101 5645 manda
2138 5587 2195 5643 et
2244 5581 2560 5647 asserenda
2617 5583 2815 5642 omnia
2867 5583 3023 5642 bona
3074 5598 3201 5659 quas
3236 5601 3271 5643 a
3301 5577 3551 5657 Rogerio
