3950 6218
107 332 215 401 344

1709 350 1914 417 νιτΑ.

3388 360 3523 430 242-

102 468 293 569 igoem
321 472 651 549 projecere,
669 474 822 553 quod
850 476 1026 539 variis
1055 479 1436 543 conciliorum
1467 498 1751 545 convoca-
1779 484 2004 555 Αν1098
2034 487 2432 565 consignatur,
2467 486 2643 551 aliam
2671 491 2744 552 ab
2776 507 2845 552 ea
2871 508 2986 551 non
3028 508 3157 552 esse
3188 511 3315 569 quis
3350 514 3504 554 anno

101 563 358 621 tionibus
391 582 502 638 per
531 584 719 625 annos
756 571 1045 629 sexdecim
1088 573 1255 632 factis
1301 580 1358 631 et
1388 576 1631 647 iteratis,
1670 577 1754 635 illi

98 666 401 726 nunquam
434 655 705 728 ipsorum
740 661 980 718 monitis
1025 680 1196 720 aures
1228 667 1483 735 praebere
1538 667 1754 725 voluis-

101 748 247 799 sent.
268 745 445 802 »Ηωο
467 747 546 803 de
562 748 975 823 schismaticis,
998 753 1100 825 qui
1117 770 1250 811 cum
1274 754 1545 813 Bennone
1578 774 1750 830 pseu-

104 834 393 890 docarnali
444 838 789 908 pontificem
816 847 1081 898 nostrum
1124 844 1433 901 Turbanum
1462 846 1753 919 appellare

104 924 394 993 amabant,
417 925 497 981 ob
544 926 626 994 id,
650 929 804 1000 quod
853 929 1111 1003 Gregorii
1151 932 1410 1008 vestigiis
1439 934 1748 1006 inhaerens,

106 1012 323 1079 turbas,
374 1018 444 1070 ut
494 1015 614 1089 ipsi
650 1016 1184 1090 calumniabantur,
1217 1023 1602 1080 continuaret.
1637 1026 1748 1081 Sed

107 1098 305 1158 talium
335 1101 658 1161 hominum
683 1108 961 1175 convicia,
992 1113 1078 1166 tot
1106 1116 1247 1167 sunt
1291 1113 1406 1168 veri
1456 1114 1749 1185 pontificis

104 1189 301 1262 elogia.
316 1192 388 1247 Et
404 1197 571 1249 certe
581 1194 877 1254 Urbanum
891 1199 1051 1271 pacis
1068 1208 1380 1269 amantem,
1397 1207 1453 1258 et
1484 1202 1747 1259 omnium

106 1277 427 1349 hominum,
444 1282 550 1355 qui
578 1288 739 1352 tunc,
753 1290 819 1341 ut
837 1287 909 1343 de
929 1288 1124 1361 Moyse
1139 1288 1399 1361 loquitur
1423 1292 1744 1363 Scriptura,

102 1365 155 1421 in
177 1370 327 1424 terra
352 1372 766 1438 morabantur,
795 1374 1178 1432 mitissimum
1202 1378 1404 1447 fuisse,
1426 1379 1601 1435 etiam
1635 1379 1746 1450 ipsi

101 1454 455 1514 Schismatici
489 1460 659 1516 fateri
718 1462 806 1518 vel
854 1463 1019 1520 inviti
1061 1466 1434 1539 cogebantur.
1469 1468 1744 1531 Quaenam

101 1558 225 1600 vero
280 1546 528 1605 haeresis
558 1549 658 1606 illa
685 1555 827 1619 erat,
859 1569 1037 1624 quam
1069 1554 1428 1612 schismatici
1470 1557 1745 1629 Gregorio

102 1632 194 1689 VII
217 1632 647 1708 impingebant,
681 1638 965 1697 discimus
995 1658 1062 1698 ex
1091 1644 1294 1699 eodem
1354 1645 1625 1701 Bennone
1685 1646 1741 1701 in

103 1716 349 1795 Gregorii
373 1725 525 1794 Vita,
550 1727 648 1782 ubi
678 1728 762 1784 sic
783 1729 995 1786 habet:
1025 1731 1367 1789 «Gloriosus
1399 1733 1742 1790 Hildebran-

1865 579 2268 652 subsequenti.
2290 584 2355 638 ut
2377 584 2643 639 auctores
2655 579 2908 655 mquales
2927 579 3203 651 referunt,
3220 582 3509 644 celebrata

1864 672 1986 738 est;
2022 686 2197 743 quam
2257 671 2541 728 Baronius
2580 676 2636 728 et
2668 672 2933 729 Labbeus
2989 688 3060 729 ex
3116 673 3267 730 male
3319 673 3510 733 locata

1864 760 2082 831 synodo
2105 760 2343 817 Barensi
2374 777 2490 816 uno
2523 778 2676 816 anno
2696 766 2928 834 tempus
2968 765 3380 834 praevertentes
3433 764 3501 820 ad

1863 865 2083 903 annum
2120 850 2254 904 1098
2285 865 2417 905 cum
2468 851 2595 922 ejus
2644 850 2972 907 canonibus
3020 850 3251 908 incaute
3294 852 3506 909 retule-

1862 941 2019 992 runt.

2177 1027 2497 1084 CCCXXIV.
2536 1030 2788 1085 Barensis
2817 1030 3014 1101 synodi
3040 1037 3180 1087 acta.

1928 1113 2104 1169 Porro
2126 1113 2259 1172 licet
2278 1115 2632 1187 praecipuam
2650 1132 2850 1173 eorum
2866 1134 2995 1189 qua:
3016 1118 3075 1173 in
3096 1118 3334 1175 Barensi
3365 1135 3501 1190 syn-

1858 1203 1968 1258 odo
1985 1208 2151 1275 gesta
2171 1207 2310 1259 sunt
2333 1204 2599 1261 notitiam
2621 1204 2958 1278 Anglicanis
2980 1205 3276 1262 historicis
3288 1208 3500 1264 debea-

1857 1307 2010 1355 mus,
2025 1291 2127 1363 qui
2139 1292 2208 1347 de
2220 1308 2287 1348 ea
2308 1295 2609 1348 occasione
2625 1293 2812 1349 sancti
2837 1293 3095 1349 Anselmi
3114 1295 3496 1367 scripserunt,

1855 1378 2011 1435 haud
2026 1384 2244 1449 tamen,
2261 1385 2326 1436 ut
2334 1381 2358 1451 j
2367 1398 2459 1436 am
2474 1382 2845 1437 observatum
2864 1386 2973 1448 est,
2990 1382 3515 1450 aliisauctoribus,’

1854 1470 1911 1522 et
1939 1468 2177 1540 quidem
2203 1468 2500 1541 gravibus,
2522 1469 2647 1525 loco
2675 1474 2732 1525 et
2771 1474 2937 1525 aetate
2970 1471 3272 1542 proximis,
3298 1472 3497 1544 ignota

1854 1555 1982 1612 fuit.
1998 1559 2160 1613 Certe
2176 1558 2395 1614 multos
2412 1558 2545 1613 cleri
2567 1562 2624 1615 et
2652 1557 2938 1614 nobilium
2964 1575 3230 1631 proceres
3261 1561 3332 1617 ad
3366 1577 3494 1616 eam

1853 1647 2190 1702 convenisse
2222 1646 2425 1702 scribit
2452 1664 2778 1718 anonymus
2833 1647 3103 1702 Barensis
3134 1646 3226 1702 his
3253 1648 3447 1705 verbis
3480 1666 3493 1705 :

1852 1734 2006 1788 Anno
2030 1734 2186 1802 1099,
2221 1752 2394 1807 quem
2428 1736 2579 1791 sicut
2607 1740 2664 1790 et
2688 1735 3070 1791 indictionem
3104 1753 3138 1790 a
3168 1736 3496 1808 Septembri

107 1808 210 1914 duo
247 1816 305 1867 et
333 1814 699 1888 pedisequus
728 1818 859 1889 ejus
911 1819 1224 1876 Turhanus
1257 1838 1402 1877 nova
1451 1828 1742 1894 potestate
1774 1849 1821 1914 Β
1854 1823 2230 1894 praecedentis
2251 1825 2409 1887 anni,
2435 1827 2500 1878 ut
2526 1841 2655 1879 mox
2678 1824 3040 1889 dicebamus,
3068 1822 3323 1891 inchoat,
3352 1826 3495 1881 indi-

108 1897 378 1957 solventes
398 1903 1136 1965 decretaChalcedonensis
1149 1909 1399 1977 concilii,
1420 1928 1534 1967 non
1548 1910 1740 1967 solum
1774 1897 1821 1914 ³³
1850 1912 2026 1967 ctione
2052 1929 2151 1978 vn,
2173 1914 2333 1968 tertia
2349 1913 2438 1967 die
2458 1914 2700 1968 intrante
2719 1929 2904 1968 mense
2924 1913 3160 1978 Octobri,
3183 1915 3329 1969 venit
3346 1930 3513 1986 papa

103 1988 303 2057 verbis,
333 1993 439 2048 sed
472 1998 533 2049 et
572 1994 808 2067 scriptis
831 1996 1084 2068 publicis
1114 2003 1538 2056 consenserunt
1581 2005 1740 2056 extra

106 2077 395 2161 ecclesiam
456 2084 901 2140 communicare
931 2090 990 2141 et
1046 2087 1358 2158 baptizare,
1392 2105 1571 2161 quam
1604 2090 1739 2145 caeci

105 2172 303 2235 essent,
326 2185 508 2242 quam
532 2171 788 2229 haeretici
820 2174 1072 2246 propriis
1104 2176 1339 2249 scriptis
1369 2178 1736 2250 deprehensi,

106 2260 224 2325 etc.;
246 2249 492 2332 uterque
534 2262 596 2317 in
621 2261 889 2319 hieresim
925 2263 1130 2320 Liberii
1165 2266 1388 2333 incidit,
1424 2249 1521 2339 qui
1580 2271 1737 2339 post-

104 2358 264 2416 quam
295 2347 536 2420 publice
557 2351 1010 2408 communicavit
1027 2354 1566 2422 excommunicatis,
1590 2357 1737 2411 duas

108 2433 372 2495 Ecclesiae
429 2437 657 2495 faciens
713 2439 1002 2497 unitatem
1033 2442 1225 2510 scidit,
1261 2466 1288 2493 »
1331 2447 1441 2500 etc.
1470 2444 1565 2500 Sic
1623 2445 1735 2516 ipsi

107 2522 445 2583 schismatioi
470 2532 743 2585 auctores
774 2529 1089 2587 catholicos
1109 2535 1166 2587 et
1186 2532 1429 2590 unitatis
1446 2538 1735 2590 amatores

106 2610 495 2672 schismaticos
521 2616 816 2690 appellare
847 2618 1003 2674 haud
1035 2618 1402 2676 dubitabant.

106 2702 396 2762 OCCXXIII.
430 2707 745 2764 Comitium
770 2710 1010 2764 Barense
1045 2709 1142 2765 hoc
1178 2726 1323 2765 anno
1377 2712 1728 2767 celebratum.

169 2792 433 2852 Catholici
461 2813 603 2853 vero
656 2796 749 2853 die
788 2796 1057 2853 condicta
1106 2797 1499 2853 Kalendarum
1557 2800 1727 2856 Octo~

108 2879 300 2949 brium,
318 2900 419 2940 seu
444 2888 517 2941 ut
552 2884 729 2940 habet
759 2900 1090 2957 anonymus
1111 2886 1403 2952 Barensis,
1436 2887 1529 2943 die
1558 2887 1729 2945 tertia

108 2968 341 3040 ejusdem
365 2971 785 3046 mensis,apud
809 2972 1043 3028 Barium
1067 2973 1352 3030 celebrem
1376 2974 1599 3047 Apuliae
1629 2993 1724 3031 ur-

107 3057 222 3113 bem
249 3060 314 3115 ad
347 3060 665 3117 concilium
696 3061 769 3116 ab
800 3060 1032 3117 Urbano
1066 3061 1354 3118 indictum
1385 3080 1720 3120 convenere.

1854 2001 2100 2057 Urbanus
2114 2017 2238 2055 cum
2252 2002 2505 2072 pluribus
2526 2002 2944 2073 archiepiscopis
2963 2010 3015 2057 et
3032 2003 3293 2073 episcopis
3319 2011 3372 2058 et
3399 2004 3491 2058 ab-

1851 2090 2080 2157 batibus,
2104 2095 2153 2146 et
2164 2091 2471 2158 comitibus,
2486 2099 2537 2145 et
2552 2092 2893 2145 intraverunt
2915 2092 2974 2145 in
2996 2082 3186 2159 Barri,
3198 2098 3251 2147 et
3261 2093 3494 2163 suscepti

1846 2183 1976 2234 sunt
2003 2195 2125 2234 cum
2180 2195 2381 2250 magna
2437 2180 2759 2246 reverentia,
2800 2187 2851 2234 et
2890 2180 3228 2250 praeparavit
3273 2180 3512 2237 domino-

1846 2268 2019 2334 Helia,
2037 2270 2262 2323 sextum
2282 2282 2385 2338 pro
2408 2271 2583 2335 recto,
2598 2282 2736 2321 casu
2754 2266 3013 2333 adhibet;
3038 2270 3104 2321 ut
3122 2282 3191 2321 ex
3221 2267 3494 2325 Malmes-

1845 2354 2105 2411 buriensi
2128 2355 2279 2410 infra
2303 2354 2543 2426 patebit,
2560 2358 2743 2409 nostro
2754 2354 3174 2425 archiepiscOpo,
3189 2356 3498 2426 miriﬁcam

1844 2444 2022 2501 sedem
2050 2447 2197 2499 intus
2219 2445 2278 2499 in
2310 2443 2534 2498 ecclesia
2565 2443 2869 2500 beatissimi
2905 2442 3118 2497 Nicolai
3163 2446 3494 2514 confessoris

1846 2534 2067 2600 Christi,
2095 2537 2149 2588 et
2174 2533 2303 2603 fecit
2334 2531 2413 2586 ibi
2439 2530 2710 2603 synodum
2733 2538 2834 2603 per
2860 2547 3032 2586 unam
3075 2530 3488 2587 hebdomadam.

1840 2626 1969 2678 Post
1996 2622 2275 2693 completis
2297 2620 2486 2675 diebus
2502 2624 2615 2676 octo
2640 2621 2887 2691 perrexit
2906 2621 2967 2674 in
2987 2635 3135 2691 pace,
3160 2626 3211 2675 et
3236 2621 3295 2675 in
3306 2635 3509 2677 mense:

1836 2711 1985 2768 Julii
2009 2711 2143 2766 obiit
2172 2712 2287 2782 ipse
2321 2711 2586 2767 Urbanus.
2620 2708 2763 2765 Huic
2794 2708 3015 2781 synodo
3047 2723 3225 2780 quam
3255 2710 3503 2764 univer-A

1836 2815 1952 2854 sam
1983 2798 2252 2855 Urbanus
2287 2798 2412 2870 ipse
2459 2799 2519 2853 in
2552 2797 2831 2869 rescripto
2874 2796 2944 2852 de
2983 2794 3275 2868 Cinglensi
3307 2796 3474 2866 cella,

1830 2888 2146 2959 plenariam
2166 2886 2442 2959 appellat,
2470 2890 2705 2941 centum
2739 2889 2799 2941 et
2827 2883 3120 2957 octoginta
3170 2885 3499 2957 episcopos.

1834 2974 2194 3031 interfuisset
2209 2975 2419 3031 asserit
2430 2975 2630 3046 Lupus
2643 2975 3002 3045 Protospata,
3018 2973 3117 3029 sed
3133 2973 3375 3045 quinam
3390 2973 3474 3029 illi

1833 3064 2051 3120 fuerint
2092 3080 2263 3119 nemo
2310 3058 2521 3120 litteris
2552 3063 2826 3136 prodidit.
2855 3064 2930 3117 At
2952 3078 3068 3133 quo
3110 3061 3256 3128 loco,
3287 3079 3478 3134 quove

107 3144 219 3201 Hec
245 3150 497 3218 synodus
535 3149 909 3221 potissimum
941 3151 1012 3205 ad
1043 3150 1103 3205 id
1134 3154 1331 3207 coacta
1378 3151 1626 3222 videtur,
1660 3158 1725 3210 ut
1765 3214 1797 3223 _
1836 3153 2038 3209 habitu
2061 3154 2119 3208 in
2141 3152 2386 3208 concilio
2417 3152 2631 3208 sederit
2661 3150 2921 3223 pontifex
2950 3165 3018 3205 ex
3037 3149 3308 3206 Wilelmo
3340 3152 3479 3206 Mal-

108 3214 308 3291 Graecos
336 3237 489 3294 inter
516 3214 577 3294 et
608 3238 845 3294 Latinos
874 3238 945 3294 de
1004 3239 1117 3294 fide
1156 3240 1506 3310 conveniret,
1532 3214 1623 3296 ut,
1654 3258 1726 3297 ne
1756 3214 1799 3281 ο
1838 3240 2225 3297 mesburiensi
2255 3240 2560 3297 discimus.
2585 3214 2755 3309 Ergo,
2785 3238 2998 3310 inquit,
3034 3246 3255 3293 ventum
3302 3242 3380 3293 est
3406 3239 3478 3294 ad

108 3321 309 3380 scilicet
337 3326 524 3383 sacris
553 3325 1021 3399 expeditionibus
1048 3332 1279 3384 noceret
1334 3327 1392 3384 in
1438 3330 1725 3386 credendo

110 3408 408 3471 diversitas.
421 3416 591 3471 Hanc
603 3415 887 3485 synodum
910 3431 1063 3471 anno
1080 3416 1427 3488 praecedenti
1441 3417 1726 3474 Baronius

108 3501 158 3552 et
186 3501 305 3571 ejus
340 3519 645 3577 sequaces,
671 3503 790 3559 imo
812 3507 869 3559 et
888 3503 1155 3560 Labbeus
1183 3509 1341 3561 tomo
1368 3506 1414 3562 X
1442 3505 1723 3563 Concilio-

109 3599 245 3654 rum,
273 3591 763 3666 consignaverunt
796 3610 810 3661 ;
844 3596 902 3647 at
948 3592 1156 3648 merito
1206 3592 1303 3648 alii
1335 3594 1721 3667 refragantur,

109 3672 309 3748 Lupum
329 3680 733 3753 Protospatam
751 3685 809 3737 et
824 3697 1181 3753 anonymum
1205 3682 1513 3738 Barensem
1530 3701 1722 3756 requa-

109 3760 184 3819 les
208 3769 261 3821 et
286 3767 633 3827 domesticos
662 3773 928 3826 auctores
975 3770 1182 3837 secuti,
1218 3772 1319 3843 qui
1380 3787 1508 3827 eam
1559 3772 1723 3830 initio

111 3849 347 3913 Octobris
376 3858 515 3914 anni
545 3857 707 3928 4099,
754 3874 929 3930 quem
966 3858 1184 3914 scilicet
1205 3876 1311 3915 suo
1361 3876 1524 3916 more
1555 3878 1588 3917 a
1618 3862 1721 3917 Se-

110 3942 332 4009 ptembri
346 3946 715 4017 praecedenti,
730 3963 882 4003 anno
898 3946 1036 4003 1098
1054 3946 1353 4013 inchoent,
1369 3947 1721 4005 celebratam

112 4025 269 4087 fuisse
285 4035 599 4091 testantur:
617 4034 798 4090 alium
816 4034 1105 4090 habemus
1122 4036 1385 4107 ejusdem
1412 4036 1492 4092 rei
1510 4041 1721 4094 testem

113 4119 251 4173 omni
289 4124 616 4197 exceptione
646 4125 951 4195 majorem,
984 4124 1358 4192 Eadmerum,
1393 4126 1493 4197 qui
1528 4126 1719 4183 eidem

116 4206 329 4265 concilio
360 4211 643 4269 interfuit.
668 4211 724 4269 Is
762 4227 992 4284 nempe,
1011 4213 1217 4284 utjam
1245 4213 1521 4282 diximus,
1550 4214 1724 4270 refert

113 4287 242 4350 libro
270 4312 305 4351 η
346 4298 658 4369 Novorum,
688 4298 1032 4357 Anselmum
1083 4317 1283 4357 mense
1322 4299 1554 4356 Octobri
1584 4302 1721 4358 anni

118 4377 237 4436 1097
245 4382 525 4445 licentiam
547 4405 581 4444 a
599 4387 896 4445 Willelmo
917 4404 1049 4461 rege
1071 4387 1391 4461 Anglorum
1405 4389 1720 4448 extorsisse

116 4467 330 4530 Romam
348 4478 618 4546 adeundi,
631 4482 689 4534 et
711 4482 843 4550 post
861 4477 984 4533 haec
1003 4493 1206 4533 verum
1231 4495 1264 4532 a
1281 4477 1448 4533 beato
1462 4478 1720 4535 antistite

1832 3332 2145 3387 concilium.
2198 3330 2531 3401 Apostolicus
2576 3332 2702 3383 ante
2756 3343 2949 3400 corpus
3007 3327 3188 3381 sancti
3240 3327 3476 3398 Nicolai,

1832 3422 2132 3476 constratas
2161 3418 2426 3490 tapetibus
2457 3425 2507 3472 et
2533 3417 2745 3488 palliis,
2778 3417 2896 3486 ipse
2929 3414 3116 3469 casula
3142 3430 3269 3469 cum
3300 3415 3476 3486 pallio

1835 3509 2065 3563 amictus
2087 3508 2336 3562 tribunal
2356 3504 2629 3569 ascendit;
2645 3505 2826 3559 caeteri
2841 3519 2967 3559 cum
2987 3505 3176 3574 cappis
3195 3501 3472 3558 sedebant.

1834 3594 2011 3652 Paulo
2070 3593 2315 3650 inferius
2365 3593 2637 3649 observat
2682 3592 3129 3648 archidiaconum
3170 3592 3478 3647 Romanum

1832 3693 1957 3740 ante
1979 3699 2182 3756 papam
2209 3683 2426 3749 sedisse,
2443 3684 2502 3737 ut
2530 3681 2699 3737 moris
2719 3685 2816 3737 est.
2838 3681 2901 3768 1.11
2932 3678 3177 3736 concilio
3200 3677 3482 3737 Remensi

1833 3791 1984 3830 anno
2007 3772 2143 3828 4094
2164 3773 2273 3827 Leo
2296 3789 2446 3844 papa
2465 3770 2890 3827 sacerdotalibus
2909 3770 3071 3841 quasi
3094 3768 3166 3824 ad
3197 3768 3472 3824 celebran-

1831 3863 1959 3919 dam
1984 3863 2207 3918 missam
2235 3861 2438 3932 infulis
2466 3860 2752 3916 redimitus
2765 3859 3028 3931 processit
3056 3858 3130 3912 ad
3159 3856 3473 3913 concilium

1831 3967 1955 4006 cum
1982 3965 2141 4005 cruce
2172 3953 2225 4005 et
2242 3949 2532 4017 Evangelii
2552 3948 2693 4003 libro
2713 3946 3152 4003 antecedentibus
3176 3961 3303 4001 cum
3328 3945 3483 4001 sacri

1831 4040 2040 4095 ordinis
2064 4040 2356 4107 ministris,
2375 4042 2485 4092 etc.
2512 4036 2576 4091 In
2608 4036 2905 4108 istajuxta
2935 4034 3236 4090 Urbanum
3265 4034 3477 4090 Ansel-

1833 4145 1967 4184 mus
1999 4126 2325 4183 Cantuariae
2356 4124 2831 4197 archiepiscopus
2862 4122 3102 4180 honoris
3133 4139 3330 4191 causa,
3356 4121 3478 4179 sive

1830 4217 2007 4274 etiam
2028 4219 2093 4270 ut
2109 4213 2338 4270 facilius
2359 4214 2637 4269 adversus
2659 4213 2887 4270 Graecos
2911 4212 3224 4285 disputans
3246 4211 3477 4268 auscul-

1831 4308 2070 4371 taretur,
2103 4304 2303 4359 sedere
2330 4304 2537 4374 jussus
2568 4304 2657 4357 ost
2687 4316 2701 4356 :
2735 4317 2867 4357 cum
2926 4304 3121 4367 antea,
3154 4303 3220 4355 ut
3266 4300 3474 4355 scribit

1831 4393 1983 4450 idem
2009 4395 2227 4460 auctor,
2244 4391 2552 4462 ingruente
2579 4388 2860 4456 tumultu,
2884 4387 3103 4444 oblitus
3132 4386 3315 4444 fuisse
3331 4404 3486 4460 pou--

1828 4482 1971 4538 tifex
1999 4481 2192 4536 locum
2222 4478 2273 4534 ei
2305 4477 2617 4550 specialem
2647 4479 2706 4532 et
2732 4475 3121 4532 honoriﬁcum
3145 4474 3473 4548 designare.

118 4562 379 4628 gestarum
392 4567 599 4623 seriem
611 4565 1009 4640 particulatim
1024 4565 1399 4639 prosequitur
1413 4567 1482 4622 ad
1504 4566 1719 4623 Baren-
1753 4577 1800 4643 D
1830 4571 1989 4627 Idem
2015 4569 2191 4624 habet
2230 4566 2548 4623 Eadmerus
2582 4565 2654 4620 de
2674 4564 2883 4621 Casula
2898 4568 2955 4621 et
2984 4564 3327 4637 pontificum
3346 4580 3477 4636 cap-

118 4659 171 4700 se
201 4652 513 4723 concilium,
537 4656 690 4728 quod
730 4672 882 4711 anno
922 4653 1324 4726 subsequenti,
1358 4655 1719 4729 proindeque

120 4731 630 4806 1098,convocatum
652 4744 833 4800 fuisse
855 4742 1305 4799 narrat.Deinde
1330 4742 1623 4812 Urbanus,
1659 4749 1722 4800 ut

121 4818 251 4881 idem
271 4835 462 4889 auctor
476 4833 821 4905 habet,post
842 4832 1004 4888 illam
1026 4832 1313 4905 synodum
1339 4848 1603 4889 reversus
1619 4834 1724 4890 Ro-

121 4924 255 4970 mam
270 4916 554 4978 Willelmo
589 4922 710 4994 regi
732 4921 1000 4978 inducias
1034 4920 1393 4978 concessisse
1417 4921 1633 4977 dicitur
1651 4923 1722 4978 ad

123 4995 307 5061 festum
320 5011 496 5066 sancti
515 5009 812 5067 Michaelis
826 5010 961 5066 anni
975 5008 1589 5082 subsequentis,quem
1604 5010 1726 5082 qui-

123 5084 234 5145 dem
247 5095 546 5154 terminum
559 5115 666 5154 nec
690 5116 807 5165 rex,
823 5115 929 5154 nec
955 5097 1081 5171 ipse
1111 5097 1365 5169 pontitex
1385 5097 1721 5170 attigerunt.

127 5174 240 5263 Atei
260 5180 618 5242 illminduciae
650 5187 847 5243 statim
874 5192 1003 5259 post
1023 5191 1271 5242 Barcnse
1293 5184 1605 5241 concilium
1630 5204 1726 5243 an-

129 5278 189 5319 no
214 5267 337 5326 1097
361 5273 596 5332 indultae
625 5276 894 5344 fuissent,
928 5275 998 5331 ad
1022 5291 1221 5331 earum
1274 5275 1450 5330 tinem
1481 5279 1725 5348 uterque

131 5356 458 5430 pertigissent
471 5362 872 5420 etWillelmus
888 5368 944 5421 et
955 5363 1244 5419 Urbanus.
1260 5365 1491 5417 Certum
1509 5364 1725 5437 quippe

125 5444 202 5527 est
225 5450 516 5525 utrumque
563 5453 634 5508 ad
664 5469 885 5509 annum
943 5452 1082 5507 1099
1109 5450 1463 5524 pervenisse.
1498 5451 1576 5507 Ex
1605 5452 1719 5521 his,

132 5543 235 5600 (Ιυίθ
261 5539 481 5608 quidem
514 5542 750 5599 omnino
781 5546 939 5597 certa
967 5544 1123 5608 sunt,
1149 5538 1420 5611 colligere
1447 5540 1621 5596 etiam
1655 5540 1723 5596 li-

130 5622 525 5699 cet,synodum‘
577 5633 920 5699 Romanam,
954 5647 1079 5703 quae
1136 5647 1169 5686 a
1214 5627 1513 5687 nonnullis
1571 5647 1723 5688 anno

1828 4659 1942 4732 pis;
1958 4658 2059 4714 sed
2085 4656 2168 4712 ait
2187 4654 2533 4712 Anselmum
2553 4654 2809 4726 primum
2833 4653 3039 4709 ordine
3057 4669 3163 4708 suo
3193 4653 3347 4708 inter
3375 4669 3476 4708 ca:-

1830 4753 1986 4803 teros
2016 4744 2307 4801 antistites
2338 4743 2581 4809 sedisse,
2616 4742 2757 4797 dum
2790 4740 3176 4797 incalescente
3219 4739 3480 4812 disputa-

1832 4835 1991 4892 tione
2038 4832 2260 4890 dictum
2311 4831 2362 4887 ei
2393 4836 2548 4887 esset
2594 4836 2659 4886 ut
2687 4829 2930 4903 propius
2960 4827 3277 4884 accederet.
3311 4829 3473 4895 Dum,

1833 4922 2023 4994 inquit
2079 4920 2174 4975 ille
2205 4923 2424 4986 auctor,
2451 4920 2511 4973 in
2541 4921 2659 4989 ipso
2712 4918 2943 4974 concilio
2968 4917 3214 4988 plurima
3270 4915 3338 4972 de
3372 4916 3479 4987 ﬁde

1832 5012 2099 5068 catholica
2125 5024 2371 5063 summus
2397 5008 2649 5078 pontifex
2674 5006 2914 5079 facunda
2959 5008 3195 5073 ratione,
3228 5008 3474 5063 rationa-

1835 5102 2044 5171 bilique
2098 5096 2360 5170 facundia
2418 5095 2778 5164 disseruisset,
2811 5099 2970 5153 mota
3016 5092 3261 5167 quaestio
3319 5098 3409 5151 est
3445 5110 3480 5149 a

1834 5187 2129 5244 Graecisde
2154 5182 2788 5257 processioneSpiritus
2802 5185 3010 5251 sancti,
3026 5199 3204 5255 quam
3219 5183 3480 5255 pontifex

1835 5264 2524 5346 multisargumentisml
2551 5270 2787 5344 quidem
2817 5277 2883 5328 ut
2912 5272 3237 5346 plurimum
3269 5288 3336 5327 ex
3360 5273 3477 5325 An-

1834 5364 2005 5421 selmi
2027 5352 2295 5437 opistgla,
2328 5376 2504 5432 quam
2537 5360 2629 5415 illi
2655 5361 2787 5416 olim
2817 5360 2882 5417 de
2910 5360 3297 5418 Incarnatione
3326 5356 3481 5414 Verbi

1834 5446 2442 5524 inscripserat,petitis
2464 5448 2786 5520 approbare
2805 5450 2972 5505 nisus
2991 5453 3099 5504 est.
3123 5448 3279 5502 Idem
3305 5444 3481 5501 refert

1833 5543 2090 5597 Joannes
2139 5536 2588 5594 Sarisberiensis
2617 5536 2676 5591 in
2719 5538 2981 5607 ejusdem
3035 5533 3294 5591 Anselmi
3325 5532 3478 5587 Vita.

1836 5625 2281 5698 Verum,inquit
2308 5612 2649 5693 Eadmerus,
2669 5641 2803 5680 cum
2827 5641 2920 5681 res
2940 5622 3174 5694 longius
3206 5618 3479 5693 procede-
