3950 6218
376 328 494 387 239

1670 328 1741 390 B.
1788 324 2079 391 URBANI
2123 327 2176 390 11
2220 328 2468 390 ΡΑΡΛΞ.

3706 332 3837 393 240

399 464 609 518 comite
638 468 695 519 et
722 463 948 520 Joanne
980 463 1368 536 Squillacensi
1398 463 1670 536 episcopo
1704 462 1891 535 ipsius
1922 477 2050 518 mo-
2078 464 2130 530 Α
2163 461 2432 517 videlicet
2457 462 2849 519 venerabilem
2872 463 3266 522 Theobertum
3295 464 3519 523 Pisanis
3543 465 3841 528 Ecclesia

379 553 639 609 nasterio
670 552 881 610 collata
932 554 1183 609 fuerant.
1225 553 1372 609 Illud
1408 552 1612 608 datum
1662 555 1751 608 est
1798 550 2042 617 Salerni,

384 640 493 697 hoc
527 657 706 707 anno,
750 657 953 697 mense
1003 640 1352 714 Septembri,
1404 640 1723 696 indictione
1770 654 1847 707 VI,
1892 639 2049 694 unde

383 730 742 801 conjicimus
774 729 1076 785 Urbanum
1102 745 1170 786 ea
1200 728 1259 785 in
1293 730 1435 785 urbe
1475 745 1659 799 usque
1692 729 1762 783 ad
1797 729 2047 783 Barense

385 818 701 875 concilium
734 819 1149 891 permansisse.

566 908 837 965 CCCXXI.
873 909 1250 979 Crucesignati
1278 906 1595 962 Antochiam
1627 906 1872 976 capiunt.

456 1001 599 1052 Cum
633 1001 827 1053 autem
850 997 972 1052 haec
996 996 1054 1051 in
1086 994 1248 1051 Italia
1269 998 1628 1067 gererentur,
1655 992 2045 1065 crucesignati

388 1087 521 1155 post
550 1084 713 1139 varia
741 1082 959 1155 prieIia,
985 1088 1041 1137 et
1089 1081 1309 1137 multas
1338 1081 1560 1153 passim
1610 1082 1784 1136 urbes
1833 1080 1943 1135 hoc
1993 1086 2047 1135 et

384 1173 716 1245 precedenti
742 1188 892 1228 anno
911 1174 1299 1244 expugnatas,
1316 1170 1687 1226 Antiochiam
1720 1186 1921 1225 mense
1942 1170 2049 1225 Ju-

382 1262 479 1318 nio
508 1262 689 1334 hujus
721 1262 858 1317 anni
891 1264 1503 1333 occuparunt.Verum
1539 1258 1713 1332 paulo
1744 1262 1876 1331 post
1907 1258 2048 1314 Bar-

377 1350 505 1405 bari
549 1367 614 1407 ex
648 1350 825 1406 variis
858 1349 1197 1423 provinciis,
1223 1349 1403 1421 hujus
1448 1352 1622 1404 tantae
1657 1364 1899 1403 suorum
1932 1345 2049 1401 cla-

380 1440 471 1495 dis
494 1440 651 1496 fama
672 1440 866 1508 exciti,
894 1439 1071 1496 simul
1104 1439 1516 1495 convenientes
1546 1437 1720 1509 quasi
1754 1453 1860 1508 pro
1892 1452 2049 1492 com-

382 1530 548 1585 muni
581 1529 772 1585 salute
797 1529 1132 1585 dimicaturi
1155 1528 1517 1584 Christianos
1545 1527 1605 1581 in
1630 1542 1697 1581 ea
1734 1526 1878 1581 urbe
1908 1526 2051 1580 adeo

385 1619 1076 1685 arte'circumdederunt,
1099 1617 1307 1687 utjam
1332 1615 1492 1673 nulla
1508 1613 1788 1671 evadendi
1812 1630 1945 1687 spes
1967 1614 2052 1669 eis

390 1706 714 1780 effulgeret.
743 1709 816 1761 At
845 1707 1104 1762 humano
1146 1705 1448 1762 deﬁciente
1490 1720 1813 1777 supernum
1865 1701 2054 1759 adfuit

394 1794 700 1863 auxilium,
726 1812 862 1850 cum
893 1795 1144 1862 inventa,
1167 1794 1327 1849 haud
1358 1794 1581 1865 absque
1628 1790 1893 1847 miraculi
1924 1790 2048 1862 opi-

394 1884 594 1953 nione,
625 1900 795 1940 sacra
821 1883 1023 1939 lancea
1044 1899 1162 1954 qua
1191 1882 1348 1939 latus
1370 1881 1587 1937 Christi
1620 1880 1851 1936 Domini
1875 1880 2063 1951 perfo_

398 1977 591 2029 ratum
624 1973 807 2029 fuisse
836 1972 1203 2039 credebatur,
1223 1972 1365 2027 adeo
1397 1970 1633 2026 excitati
1667 1972 1805 2025 sunt
1835 1973 2067 2025 nostro-

374 2092 379 2098 ~
400 2078 533 2117 rum
557 2063 738 2118 animi
756 2065 843 2127 ut,
858 2060 1095 2133 praelato
1119 2060 1226 2115 hoc
1248 2059 1418 2132 quasi
1436 2063 1591 2115 certo
1606 2057 1857 2113 victoria:
1877 2057 2067 2133 signo,

400 2151 621 2207 milites
652 2151 711 2205 in
754 2150 1139 2205 barbarorum
1173 2149 1462 2204 exercitus
1492 2147 1683 2215 effusi,
1708 2162 1807 2201 eos
1846 2139 2067 2218 ingenti

402 2240 565 2296 clade
595 2239 834 2296 affectos
874 2237 1114 2294 omnino
1163 2236 1494 2309 fugaverint
1524 2252 1591 2291 ac
1623 2234 2065 2307 prostraverint.

403 2331 532 2385 Haac
563 2328 781 2396 omnia,
801 2331 1011 2399 praeter
1048 2331 1319 2382 auctores
1350 2324 1604 2381 historiae
1635 2338 1936 2379 sacrarum
1968 2339 2065 2378 ex-

404 2418 802 2491 peditionum,
839 2416 1099 2471 referunt
1148 2414 1258 2487 ipsi
1291 2414 1757 2470 Christianorum
1806 2412 1983 2467 duces
2010 2417 2068 2468 et

404 2508 699 2580 principes
731 2506 793 2560 in
827 2504 1076 2577 epistola
1115 2505 1187 2559 ad
1212 2504 1511 2559 Urbanum
1537 2518 1605 2558 eo
1634 2506 1894 2573 tempore
1924 2500 2067 2555 scri-

406 2601 526 2668 pta,
559 2595 620 2650 in
666 2611 785 2666 qua
832 2597 965 2664 post
1017 2592 1197 2662 hujus
1254 2592 1508 2647 victoriae
1566 2590 1983 2655 narrationem,
2015 2583 2066 2644 ei

413 2688 667 2740 mortem
699 2682 1049 2738 annuntiant
1079 2680 1391 2737 Adhemari
1436 2678 1763 2735 Aniciensis
1789 2677 2065 2751 episcopi,

414 2772 517 2844 qui
548 2771 708 2828 sedis
740 2768 1073 2842 apostolicae
1103 2770 1334 2842 legatus
1364 2772 1420 2823 et
1439 2768 1558 2822 dux
1580 2767 1965 2839 expeditionis
1986 2765 2070 2820 in-

413 2861 679 2929 stitutus,
697 2864 827 2933 post
847 2863 1153 2932 superatos
1189 2857 1408 2913 multos
1428 2856 1677 2923 labores,
1684 2856 1811 2927 jam
1850 2855 2071 2928 pacatis

416 2949 656 3006 omnino
689 2949 884 3018 rebus,
915 2946 1235 3004 Antiochia:
1276 2945 1422 3018 ipsis
1463 2944 1736 3002 Kalendis
1764 2942 2014 3016 Augusti
2039 2958 2071 2997 e

415 3040 562 3096 vivis
612 3041 968 3105 excesserat;
1016 3042 1140 3091 tum
1202 3034 1534 3107 pontiﬁcem
1593 3037 1802 3106 rogant
1858 3036 1923 3086 ut
1974 3030 2069 3087 ille

414 3129 560 3201 ipse,
590 3127 690 3201 qui
722 3143 899 3182 sacras
930 3123 1282 3197 expeditioni
1319 3128 1520 3179 auctor
1566 3126 1623 3177 et
1670 3120 2070 3193 promulgator

2159 550 2689 622 archiepiscopum,
2712 552 2809 623 qui
2843 556 2900 608 et
2931 552 3048 610 illis
3094 555 3154 610 in
3186 554 3460 611 omnibus
3493 554 3843 627 apostolica

2157 638 2281 694 vice
2306 640 2555 709 adesset,
2575 644 2631 695 et
2650 640 2926 697 ecclesias
2942 642 3001 698 in
3025 643 3168 700 locis
3182 645 3339 700 unde
3358 644 3570 717 pagani
3589 642 3831 717 expulsi

2159 733 2297 781 sunt
2330 727 2741 784 instauraret.»
2766 733 2823 785 Is
2854 735 3060 803 postea
3088 732 3275 806 captis
3296 731 3701 805 Jerosolymis,
3722 736 3831 789 Ar-

2161 815 2321 870 null'o
2344 815 2539 871 locum
2583 818 2992 892 cedente,ejus
3032 822 3197 877 urbis
3224 821 3563 893 patriarcha
3592 821 3825 895 procis-

2160 908 2354 959 matus
2380 908 2492 971 est,
2516 910 2580 960 ut
2609 906 2830 978 passim
2862 908 2962 964 alii
2994 913 3260 967 auctores
3285 910 3694 967 observarunt.
3717 911 3825 967 Ja-

2159 1009 2309 1047 nuen
2318 1009 2410 1047 ses
2427 1009 2493 1049 co
2514 998 2774 1066 tempore
2789 997 2975 1053 sancti
2993 998 3239 1054 Joannis
3252 998 3522 1072 Baptistae
3539 998 3829 1072 reliquias

2159 1098 2189 1136 e
2217 1082 2376 1154 Myra
2399 1082 2565 1137 Liciae
2599 1084 2743 1139 urbe
2772 1086 3015 1142 domum
3068 1087 3340 1145 retulisse
3388 1092 3818 1157 memorantur,

2159 1187 2307 1242 quas
2329 1171 2504 1226 etiam
2532 1187 2687 1227 nunc
2720 1173 2935 1230 habent
2961 1175 3022 1231 in
3053 1176 3300 1233 ecclesia
3340 1175 3819 1249 metropolitano.

2159 1259 2277 1314 Has
2310 1258 2779 1316 Christianorum
2819 1262 3112 1334 victorias,
3145 1264 3308 1321 solus
3358 1266 3509 1322 inter
3533 1266 3827 1323 Christia-z

2160 1363 2265 1402 nos
2296 1348 2587 1420 principes
2629 1350 3312 1424 Constantinopolitanae
3341 1352 3661 1425 imperator
3698 1370 3828 1426 per-

2158 1437 2451 1499 turbabat,
2500 1437 2642 1493 adeo
2692 1442 2775 1506 ut,
2812 1438 3006 1511 inquit
3052 1440 3391 1514 Bertoldus,
3422 1441 3601 1498 etiam
3646 1442 3832 1500 urbes

2160 1542 2287 1596 quae
2314 1526 2386 1579 ab
2417 1525 2874 1583 occidentalibus
2900 1533 3079 1601 captaa
3113 1529 3344 1586 fuerant
3368 1531 3622 1587 incendio
3651 1531 3817 1587 deua-

2157 1616 2300 1669 stare
2329 1618 2378 1668 et
2404 1615 2637 1684 paganis
2667 1615 2889 1671 reddere
2931 1634 3045 1672 non
3078 1617 3459 1688 dubitaverit;
3491 1623 3548 1676 et
3592 1621 3704 1677 iter
3732 1622 3821 1677 Je-

2159 1702 2624 1773 rosolymitanum
2648 1719 2748 1774 per
2774 1720 2933 1760 suam
2958 1709 3281 1777 potestatem
3298 1707 3557 1763 omnibus
3574 1711 3831 1780 peregri-

2163 1793 2270 1855 m‘s,
2302 1796 2590 1861 quantum
2622 1792 2829 1863 potuit,
2865 1796 3088 1850 omnino
3114 1794 3476 1867 prohibuerit.

2343 1878 2590 1934 CCCXII.
2620 1879 3100 1938 Schismaticorum
3131 1884 3306 1940 Romae
3334 1890 3651 1942 conventus.

2247 1967 2419 2022 Porro
2449 1970 2555 2023 etsi
2589 1967 2702 2023 illis
2729 1971 3115 2042 temporibus,
3141 1971 3358 2044 quibus
3380 1988 3586 2029 omnes
3608 1974 3833 2047 ubique

2173 2056 2435 2127 gentium
2468 2057 2527 2111 in
2558 2056 2773 2112 Urbani
2799 2058 3191 2116 obedientiam
3214 2077 3330 2117 uno
3353 2062 3555 2118 animo
3588 2079 3833 2120 consen-

2172 2145 2281 2199 tire
2311 2144 2675 2209 videbantur,
2699 2163 2790 2202 res
2818 2146 3327 2205 schismaticorum
3353 2151 3672 2223 desperata:
3704 2167 3829 2209 om-

2175 2233 2313 2288 nino
2334 2251 2460 2289 esse
2490 2234 2849 2301 debuissent,
2874 2236 3029 2292 haud
3061 2240 3259 2294 tamen
3281 2237 3364 2293 illi
3386 2257 3420 2293 a
3441 2240 3568 2296 suis
3585 2255 3832 2297 convert.

2172 2323 2354 2389 tibus,
2379 2323 2619 2379 absente
2662 2323 2797 2379 licet
2841 2324 3141 2394 Guiberto,
3173 2327 3530 2396 abstinuere,
3552 2331 3712 2401 quod
3759 2346 3829 2387 et

2175 2427 2377 2467 eorum
2417 2412 2919 2484 pseudosynodica
2949 2414 3195 2486 epistola
3236 2418 3508 2473 universis
3549 2419 3723 2475 Deum
3752 2422 3834 2476 ti-

2173 2500 2464 2567 mentibus,
2499 2505 2565 2555 ut
2610 2501 2724 2573 ipsi
2771 2503 3161 2571 mentiuntur,
3192 2508 3245 2561 et
3290 2506 3526 2561 salutem
3571 2508 3837 2567 Roma

2173 2590 2491 2660 reipublicae
2544 2590 2901 2658 diligentibus
2953 2591 3237 2665 inscripta
3289 2597 3469 2666 patet,
3522 2610 3697 2668 quam
3760 2612 3839 2653 ex.

2177 2678 2447 2733 Bennone
2498 2678 2555 2732 in
2603 2678 2735 2733 Vita
2790 2678 3171 2737 Hildebrandi
3230 2682 3513 2740 Batonius
3553 2684 3624 2741 ad
3669 2684 3836 2743 hunc

2177 2782 2395 2821 annum
2427 2770 2485 2821 et
2514 2767 2779 2823 Labbeus
2819 2768 2879 2822 in
2921 2770 3254 2841 Appendice
3294 2772 3440 2828 tomi
3469 2770 3514 2827 Χ
3545 2772 3834 2831 Concilio-

2178 2871 2309 2909 rum
2338 2854 2679 2911 retulerunt.
2704 2856 2784 2910 Ex
2814 2856 2924 2912 hac
2947 2872 3082 2913 vero
3107 2858 3394 2916 discimus
3412 2860 3657 2932 quinam
3689 2867 3834 2920 tunc

2179 2942 2372 2999 Romae
2404 2943 2619 2999 fuerint
2647 2944 2919 3017 principui
2951 2946 3221 3003 factionis
3247 2948 3601 3005 Guibertina
3634 2950 3835 3007 fauto-

2178 3049 2290 3098 res,
2318 3048 2569 3104 quorum
2601 3034 2841 3089 nomina
2870 3038 2927 3089 et
2956 3034 3270 3107 dignitates
3298 3036 3407 3093 hoc
3436 3038 3641 3094 ordine
3670 3041 3732 3094 in
3766 3054 3837 3099 ea

2175 3126 2568 3177 recensentur.
2627 3121 2948 3177 Adatbertus
3008 3126 3290 3196 episcopus
3357 3130 3570 3184 sanctae
3622 3128 3840 3199 Ruﬁna

274 4736 287 4745 “
397 4743 541 4799 tuali
574 4761 768 4801 veram
801 4747 858 4803 in
885 4751 1109 4807 Christo
1140 4753 1591 4823 subjectionem.
1630 4736 1939 4807 νοιυιιηυδ
1968 4738 1994 4776 ³

417 3198 746 3293 praecipuus
796 3216 1006 3280 fuerat,
1035 3213 1093 3268 in
1126 3212 1420 3268 Orientem
1468 3212 1657 3267 veniat
1705 3226 1908 3266 eorum
1954 3210 2073 3293 dua
2101 3198 2143 3265 C
2183 3210 2352 3267 Silvae
2410 3210 2689 3278 Candidas,
2732 3215 2971 3268 Joannes
3028 3213 3308 3285 episcopus
3365 3215 3648 3284 Ostiensis,

417 3288 476 3365 et
504 3288 775 3381 princeps
824 3305 1080 3367 futurus,
1106 3307 1172 3356 ut
1217 3305 1351 3374 post
1380 3302 1652 3373 adeptam
1700 3300 1894 3355 Rome
1926 3288 2077 3354 Petri
2187 3302 2462 3372 episcOpus
2497 3302 2887 3368 Praenestinus,
2915 3301 3163 3357 Albertus
3204 3304 3482 3375 episcopus
3509 3288 3839 3376 Nepesinus,

420 3396 789 3463 cathedram,
822 3392 882 3447 in
918 3408 1035 3463 qua
1074 3392 1201 3463 jam
1230 3391 1303 3446 ab
1336 3389 1561 3461 aliquot
1608 3388 1779 3444 annis
1817 3388 2076 3444 sedebat,
2184 3390 2367 3445 Benno
2395 3388 2699 3446 cardinatis
2739 3389 3023 3461 presbyter
3050 3392 3203 3446 urbis
3246 3390 3446 3460 Romae,
3500 3392 3836 3451 Octaviam

420 3484 607 3546 simili
641 3498 874 3556 quoque
905 3481 1121 3536 honore
1174 3479 1235 3536 in
1295 3479 1480 3535 altera
1509 3478 1775 3550 ejusdem
1833 3475 2079 3549 apostoli
2183 3479 2459 3551 presbyter
2509 3478 2810 3533 cardinatis
2862 3478 3196 3549 designatus,
3237 3482 3440 3536 Paulus
3483 3484 3841 3555 primicerius

419 3575 704 3635 cathedra
729 3569 1052 3627 Antiochiae
1085 3570 1395 3624 frueretur.
1421 3568 1551 3623 Haec
1589 3565 1833 3639 epistola
1862 3566 2081 3638 scripta
2187 3570 2439 3624 Romanae
2504 3568 2785 3631 Ecclesim,
2845 3568 3104 3624 Nicotaus
3163 3569 3362 3625 electus
3426 3571 3594 3627 abbas
3647 3574 3840 3630 Sancti

420 3667 536 3724 fuit
568 3664 629 3726 11'
670 3661 762 3718 die
788 3661 1039 3715 intrante
1064 3658 1428 3729 Septembrio,
1456 3656 1752 3711 indictione
1770 3670 1844 3724 IV,
1868 3660 1933 3709 ut
1954 3654 2077 3710 indi
2186 3657 2434 3713 Silvestri
2460 3655 2613 3712 urbis
2663 3656 2859 3724 Romae,
2892 3657 2955 3711 Ν.
2987 3657 3153 3713 abbas
3181 3658 3371 3714 Sancti
3415 3660 3709 3717 Pancratii
3737 3678 3836 3718 ur-

422 3761 517 3812 cat
562 3758 736 3817 editio
796 3746 1109 3807 Baluziana
1156 3745 1304 3800 libro
1332 3763 1347 3799 ι
1381 3744 1620 3801 Miscell.
1653 3761 1783 3817 pag.
1818 3745 1942 3812 419,
1974 3743 2075 3801 ubi
2187 3748 2268 3801 bis
2301 3747 2497 3811 Romae,
2533 3747 2585 3798 et
2612 3744 2806 3812 clerus,
2839 3749 2891 3800 et
2928 3746 3227 3802 clarissimi
3267 3749 3545 3821 principes
3576 3748 3837 3806 Theobat-

417 3843 701 3921 integrior
728 3841 993 3911 βαθεῖαι·
1021 3852 1199 3907 quam
1240 3835 1393 3906 apud
1435 3834 1801 3890 Fulcherium
1834 3835 1894 3889 in
1925 3833 2075 3889 libro

415 3934 486 3990 de
513 3939 696 4008 gestis
724 3941 825 3997 Dei
852 3961 957 4015 per
983 3926 1274 4000 Francos.
1305 3925 1495 3996 Ipsam
1543 3928 1735 4015 autem
1788 3924 2075 4015 integram

412 4023 625 4083 referre
654 4013 991 4090 visum—non
1035 4018 1146 4093 θοι
1195 4030 1378 4086 operae
1424 4014 1696 4086 pretium,
1732 4030 1865 4069 cum
1917 4013 2073 4084 apud

407 4109 540 4168 illos
571 4122 835 4177 auctores
867 4124 1031 4180 facile
1076 4103 1301 4184 hac“eri
1348 4103 1561 4176 Ροεείιί
1595 4119 1775 4175 quam
1824 4101 2077 4157 ευίῖἶοίαί

408 4199 501 4264 hic
526 4205 766 4266 tituium
796 4212 924 4284 ejus
950 4215 1223 4274 exhibere
1255 4211 1294 4276 .’
1318 4217 1348 4244 “
1384 4193 1630 4249 Domino
1660 4194 1861 4248 ⁸⁸³0ίο
1892 4205 1958 4245 ⁸ο
1983 4206 2074 4243 νθ”

405 4298 651 4354 nerahili
683 4277 844 4373 papa;
875 4302 1127 4377 Urbano,
1163 4308 1333 4365 Buam
1367 4283 1585 4377 undu‘?’
1608 4277 2076 4377 “.“iiimind‘fs

404 4386 591 4442 sancti
621 4364 828 4461 E'giaii
872 4364 1497 4463 comes,'Godéf§,;ides
1528 4371 1646 4463 dux
1678 4364 2076 4463 Lothharien‘sis
2186 4364 2418 4463 Uelsum
2446 4369 2501 4463 et
2531 4364 2808 4463 postridie
2860 4365 3015 4463 apud
3070 4366 3345 4463 Sanctam
3405 4367 3678 4463 biariam,
3710 4384 3837 4444 quo

403 4480 461 4531 et
518 4453 825 4536 Rotbertus
883 4453 1086 4540 comes,
1131 4453 1615 4544 Northim—annfe’
1652 4460 1708 4511 et
1765 4454 2076 4544 “.Otieri“
2186 4453 2401 4544 dicit“
2449 4453 2896 4544 Roi‘ini‘ami
2927 4454 3278 4544 itaqugﬁas,
3316 4457 3593 4515 θθθιθδίδθ
3643 4459 3837 4515 Rom“

402 4563 845 4624 “Mammium
868 4587 1080 4639 comes,
1105 4540 1160 4630 e’t
1553 4560 1780 4629 cb‘mes
1804 4541 2074 4639 Boloniaa,
2107 4564 2152 4630 Β
2186 4542 2377 4599 adhuc
2406 4541 2830 4639 possidebant),
2862 4540 3059 4614 ibique
3094 4542 3225 4639 illas
3271 4543 3521 4603 haereses
3552 4548 3835 4605 condem-

401 4653 650 4710 Balutem
679 4661 735 4711 et
764 4659 958 4716 ﬁdelia
983 4630 1234 4733 segnia,
1259 4630 1540 4720 ςιίηήιίί
1570 4680 1676 4717 suo
1699 4630 1878 4734 patri
1899 4631 2073 4703 spiri-
2184 4649 2374 4688 nasse.
2586 4630 2936 4734 pollicentur
2960 4632 3337 4734 securitatem
3369 4634 3611 4734 cuilibet
3640 4653 3838 4695 occur-

2184 4738 2307 4778 rere
2329 4719 2543 4776 volenti
2578 4719 2649 4775 ad
2692 4719 2952 4791 proxime
3004 4719 3259 4776 futuram
3308 4722 3622 4795 synodum,
3654 4739 3835 4798 quam

1918 4827 2072 4868 'uam
2183 4813 2332 4867 circa
2394 4808 2659 4865 Kalendas
2706 4808 3029 4864 Novembres
3077 4808 3368 4867 celebrare
3421 4812 3775 4885 disponunt.
3809 4836 3836 4862 ιι

2013 4916 2074 4962 ‘o
2183 4903 2320 4957 Data
2342 4907 2421 4955 est
2448 4898 2570 4953 haec
2616 4896 2864 4967 epistola
2893 4898 3069 4953 Romae
3108 4901 3296 4954 contra
3341 4899 3740 4973 schismaticos,
3772 4908 3836 4960 ut

2182 4994 2411 5053 vocant,
2444 4989 2503 5040 in
2530 5001 2683 5040 sacro
2726 4989 3013 5054 conventu,
3043 5004 3189 5043 anno
3217 4988 3287 5043 ab
3316 4990 3709 5050 Incarnatione
3734 4993 3833 5049 Do-

2202 5081 2329 5136 ~lini
2354 5078 2509 5144 1098,
2531 5074 2828 5129 indictione
2857 5083 3035 5145 sexta,
3060 5090 3161 5144 vn,
3186 5076 3310 5132 Idus
3330 5078 3584 5149 Augusti.
3608 5082 3681 5136 At
3702 5095 3832 5137 cum

2183 3835 2279 3889 dus
2311 3833 2580 3899 Chinebii,
2612 3835 2664 3888 et
2691 3832 2971 3890 Udatricus
3013 3833 3079 3889 de
3106 3834 3304 3892 Sancto
3344 3837 3635 3893 Eustachio
3655 3842 3708 3894 et
3730 3855 3836 3911 po-

2179 3922 2347 3993 pulus
2376 3921 2667 3976 Romanus.
2694 3920 2781 3976 Illi
2801 3926 2892 3976 ter
2919 3938 2982 3978 se
3011 3924 3350 3981 convenisse
3377 3925 3438 3981 in
3465 3925 3715 3983 diversis
3747 3944 3839 3984 ur-

2185 4010 2275 4064 bis
2308 4009 2501 4065 Roma:
2543 4008 2803 4065 ecclesiis
2851 4010 3034 4079 aiunt,
3068 4012 3139 4067 ad
3172 4012 3559 4070 destrucndas
3586 4014 3837 4072 hereses

2185 4099 2256 4152 ab
2290 4096 2702 4164 Hildebrando,
2735 4097 2819 4153 sic
2850 4099 3024 4155 etiam
3056 4104 3195 4156 tunc
3221 4101 3572 4175 Gregorium
3604 4104 3709 4159 VII
3739 4122 3836 4178 ap-

2185 4185 2500 4258 pellabant,
2520 4185 2887 4255 adinventas;
2912 4187 3102 4259 primo
3122 4188 3359 4259 quidem
3391 4190 3574 4246 Nonis
3592 4193 3840 4265 Augusti

2186 4275 2338 4348 apud
2357 4279 2632 4330 Sanctum
2652 4274 2931 4343 Blasium,
2948 4281 3075 4331 tum
3096 4293 3196 4333 vm
3218 4277 3358 4334 Idus
3377 4280 3532 4351 apud
3555 4280 3837 4337 Sanctum

393 4835 513 4887 tem
544 4850 749 4889 omnes
779 4842 833 4892 et
862 4838 1264 4896 desideramus
1295 4838 1457 4893 vobis
1486 4842 1688 4895 notum
1715 4842 1840 4897 fieri
1862 4862 1897 4916 q

394 4935 612 4992 magna
654 4922 753 4979 Dei
804 4928 1228 4995 misericordia,
1261 4944 1557 4999 quamque
1603 4930 1999 4991 evidentissin.

396 5007 583 5079 ipsius
611 5012 706 5068 Dei
735 5015 1094 5072 adminiculo
1118 5033 1151 5070 a
1175 5015 1344 5070 nobis
1371 5022 1541 5090 capta
1569 5025 1656 5074 est
1682 5021 2035 5093 Antiochia,»

396 5102 504 5154 ac.
529 5100 674 5163 Quid
705 5120 836 5161 vero
868 5104 963 5159 his
994 5104 1204 5159 ιίιιρνίς
1237 5108 1598 5177 responderit
1632 5112 1909 5182 ροηιίιεχ,
1942 5132 2039 5170 no-
2145 5100 3035 5182 a.."”,‘_f"1’°,:_'f1“fffi’f“j"“f"

395 5184 485 5242 bis
516 5193 603 5244 est
620 5188 1082 5264 incompertum;
1115 5197 1176 5248 at
1200 5160 1420 5249 certum
1452 5200 1541 5252 est
1567 5160 1701 5253 eu‘in
1732 5160 2033 5270 nunqham
2148 5160 2378 5260 Quid“
2414 5178 2445 5217 θ
2471 5160 2778 5216 cumanae
2823 5162 2895 5270 fld
2946 5178 3121 5270 sua?
3165 5164 3429 5270 incinit.“
3482 5173 3833 5270 omnium“)

397 5274 581 5332 ullum
626 5279 738 5334 iter
782 5253 842 5334 in
894 5278 1187 5336 Orientem
1244 5283 1591 5355 suscepisse.
1624 5285 1740 5341 Nec
2146 5253 2535 5348 signa“
2565 5266 2694 5355 88,8?
2725 5254 2880 5307 certo
2911 5253 3570 5324 Ρτωνίάθτθηίνηθδίθδ
3591 5259 3826 5315 adma"

389 5366 532 5436 quin
563 5368 657 5423 hic
688 5366 1011 5424 revocanda
1040 5368 1115 5424 sit
1144 5343 1464 5427 Daimbcrti
1495 5374 1568 5428 ad
1604 5371 2036 5443 crucesignatos
2147 5383 2286 5435 runt
2315 5356 2555 5434 caelun.‘
2587 5343 2645 5436 ei
2672 5343 2917 5443 ‘2‘”???
2944 5357 3008 5439 5.8
3037 5358 3409 5443 {mquaﬂugm
3437 5358 3661 5443 .eomm
3703 5362 3822 5443 ηδ’
3906 5388 3907 5393 “

386 5426 617 5526 legatio,
642 5470 823 5527 quam
846 5454 953 5509 hoc
982 5473 1132 5516 anno
1152 5426 1581 5517 commemorat
1607 5426 2035 5521 Dieirtold‘usﬂbis
2557 5427 2662 5524 dc‘
2696 5426 3823 5537 C“f{‘?l‘_°_i?_{°‘1_f‘ﬁ§“9mr>cognatam»

385 5544 576 5598 verbis
613 5560 627 5600 :
661 5516 689 5593 ᾇ
739 5542 1021 5631 Dominus
1080 5567 1251 5624 papa,
1285 5547 1479 5616 inquit
1533 5548 1632 5603 ille
1687 5551 1910 5616 auctor,
1962 5554 2033 5609 ad
2143 5553 2302 5628 quod
2334 5516 2402 5609 ut
2425 5516 2693 5613 ξιξνθῇᾆω
2725 5516 3093 5631 ιδτίξξδξτξξξν

385 5632 654 5689 eamdem
692 5608 1129 5697 multitudinem
1157 5608 1755 5708 .su’amdegationem
1805 5608 2033 5712 direxit,
2142 5608 2494 5699 t‘holicorum
2524 5608 2941 5719 libre-mpm”ﬂ
2969 5621 3086 5683 pm
3117 5608 3392 5668 manu)“
3421 5608 3735 5687 h‘bebu"
3764 5609 3824 5674 i'
