3950 6218
106 382 219 451 Mi

1731 400 1935 468 VITA.

3409 410 3527 479 242

101 518 301 618 ignem
331 522 676 600 projecere,
693 526 843 603 quod
872 528 1049 590 variis
1077 529 1458 593 conciliorum
1489 548 1773 596 eonvoca-
1801 534 1857 605 Α
1886 535 2026 596 1098
2056 537 2452 616 consignatur,
2488 536 2664 601 aliam
2693 541 2766 602 ab
2797 557 2866 601 ea
2893 558 3008 600 non
3049 557 3179 601 esse
3209 561 3337 618 quas
3371 563 3526 604 anno

100 614 371 672 tionibus
403 633 520 689 per
550 634 743 677 annos
779 621 1066 680 sexdecim
1109 624 1277 682 factis
1323 630 1380 683 et
1410 626 1653 695 iteratis,
1692 628 1776 685 illi

99 718 414 778 nunquam
449 706 729 779 ipsorum
763 712 1002 769 monitis
1047 730 1218 770 aures
1250 717 1505 786 pra-bere
1560 717 1776 775 voluis-

100 799 252 851 sent.
277 796 461 853 nHtec
484 799 567 854 de
583 799 997 873 schismaticis,
1020 804 1273 876 quicum
1296 805 1567 863 Bennone
1599 824 1771 880 pseu-

104 884 406 941 docarnali
460 888 811 959 pontificem
838 897 1103 949 nostrum
1146 895 1455 951 Turbanum
1484 896 1775 969 appellare

102 975 407 1044 amabant,
431 976 515 1032 ob
564 977 650 1045 id,
674 979 827 1051 quod
875 980 1133 1055 Gregorii
1172 983 1431 1058 vestigiis
1461 984 1769 1056 inhaerens,

106 1062 333 1130 turbas,
386 1069 459 1120 ut
513 1065 637 1140 ipsi
673 1066 1206 1141 calumniabantur,
1239 1073 1624 1131 continuaret.
1659 1076 1771 1132 Sed

107 1149 315 1209 talium
346 1152 682 1212 hominum
706 1159 983 1227 convicia,
1014 1164 1100 1217 tot
1129 1166 1269 1217 sunt
1313 1163 1429 1218 veri
1478 1164 1771 1236 pontiﬁcis

104 1240 310 1314 elogia.
326 1243 401 1299 Et
418 1244 899 1305 certeUrbanum
913 1250 1073 1321 pacis
1090 1259 1402 1319 amantem,
1419 1258 1476 1308 et
1506 1253 1769 1309 omnium

106 1328 442 1401 hominum,
459 1333 572 1406 qui
601 1338 761 1403 tunc,
775 1341 841 1391 ut
859 1337 932 1394 de
951 1339 1146 1412 Moyse
1162 1339 1421 1411 loquitur
1445 1342 1766 1413 Scriptura,

100 1417 157 1473 in
179 1422 338 1476 terra
365 1423 788 1489 morabantur,
817 1425 1201 1483 mitissimum
1225 1428 1427 1498 fuisse,
1448 1430 1624 1484 etiam
1656 1430 1767 1501 ipsi

101 1505 471 1566 schismatici
507 1511 681 1568 fateri
740 1512 828 1568 vel
876 1513 1041 1570 inviti
1083 1517 1456 1589 cogebantur.
1491 1518 1767 1581 Quisnam

100 1611 231 1652 vero
288 1598 547 1656 haeresis
578 1600 681 1657 illa
708 1607 850 1669 erat,
882 1619 1060 1675 quam
1091 1605 1451 1662 schismatici
1492 1607 1767 1679 Gregorio

102 1683 196 1741 VII
221 1684 669 1760 impingebant,
704 1690 987 1748 discimus
1018 1709 1084 1748 ex
1114 1694 1316 1749 eodem
1376 1696 1647 1752 Bennone
1706 1696 1764 1751 in

103 1770 361 1848 Gregorii
385 1776 544 1845 Vita,
570 1778 672 1834 ubi
701 1779 784 1835 sic
806 1780 981 1837 habet
1005 1798 1018 1836 :
1048 1782 1390 1839 «Gloriosus
1422 1784 1764 1841 Hildebran-

1886 629 2289 702 subsequenti.
2312 634 2377 688 ut
2398 634 2663 688 auctores
2676 628 2929 705 aequales
2949 629 3224 700 referunt,
3240 631 3530 694 celebrata

1885 722 2009 788 est;
2044 736 2219 793 quam
2279 721 2563 778 Baronius
2601 728 2657 777 et
2689 722 2955 778 Labbeus
3011 737 3081 778 ex
3137 722 3288 779 male
3340 722 3532 781 locata

1885 810 2104 881 synodo
2128 809 2365 867 Barensi
2396 827 2512 866 uno
2543 828 2697 866 anno
2718 816 2949 883 tempus
2990 815 3401 883 praevertentes
3454 814 3523 869 ad

1885 914 2105 953 annum
2142 900 2275 954 1098
2307 914 2438 955 cum
2489 901 2616 971 ejus
2666 900 2993 957 canonibus
3042 900 3273 957 incaute
3316 902 3527 959 retule-

1883 991 2041 1042 runt.

2199 1076 2518 1134 CCCXXIV.
2557 1079 2809 1133 Barensis
2840 1079 3036 1150 synodi
3062 1087 3201 1135 acta.

1951 1163 2126 1219 Porro
2148 1163 2281 1221 licet
2301 1165 2652 1237 praecipuam
2671 1181 2871 1222 eorum
2888 1183 3016 1239 quae
3039 1167 3096 1221 in
3117 1168 3356 1225 Barensi
3387 1184 3522 1239 syn-

1880 1252 1991 1308 odo
2008 1258 2173 1325 gesta
2193 1258 2332 1309 sunt
2354 1254 2621 1310 notitiam
2643 1254 2980 1327 Anglicanis
3002 1255 3298 1311 historicis
3310 1256 3522 1313 debea-

1879 1357 2032 1405 mus,
2048 1341 2148 1413 qui
2161 1342 2230 1396 de
2242 1358 2309 1397 ea
2330 1344 2630 1397 occasione
2646 1343 2834 1398 sancti
2858 1343 3115 1398 Anselmi
3136 1344 3518 1416 scripserunt,

1878 1428 2033 1484 haud
2049 1434 2266 1499 tamen,
2283 1434 2348 1485 ut
2356 1431 2481 1501 jam
2496 1431 2867 1486 observatum
2886 1435 2995 1497 est,
3012 1431 3375 1488 aliisauctori
3387 1434 3516 1499 bus,

1877 1521 1933 1572 et
1962 1518 2199 1590 quidem
2226 1518 2521 1591 gravibus,
2545 1519 2668 1574 loco
2696 1524 2754 1574 et
2793 1523 2958 1574 astate
2992 1520 3294 1591 proximis,
3320 1521 3519 1593 ignota

1876 1605 2182 1663 fuit.Certo
2199 1607 2417 1664 multos
2434 1607 2567 1662 cleri
2589 1611 2646 1663 et
2674 1606 2960 1663 nobilium
2986 1624 3253 1679 proceres
3283 1610 3353 1665 ad
3388 1626 3515 1664 eam

1876 1697 2213 1752 convenisse
2244 1696 2447 1751 scribit
2475 1712 2800 1767 anonymus
2856 1695 3125 1751 Barensis
3157 1695 3248 1751 bis
3276 1697 3469 1753 verbis
3502 1715 3515 1754 :

1875 1784 2028 1838 Anno
2053 1784 2209 1850 1099,
2244 1801 2417 1856 quem
2451 1785 2601 1840 sicut
2629 1788 2687 1838 ct
2712 1784 3092 1840 indictionem
3126 1802 3160 1839 a
3190 1785 3519 1857 Septembri

106 1861 215 1964 dus
253 1869 313 1919 et
344 1865 722 1964 pedisequus
752 1869 881 1939 ejus
934 1869 1246 1927 Turhanus
1279 1888 1425 1928 nova
1473 1878 1764 1945 potestate
1796 1899 1844 1964 Β
1875 1873 2253 1944 praecedentis
2273 1874 2431 1935 anni,
2456 1877 2523 1928 ut
2548 1890 2677 1928 mox
2700 1873 3062 1937 dicebamus,
3091 1872 3346 1941 inchoat,
3375 1875 3518 1930 indi-

106 1950 391 2009 solventes
412 1954 1159 2015 decretaChalcedonensis
1171 1960 1422 2027 concilii,
1442 1978 1557 2017 non
1571 1961 1763 2018 solum
1796 1950 1843 1964 ”’
1872 1962 2048 2016 ctione
2075 1979 2173 2027 vn,
2196 1964 2357 2018 tertia
2372 1962 2461 2017 die
2481 1964 2723 2017 intrante
2742 1977 2926 2017 mense
2947 1962 3182 2027 Octobri,
3206 1964 3351 2018 venit
3369 1979 3516 2035 papa

103 2041 312 2108 verbis,
344 2045 455 2100 sed
488 2049 552 2100 et
595 2045 831 2118 scriptis
854 2047 1107 2119 publicis
1136 2054 1561 2107 consenserunt
1604 2056 1763 2107 extra

106 2130 410 2189 ecclesiam
472 2136 925 2192 communicare
955 2140 1013 2192 et
1068 2138 1381 2209 baptizare,
1414 2156 1593 2211 quam
1626 2140 1760 2195 caeci

104 2226 313 2289 essent,
337 2238 526 2295 quam
551 2223 812 2280 haeretici
843 2225 1095 2298 propriis
1126 2227 1361 2299 scriptis
1392 2228 1759 2300 deprehensi,

106 2314 230 2377 etc.;
252 2316 510 2385 uterque
553 2314 619 2369 in
644 2312 913 2371 haeresim
948 2314 1153 2371 Liberii
1187 2316 1410 2383 incidit,
1446 2317 1543 2389 qui
1602 2321 1759 2389 post-

104 2412 272 2470 quam
305 2400 554 2473 publice
578 2402 1033 2459 communicavit
1050 2405 1588 2473 excommunicatis,
1612 2407 1760 2461 duas

108 2487 385 2547 Ecclesiae
444 2489 680 2547 faciens
736 2490 1025 2548 unitatem
1055 2493 1247 2560 scidit,
1283 2516 1310 2545 »
1353 2498 1463 2551 etc.
1494 2495 1587 2551 Sic
1645 2495 1755 2566 ipsi

107 2576 460 2635 schismatici
487 2583 766 2636 auctores
798 2580 1111 2638 catholicos
1132 2587 1189 2638 et
1209 2583 1452 2640 unitatis
1468 2588 1757 2640 amatores

107 2664 513 2725 schismatioos
539 2668 839 2741 appellare
871 2669 1026 2725 haud
1057 2670 1425 2727 dubitabant.

107 2756 410 2814 CCCXXIII.
446 2760 768 2816 Concilium
794 2761 1033 2815 Barense
1071 2760 1165 2816 hoc
1200 2777 1346 2816 anno
1399 2762 1750 2817 celebratum.

174 2846 449 2904 Catholici
478 2864 627 2905 vero
680 2847 773 2903 die
812 2847 1079 2904 condicta
1129 2848 1522 2904 Kalendarum
1579 2850 1749 2906 Octo--

110 2934 311 3003 brium,
330 2952 433 2992 seu
461 2940 535 2992 ut
576 2935 752 2991 habet
783 2951 1112 3008 anonymus
1133 2936 1426 3002 Barensis,
1458 2938 1551 2993 die
1581 2938 1752 2995 tertia

110 3023 354 3094 ejusdem
379 3022 640 3089 mensis,
655 3023 808 3096 apud
832 3023 1066 3079 Barium
1089 3024 1375 3081 celebrem
1400 3025 1621 3098 Apulia:
1652 3043 1747 3081 ur-

108 3111 229 3168 bem
258 3113 326 3169 ad
360 3112 689 3169 concilium
720 3112 793 3167 ab
824 3110 1055 3167 Urbano
1089 3111 1377 3168 indictum
1408 3130 1743 3171 convenere.

1876 2051 2123 2107 Urbanus
2137 2067 2261 2105 cum
2275 2052 2528 2122 pluribus
2549 2052 2966 2123 archiepiscopis
2985 2058 3037 2106 et
3054 2052 3315 2122 episcopis
3341 2061 3393 2108 et
3421 2053 3514 2107 ab-

1874 2139 2103 2207 batibus,
2127 2145 2176 2195 et
2187 2141 2494 2207 comitibus,
2509 2148 2560 2195 et
2574 2142 2916 2195 intraverunt
2937 2141 2997 2194 in
3018 2132 3209 2207 Burri,
3221 2148 3274 2195 et
3283 2142 3516 2211 suscepti

1869 2233 2148 2283 suntcum
2203 2245 2403 2300 magna
2460 2229 2781 2295 reverentia,
2822 2236 2874 2283 et
2912 2229 3251 2299 przparavit
3295 2229 3535 2285 domino.

1868 2317 2042 2384 Helia,
2059 2320 2285 2372 sextum
2305 2332 2408 2387 pro
2431 2320 2606 2385 recto,
2620 2332 2759 2370 casu
2777 2314 3035 2382 adhibet;
3061 2320 3127 2370 ut
3146 2331 3214 2371 ex
3244 2315 3517 2374 Malmes-

1868 2405 2127 2461 buriensi
2152 2404 2302 2459 infra
2327 2404 2566 2476 patebit,
2584 2408 2766 2459 nostro
2777 2403 3197 2474 archiepiscOpo,
3211 2406 3520 2475 miriﬁcam

1866 2494 2044 2550 sedem
2073 2497 2220 2548 intus
2242 2494 2299 2548 in
2333 2493 2557 2547 ecclesia
2589 2492 2892 2550 beatissimi
2928 2492 3141 2546 Nicolai
3182 2495 3516 2563 confessoris

1869 2584 2089 2649 Christi,
2118 2587 2171 2638 et
2198 2583 2325 2653 fecit
2357 2581 2436 2636 ibi
2462 2580 2733 2652 synodum
2756 2588 2857 2652 per
2883 2596 3055 2636 unam
3098 2579 3511 2636 hebdomadam.

1862 2676 1991 2728 Post
2018 2672 2297 2743 completis
2321 2670 2509 2725 diebus
2525 2673 2638 2726 octo
2663 2671 2909 2741 perrexit
2929 2670 2990 2723 in
3010 2684 3159 2740 pace,
3183 2676 3234 2724 et
3258 2670 3319 2724 in
3329 2685 3531 2726 mense:

1858 2761 2007 2818 Julii
2032 2762 2166 2815 obiit
2196 2762 2310 2832 ipse
2344 2761 2609 2817 Urbanus.
2644 2758 2787 2814 Huic
2817 2758 3038 2831 synodo
3070 2772 3249 2830 quam
3278 2759 3504 2813 univer-

1859 2865 1975 2905 sam
2006 2849 2275 2905 Urbanus
2311 2849 2436 2920 ipse
2483 2848 2541 2903 in
2575 2847 2854 2919 rescripto
2897 2846 2967 2901 de
3006 2844 3299 2917 Cinglensi
3330 2845 3497 2915 cella,

1852 2938 2169 3009 plenariam
2190 2935 2466 3009 appellat,
2493 2940 2728 2990 centum
2762 2939 2822 2990 et
2850 2932 3143 3006 octoginta
3192 2934 3497 3006 episcopos

1857 3024 2217 3082 interfuisset
2233 3025 2442 3081 asserit
2454 3025 2653 3095 Lupus
2667 3024 3025 3095 Protospata,
3041 3022 3140 3078 sed
3155 3021 3398 3094 quinam
3414 3022 3497 3077 illi

1857 3115 2074 3171 fuerint
2115 3130 2286 3170 nemo
2335 3108 2544 3169 litteris
2576 3112 2850 3185 prodidit.
2879 3114 2953 3166 At
2976 3127 3091 3182 quo
3132 3110 3279 3176 loco,
3311 3128 3501 3183 quove

108 3198 226 3255 Ilaec
253 3202 516 3271 synodus
554 3199 933 3272 potissimum
965 3201 1036 3256 ad
1067 3200 1125 3256 id
1156 3204 1354 3258 coacta
1401 3202 1649 3271 videtur,
1683 3208 1749 3260 ut
1788 3264 1820 3273 _
1860 3203 2061 3259 habitu
2085 3204 2142 3258 in
2164 3202 2410 3258 concilio
2441 3201 2655 3258 sederit
2684 3199 2943 3273 pontifex
2973 3215 3042 3254 ex
3060 3198 3332 3255 Wilelmo
3363 3200 3502 3255 Mal-

109 3264 320 3345 Graecos
351 3289 508 3346 inter
534 3264 601 3345 ἐι
632 3288 869 3344 Latinos
898 3289 969 3345 de
1027 3289 1139 3345 ﬁde
1179 3291 1529 3361 conveniret,
1555 3264 1646 3347 ut,
1677 3308 1749 3347 ne
1780 3264 1823 3331 θ
1861 3290 2248 3348 mesburiensi
2279 3290 2583 3346 discimus.
2608 3264 2779 3358 Ergo,
2808 3287 3022 3359 inquit,
3057 3295 3279 3342 ventum
3326 3291 3403 3342 est
3429 3288 3502 3342 ad

111 3376 320 3433 scilicet
350 3378 542 3435 sacris
575 3376 1044 3450 expeditionibus
1070 3384 1303 3434 noceret
1357 3378 1416 3434 in
1462 3381 1748 3436 credendo

112 3464 424 3523 diversitas.
439 3467 613 3523 Hanc
626 3466 911 3536 synodum
934 3482 1086 3522 anno
1104 3467 1451 3538 precedenti
1464 3467 1750 3525 Baronius

110 3558 161 3608 et
193 3555 317 3625 ejus
354 3570 669 3628 sequaces,
696 3554 814 3610 imo
836 3558 893 3610 et
912 3554 1178 3610 Labbeus
1207 3559 1365 3611 tomo
1392 3557 1437 3611 X
1466 3555 1746 3613 Concilio-

112 3654 254 3708 rum,
283 3644 787 3718 consignaverunt
821 3661 834 3711 ;
868 3646 926 3698 at
972 3642 1180 3698 merito
1230 3642 1327 3698 alii
1359 3645 1745 3718 refragantur,

111 3728 321 3803 Lupum
344 3732 757 3805 Protospatam
775 3735 833 3787 et
848 3748 1204 3804 anonymum
1229 3732 1537 3789 Barensem
1554 3751 1745 3806 requa-

112 3815 191 3874 les
216 3823 271 3876 et
298 3820 658 3878 domesticos
687 3824 951 3877 auctores
998 3820 1207 3887 secuti,
1241 3822 1343 3893 qui
1404 3837 1532 3877 eam
1583 3823 1747 3880 initio

113 3904 362 3966 Octobris
392 3911 535 3966 anni
567 3908 732 3977 4099,
778 3925 952 3981 quem
991 3908 1208 3965 scilicet
1229 3927 1336 3965 suo
1386 3926 1548 3967 more
1579 3928 1611 3967 a
1642 3912 1744 3967 Se-

114 3996 347 4066 ptembri
362 3996 739 4070 praecedenti,
754 4013 906 4054 anno
921 3996 1060 4054 l098
1078 3996 1377 4064 inchoent,
1393 3997 1745 4055 celebratam

116 4081 281 4141 fuisse
298 4089 624 4143 testantur:
641 4085 822 4141 alium
840 4085 1130 4141 habemus
1147 4086 1410 4157 ejusdem
1436 4086 1517 4143 rei
1535 4091 1745 4144 testem

117 4173 263 4228 omni
303 4176 641 4249 exceptione
672 4176 974 4246 majorem,
1008 4175 1382 4243 Eadmerum,
1417 4176 1518 4247 qui
1552 4176 1743 4232 eidem

120 4261 344 4318 concilio
378 4263 667 4321 interfuit.
694 4262 749 4319 Is
786 4278 1016 4335 nempe,
1036 4267 1101 4318 ut
1116 4264 1242 4335 jam
1269 4263 1546 4332 diximus,
1574 4264 1749 4320 refert

117 4345 253 4405 libro
283 4367 319 4405 ιι
363 4352 683 4420 Novorum,
712 4349 1055 4407 Anselmum
1108 4367 1307 4407 mense
1346 4349 1578 4406 Octobri
1609 4352 1745 4408 anni

121 4434 247 4491 1097
256 4437 548 4497 licentiam
570 4457 606 4495 a
622 4438 920 4496 Willelmo
942 4454 1073 4511 rege
1096 4438 1415 4512 Anglorum
1430 4439 1746 4498 extorsisse

118 4524 345 4583 Romam
363 4529 643 4597 adeundi,
656 4533 714 4585 et
735 4533 867 4601 post
885 4528 1009 4584 haec
1028 4544 1231 4584 verum
1255 4545 1288 4583 a
1305 4528 1473 4583 beato
1486 4528 1745 4585 antistite

1856 3381 2169 3438 concilium.
2222 3380 2555 3451 Apostolicus
2599 3382 2725 3432 ante
2779 3392 2973 3449 corpus
3031 3376 3212 3430 sancti
3264 3376 3499 3447 Nicolai,

1856 3472 2155 3525 constratas
2184 3468 2451 3539 tapetibus
2480 3475 2530 3522 et
2557 3466 2769 3537 palliis,
2802 3466 2920 3535 ipse
2953 3463 3139 3519 casula
3165 3479 3293 3518 cum
3323 3464 3499 3535 pallio

1858 3559 2089 3613 amictus
2110 3557 2359 3611 tribunal
2379 3553 2653 3619 ascendit;
2669 3554 2850 3608 caeteri
2865 3569 2990 3607 cum
3011 3553 3200 3623 cappis
3218 3551 3496 3607 sedebant.

1858 3644 2035 3701 Paulo
2094 3643 2339 3700 inferius
2389 3643 2661 3699 observat
2705 3641 3154 3697 archidiaconum
3194 3641 3501 3695 Romanum

1856 3743 1981 3790 ante
2002 3749 2205 3806 papam
2233 3732 2449 3799 sedisse,
2468 3734 2526 3787 ut
2554 3731 2723 3787 moris
2742 3734 2839 3786 est.
2862 3730 2925 3818 1.11
2956 3727 3201 3818 concilio
3224 3727 3505 3818 Remensi

1856 3840 2008 3880 anno
2030 3823 2167 3878 4094
2189 3823 2297 3877 Leo
2320 3838 2470 3893 papa
2489 3817 2913 3876 sacerdotalibus
2933 3818 3095 3891 quasi
3116 3817 3190 3873 ad
3220 3817 3496 3873 celebran-

1855 3913 1984 3969 dam
2008 3913 2231 3968 missam
2259 3911 2462 3982 infulis
2489 3909 2775 3965 redimitus
2789 3909 3051 3980 processit
3080 3907 3153 3961 ad
3182 3905 3496 3962 concilium

1855 4017 1978 4057 cum
2006 4016 2165 4056 cruce
2196 4003 2248 4054 et
2266 3999 2557 4067 Evangelii
2576 3998 2716 4052 libro
2737 3995 3176 4052 antecedentibus
3199 4010 3326 4050 cum
3352 3994 3500 4049 sacri

1855 4090 2064 4145 ordinis
2089 4089 2379 4156 ministris,
2399 4092 2509 4142 etc.
2536 4086 2599 4141 In
2631 4086 2745 4140 ista
2756 4086 2929 4157 juxta
2960 4084 3259 4140 Urbanum
3289 4082 3501 4139 Ansel-

1857 4195 1991 4235 mus
2024 4176 2349 4233 Cantuariis
2380 4174 2855 4247 archiepiscopus
2885 4171 3126 4229 honoris
3157 4187 3354 4239 causa,
3379 4170 3502 4228 sive

1854 4267 2030 4324 etiam
2052 4269 2117 4321 ut
2133 4263 2362 4320 facilius
2384 4264 2662 4319 adversus
2683 4262 2911 4319 Grascos
2935 4261 3248 4334 disputans
3270 4259 3500 4317 auscul-

1855 4358 2094 4422 taretur,
2127 4353 2328 4408 sedere
2354 4353 2561 4423 jussus
2592 4354 2682 4406 est
2711 4366 2725 4405 :
2759 4366 2892 4406 cum
2951 4353 3145 4416 antea,
3178 4352 3244 4404 ut
3290 4349 3501 4404 scribit

1856 4444 2008 4499 idem
2034 4445 2251 4509 auctor,
2270 4441 2577 4511 ingruente
2604 4436 2884 4504 tumultu,
2909 4436 3127 4493 oblitus
3157 4435 3339 4492 fuisse
3355 4453 3511 4508 pou--

1853 4532 1996 4588 tifex
2023 4530 2216 4585 locum
2247 4528 2298 4583 ei
2330 4526 2642 4599 specialem
2671 4528 2730 4581 et
2757 4523 3146 4581 honoriﬁcum
3169 4522 3498 4596 designare.

122 4612 396 4686 gestarum
410 4618 623 4675 seriem
635 4616 1033 4691 particulatim
1048 4616 1423 4689 prosequitur
1437 4617 1506 4673 ad
1529 4616 1744 4673 Baren-
1778 4627 1825 4692 Ι)
1855 4621 2013 4677 Idem
2040 4619 2216 4674 habet
2254 4616 2574 4672 Eadmerus
2607 4614 2679 4669 de
2699 4613 2908 4669 Casula
2922 4617 2980 4669 et
3009 4612 3352 4685 pontiﬁcum
3370 4628 3502 4685 cap-

122 4716 179 4757 se
211 4705 535 4775 concilium,
560 4706 714 4779 quod
755 4723 907 4761 anno
947 4704 1349 4777 subsequenti,
1382 4705 1745 4779 proindeque

124 4789 656 4860 1098,convocatum
677 4795 858 4851 fuisse
880 4793 1331 4850 narrat.Deinde
1355 4793 1648 4863 Urbanus,
1683 4800 1747 4851 ut

125 4877 264 4937 idem
284 4888 482 4942 auctor
498 4884 846 4956 habet,post
867 4882 1029 4939 illam
1051 4883 1337 4955 synodum
1364 4899 1627 4940 reversus
1644 4885 1749 4941 lto-

126 4982 267 5026 mam
284 4970 577 5031 Willelmo
613 4973 735 5045 regi
758 4971 1025 5028 inducias
1059 4971 1417 5028 concessisse
1442 4972 1658 5028 dicitur
1675 4973 1747 5029 ad

127 5054 321 5116 festum
336 5063 519 5119 sancti
538 5060 838 5118 Michaelis
851 5060 986 5117 anni
1000 5058 1614 5132 subsequentis,quem
1628 5060 1751 5133 qui-

129 5142 247 5202 dem
260 5150 569 5206 terminum
583 5165 690 5205 nec
715 5166 832 5217 rex,
848 5165 953 5205 nec
980 5147 1106 5221 ipse
1135 5147 1389 5219 pontifex
1409 5147 1747 5221 attigerunt.

132 5232 195 5287 At
208 5235 253 5290 si
273 5236 642 5294 illaainducise
675 5237 871 5293 statim
899 5243 1029 5309 post
1047 5241 1296 5292 Barense
1317 5235 1630 5292 concilium
1655 5254 1751 5293 au-

128 5318 199 5377 no
226 5323 354 5379 1097
379 5326 621 5385 indulta
650 5326 920 5394 fuissent,
953 5326 1024 5382 ad
1047 5342 1247 5381 earum
1298 5325 1476 5381 finem
1507 5329 1751 5398 uterque

136 5412 479 5486 pertigissent
492 5413 898 5473 etWillelmus
912 5419 968 5472 et
980 5413 1270 5470 Urbanus.
1286 5416 1517 5468 Certum
1534 5414 1751 5487 quippe

135 5501 212 5553 est
237 5505 539 5577 utrumque
587 5504 660 5559 ad
690 5519 909 5559 annum
968 5503 1106 5558 1099
1134 5500 1488 5575 pervenisse.
1524 5502 1601 5558 Ex
1631 5502 1745 5571 his,

130 5580 247 5659 ~quae
275 5592 504 5663 quidem
537 5592 778 5649 omnino
807 5597 963 5648 certa
992 5595 1148 5658 sunt,
1174 5589 1445 5662 colligere
1473 5590 1648 5646 etiam
1680 5590 1749 5646 li-

137 5681 234 5749 cet,
262 5683 547 5754 synodum
602 5683 944 5751 Romanam,
978 5698 1121 5754 quae
1161 5698 1195 5737 a
1240 5678 1539 5737 nonnullis
1596 5697 1749 5737 anno

1854 4709 1967 4783 pis;
1983 4708 2083 4764 sed
2110 4706 2192 4762 ait
2212 4703 2557 4761 Anselmum
2578 4703 2835 4775 primum
2858 4702 3064 4757 ordine
3082 4718 3188 4756 suo
3217 4702 3371 4756 inter
3400 4718 3501 4756 caa-

1855 4803 2011 4853 teros
2040 4793 2331 4851 antistites
2362 4792 2606 4858 sedisse,
2641 4791 2782 4847 dum
2814 4789 3201 4845 incalescente
3243 4788 3505 4860 disputa-

1857 4886 2016 4942 tione
2064 4882 2285 4939 dictum
2336 4880 2387 4935 ei
2418 4885 2573 4936 esset
2619 4885 2685 4935 ut
2712 4878 2955 4952 propius
2985 4876 3303 4933 accederet.
3336 4878 3498 4943 Dum,

1858 4972 2048 5044 inquit
2104 4969 2200 5024 ille
2230 4972 2449 5035 auctor,
2477 4969 2536 5021 in
2567 4970 2684 5038 ipso
2737 4967 2968 5024 concilio
2992 4965 3239 5037 plurima
3295 4964 3363 5021 de
3398 4965 3503 5036 ﬁde

1858 5061 2124 5119 catholica
2150 5073 2397 5113 summus
2423 5057 2674 5127 pontifex
2699 5055 2938 5127 facunda
2984 5056 3220 5122 ratione,
3252 5056 3499 5112 rationa-

1861 5151 2069 5221 bilique
2124 5144 2385 5218 famtndia
2444 5144 2803 5212 disseruisset,
2836 5148 2995 5201 mota
3042 5141 3286 5215 questio
3345 5148 3435 5200 est
3470 5160 3504 5198 a

1860 5237 2074 5294 Graecis
2084 5237 2155 5291 de
2179 5231 2546 5306 processione
2558 5232 2813 5305 Spiritus
2827 5233 3035 5300 sancti,
3051 5249 3230 5304 quam
3245 5233 3505 5304 pontifex

1861 5314 2549 5396 multis_argumentis,et
2576 5319 2812 5393 quidem
2842 5326 2908 5377 ut
2937 5320 3262 5395 plurimum
3294 5338 3363 5376 ex
3386 5322 3501 5375 An-

1860 5413 2030 5470 selmi
2053 5404 2321 5484 cpistola,
2354 5425 2530 5481 quam
2564 5409 2654 5463 illi
2680 5411 2814 5465 olim
2843 5409 2908 5465 de
2935 5409 3323 5466 Incarnatione
3352 5406 3505 5463 Verbi

1859 5484 2258 5574 inscripserat,
2272 5496 2468 5571 petitis
2490 5498 2812 5569 approbare
2831 5499 2998 5554 nisus
3016 5501 3125 5553 est.
3149 5497 3304 5551 Idem
3331 5493 3507 5549 refert

1860 5593 2117 5647 Joannes
2165 5584 2613 5643 Sarisbericnsis
2642 5584 2703 5641 in
2745 5587 3008 5657 ejusdem
3061 5582 3321 5640 Ansclmi
3350 5580 3502 5636 Vita.

1862 5674 2307 5747 Verum,inquit
2334 5662 2675 5743 Eadmerus,
2695 5691 2828 5729 cum
2853 5690 2947 5729 res
2966 5671 3200 5742 longius
3232 5667 3503 5741 procede-
