3950 6218
373 284 492 344 239

1668 284 1739 346 B.
1786 281 2077 347 URBANI
2121 283 2174 346 ll
2218 283 2466 346 PAPJE.

3703 285 3832 348 240

396 421 607 474 comite
636 425 693 476 et
721 419 946 476 Joanne
977 418 1365 492 Squillacensi
1396 419 1668 492 episcopo
1701 418 1888 491 ipsius
1919 433 2048 474 mo-
2076 420 2128 486 Α
2159 417 2430 474 videlicet
2455 416 2847 474 venerabilem
2870 418 3264 478 Theobertum
3292 419 3517 478 Pisanis
3541 419 3835 483 Ecclesin

376 509 637 566 nasterio
668 507 880 567 collata
930 509 1182 565 inerant.
1223 508 1371 565 Illud
1405 508 1611 564 datum
1659 511 1750 564 est
1796 505 2040 573 Salerni,

2157 505 2688 578 archiepiscopum,
2710 507 2808 579 qui
2841 511 2898 564 et
2929 507 3046 565 illis
3091 509 3152 566 in
3183 509 3458 566 omnibus
3489 509 3819 582 apostolica

381 596 492 654 hoc
525 613 705 664 anno,
747 612 952 653 mense
1001 596 1351 670 Septembri,
1401 596 1720 652 indictione
1767 609 1845 663 vr,
1891 595 2048 650 unde
2153 594 2279 650 vice
2303 597 2554 666 adesset,
2573 600 2630 651 et
2648 595 2999 654 ecclesiasin
3022 598 3337 656 locisunde
3355 599 3568 672 pagani
3586 597 3828 672 expulsi

381 685 740 758 conjicimus
773 685 1074 742 Urbanum
1101 700 1169 742 ea
1199 685 1258 741 in
1291 685 1434 741 urbe
1472 700 1658 756 usque
1690 684 1760 740 ad
1795 685 2046 739 Barense

382 774 700 831 concilium
718 775 1148 847 permansisse.

563 863 835 921 CCCXXI.
871 865 1249 935 Crucesignati
1277 861 1594 918 Antochiam
1625 862 1871 933 capiunt.

453 956 597 1008 Cum
631 956 825 1009 autem
848 953 970 1008 haec
994 953 1053 1008 in
1083 951 1247 1008 Italia
1267 953 1626 1024 gererentur,
1653 947 2044 1020 crucesignati

385 1043 519 1112 post
547 1040 711 1096 varia
739 1038 958 1112 praelia,
983 1043 1040 1094 et
1087 1037 1307 1094 multas
1337 1037 1559 1109 passim
1609 1037 1782 1092 urbes
1832 1036 1942 1092 hoc
1991 1041 2044 1092 et

381 1128 714 1200 precedenti
741 1144 890 1184 anno
907 1130 1298 1200 expugnatas,
1313 1125 1686 1182 Antiochiam
1719 1141 1920 1180 mense
1940 1125 2058 1181 Ju-.

380 1218 477 1274 nio
506 1217 688 1290 hujus
719 1217 857 1273 anni
889 1219 1502 1290 occuparunt.Verum
1537 1213 1712 1288 paulo
1742 1218 1875 1288 post
1905 1214 2047 1270 Bar-

373 1306 503 1362 bari
546 1323 612 1363 ex
645 1307 824 1363 variis
855 1305 1196 1380 provinciis,
1221 1305 1402 1378 hujus
1446 1308 1621 1360 tantis
1655 1320 1898 1359 suorum
1931 1301 2046 1357 cla-

377 1395 468 1451 dis
491 1397 650 1452 fama
670 1396 864 1464 exciti,
891 1395 1070 1453 simul
1101 1395 1514 1452 convenientes
1545 1392 1718 1466 quasi
1751 1408 1858 1464 pro
1890 1408 2048 1448 com-

380 1485 547 1542 muni
579 1485 770 1542 salute
795 1485 1132 1542 dimicaturi
1154 1484 1516 1542 Christianos
1543 1482 1604 1537 in
1629 1498 1696 1538 ea
1731 1481 1877 1537 urbe
1906 1481 2050 1536 adeo

383 1575 1075 1642 arte’circumdederunt,
1098 1577 1164 1629 ut
1175 1573 1304 1644 jam
1330 1571 1492 1629 nulla
1507 1569 1787 1628 evadendi
1809 1586 1944 1642 spes
1965 1570 2050 1625 eis

389 1662 712 1736 alfulgeret.
741 1666 815 1718 At
843 1663 1103 1719 humano
1145 1661 1446 1718 deficiente
1489 1676 1812 1733 supernum
1863 1657 2052 1715 adfuit

392 1751 698 1819 auxilium,
724 1768 860 1807 cum
891 1751 1143 1819 inventa,
1166 1750 1324 1806 haud
1355 1749 1580 1822 absque
1625 1746 1892 1804 miraculi
1923 1746 2046 1819 opi-

393 1841 592 1910 nione,
623 1856 793 1896 sacra
818 1839 1022 1896 lancea
1043 1855 1160 1911 qua
1189 1837 1346 1895 latus
1369 1836 1584 1894 Christi
1618 1835 1850 1892 Domini
1873 1835 2061 1908 perfo_

395 1933 590 1985 ratum
621 1929 806 1985 fuisse
833 1928 1202 1996 credebatur,
1220 1927 1364 1982 adeo
1395 1925 1630 1982 excitati
1665 1929 1805 1982 sunt
1833 1929 2065 1981 nostro-

371 2048 378 2055 -
399 2034 532 2074 rum
555 2018 736 2074 animi
753 2020 841 2084 ut,
857 2015 1094 2089 praelato
1107 2016 1224 2072 hoc
1245 2015 1418 2088 quasi
1433 2019 1590 2071 certo
1605 2013 1856 2070 victoriae
1875 2013 2066 2088 signo,

399 2106 619 2163 milites
650 2107 710 2162 in
751 2105 1138 2162 barbarorum
1171 2104 1460 2160 exercitus
1489 2103 1682 2171 effusi,
1707 2118 1806 2158 eos
1845 2095 2065 2174 ingenti

401 2196 564 2252 clade
594 2195 832 2252 aﬂ'ectos
872 2193 1113 2250 omnino
1161 2192 1494 2265 fugaverint
1522 2208 1590 2246 ac
1621 2189 2064 2263 prostraverint.

401 2287 532 2342 Haec
561 2283 780 2352 omnia,
799 2287 1010 2356 prater
1047 2287 1318 2338 auctores
1347 2279 1603 2338 historiae
1633 2293 1936 2336 sacrarum
1966 2295 2064 2334 ex-

402 2373 800 2448 peditionum,
836 2371 1098 2428 referunt
1145 2369 1258 2443 ipsi
1289 2369 1757 2426 Christianorum
1804 2368 1982 2423 duces
2008 2373 2067 2424 et

403 2463 698 2536 principes
729 2461 792 2516 in
826 2459 1074 2532 epistola
1113 2461 1185 2514 ad
1212 2459 1511 2515 Urbanum
1535 2473 1604 2514 eo
1633 2462 1893 2530 tempore
1922 2455 2065 2512 scri-

404 2557 524 2624 pta,
557 2551 619 2606 in
665 2567 783 2622 qua
829 2553 964 2620 post
1015 2548 1196 2618 hujus
1253 2547 1507 2603 victoriae
1565 2545 1982 2610 narrationem,
2013 2539 2064 2600 ei

411 2643 666 2696 mortem
697 2638 1048 2694 annuntiant
1076 2637 1389 2692 Adhemari
1435 2633 1762 2691 Aniciensis
1787 2632 2064 2706 episcopi,

413 2727 515 2801 qui
547 2727 706 2784 sedis
738 2724 1072 2798 apostolicae
1102 2725 1332 2798 legatus
1362 2728 1420 2780 et
1438 2724 1556 2778 dux
1579 2722 1964 2795 expeditionis
1984 2721 2068 2776 in-

412 2817 826 2889 stitutus,post
847 2818 1152 2888 superatos
1188 2812 1406 2869 multos
1427 2811 1810 2882 labores,jam
1849 2811 2070 2884 pacatis

415 2905 655 2962 omnino
687 2905 883 2974 rebus,
913 2901 1234 2960 Antiochiae
1274 2901 1420 2974 ipsis
1461 2899 1735 2958 Kalendis
1763 2897 2012 2972 Augusti
2038 2914 2069 2954 e

413 2995 561 3052 vivis
614 2998 966 3060 excesserat;
1012 2998 1139 3047 tum
1200 2989 1533 3062 pontificem
1590 2992 1801 3062 rogant
1856 2990 1922 3042 ut
1973 2985 2068 3042 ille

413 3085 558 3157 ipse,
589 3083 689 3156 qui
719 3097 898 3138 sacrae
929 3079 1280 3154 expeditioni
1317 3083 1519 3134 auctor
1564 3082 1622 3134 et
1667 3075 2069 3149 promulgator

2157 688 2296 738 sunt
2326 683 2738 740 instauraret.»
2763 689 2821 741 Is
2852 690 3058 758 postea
3086 687 3274 762 captis
3294 686 3698 760 Jerosolymis,
3719 690 3826 744 Ar-

2159 771 2319 826 null‘o
2341 769 2537 827 locum
2580 773 2842 842 cedente,
2860 776 2990 848 ejus
3029 777 3194 832 urbis
3221 776 3560 850 patriarcha
3590 777 3820 850 procla-

2157 865 2352 915 matus
2377 864 2490 928 est,
2513 865 2578 916 ut
2607 861 2829 934 passim
2859 863 2960 920 alii
2991 869 3258 922 auctores
3283 865 3692 922 observarunt.
3714 865 3821 922 Ja-

2157 965 2308 1004 nuen
2317 965 2408 1004 ses
2425 965 2492 1005 eo
2511 953 2772 1022 tempore
2787 953 2973 1008 sancti
2991 953 3236 1010 Joannis
3247 953 3520 1028 Baptista:
3536 954 3822 1028 reliquias

2157 1053 2188 1092 e
2215 1037 2375 1110 Myra
2397 1037 2564 1093 Licia!
2597 1039 2741 1096 urbe
2770 1041 3013 1098 domum
3066 1041 3338 1100 retulisse
3385 1048 3815 1113 memorantur,

2157 1142 2306 1198 quas
2327 1127 2502 1182 etiam
2530 1143 2685 1182 nunc
2718 1129 2933 1186 habent
2959 1129 3020 1186 in
3051 1131 3298 1188 ecclesia
3338 1130 3816 1205 metmpolitana.

2157 1215 2275 1270 Has
2307 1214 2777 1272 Christianorum
2816 1217 3110 1290 victorias,
3143 1219 3306 1276 solus
3356 1221 3508 1277 inter
3531 1221 3824 1278 Christia~

2157 1319 2264 1358 nos
2294 1303 2586 1376 principes
2627 1305 3310 1380 Constantinopolitanae
3339 1307 3660 1380 imperator
3695 1325 3824 1382 per-

2156 1392 2450 1458 turbabat,
2498 1393 2640 1449 adeo
2690 1397 2774 1462 ut,
2809 1393 3004 1467 inquit
3050 1395 3390 1469 Bertoldus,
3419 1397 3599 1453 etiam
3645 1397 3830 1455 urbes

2158 1498 2285 1552 qua:
2311 1481 2384 1535 ab
2415 1480 2872 1539 occidentalibus
2897 1488 3077 1556 capta:
3111 1484 3342 1541 fuerant
3366 1485 3621 1542 iiwendio
3649 1486 3816 1542 deua-

2155 1571 2298 1624 stare
2327 1573 2377 1624 et
2404 1571 2636 1640 paganis
2665 1570 2888 1626 reddere
2929 1589 3043 1628 non
3075 1572 3458 1643 dubitaverit;
3489 1577 3547 1631 et
3590 1575 3704 1632 iter
3731 1577 3819 1632 Je-

2157 1657 2623 1728 rosotymitan-um
2647 1674 2746 1730 per
2772 1675 2932 1715 suam
2955 1665 3279 1732 potestatem
3295 1662 3556 1719 mnibus
3573 1665 3830 1735 peregri-

2161 1749 2268 1811 nis,
2301 1750 2588 1817 quantum
2620 1747 2828 1818 potuit,
2863 1751 3086 1806 omnino
3111 1749 3474 1822 prohibuerit.

2341 1833 2589 1890 CCCXII.
2618 1835 3098 1893 Schismatieorum
3129 1839 3304 1896 Romae
3332 1844 3650 1897 conventus.

2245 1922 2417 1978 Porro
2447 1924 2553 1978 etsi
2587 1922 2700 1979 illis
2726 1926 3113 1998 temporibus,
3139 1926 3356 1999 quibus
3377 1943 3584 1984 omnes
3606 1929 3834 2003 ubique

2171 2011 2433 2083 gentium
2466 2012 2525 2066 in
2555 2011 2772 2068 Urbani
2797 2013 3190 2072 obedientiam
3212 2032 3328 2073 uno
3351 2017 3554 2074 animo
3586 2034 3833 2076 consen-

2171 2101 2278 2156 tire
2309 2099 2674 2166 videbantur,
2697 2118 2789 2158 res
2816 2101 3326 2160 schismaticorum
3351 2107 3671 2178 desperatae
3702 2121 3829 2174 om-

2173 2187 2311 2244 nino
2332 2205 2458 2244 esse
2489 2189 2848 2257 debuissent,
2873 2191 3029 2248 haud
3059 2196 3256 2249 tamen
3279 2193 3363 2248 illi
3385 2212 3419 2249 a
3439 2195 3566 2251 suis
3583 2209 3832 2253 conven-

2171 2278 2353 2344 tibus,
2377 2278 2618 2334 absente
2661 2278 2796 2334 licet
2838 2279 3139 2349 Guiberto,
3171 2282 3530 2351 abstinuere,
3551 2285 3711 2356 quod
3758 2301 3830 2342 ex

2173 2383 2375 2423 eorum
2415 2367 2917 2440 pseudosynodica
2947 2369 3194 2442 epistola
3235 2373 3508 2429 universis
3547 2374 3723 2430 Deum
3751 2377 3834 2432 ti-

2171 2455 2463 2523 mentibus,
2497 2459 2563 2510 ut
2608 2456 2722 2528 ipsi
2769 2457 3160 2526 mentiuntur,
3190 2463 3244 2516 et
3288 2461 3524 2517 salutem
3569 2463 3836 2522 Romana!

2172 2545 2489 2616 reipublicae
2542 2545 2900 2614 diligentibus
2951 2546 3236 2620 inscripta
3287 2553 3468 2622 patet,
3521 2566 3696 2623 quam
3759 2567 3840 2608 ex.

2174 2633 2446 2688 Bennone
2497 2634 2554 2688 in
2601 2633 2734 2688 Vita
2789 2633 3168 2692 Hildebrandi
3227 2637 3512 2696 Batonius
3550 2639 3622 2696 ad
3668 2639 3837 2698 hunc

2175 2737 2394 2777 annum
2425 2726 2483 2778 et
2511 2722 2778 2779 Labbeus
2817 2723 2877 2778 in
2919 2725 3252 2798 Appendice
3292 2727 3438 2784 tomi
3467 2725 3513 2783 Χ
3543 2727 3834 2786 Concilio-

2176 2827 2307 2866 rum
2337 2809 2678 2866 retulerunt.
2702 2812 2782 2866 Ex
2812 2811 2922 2868 hac
2946 2827 3080 2869 vero
3105 2813 3392 2872 discimus
3410 2815 3656 2888 quinam
3687 2821 3834 2875 tunc

2177 2897 2370 2954 Romae
2403 2897 2617 2954 fuerint
2645 2899 2918 2972 praecipui
2949 2901 3220 2958 factionis
3245 2902 3600 2960 Guibertinm
3631 2905 3836 2962 fauto-

2176 3005 2289 3054 res,
2315 3004 2567 3060 quorum
2599 2989 2840 3045 nomina
2868 2993 2926 3045 et
2954 2989 3268 3062 dignitates
3296 2991 3406 3048 hoc
3435 2993 3640 3049 ordine
3669 2995 3731 3050 in
3766 3009 3838 3055 ea

2173 3081 2567 3132 recensentur.
2625 3076 2947 3134 Adalbertus
3006 3081 3288 3152 episcopus
3355 3085 3568 3140 sanciatD
3621 3083 3840 3154 Ruﬁna

417 3153 745 3249 praecipuus
795 3172 1004 3236 fuerat,
1032 3169 1094 3224 in
1125 3167 1420 3224 Orientem
1467 3167 1655 3223 veniat
1703 3182 1907 3222 eorum
1953 3165 2072 3249 dua
2099 3153 2142 3221 C
2181 3165 2352 3223 Silva?
2409 3165 2688 3235 Candidas,
2731 3170 2970 3224 Joannes
3026 3169 3307 3240 episcopus
3363 3169 3647 3239 Ostiensis,
3681 3153 3838 3244 Hugo

416 3244 475 3320 et
503 3244 774 3336 princeps
823 3260 1080 3324 futurus,
1105 3262 1172 3312 ut
1215 3260 1349 3330 post
1379 3257 1650 3329 adeptam
1698 3255 1893 3311 Romae
1925 3244 2076 3310 Petri

419 3351 788 3419 cathedram,
821 3348 882 3403 in
916 3364 1034 3418 qua
1072 3347 1200 3418 jam
1229 3346 1302 3402 ab
1333 3344 1561 3417 aliquot
1606 3344 1778 3400 annis
1816 3343 2074 3400 sedebat,

419 3439 605 3501 simili
639 3453 874 3512 quoque
903 3436 1121 3492 honore
1173 3435 1235 3491 in
1294 3434 1480 3490 altera
1508 3433 1774 3506 ejusdem
1831 3431 2078 3505 apostoli

419 3530 703 3591 cathedra
727 3525 1050 3582 Antiochiae
1084 3525 1394 3580 frueretur.
1419 3523 1550 3578 Haec
1588 3521 1831 3595 epistola
1860 3521 2080 3594 scripta

419 3622 536 3680 fuit
566 3620 628 3681 11'
669 3617 762 3674 die
787 3617 1039 3671 intrante
1063 3613 1428 3685 Septembrio,
1453 3611 1750 3667 indictione
1768 3626 1842 3679 ιν,
1866 3615 1932 3666 ut
1954 3609 2076 3665 indi

421 3716 516 3768 cat
561 3714 736 3774 editio
795 3701 1109 3763 Baluziana
1154 3699 1346 3756 libro:
1380 3699 1618 3756 Miscell.
1651 3716 1782 3774 pag.
1817 3700 1940 3768 419,
1972 3697 2075 3755 ubi

416 3799 700 3876 integrior
727 3797 993 3866 habetur
1020 3807 1198 3864 quam
1239 3790 1392 3862 apud
1433 3789 1800 3846 Fulcherium
1831 3789 1893 3844 in
1923 3788 2074 3845 libro

415 3889 486 3946 de
513 3895 694 3964 gestis
724 3897 825 3952 Dei
851 3916 956 3971 per
983 3881 1274 3956 Francos.
1303 3880 1495 3952 Ipsam
1541 3883 1735 3971 autem
1785 3879 2075 3971 integram

411 3979 624 4039 referre
652 3968 990 4046 visum—non
1033 3975 1146 4049 est
1193 3985 1378 4042 operae
1423 3969 1695 4042 pretium,
1729 3985 1864 4025 cum
1917 3968 2072 4040 apud

406 4065 540 4124 illos
569 4077 834 4133 auctores
866 4079 1030 4136 facile
1075 4059 1300 4140 haberi
1348 4059 1560 4131 possit;
1593 4075 1774 4130 quare
1823 4056 2077 4113 sufﬁciat

407 4155 502 4219 hic
525 4160 764 4222 titulum
795 4167 924 4240 ejus
949 4171 1222 4230 exhibere
1255 4167 1293 4231 .-
1317 4172 1347 4200 ι(
1383 4148 1629 4204 Domino
1658 4150 1860 4204 sancto
1891 4161 1956 4200 ac
1981 4161 2072 4200 ve-

403 4253 651 4310 nerabili
681 4233 844 4329 papa;
874 4258 1126 4334 Urbano,
1161 4263 1332 4320 Buam
1366 4239 1584 4334 undué’
1607 4241 1665 4293 et
1678 4233 2076 4334 ,ngm'indugs

403 4341 591 4398 sancti
619 4322 828 4417 Egidii
871 4364 1086 4420 comes,
1106 4322 1496 4412 'Godel'ridu‘8
1526 4327 1646 4420 Si“
1678 4322 2075 4420 W‘P‘i‘Iienﬁs

401 4436 460 4486 et
515 4409 825 4492 Rotbertus
881 4409 1085 4496 comes,
1130 4409 1614 4500 Northmwannfct
1650 4416 1707 4466 et
1764 4409 2076 4500 “NW!”

2185 3257 2460 3328 episcopis
2494 3257 2886 3324 Praenestinus,
2913 3257 3162 3313 Albertus
3202 3259 3480 3330 episcopus
3507 3259 3838 3331 Nepesinus,

2183 3345 2366 3400 Benno
2393 3343 2697 3402 cardinalis
2738 3345 3021 3416 presbyter
3047 3347 3202 3402 urbis
3244 3343 3444 3416 Romae,
3497 3347 3836 3406 Octavianus

2181 3433 2458 3506 presbyter
2507 3433 2808 3489 cardinalis
2860 3433 3194 3505 designatus,
3234 3437 3439 3492 Paulus
3481 3439 3841 3510 primicerius

2185 3525 2438 3580 Romanae
2503 3522 2784 3586 Ecclesiaz,
2844 3523 3102 3580 Nicotaus
3161 3525 3361 3580 electus
3425 3525 3593 3582 abbas
3647 3529 3840 3586 Sancti

2184 3612 2432 3669 Silvestri
2458 3610 2612 3668 urbis
2661 3611 2858 3679 Rom,
2890 3612 2954 3666 Ν.
2985 3611 3152 3669 abbas
3179 3613 3370 3670 Sancti
3413 3614 3708 3672 Pancratii
3737 3632 3836 3673 ur-

2185 3703 2266 3756 bis
2299 3702 2497 3766 Romz,
2532 3703 2585 3754 et
2610 3700 2804 3768 clerus,
2837 3703 2890 3756 et
2926 3701 3226 3757 clarissimi
3265 3704 3544 3775 principes
3574 3703 3838 3761 Theobal-

2182 3790 2278 3845 dus
2309 3787 2580 3854 Chinebii,
2610 3791 2663 3843 et
2690 3787 2970 3846 Udatrieus
3010 3788 3078 3845 de
3105 3789 3302 3847 Sancto
3343 3792 3634 3848 Eustochio
3654 3797 3708 3850 et
3729 3809 3837 3866 po-

2177 3877 2346 3950 pulus
2375 3876 2666 3932 Ronuinus.
2693 3874 2779 3932 illi
2799 3880 2890 3931 ter
2917 3892 2981 3932 se
3009 3879 3348 3936 convenisse
3375 3879 3436 3936 in
3463 3879 3715 3938 diversis
3747 3899 3840 3939 ub

2183 3965 2274 4020 bis
2305 3965 2500 4020 Romae
2541 3963 2801 4021 ecclesiis
2849 3965 3033 4035 aiunt,
3067 3967 3138 4022 ad
3169 3967 3558 4026 destruendas
3585 3969 3838 4028 hereses

2184 4055 2256 4108 ab
2289 4051 2700 4121 llildebrando,
2733 4053 2817 4109 sic
2849 4054 3024 4110 etiam
3054 4059 3194 4112 tunc
3220 4055 3571 4130 Gregorium
3603 4059 3709 4116 VII
3739 4077 3838 4133 ap-

2184 4139 2498 4214 pellabant,
2518 4140 2886 4211 adiuvantes;
2910 4141 3100 4215 primo
3120 4143 3358 4214 quidem
3389 4145 3574 4202 Nonis
3590 4147 3843 4222 Augusti

2184 4230 2337 4304 apud
2355 4233 2631 4286 Sanctum
2649 4229 2930 4298 Blasium,
2945 4236 3074 4287 tum
3094 4248 3196 4288 vni
3217 4231 3356 4290 Idus
3375 4235 3530 4306 apud
3555 4235 3840 4294 Sanctum

2184 4319 2416 4376 Celsum
2444 4324 2499 4376 et
2529 4319 2806 4392 postridie
2858 4320 3013 4392 apud
3069 4321 3342 4378 Sanctam
3404 4323 3678 4394 Mariam,
3710 4339 3840 4400 qua

2185 4409 2400 4464 dicitur
2448 4409 2717 4464 Rotunda
2743 4409 2882 4479 (tres
2931 4408 3129 4481 itaque
3157 4409 3267 4468 has
3315 4411 3592 4471 ecclesias
3642 4415 3840 4471 Roma

400 4519 844 4580 Flandrensium
867 4543 1079 4596 comes,
1551 4515 1780 4586 Cb‘mes
1803 4495 2072 4596 Bolon-ite,
2105 4519 2152 4586 Ι)
2185 4497 2376 4554 adhuc
2404 4495 3058 4596 possidebant),libique
3092 4497 3232 4596 illas-
3268 4499 3524 4596 haereses
3551 4504 3838 4560 condem-

399 4609 649 4666 salutem
678 4616 734 4668 et
763 4614 956 4673 ﬁdelia
981 4585 1538 4689 waitia’ét'
1569 4635 1674 4674 suo
1698 4585 1877 4690 patri
1897 4586 2072 4658 spiri-
2183 4603 2372 4644 nasse.
2585 4585 2936 4690 pollicentur
2958 4587 3336 4690 securitatem
3367 4589 3610 4690 cuilibet
3638 4607 3843 4650 occur-

272 4691 285 4701 ’
395 4699 541 4755 tuali
573 4717 766 4758 veram
799 4703 857 4760 in
883 4709 1108 4766 Christo
1137 4707 1589 4780 subjectionem.
1627 4706 1807 4764 Volui.
1822 4691 1938 4733 ’ωδ
1967 4693 2070 4732 δυ’

392 4791 512 4844 tem
543 4806 748 4847 omnes
777 4798 834 4849 et
861 4796 1263 4854 desideramus
1295 4793 1457 4848 vobis
1483 4799 1686 4852 notum
1713 4797 1838 4852 fieri
1861 4783 2072 4872 quam

393 4892 610 4949 magna
653 4879 752 4937 Dei
803 4885 1226 4951 misericordia,
1259 4897 1556 4954 quamque
1601 4871 2072 4946 evidentissin.‘0

395 4963 582 5036 ipsius
610 4969 705 5026 Dei
734 4972 1092 5029 adminiculo
1117 4988 1150 5025 a
1173 4969 1344 5025 nobis
1371 4977 1540 5045 capta
1567 4979 1655 5030 est
1682 4977 2034 5048 Antiochia,»

395 5058 504 5110 etc.
527 5055 673 5120 Quid
705 5076 836 5117 vero
867 5060 961 5117 his
991 5059 1202 5116 litteris
1234 5063 1598 5132 responderit
1631 5067 1908 5138 pontifex,
1941 5087 2038 5126 no-

395 5230 580 5288 ullum
625 5235 737 5291 iter
782 5236 842 5290 in
893 5235 1186 5292 Orientem
1243 5238 1591 5311 suscepisse.
1624 5241 1740 5297 Nec
1789 5241 2036 5300 dubium

385 5322 532 5392 quin
563 5324 656 5380 hic
686 5323 1008 5380 revocanda
1037 5325 1114 5382 sit
1142 5326 1462 5382 Daimberti
1495 5329 1568 5383 ad
1603 5327 2035 5398 crucesignatos

384 5407 616 5482 legatio,
641 5425 822 5482 quam
845 5409 952 5466 hoc
980 5431 1130 5472 anno
1161 5419 1581 5471 commemorat
1606 5415 1911 5472 Bertoldus
1942 5417 2035 5476 his

383 5499 575 5553 verbis
612 5515 626 5555 ε
660 5521 690 5548 ‹‹
737 5497 1020 5558 Dominus
1078 5521 1250 5578 papa,
1284 5500 1478 5572 inquit
1532 5501 1630 5559 ille
1684 5508 1910 5573 auctor,
1960 5509 2032 5566 ad

383 5587 652 5646 eamdem
691 5583 1128 5654 multitudinem
1177 5605 1351 5650 suam
1402 5586 1751 5662 legationem
1801 5591 2032 5668 direxit,

2145 5091 2192 5126 τ..
2288 5119 2304 5136 ,

394 5141 484 5198 bis
515 5149 602 5200 est
619 5145 1080 5220 incompertum;
1114 5152 1175 5204 at
1198 5152 1420 5204 certum
1451 5155 1541 5208 est
1565 5171 1700 5209 eum
1731 5171 2032 5226 nunquam
2147 5159 2303 5216 nullo

2144 5247 2417 5304 adventu.

2145 5338 2285 5391 runt
2313 5333 2522 5390 coelun.

2143 5420 2400 5480 versitati
2422 5421 2528 5494 (sic
2555 5424 2628 5480 dc

2141 5509 2301 5584 quod
2332 5513 2398 5564 ut
2426 5527 2486 5567 re
2517 5511 2692 5568 etiam
2723 5559 2744 5587 ι

2141 5595 2492 5656 tholicorum
2522 5597 2724 5670 libros,
2757 5617 2833 5674 qu

2183 4693 2306 4733 rere
2327 4675 2541 4732 volenti
2576 4674 2648 4730 ad
2689 4673 2951 4748 proxime
3002 4673 3258 4732 futuram
3306 4677 3620 4750 synodum,
3653 4695 3839 4754 quam
3911 4747 3913 4756 ι

2181 4768 2331 4822 circa
2391 4763 2657 4821 Kalendas
2705 4763 3027 4819 Novembres
3075 4763 3366 4822 celebrare
3421 4767 3775 4840 disponunt.
3812 4793 3841 4820 »

2181 4858 2318 4912 Data
2341 4862 2419 4910 est
2447 4853 2568 4908 haec
2614 4851 2862 4923 epistola
2890 4853 3068 4908 Romae
3106 4855 3295 4910 contra
3340 4855 3738 4928 schismatieos,
3773 4863 3840 4916 ut

2181 4948 2410 5009 vocant,
2442 4944 2502 4996 in
2528 4955 2682 4996 sacro
2724 4944 3011 5010 conventu,
3041 4959 3188 4999 anno
3217 4943 3286 4998 ab
3314 4945 3707 5006 Incarnatione
3732 4947 3839 5004 Do-

2202 5035 2328 5091 ~lini
2353 5031 2508 5100 1098,
2528 5028 2826 5084 indictione
2855 5038 3034 5100 sexta,
3059 5046 3160 5101 vu,
3185 5031 3309 5088 Idus
3329 5032 3582 5105 Augusti.
3605 5036 3680 5092 At
3699 5051 3838 5092 cum

2315 5135 2377 5176 ἰε
2412 5133 2444 5172 e
2469 5115 2778 5172 Catholicis
2821 5117 2893 5173 ad
2943 5135 3120 5176 suum
3164 5119 3428 5192 ipsorum
3485 5129 3840 5182 conventum

2414 5223 2534 5264 'rcs
2564 5221 2692 5262 esse
2723 5209 2878 5262 certo
2909 5208 3311 5280 praeviderent,
3331 5214 3568 5268 «testes
3589 5213 3832 5270 advoca-

2527 5311 2555 5335 ἰ
2586 5297 2644 5352 et
2671 5297 2908 5363 terram,
2942 5312 3006 5352 se
3037 5313 3408 5370 nequaquam
3450 5313 3659 5359 eorum
3700 5317 3827 5376 per-

2615 5382 2661 5420 "
2694 5381 3008 5440 Catholicis
3041 5383 3456 5456 loquebantur)
3475 5389 3829 5458 consentire,

2758 5471 3092 5542 probarent,
3116 5473 3316 5530 statim
3345 5479 3693 5536 eorumdem
3720 5477 3830 5538 Ca-

2843 5575 2939 5624 -ευε
2967 5575 3084 5640 pre
3115 5560 3392 5624 manibus
3419 5563 3734 5642 habebant,
3765 5565 3833 5632 is
