3950 6218
122 318 231 386 ω

1724 336 1929 404 νιτΑ.

3404 352 3539 417 242-

117 453 309 556 ignem
337 458 662 534 projecsre,
681 461 835 538 quod
865 463 1042 525 variis
1071 465 1451 529 conciliorum
1482 484 1766 531 convoca-
1794 470 1850 542 Α
1880 472 2020 534 1098
2049 474 2446 553 consignatur,
2481 474 2657 539 aliam
2686 478 2759 539 ab
2791 495 2859 539 ea
2886 495 3001 538 non
3042 495 3172 539 esse
3203 498 3330 556 qua!
3364 501 3519 542 anno

116 548 376 607 tionibus
408 568 521 623 per
550 569 733 611 annos
770 556 1060 615 sexdecim
1102 559 1270 618 factis
1317 566 1373 618 et
1403 562 1645 632 iteratis,
1684 564 1769 621 illi

113 650 419 712 nunquam
452 641 720 715 ipsorum
754 646 995 704 monitis
1040 666 1211 706 aures
1242 652 1498 722 praebere
1553 653 1770 711 voluis-

116 734 262 785 sent.
284 731 462 788 anec
485 733 562 789 de
575 733 990 809 schismaticis,
1013 739 1116 811 qui
1132 756 1266 797 cum
1288 740 1560 799 Bennone
1593 760 1765 817 pseu-

118 819 409 876 docarnali
462 823 803 894 pontificem
830 831 1096 884 nostrum
1139 830 1448 887 Turbanum
1477 833 1767 905 appellare

116 910 409 979 amabant,
433 910 514 966 ob
558 912 639 980 id,
664 914 818 986 quod
868 915 1126 990 Gregorii
1165 919 1425 994 vestigiis
1454 920 1763 992 inhaerens,

120 997 338 1064 turbas,
388 1004 460 1055 ut
486 996 628 1074 ipsi
664 1002 1198 1076 calumniabantur,
1232 1009 1617 1067 continuaret.
1652 1012 1762 1068 Sed

121 1083 320 1143 talium
351 1086 672 1147 hominum
697 1093 976 1161 convicia,
1006 1099 1093 1152 tot
1121 1101 1262 1153 sunt
1305 1099 1421 1154 veri
1471 1100 1763 1172 pontificis

117 1175 315 1248 elogia.
330 1177 401 1233 Et
418 1182 583 1235 certe
593 1179 891 1240 Urbanum
905 1185 1065 1256 pacis
1082 1194 1395 1256 amantem,
1411 1194 1468 1243 et
1498 1189 1761 1245 omnium

118 1263 441 1335 hominum,
457 1269 565 1340 qui
591 1272 833 1338 tunc,ut
851 1272 923 1329 de
943 1273 1139 1347 Moyse
1154 1275 1413 1347 loquitur
1437 1278 1759 1349 Scriptura,

112 1351 167 1408 in
189 1356 340 1410 terra
366 1357 780 1423 morabantur,
809 1355 1193 1418 mitissimum
1217 1364 1419 1433 fuisse,
1440 1365 1616 1420 etiam
1648 1365 1759 1437 ipsi

112 1438 468 1500 schismatici
501 1444 674 1502 fateri
733 1447 821 1503 vel
868 1449 1033 1505 inviti
1075 1452 1448 1525 cogebantur.
1483 1454 1758 1517 Quaenam

111 1545 236 1586 vero
291 1532 539 1590 heresis
569 1535 673 1591 illa
700 1541 842 1605 erat,
874 1554 1051 1610 quam
1083 1540 1444 1597 schismatici
1484 1542 1759 1615 Gregorio

112 1618 204 1675 VII
226 1619 662 1695 impingebant,
696 1624 979 1683 discimus
1009 1645 1077 1684 ex
1105 1630 1308 1685 eodem
1369 1631 1640 1687 Bennone
1698 1633 1755 1687 in

112 1703 361 1782 Gregorii
383 1711 536 1779 Vita,
560 1712 663 1768 ubi
693 1713 777 1769 sic
798 1714 1009 1771 habet:
1039 1717 1381 1775 «Gloriosus
1412 1719 1756 1776 Hildebran-

1880 566 2283 639 subsequenti.
2305 572 2370 625 ut
2391 571 2657 626 auctores
2668 566 2922 642 aequales
2942 567 3217 639 referunt,
3234 570 3524 632 celebrata

1879 660 2002 725 est;
2037 674 2212 729 quam
2272 658 2556 715 Baronius
2594 665 2650 715 et
2682 659 2948 715 Labbeus
3004 676 3074 716 ex
3130 660 3281 717 male
3333 660 3525 720 locata

1879 746 2097 818 synodo
2122 746 2358 803 Barensi
2389 764 2505 803 uno
2537 765 2689 803 anno
2711 754 2942 821 tempus
2983 753 3394 821 praevertentes
3447 753 3516 808 ad

1878 851 2098 890 annum
2134 836 2268 891 1098
2300 852 2431 891 cum
2483 838 2609 908 ejus
2659 838 2986 894 canonibus
3034 838 3265 895 incaute
3309 840 3521 897 retule-

1876 927 2034 979 runt.

2191 1013 2511 1071 CCCXXIV.
2550 1016 2802 1071 Barensis
2832 1017 3028 1087 synodi
3055 1024 3194 1074 acta.

1944 1100 2119 1156 Porro
2140 1099 2274 1158 licet
2293 1102 2645 1174 praecipuam
2664 1118 2865 1159 eorum
2880 1120 3009 1176 quae
3031 1105 3090 1159 in
3110 1106 3347 1162 Barensi
3380 1123 3515 1177 syn-

1873 1189 1983 1245 odo
2000 1194 2165 1262 gesta
2186 1194 2325 1246 sunt
2347 1191 2614 1247 notitiam
2635 1191 2972 1265 Anglicanis
2994 1193 3291 1250 historicis
3302 1194 3514 1252 debea-

1870 1293 2024 1342 mus,
2040 1278 2140 1350 qui
2153 1278 2223 1333 de
2235 1294 2301 1334 ea
2323 1281 2623 1335 occasione
2639 1280 2826 1336 sancti
2851 1280 3108 1336 Anselmi
3129 1282 3511 1354 scripserunt,

1870 1365 2025 1421 haud
2040 1369 2258 1437 tamen,
2276 1371 2340 1422 ut
2348 1368 2473 1438 jam
2488 1368 2859 1424 observatum
2878 1373 2988 1436 est,
3004 1369 3136 1426 aliis
3148 1372 3508 1437 auctoribus,

1869 1457 1925 1508 et
1954 1454 2191 1527 quidem
2218 1454 2514 1528 gravibus,
2538 1456 2661 1511 loco
2689 1461 2746 1511 et
2785 1460 2951 1513 aetate
2984 1458 3287 1529 proximis,
3313 1459 3528 1531 ignota-

1868 1541 2174 1600 fuit.Certe
2191 1544 2409 1600 multos
2426 1543 2559 1600 cleri
2581 1549 2638 1600 et
2666 1544 2952 1601 nobilium
2978 1562 3245 1617 proceres
3275 1548 3346 1603 ad
3380 1564 3507 1603 eam

1867 1633 2205 1689 convenisse
2236 1633 2439 1688 scribit
2466 1650 2792 1705 anonymus
2848 1633 3117 1689 Barensis
3148 1634 3240 1689 his
3268 1634 3461 1691 verbis
3494 1654 3507 1693 :

1867 1720 2201 1788 Ann01099,
2235 1738 2408 1793 quem
2442 1722 2593 1778 sicut
2621 1725 2678 1776 ct
2702 1722 3084 1777 indictionem
3118 1740 3151 1777 a
3182 1723 3510 1795 Septembri

115 1795 219 1900 dus
256 1802 314 1853 et
342 1799 719 1900 pedisequus
743 1803 873 1874 ejus
925 1804 1239 1862 Turbanus
1270 1824 1417 1863 nova
1464 1814 1756 1881 potestate
1788 1835 1834 1900 B
1867 1810 2244 1880 praecedentis
2265 1811 2422 1872 anni,
2448 1814 2514 1865 ut
2540 1827 2669 1865 mox
2691 1810 3054 1875 dicebamus,
3083 1809 3337 1879 inchoat,
3367 1813 3509 1868 indi-

115 1884 387 1944 solventes
408 1889 1150 1950 decretaChalcedonensis
1163 1895 1413 1963 concilii,
1434 1913 1548 1953 non
1562 1897 1753 1954 solum
1788 1884 1834 1900 υ
1864 1899 2040 1952 ctione
2067 1915 2165 1964 vn,
2188 1900 2349 1954 tertia
2363 1899 2452 1954 die
2472 1900 2714 1955 intrante
2733 1915 2917 1955 mense
2938 1900 3174 1965 Octobri,
3198 1902 3344 1956 venit
3361 1918 3529 1973 papa

111 1975 311 2043 verbis,
342 1978 448 2034 sed
481 1984 543 2034 et
585 1980 823 2053 scriptis
845 1982 1098 2054 publicis
1128 1989 1552 2042 consenserunt
1595 1991 1754 2042 extra

113 2063 404 2124 ecclesiam
465 2070 916 2127 communicare
946 2075 1004 2127 et
1059 2073 1372 2144 baptizare,
1406 2091 1585 2147 quam
1618 2076 1751 2131 caeci

111 2159 311 2222 essent,
335 2171 517 2229 quam
543 2158 803 2214 haeretici
834 2160 1085 2233 propriis
1117 2162 1353 2234 scriptis
1383 2163 1750 2235 deprehensi,

112 2248 231 2312 etc.;
253 2238 501 2319 uterque
544 2248 611 2303 in
635 2247 904 2305 haeresim
938 2249 1143 2306 Liberii
1178 2251 1401 2318 incidit,
1437 2252 1534 2325 qui
1593 2256 1751 2325 post-

110 2344 271 2403 quam
303 2334 545 2407 publice
568 2337 1023 2394 communicavit
1041 2340 1579 2408 excommunicatis,
1603 2342 1750 2397 duas

111 2420 379 2482 Ecclesiae
437 2424 673 2481 faciens
728 2424 1016 2483 unitatem
1046 2427 1238 2495 scidit,
1274 2451 1301 2480 »
1344 2433 1454 2486 etc.
1484 2431 1578 2486 Sic
1637 2430 1747 2502 ipsi

110 2509 453 2569 schismatici
478 2517 757 2570 auctores
789 2514 1102 2573 catholicos
1122 2522 1179 2573 et
1200 2518 1443 2575 unitatis
1459 2525 1749 2576 amatores

110 2597 503 2659 schismaticos
529 2602 830 2676 appellare
860 2603 1017 2660 haud
1047 2604 1415 2663 dubitabant.

109 2690 403 2748 GCCXXIII.
438 2694 759 2750 Concilium
784 2695 1023 2750 Barense
1062 2694 1155 2750 hoc
1191 2712 1337 2751 anno
1390 2697 1741 2753 celebratum.

173 2780 440 2838 Catholici
469 2798 617 2839 vero
671 2781 763 2837 die
803 2782 1070 2838 condicta
1119 2783 1513 2839 Kalendarum
1570 2785 1741 2842 Octo“

1868 1987 2114 2043 Urbanus
2128 2003 2252 2042 sitm
2266 1988 2519 2059 pluribus
2540 1989 2958 2060 archiepiscopis
2977 1997 3029 2044 et
3046 1990 3306 2060 episcopis
3333 1998 3385 2046 et
3413 1991 3505 2046 ab-

1865 2076 1978 2131 bati
1981 2076 2094 2143 bus,
2118 2080 2167 2132 et
2178 2077 2485 2144 comitibus,
2500 2085 2551 2132 et
2564 2079 2907 2132 intraverunt
2928 2079 2987 2132 in
3010 2068 3200 2146 Barri,
3213 2086 3265 2134 et
3275 2081 3507 2150 suscepti

1860 2169 2139 2220 suntcum
2193 2181 2394 2236 magna
2450 2167 2773 2233 reverentia,
2813 2173 2865 2220 et
2903 2167 3242 2237 praeparavit
3287 2167 3526 2224 domino-

1859 2254 2033 2320 Helia,
2050 2257 2277 2309 sextum
2296 2269 2399 2324 pro
2422 2257 2597 2322 recto,
2612 2269 2750 2308 casu
2768 2252 3027 2320 adhibet;
3052 2258 3118 2308 ut
3136 2270 3205 2309 ex
3236 2254 3508 2313 Malmes-

1858 2341 2119 2397 buriensi
2143 2341 2293 2396 infra
2317 2341 2557 2413 patebit,
2575 2346 2757 2396 nostro
2768 2341 3188 2412 archiepiscopo,
3202 2344 3512 2413 miriﬁcam

1857 2430 2035 2487 sedem
2065 2433 2211 2485 intus
2232 2431 2293 2485 in
2324 2430 2547 2485 ecclesia
2580 2430 2883 2486 beatissimi
2919 2429 3132 2485 Nicolai
3176 2433 3507 2502 confessoris

1859 2520 2080 2586 Christi,
2109 2523 2163 2574 et
2188 2520 2317 2589 fecit
2347 2518 2426 2573 ibi
2454 2517 2724 2589 synodum
2747 2524 2848 2589 per
2874 2532 3046 2574 unam
3089 2517 3501 2575 hebdomadam.

1853 2613 1982 2664 Post
2009 2608 2288 2679 completis
2311 2606 2501 2661 diebus
2515 2610 2628 2663 octo
2654 2608 2900 2678 perrexit
2920 2608 2981 2661 in
3000 2622 3149 2678 pace,
3174 2614 3225 2662 et
3248 2608 3309 2662 in
3320 2623 3521 2664 mense.

1849 2697 1997 2754 Julii
2023 2698 2157 2752 obiit
2186 2699 2300 2768 ipse
2334 2698 2600 2754 Urbanus.
2634 2694 2777 2751 Huic
2808 2695 3029 2768 synodo
3060 2710 3239 2767 quam
3268 2696 3495 2751 univer-

1849 2801 1965 2840 sam
1997 2785 2265 2841 Urbanus
2302 2785 2426 2856 ipse
2473 2785 2532 2839 in
2565 2784 2844 2856 rescripto
2887 2783 2958 2839 de
2996 2781 3289 2856 Cinglensi
3320 2783 3487 2853 cella,

110 2868 425 2937 brium,seu
453 2874 524 2926 ut
564 2869 742 2926 habet
773 2885 1103 2942 anonymus
1124 2872 1416 2939 Barensis,
1449 2873 1541 2929 die
1571 2873 1742 2930 tertia
1843 2874 2159 2945 plenariam
2180 2872 2456 2947 appellat,
2483 2877 2718 2927 centum
2752 2876 2812 2928 et
2840 2870 3133 2943 octoginta
3182 2872 3511 2944 episcopos.

110 2957 347 3029 ejusdem
372 2956 798 3030 mensis,apud
821 2958 1056 3014 Barium
1080 2959 1366 3015 celebrem
1388 2961 1612 3033 Apulia:
1642 2979 1738 3017 ur-
1847 2960 2207 3017 interfuisset
2223 2962 2643 3032 asseritLupus
2658 2961 3015 3032 Protospata,
3031 2960 3131 3016 sed
3145 2959 3389 3032 quinam
3403 2960 3487 3016 illi

108 3045 225 3102 bem
253 3048 319 3103 ad
352 3046 680 3104 concilium
711 3046 783 3102 ab
813 3045 1045 3102 Urbano
1079 3046 1367 3103 indictum
1398 3065 1733 3106 convenere.
1846 3050 2064 3106 fuerint
2105 3066 2276 3105 nemo
2324 3043 2534 3106 litteris
2565 3049 2840 3121 prodidit.
2869 3051 2943 3103 At
2966 3065 3081 3120 quo
3122 3047 3269 3115 loco,
3301 3065 3491 3121 quove

107 3133 222 3189 Haec
248 3136 505 3205 synodus
543 3134 922 3206 potissimum
955 3136 1025 3191 ad
1056 3135 1115 3191 id
1146 3140 1344 3192 coacta
1391 3137 1638 3206 videtur,
1673 3143 1738 3195 ut
1777 3199 1810 3210 _
1848 3139 2051 3195 habitu
2074 3140 2133 3194 in
2155 3138 2400 3194 concilio
2431 3138 2645 3194 sederit
2673 3136 2933 3210 pontifex
2962 3153 3031 3192 ex
3050 3135 3322 3193 Wilelmo
3353 3138 3492 3193 Mal-

106 3199 312 3280 Griscos
342 3224 497 3280 inter
521 3199 591 3279 ἐι
621 3222 858 3279 Latinos
887 3224 958 3279 de
1016 3224 1129 3280 ﬁde
1169 3226 1519 3295 conveniret,
1545 3199 1636 3282 ut.
1667 3243 1739 3283 ne
1770 3199 1813 3267 θ
1850 3227 2238 3284 mesburiensi
2268 3226 2573 3282 discimus.
2598 3199 2768 3295 Ergo,
2798 3224 3012 3296 inquit,
3046 3232 3269 3280 ventum
3315 3229 3393 3280 est
3419 3225 3492 3280 ad

108 3311 313 3368 scilicet
342 3312 530 3369 sacris
565 3310 1034 3384 expeditionibus
1060 3318 1292 3369 noceret
1347 3313 1405 3369 in
1451 3316 1738 3371 credendo

108 3398 414 3457 diversitas.
428 3402 603 3457 Hanc
615 3400 900 3470 synodum
923 3417 1076 3457 anno
1093 3402 1440 3473 praecedenti
1454 3402 1739 3460 Barcnius

105 3492 157 3542 et
186 3489 309 3560 ejus
346 3504 658 3563 sequaces,
685 3488 803 3545 imo
825 3492 882 3544 et
902 3488 1167 3545 Labbeus
1196 3493 1354 3547 tomo
1381 3491 1427 3546 Χ
1455 3490 1736 3548 Concilio-

106 3589 247 3643 rum,
276 3578 776 3652 consignaverunt
810 3595 822 3645 ;
857 3580 915 3632 at
960 3577 1169 3633 merito
1218 3577 1317 3633 alii
1349 3580 1734 3653 refragantur,

106 3663 313 3737 Lupum
334 3668 746 3739 Protospatam
764 3670 821 3722 et
836 3683 1193 3739 anonymum
1218 3667 1526 3724 Barensem
1543 3686 1735 3742 atqua-

105 3750 182 3809 les
207 3758 262 3811 et
288 3755 646 3813 domesticos
675 3758 940 3811 auctores
987 3756 1195 3822 secuti,
1230 3757 1331 3828 qui
1393 3773 1521 3813 eam
1570 3758 1736 3816 initio

107 3840 352 3901 Octobris
382 3845 522 3900 anni
554 3842 720 3912 4099,
766 3860 942 3916 quem
979 3843 1197 3900 scilicet
1218 3861 1325 3901 suo
1374 3861 1537 3902 more
1568 3864 1600 3902 a
1631 3848 1733 3903 Se-

107 3931 337 4000 ptembri
351 3931 728 4005 prmcedenti,
743 3948 894 3988 anno
909 3932 1049 3989 1098
1067 3932 1366 3999 inchoant,
1382 3933 1734 3991 celebratam

109 4016 271 4076 fuisse
289 4023 612 4077 testantur:
630 4019 810 4076 alium
828 4020 1118 4076 habemus
1135 4022 1399 4093 ejusdem
1425 4021 1505 4078 rei
1524 4026 1734 4080 testem

109 4109 253 4163 omni
293 4111 629 4183 exceptione
660 4111 963 4180 majorem,
996 4110 1371 4179 Eadmerum,
1406 4112 1507 4183 qui
1541 4112 1731 4169 eidem

110 4196 333 4253 concilio
368 4197 656 4255 interfuit.
682 4197 737 4254 Is
774 4213 1005 4270 nempe,
1024 4199 1231 4270 utjam
1258 4199 1534 4268 diximus,
1562 4201 1736 4256 refert

107 4279 242 4340 libro
271 4301 309 4340 ιι
352 4286 671 4355 Novorum,
700 4284 1044 4341 Anselmum
1096 4302 1296 4342 mense
1335 4285 1566 4342 Octobri
1596 4289 1733 4344 anni

109 4369 236 4426 1097
244 4372 535 4431 licentiam
557 4391 593 4430 a
610 4373 909 4430 Willelmo
930 4390 1061 4446 rege
1084 4374 1404 4448 Anglorum
1419 4375 1733 4434 extorsisse

107 4459 334 4518 Romam
353 4463 631 4532 adeundi,
644 4467 702 4520 et
724 4467 857 4535 post
874 4462 997 4519 huic
1015 4479 1219 4519 verum
1243 4481 1276 4518 a
1294 4463 1461 4519 beato
1474 4465 1733 4521 antistite

1845 3318 2159 3373 concilium.
2211 3316 2544 3388 Apostolicus
2589 3318 2715 3369 ante
2769 3329 2962 3386 corpus
3020 3313 3201 3367 sancti
3253 3313 3489 3385 Nicolai,

1845 3408 2145 3462 constratas
2175 3404 2440 3476 tapetibus
2470 3411 2520 3458 et
2546 3403 2758 3474 palliis,
2792 3403 2909 3472 ipse
2942 3401 3129 3456 casula
3154 3416 3283 3456 cum
3312 3401 3489 3473 pallio

1848 3495 2078 3549 amictus
2100 3493 2349 3548 tribunal
2369 3490 2642 3555 ascendit;
2658 3491 2840 3545 caeteri
2855 3506 2980 3545 cum
3000 3491 3189 3561 cappis
3208 3489 3485 3545 sedebant.

1848 3580 2024 3637 Paulo
2082 3580 2328 3637 inferius
2378 3580 2650 3635 observat
2694 3578 3143 3634 archidiaconum
3183 3578 3490 3633 Romanum

1845 3679 1970 3727 ante
1992 3686 2195 3742 papam
2222 3669 2439 3735 sedisse,
2458 3671 2516 3723 ut
2542 3667 2712 3724 moris
2732 3672 2828 3723 est.
2851 3667 2914 3755 1.11
2945 3665 3190 3722 concilio
3212 3664 3495 3723 Remensi

1846 3776 1997 3816 anno
2020 3759 2157 3814 1094
2178 3759 2287 3813 Leo
2309 3775 2459 3830 papa
2478 3756 2903 3813 sacerdotalibus
2922 3756 3083 3828 quasi
3106 3755 3178 3811 ad
3209 3755 3484 3811 celebran-

1843 3850 1972 3905 dam
1997 3849 2220 3905 missam
2248 3848 2451 3919 infulis
2478 3846 2764 3902 redimitus
2777 3847 3040 3917 processit
3069 3844 3143 3899 ad
3171 3843 3485 3900 concilium

1843 3954 1967 3993 cum
1995 3952 2154 3992 cruce
2185 3939 2237 3991 et
2254 3935 2545 4004 Evangelii
2564 3934 2705 3989 libro
2726 3932 3164 3989 antecedentibus
3188 3948 3315 3988 cum
3341 3932 3489 3988 sacri

1844 4026 2052 4082 ordinis
2076 4026 2368 4093 ministris,
2388 4028 2498 4079 etc.
2524 4022 2587 4078 In
2619 4022 2917 4094 istajuxta
2946 4021 3248 4077 Urbanum
3278 4021 3489 4077 Ansel-

1845 4131 1979 4170 mus
2011 4112 2337 4169 Cantuariis
2369 4110 2843 4184 archiepiscopus
2873 4109 3114 4167 honoris
3145 4125 3343 4178 causa,
3368 4108 3490 4167 sive

1842 4204 2018 4260 etiam
2040 4206 2105 4257 ut
2121 4199 2350 4257 facilius
2372 4201 2649 4256 adversus
2671 4200 2899 4256 Graecos
2923 4199 3236 4272 disputans
3258 4198 3488 4255 auscul-

1843 4294 2082 4357 taretur,
2115 4290 2316 4345 sedere
2343 4289 2549 4360 jussus
2580 4290 2669 4343 est
2699 4303 2713 4343 :
2747 4303 2880 4343 cum
2938 4291 3133 4354 antea,
3166 4290 3232 4342 ut
3279 4286 3489 4343 scribit

1843 4380 1995 4436 idem
2021 4382 2239 4446 auctor,
2256 4377 2565 4449 ingruente
2590 4374 2872 4442 tumultu,
2896 4374 3115 4431 oblitus
3144 4373 3328 4431 fuisse
3343 4391 3499 4447 pon»

1841 4468 1982 4524 tifex
2010 4467 2203 4523 locum
2234 4466 2285 4520 ei
2318 4463 2628 4537 specialem
2659 4466 2718 4518 et
2745 4461 3134 4519 honorificum
3157 4460 3486 4534 designare.

109 4552 385 4621 gestarum
399 4553 611 4609 seriem
623 4550 1021 4625 particulatim
1036 4551 1411 4625 prosequitur
1425 4553 1494 4608 ad
1516 4553 1731 4610 Baren-
1764 4563 1812 4629 ι)
1842 4558 1999 4613 Idem
2027 4555 2203 4611 habet
2242 4553 2561 4608 Eadmerus
2594 4551 2666 4606 de
2686 4550 2895 4606 Casula
2910 4554 2967 4606 et
2996 4550 3339 4623 pontiﬁcum
3358 4566 3489 4622 cap-

110 4651 166 4692 se
199 4639 523 4709 concilium,
548 4641 702 4714 quod
743 4657 896 4696 anno
936 4639 1337 4712 subsequenti,
1370 4641 1731 4715 proindeque

110 4724 643 4796 IO98,convocatum
664 4729 847 4785 fuisse
868 4727 1318 4785 narrat.Deinde
1342 4729 1635 4799 Urbanus,
1671 4736 1734 4786 ut

109 4812 250 4871 idem
271 4822 472 4875 auctor
486 4818 689 4886 habet,
702 4822 835 4890 post
855 4816 1016 4874 illam
1039 4818 1219 4891 synod
1231 4834 1325 4873 um
1352 4834 1616 4876 reversus
1630 4821 1736 4876 Ro-

110 4918 255 4961 mam
270 4905 565 4965 Willelmo
601 4906 724 4979 regi
748 4906 1013 4962 inducias
1047 4906 1405 4963 concessisse
1430 4908 1645 4963 dicitur
1662 4909 1735 4964 ad

112 4989 309 5050 festum
323 4997 508 5052 sancti
527 4994 827 5052 Michaelis
840 4996 975 5050 anni
987 4993 1602 5067 subsequentis,quem
1616 4996 1738 5068 qui-

112 5078 232 5137 dem
245 5083 557 5139 terminum
570 5099 678 5139 nec
704 5099 941 5151 rex,nec
968 5082 1093 5156 ipse
1124 5083 1377 5154 pontifex
1397 5083 1733 5157 attigerunt.

115 5167 179 5222 At
192 5169 238 5225 si
258 5170 369 5226 illa:
385 5171 629 5227 induciae
663 5171 859 5227 statim
887 5178 1017 5244 post
1034 5176 1284 5227 Barense
1305 5171 1616 5228 concilium
1642 5190 1739 5228 an-

115 5254 184 5312 no
209 5258 341 5313 1097
367 5259 607 5317 indultis
638 5260 908 5333 fuissent,
941 5261 1010 5316 ad
1034 5277 1234 5317 earum
1287 5260 1463 5316 finem
1493 5265 1737 5334 uterque

117 5346 470 5420 pertigissent
483 5346 886 5405 etWillelmus
901 5352 956 5406 et
968 5348 1257 5405 Urbanus.
1273 5351 1504 5403 Certum
1521 5350 1737 5423 quippe

115 5436 195 5488 est
221 5438 529 5508 utrumque
574 5437 648 5493 ad
679 5446 899 5492 annUm
956 5437 1093 5493 1099
1121 5436 1475 5509 pervenisse.
1511 5438 1588 5493 Ex
1617 5438 1731 5507 his,

110 5516 230 5593 quos
259 5525 495 5596 quidem
527 5525 767 5582 omnino
797 5531 950 5583 certa
979 5529 1135 5594 sunt,
1161 5524 1432 5598 colligere
1460 5526 1634 5582 etiam
1666 5526 1735 5582 li-

115 5615 216 5683 cet,
245 5615 537 5688 synodum”
590 5616 932 5685 Romanam,
966 5633 1091 5688 quac
1147 5634 1182 5673 a
1227 5613 1525 5672 nonnullis
1583 5633 1735 5674 anno

1841 4644 2069 4718 pis;sed
2097 4642 2180 4698 ait
2198 4640 2545 4697 Anselmum
2564 4640 2822 4712 primum
2845 4639 3051 4694 ordine
3070 4656 3176 4694 suo
3205 4639 3358 4694 inter
3387 4656 3488 4694 caa-

1842 4739 1998 4790 teros
2027 4730 2319 4787 antistites
2349 4729 2592 4795 sedisse,
2628 4728 2769 4784 dum
2802 4726 3188 4782 incalescente
3230 4726 3493 4798 disputa«

1844 4821 2003 4878 tione
2050 4819 2272 4875 dictum
2323 4817 2373 4872 ei
2405 4822 2560 4873 esset
2606 4821 2671 4872 ut
2698 4815 2943 4889 propius
2972 4813 3290 4870 accederet.
3324 4816 3486 4882 Dum,

1844 4908 2034 4980 inquit
2092 4905 2186 4960 ille
2217 4908 2436 4972 auctor,
2463 4906 2523 4958 in
2554 4906 2671 4974 ipso
2724 4905 2955 4960 concilio
2979 4903 3227 4974 plurima
3283 4901 3350 4958 de
3385 4904 3491 4974 ﬁde

1844 4997 2111 5054 catholica
2137 5009 2383 5049 summus
2408 4993 2661 5063 pontifex
2686 4992 2926 5064 facunda
2971 4994 3207 5059 ratione,
3239 4994 3487 5050 ναιίοηα-

1848 5088 2056 5157 bilique
2110 5081 2372 5155 facundia
2429 5080 2790 5149 disseruisset,
2823 5085 2982 5138 mota
3029 5079 3274 5153 quaestio
3332 5085 3423 5138 est
3458 5098 3492 5136 a

1846 5173 2141 5230 Gramisde
2166 5168 2800 5242 processicneSpiritus
2815 5170 3022 5238 sancti,
3038 5185 3218 5242 quam
3232 5170 3493 5241 pontifex

1848 5250 2537 5333 multis,argumentis,et
2563 5256 2798 5330 quidem
2829 5263 2895 5314 ut
2923 5258 3248 5332 plurimum
3282 5275 3351 5314 ex
3374 5260 3490 5313 An-

1846 5350 2015 5407 selmi
2038 5338 2307 5421 cpistgla,
2339 5362 2516 5418 quam
2548 5346 2641 5401 illi
2667 5347 2801 5402 olim
2829 5346 2895 5402 de
2922 5346 3311 5404 Incarnatione
3339 5344 3493 5401 Verbi

1845 5432 2244 5510 inscripserat,
2257 5434 2454 5508 petitis
2476 5435 2798 5506 approbare
2818 5436 2984 5492 nisus
3003 5438 3111 5491 est.
3135 5434 3291 5488 Idem
3319 5432 3495 5488 refert

1846 5529 2102 5583 Joannes
2151 5521 2600 5581 Sarisberiensis
2630 5522 2689 5578 in
2731 5524 2994 5594 ejusdem
3047 5519 3307 5578 Anselmi
3338 5519 3491 5574 Vita.

1847 5611 2292 5685 Verum,inquit
2319 5598 2662 5679 Eadmerus,
2681 5627 2814 5666 cum
2839 5627 2933 5668 res
2952 5608 3186 5680 longius
3217 5606 3491 5677 procede-
