3950 6218
375 282 494 342 239

1669 282 1740 344 B.
1787 279 2079 346 URBANI
2121 280 2174 344 lI
2219 281 2468 345 ΡΑΡιΕ.

3703 284 3832 348 244)

398 418 608 472 comite
638 421 694 473 et
722 417 947 474 Joanne
979 417 1366 490 Squillacensi
1397 417 1668 490 episcopo
1703 416 1890 490 ipsius
1921 432 2049 472 mo-
2077 418 2130 484 Α
2161 415 2431 472 videlicet
2455 415 2848 472 venerabilem
2871 417 3264 476 Theobertum
3293 417 3518 477 Pisam
3541 419 3822 482 Ecclesia

378 507 638 563 nasterio
669 505 880 564 collata
931 507 1182 563 fuerant.
1223 506 1372 563 Illud
1407 506 1612 562 datum
1661 509 1752 562 est
1797 503 2042 571 Salerni,

383 593 493 651 hoc
526 611 706 662 anno,
749 610 952 650 mense
1002 594 1352 668 Septembri,
1402 594 1722 650 indictione
1767 607 1846 662 v1,
1892 593 2048 648 unde

382 683 742 755 conjicimus
773 683 1075 739 Urbanum
1101 698 1170 740 ea
1200 682 1259 739 in
1292 683 1434 739 urbe
1473 699 1658 754 usque
1691 682 1762 738 ad
1795 683 2047 737 Barense

383 771 702 829 concilium
720 773 1148 844 .permansisse.

565 861 836 919 CCCXXI.
872 862 1250 932 Crucesignali
1278 860 1595 916 Antochiam
1626 860 1872 930 capiunt.

454 953 599 1006 Cum
631 954 827 1006 autem
849 950 971 1006 haec
995 949 1054 1006 in
1084 949 1248 1005 Italia
1268 951 1628 1021 gererentur,
1653 945 2045 1019 crucesignati

386 1040 521 1110 post
549 1037 712 1094 varia
740 1036 958 1110 praelia,
984 1041 1041 1091 et
1088 1035 1308 1091 multas
1337 1034 1560 1107 passim
1609 1035 1784 1090 urbes
1833 1034 1943 1090 hoc
1991 1039 2046 1090 et

383 1125 715 1198 procedenti
741 1142 892 1182 anno
906 1141 976 1181 ex
983 1128 1299 1198 pugnatas,
1314 1123 1687 1180 Antiochiam
1720 1139 1922 1179 mense
1941 1123 2060 1179 Ju-.

381 1215 478 1271 nio
507 1215 689 1287 hujus
719 1215 858 1271 anni
889 1217 1504 1287 occuparunt.Verum
1538 1211 1712 1286 paulo
1743 1216 1876 1285 post
1906 1212 2048 1268 Bar-

376 1303 504 1359 bari
547 1320 613 1360 ex
646 1304 824 1360 variis
856 1302 1196 1377 provinciis,
1222 1303 1403 1376 hujus
1447 1306 1622 1358 tantae
1656 1318 1899 1357 suorum
1931 1299 2047 1355 cla-

379 1393 470 1449 dis
492 1394 650 1450 fama
671 1393 865 1462 exciti,
892 1393 1071 1450 simul
1103 1393 1516 1450 convenientes
1545 1390 1719 1464 quasi
1752 1407 1860 1462 pro
1891 1407 2048 1446 com-

381 1483 548 1540 muni
580 1483 771 1540 salute
797 1483 1134 1539 dimicaturi
1155 1482 1518 1539 Christianos
1545 1481 1604 1535 in
1630 1497 1697 1536 ea
1733 1480 1878 1536 urbe
1907 1480 2050 1534 adeo

384 1572 1076 1640 arte'circumdederunt,
1099 1571 1306 1642 utjam
1331 1569 1493 1627 nulla
1507 1567 1788 1626 evadendi
1811 1584 1944 1641 spes
1966 1568 2051 1623 eis

389 1659 713 1734 effulgeret.
742 1663 816 1716 At
843 1661 1104 1717 humano
1146 1659 1448 1716 deficiente
1489 1675 1813 1732 supernum
1864 1655 2053 1714 adfuit

393 1749 700 1818 auxilium,
725 1766 861 1805 cum
891 1749 1144 1817 inventa,
1167 1749 1326 1804 haud
1357 1748 1581 1820 absque
1627 1745 1892 1802 miraculi
1923 1745 2048 1818 opi-

393 1839 594 1907 nione,
625 1854 794 1894 sacra
820 1836 1023 1894 lancea
1044 1853 1162 1908 qua
1190 1836 1348 1894 latus
1370 1835 1586 1892 Christi
1619 1835 1852 1891 Domini
1873 1835 2062 1906 perfo_

396 1931 591 1983 ratum
621 1927 807 1983 fuisse
834 1926 1203 1994 credebatur,
1222 1925 1364 1981 adeo
1397 1923 1631 1980 excitati
1667 1927 1806 1980 sunt
1834 1927 2066 1980 nostro.

372 2047 378 2053 -
399 2033 533 2072 rum
556 2017 738 2072 animi
755 2019 842 2082 ut,
858 2013 1095 2087 praelato
1117 2014 1226 2070 hoc
1247 2013 1418 2086 quasi
1435 2017 1591 2070 certo
1605 2011 1856 2068 victoriae
1876 2011 2066 2087 signo,

400 2105 620 2162 milites
651 2105 711 2160 in
753 2104 1140 2160 barbarorum
1173 2103 1462 2158 exercitus
1491 2101 1684 2170 etl'usi,
1707 2117 1806 2156 eos
1845 2093 2066 2172 ingenti

401 2194 564 2250 clade
595 2193 833 2250 atfectos
873 2191 1114 2248 omnino
1163 2190 1494 2264 fugaverint
1523 2206 1590 2245 ac
1622 2188 2065 2262 prostraverint.

401 2285 532 2340 Hinc
562 2282 781 2350 omnia,
800 2285 1011 2354 preter
1047 2285 1320 2336 auctores
1349 2278 1604 2335 historia:
1634 2293 1936 2334 sacrarum
1967 2293 2064 2333 ex-

403 2372 802 2446 peditionum,
837 2369 1099 2426 referunt
1147 2367 1260 2442 ipsi
1291 2367 1758 2424 Christianorum
1805 2367 1982 2422 duces
2009 2371 2068 2422 et

403 2461 698 2534 principes
729 2459 792 2514 in
827 2457 1076 2531 epistola
1114 2459 1186 2513 ad
1212 2457 1512 2513 Urbanum
1537 2472 1604 2513 eo
1634 2460 1894 2528 tempore
1923 2454 2065 2510 scri-

405 2555 525 2622 pta,
559 2549 620 2605 in
665 2565 784 2620 qua
829 2551 965 2619 post
1015 2546 1198 2616 hujus
1253 2545 1508 2602 victoriae
1565 2543 1982 2609 narrationem,
2014 2537 2066 2598 ei

411 2642 666 2694 mortem
697 2636 1049 2692 annuntiant
1077 2635 1390 2690 Adhemari
1435 2631 1762 2690 Aniciensis
1788 2631 2064 2705 episcopi,

413 2726 516 2799 qui
547 2725 707 2782 sedis
739 2723 1073 2796 apostolicae
1103 2723 1334 2797 legatus
1363 2727 1420 2778 et
1439 2723 1558 2777 dux
1580 2720 1964 2794 expeditionis
1984 2719 2069 2774 in-

413 2815 678 2884 stitutus,
696 2817 828 2887 post
847 2817 1152 2886 superatos
1189 2811 1407 2867 multos
1428 2809 1811 2881 labores,jam
1849 2809 2071 2882 pacatis

415 2903 655 2960 omnino
687 2903 884 2972 rebus,
914 2900 1235 2958 Antiochia;
1275 2899 1421 2972 ipsis
1462 2897 1736 2956 Kalendis
1763 2896 2012 2971 Augusti
2039 2913 2070 2952 e

413 2993 561 3050 vivis
614 2996 966 3059 excesserat;
1013 2996 1140 3046 tum
1201 2987 1534 3061 pontificem
1591 2991 1802 3060 rogant
1857 2990 1922 3040 ut
1973 2984 2068 3041 ille

2159 504 2689 576 archiepiscopum,
2711 507 2809 578 qui
2842 511 2900 563 et
2929 505 3047 564 illis
3093 509 3154 564 in
3185 507 3459 565 omnibus
3490 507 3820 581 apostolica

2155 592 2281 648 vice
2305 595 2554 664 adesset,
2574 599 2631 650 et
2649 593 2926 652 ecclesias
2941 596 3001 652 in
3023 597 3167 655 locis
3181 597 3338 654 unde
3355 597 3570 672 pagani
3587 596 3830 672 expulsi

2159 686 2298 736 sunt
2329 681 2740 738 instauraret.»
2765 687 2822 739 Is
2853 688 3060 756 postea
3087 686 3274 760 captis
3295 685 3699 760 Jcrosolymis,
3720 689 3831 743 Ar-

2161 769 2320 824 null‘o
2343 768 2538 825 locum
2581 771 2991 846 cedente,ejus
3029 776 3196 831 urbis
3223 775 3562 848 patriarcha
3591 775 3822 850 proclaa

2159 863 2354 913 matus
2379 862 2491 926 est,
2514 863 2579 914 ut
2607 859 2830 932 passim
2861 861 2962 918 alii
2993 867 3259 921 auctores
3285 864 3693 921 observarunt.
3715 864 3822 920 Ja-

2158 963 2308 1002 nuen
2317 963 2409 1001 ses
2426 963 2492 1003 eo
2511 951 2773 1020 tempore
2787 951 2974 1007 sancti
2991 952 3023 1008 ,Ι
3029 968 3138 1008 oan
3146 951 3238 1008 nis
3246 952 3522 1027 Baptista:
3537 953 3825 1026 reliquias

2157 1051 2188 1090 e
2216 1035 2376 1108 Myra
2397 1035 2565 1091 Licia:
2598 1037 2742 1094 urbe
2771 1039 3014 1096 domum
3067 1041 3340 1099 retulisse
3387 1046 3816 1112 memorantur,

2159 1140 2306 1196 quas
2327 1124 2502 1180 etiam
2531 1141 2686 1181 nunc
2719 1127 2934 1184 habent
2959 1129 3022 1185 in
3053 1129 3299 1187 ecclesia
3339 1129 3816 1204 metropolitana.

2157 1213 2276 1269 Has
2309 1212 2778 1270 Christianorum
2818 1215 3112 1288 victorias,
3144 1217 3307 1275 solus
3357 1219 3508 1276 inter
3533 1219 3825 1276 Chl-istim:

2158 1317 2264 1356 nos
2295 1301 2587 1374 principes
2628 1304 3312 1378 Constantinopolitanae
3340 1305 3660 1380 imperator
3697 1323 3826 1380 per

2157 1390 2450 1457 turbabat,
2499 1391 2642 1448 adeo
2691 1395 2775 1460 ut,
2811 1392 3006 1466 inquit
3051 1393 3390 1468 Bertoldus,
3422 1395 3600 1452 etiam
3646 1395 3830 1454 urbes

2159 1496 2286 1550 quae
2313 1479 2386 1534 ab
2416 1479 2874 1537 occidentalibus
2899 1487 3079 1555 capts:
3112 1483 3344 1540 fuerant
3367 1484 3622 1541 incendio
3651 1485 3816 1542 deua-

2157 1570 2299 1622 stare
2329 1572 2378 1622 et
2405 1569 2637 1639 paganis
2666 1569 2889 1625 reddere
2929 1587 3044 1626 non
3077 1571 3459 1642 dubitaverit;
3490 1576 3547 1630 et
3591 1575 3704 1630 iter
3732 1575 3821 1631 Je-

2157 1656 2624 1726 rosolymitanum
2648 1673 2748 1728 per
2773 1673 2934 1714 suam
2957 1663 3280 1731 potestatem
3297 1661 3557 1718 omnibus
3573 1665 3831 1734 peregri-

2162 1747 2269 1810 nis,
2301 1749 2590 1816 quantum
2621 1746 2828 1817 potuit,
2864 1749 3087 1804 omnino
3113 1748 3476 1820 prohibuerit.

2342 1831 2590 1888 CCCXII.
2619 1833 3099 1892 Schismaticorum
3129 1837 3306 1894 Rom
3334 1843 3652 1896 conventus.

2245 1920 2418 1976 Porro
2448 1923 2554 1978 etsi
2587 1921 2702 1978 illis
2727 1925 3114 1996 temporibus,
3140 1925 3357 1997 quibus
3379 1942 3586 1984 omnes
3607 1929 3837 2002 ubique

2172 2010 2434 2082 gentium
2467 2011 2526 2066 in
2556 2010 2772 2066 Urbani
2798 2011 3190 2070 obedientiam
3213 2030 3330 2072 uno
3354 2015 3555 2072 animo
3587 2033 3834 2074 consen-

2171 2099 2279 2154 tire
2309 2099 2675 2166 videbantur,
2698 2117 2790 2156 res
2817 2100 3327 2160 schismaticorum
3352 2105 3672 2177 desperate
3703 2119 3830 2162 om-

2173 2186 2312 2243 nino
2333 2204 2459 2243 esse
2489 2187 2848 2257 debuissent,
2874 2190 3029 2246 haud
3059 2195 3258 2248 tamen
3279 2191 3364 2248 illi
3385 2211 3419 2248 a
3441 2193 3568 2250 suis
3585 2209 3834 2252 conven-

2172 2277 2353 2344 tibus,
2377 2277 2619 2333 absente
2662 2277 2796 2334 licet
2839 2278 3140 2348 Guiberto,
3173 2281 3531 2350 abstinuere,
3551 2284 3712 2355 quod
3759 2299 3832 2342 ex

2173 2381 2376 2421 eorum
2416 2366 2918 2438 pseudosynodica
2947 2368 3195 2440 epistola
3235 2372 3508 2428 universis
3548 2373 3724 2428 Deum
3753 2375 3836 2430 ti-

2171 2453 2464 2522 mentibus,
2498 2458 2564 2509 ut
2609 2455 2723 2527 ipsi
2770 2456 3160 2524 mentiuntur,
3191 2461 3244 2514 et
3289 2460 3525 2516 salutem
3570 2461 3838 2520 Romana

2172 2543 2490 2615 reipublicae
2543 2544 2900 2612 diligentibus
2952 2544 3237 2618 inscripta
3288 2550 3470 2620 patet,
3521 2564 3698 2622 quam
3761 2565 3841 2608 ex

2174 2631 2447 2687 Bennone
2497 2632 2554 2686 in
2602 2631 2734 2687 Vita
2790 2631 3169 2690 Hildebrandi
3228 2635 3512 2694 Batonius
3551 2637 3624 2695 ad
3669 2639 3838 2697 hunc

2176 2736 2394 2776 annum
2425 2725 2484 2776 et
2512 2720 2778 2777 Labbeus
2817 2721 2878 2776 in
2920 2723 3252 2796 Appendics
3293 2725 3440 2782 tomi
3469 2723 3516 2782 X
3543 2725 3836 2786 Concilio-

2176 2825 2308 2864 rum
2337 2807 2678 2865 retulerunt.
2703 2810 2784 2864 Ex
2813 2809 2923 2866 hac
2945 2826 3081 2868 vero
3105 2811 3394 2870 discimus
3411 2815 3657 2886 quinam
3689 2819 3835 2873 tunc

2178 2896 2370 2953 Romae
2403 2896 2618 2953 fuerint
2646 2897 2919 2971 praecipui
2950 2899 3220 2958 factionis
3246 2901 3602 2960 Guibertinaa
3631 2903 3836 2961 fauto-

2176 3003 2290 3052 res,
2316 3002 2567 3058 quorum
2600 2987 2841 3043 nomina
2869 2991 2927 3043 et
2954 2987 3270 3061 dignitates
3297 2989 3407 3047 hoc
3435 2991 3640 3048 ordine
3669 2993 3732 3049 in
3767 3009 3839 3054 ea

413 3083 558 3155 ipse,
589 3081 690 3154 qui
719 3095 898 3136 sacrae
930 3077 1282 3151 expeditioni
1318 3082 1520 3133 auctor
1565 3080 1622 3132 et
1669 3074 2070 3148 promulgator
2113 3151 2138 3155 ι
2173 3080 2568 3131 recensentur.
2625 3075 2948 3132 Adalbertus
3007 3080 3289 3150 cpiscopus
3357 3083 3569 3138 sanctae
3621 3081 3840 3153 Ruﬁna

417 3151 746 3247 pracipuus
796 3170 1005 3235 fuerat,
1034 3167 1094 3222 in
1125 3165 1420 3223 Orientem
1468 3165 1656 3222 veniat
1703 3180 1908 3220 eorum
1953 3164 2072 3247 dux
2100 3151 2142 3220 C
2181 3163 2351 3222 Silvae
2409 3163 2688 3233 Candidas,
2731 3169 2970 3222 Joannes
3026 3167 3308 3239 episcopus
3363 3168 3648 3238 Ostiensis,

416 3242 475 3318 et
503 3242 775 3335 princeps
824 3258 1080 3322 futurus,
1105 3260 1172 3310 ut
1215 3259 1350 3328 post
1379 3255 1651 3328 adeptam
1699 3253 1894 3309 Romae
1925 3242 2076 3308 Petri

420 3349 788 3417 cathedram,
821 3346 882 3401 in
917 3362 1034 3417 qua
1073 3345 1201 3416 jam
1230 3344 1302 3400 ab
1335 3343 1561 3416 aliquot
1607 3342 1779 3398 annis
1816 3341 2074 3398 sedebat,

2186 3255 2461 3326 episcopus
2495 3255 2886 3322 Praenestinus,
2913 3255 3162 3311 Albertus
3203 3257 3481 3328 episcopus
3508 3258 3839 3330 Nepesinus,

2182 3344 2366 3398 Benno
2393 3341 2698 3400 cardinatis
2737 3343 3022 3415 presbyter
3047 3345 3202 3400 urbis
3245 3341 3444 3414 Romae,
3499 3345 3837 3405 Octaviam

419 3437 606 3499 simili
639 3451 874 3510 quoque
903 3434 1121 3490 honore
1174 3433 1236 3490 in
1295 3433 1480 3488 altera
1509 3431 1774 3504 ejusdem
1831 3429 2078 3503 apostoli
2181 3432 2458 3504 presbyter
2507 3431 2809 3488 cardinalis
2860 3431 3194 3503 designatus,
3235 3435 3440 3490 Paulus
3482 3438 3841 3509 prime

419 3529 704 3589 cathedra
728 3523 1052 3580 Antiochiae
1084 3523 1394 3578 frueretur.
1420 3522 1550 3576 Haec
1588 3519 1832 3593 epistola
1861 3520 2080 3592 scripta
2186 3524 2438 3578 Romanae
2503 3521 2784 3584 Ecclesiae,
2844 3521 3102 3578 Nicotaus
3161 3523 3362 3579 electus
3425 3524 3594 3580 abbas
3647 3527 3842 3584 Sancti

419 3620 536 3678 fuit
567 3617 629 3680 11‘
669 3615 762 3673 die
787 3615 1040 3670 intrante
1063 3611 1428 3684 Septembrio,
1454 3609 1750 3665 indictione
1769 3625 1843 3677 IV,
1867 3612 1932 3664 ut
1955 3607 2077 3664 indi

421 3714 516 3766 cat
561 3712 736 3772 editio
795 3700 1110 3761 Baluziana
1155 3697 1346 3754 librox
1380 3697 1618 3754 Miscell.
1651 3715 1783 3772 pag.
1817 3698 1941 3767 419,
1972 3697 2075 3754 ubi

417 3797 701 3874 integrior
727 3795 994 3864 habefur
1021 3805 1198 3862 quam
1239 3788 1393 3860 apud
1433 3787 1800 3844 Fulcherium
1832 3787 1893 3842 in
1923 3786 2074 3843 libro

415 3887 486 3944 de
513 3893 695 3962 gestis
724 3895 826 3950 Dei
851 3914 956 3969 per
983 3879 1274 3954 Francos.
1303 3877 1495 3950 Ipsam
1541 3881 1735 3969 autem
1786 3878 2075 3969 integram

412 3977 625 4037 referre
653 3966 990 4044 νίειιιηήοη
1033 3973 1146 4047 est
1193 3983 1378 4040 opera:
1423 3967 1696 4040 pretium,
1730 3983 1864 4023 cum
1916 3966 2072 4038 apud

406 4063 540 4122 illos
570 4075 835 4131 auctores
866 4077 1030 4134 facile
1075 4057 1300 4138 haberi
1347 4057 1560 4129 possit;
1593 4073 1774 4128 quare
1823 4054 2077 4110 sufficiat

407 4153 501 4217 hic
525 4158 765 4220 titulum
796 4165 924 4238 ejus
949 4168 1222 4228 exhibere
1255 4165 1293 4229 .’
1318 4170 1346 4198 “
1384 4146 1629 4202 Βοωίηο
1658 4147 1860 4202 sum"
1891 4158 1956 4197 ⁸ο
1981 4158 2073 4197 νδ-

403 4251 651 4308 nerabili
681 4230 844 4326 papa;
875 4255 1126 4332 Urbano,
1161 4261 1332 4318 gnam
1366 4236 1584 4332 undus,
1607 4230 2076 4332 et'Raymundus

402 4339 590 4395 sancti
619 4320 828 4414 Egidii
872 4362 1086 4418 comes,
1106 4320 1496 4410 'Godefridi.‘8
1527 4324 1646 4418 Si“
1678 4320 2075 4418 FOQJ‘t'jienéis

399 4434 460 4484 et
517 4407 825 4490 Rotbertus
881 4407 1085 4494 comes,
1130 4407 1615 4498 Northmwannfe'
1651 4413 1707 4464 et
1764 4407 2075 4498 Ηρῴθνῳε

401 4517 845 4578 Flandrensium
867 4540 1079 4594 comes,
1103 4493 1532 4586 et
1551 4545 1617 4583 cc
1627 4512 1780 4553 ‘mes
1803 4493 2072 4594 βίῖιθη,ίίξ”
2105 4517 2152 4584 D

399 4606 649 4664 salutem
678 4613 734 4666 et
763 4612 956 4670 fidelia
981 4583 1539 4687 ser'vitia,et
1569 4633 1674 4671 suo
1697 4583 1876 4688 nam
1897 4584 2072 4656 39m”

270 4689 286 4699 ”
395 4696 540 4752 tuali
573 4715 767 4756 veram
799 4701 858 4756 in
883 4706 1106 4762 Christo
1137 4705 1590 4777 subjectionem.
1628 4703 1806 4760 Volui.
1821 4689 1938 4731 ’ωδ
1967 4691 2070 4729 au‘

391 4789 512 4841 tem
543 4803 748 4844 omnes
777 4795 834 4846 et
861 4792 1263 4851 desideramus
1295 4791 1458 4846 vobis
1484 4796 1687 4849 notum
1713 4795 1838 4850 ﬁeri
1860 4815 1896 4870 q
1916 4780 2072 4870 “uim

393 4889 610 4947 magna
653 4877 751 4934 Dei
803 4881 1227 4949 misericordia,
1259 4895 1556 4952 quamque
1601 4869 2072 4944 evidentissin.‘0

394 4961 581 5034 ipsius
609 4967 704 5023 Dei
733 4969 1092 5027 adminiculo
1117 4986 1150 5024 a
1173 4967 1344 5024 nobis
1371 4975 1540 5043 capta
1567 4977 1655 5028 est
1683 4975 2034 5046 Antiochia,»

393 5056 502 5108 etc.
527 5054 672 5118 Quid
703 5074 836 5114 vero
867 5057 962 5114 his
991 5058 1202 5114 littoris
1235 5061 1598 5130 responderit
1631 5065 1908 5136 pontifex,
1941 5085 2038 5124 no-

393 5139 484 5196 bis
514 5148 602 5198 est
617 5143 1080 5218 incompertum;
1113 5151 1175 5202 at
1198 5150 1420 5202 certum
1451 5153 1541 5206 est
1566 5168 1700 5206 eum
1731 5169 2032 5224 nunquam

395 5228 579 5286 ullum
624 5233 736 5290 iter
781 5234 842 5288 in
893 5233 1186 5290 Orientem
1243 5236 1592 5308 suscepisse.
1625 5238 1740 5294 Nec
1789 5239 2036 5298 dubium

384 5319 531 5391 quin
562 5323 655 5378 hic
685 5321 1008 5378 revocanda
1037 5323 1114 5380 sit
1143 5323 1463 5379 Daimbcrti
1495 5326 1568 5381 ad
1603 5325 2035 5397 crucesignatos

383 5405 616 5480 legatio,
641 5424 822 5480 quam
844 5408 952 5465 hoc
979 5429 1130 5470 anno
1161 5417 1582 5468 commemorat
1607 5413 1910 5470 Bertoldus
1942 5416 2035 5474 his

383 5497 574 5551 verbis
611 5513 626 5553 :
659 5519 688 5546 ‹‹
736 5496 1018 5556 Dominus
1075 5517 1252 5577 papa,
1286 5499 1478 5570 inquit
1533 5499 1631 5556 ille
1685 5506 1909 5572 auctor,
1960 5508 2032 5566 ad

381 5585 652 5646 eamdem
691 5581 1126 5652 multitudinem
1177 5602 1353 5646 suam
1403 5585 1752 5660 legationem
1801 5590 2031 5667 direxit,

2144 5245 2218 5302 ad
2225 5249 2418 5300 ventu.

2142 5419 2400 5478 versitati
2423 5420 2528 5492 (sic
2555 5423 2628 5478 de

2141 5507 2301 5582 quod
2332 5511 2398 5563 ut
2426 5525 2487 5566 re
2517 5509 2692 5567 etiam
2723 5558 2745 5585 λ

2141 5594 2492 5660 tholicorum
2522 5595 2724 5667 libros,
2757 5616 2834 5674 qi.

2184 3610 2433 3667 Silvestri
2458 3609 2612 3666 urbis
2661 3609 2858 3678 Romae,
2890 3611 2954 3665 N.
2985 3609 3152 3668 abbas
3180 3612 3370 3668 Sancti
3413 3613 3709 3671 Pancratii
3737 3630 3837 3672 ur-

2185 3701 2267 3754 bis
2299 3700 2496 3764 Rome,
2532 3701 2586 3752 et
2610 3698 2804 3767 clerus,
2837 3702 2890 3754 et
2927 3699 3226 3756 clarissimi
3265 3703 3545 3774 principes
3575 3703 3838 3761 Theobol-

2182 3788 2278 3843 dus
2309 3785 2580 3852 Chinebii,
2610 3789 2664 3842 et
2690 3786 2970 3844 Udalricus
3010 3787 3078 3844 de
3105 3788 3303 3846 Sancto
3343 3791 3634 3847 Eustochio
3655 3797 3709 3848 et
3731 3809 3838 3865 po-

2178 3875 2346 3947 pulus
2374 3874 2666 3930 Romans.
2693 3873 2780 3930 Illi
2800 3879 2890 3930 ter
2917 3891 2981 3931 se
3009 3878 3349 3935 convenisse
3377 3878 3436 3934 in
3464 3879 3716 3936 diversis
3748 3898 3840 3938 urb

2183 3963 2274 4018 bis
2306 3962 2500 4018 Romae
2542 3961 2802 4019 ecclesiis
2850 3963 3033 4034 aiunt,
3067 3966 3138 4021 ad
3170 3966 3558 4024 destruendas
3585 3967 3838 4026 haereses

2184 4052 2256 4106 ab
2289 4049 2700 4118 llildebrando,
2733 4051 2818 4107 sic
2849 4052 3024 4108 etiam
3055 4057 3194 4110 tunc
3221 4054 3571 4129 Gregorium
3603 4057 3709 4114 VII
3739 4074 3839 4131 ap-

2185 4137 2498 4212 pellabant,
2519 4138 2886 4210 adinventas;
2911 4140 3100 4213 primo
3121 4141 3358 4213 quidem
3389 4143 3573 4200 Nonis
3590 4145 3842 4219 Augusti

2184 4228 2336 4301 apud
2355 4232 2631 4284 Sanctum
2649 4227 2930 4297 Blasium,
2946 4234 3074 4285 tum
3095 4246 3196 4286 vni
3217 4230 3356 4288 Idus
3375 4233 3530 4304 apud
3554 4233 3840 4291 Sanctum

2184 4317 2416 4374 Celsum
2445 4322 2499 4374 et
2529 4317 2806 4390 postridie
2859 4318 3014 4390 apud
3069 4319 3342 4376 Sanctam
3404 4321 3680 4391 Mariam,
3709 4337 3840 4398 qua

2185 4407 2400 4462 dicitur
2448 4407 2718 4462 Rotunda
2744 4407 2883 4478 (tres
2931 4406 3129 4478 itaque
3157 4408 3267 4465 has
3315 4410 3592 4468 ecclesias
3641 4412 3840 4469 Roma

2185 4495 2376 4552 adhuc
2406 4494 2829 4568 possidebant),
2861 4493 3058 4568 ibique
3092 4494 3224 4553 illas
3269 4497 3519 4556 haereses
3551 4502 3838 4559 condem-

2182 4601 2373 4642 nasse.
2404 4585 2552 4640 Tum
2585 4583 2936 4656 pollicentur
2958 4585 3336 4642 securitatem
3367 4587 3610 4646 cuilibet
3638 4605 3843 4648 occur-

2183 4691 2306 4731 rere
2327 4672 2542 4730 volenti
2576 4671 2648 4728 ad
2689 4672 2951 4746 proxime
3002 4672 3258 4730 futuram
3306 4675 3620 4748 synodum,
3653 4695 3839 4752 quam
3913 4749 3915 4754 η

2181 4766 2331 4820 circa
2391 4761 2658 4818 Kalendas
2705 4761 3027 4818 Novembres
3075 4761 3366 4821 celebrare
3421 4765 3775 4839 disponunt.
3812 4791 3841 4818 ι)

2182 4855 2319 4910 Data
2341 4860 2420 4909 est
2447 4851 2569 4906 haec
2615 4849 2863 4922 epistola
2891 4851 3068 4907 Romae
3106 4854 3295 4909 contra
3339 4853 3738 4926 schismaticos,
3773 4863 3840 4915 ut

2181 4946 2410 5007 vocant,
2442 4943 2502 4994 in
2529 4954 2682 4994 sacro
2725 4942 3012 5008 conventu,
3041 4957 3188 4998 anno
3217 4942 3286 4997 ab
3314 4943 3707 5004 Incarnatione
3731 4947 3839 5004 Do-

2203 5034 2328 5090 uiui
2353 5030 2508 5098 1098,
2529 5026 2827 5082 indictione
2855 5036 3034 5098 sexta,
3059 5045 3160 5099 vn,
3185 5029 3309 5086 ldus
3329 5031 3582 5104 Augusti.
3605 5036 3680 5090 At
3699 5049 3838 5091 cum

2146 5091 2377 5214 Z'ullcas
2413 5131 2444 5170 e
2469 5113 2778 5171 Catholicis
2822 5115 2894 5171 ad
2944 5131 3120 5173 suum
3164 5091 3437 5191 ipsoruni
3485 5127 3840 5182 conventum

2414 5221 2534 5263 ‘ros
2565 5220 2693 5260 esse
2723 5207 2878 5261 certo
2909 5205 3312 5278 praeviderent,
3331 5230 3361 5260 «
3383 5213 3568 5268 testes
3589 5213 3833 5270 advoca-

2527 5310 2555 5334 ἰ
2585 5296 2644 5350 et
2671 5296 2908 5361 terram,
2942 5310 3006 5350 se
3037 5311 3409 5368 nequaquam
3451 5313 3659 5358 eorum
3700 5316 3827 5375 per-

2615 5381 2661 5418 "
2694 5379 3008 5438 Catholicis
3041 5381 3457 5456 loquebantur)
3475 5389 3829 5458 consentire,

2757 5469 3092 5541 probarent,
3116 5472 3316 5530 statim
3347 5479 3693 5537 eorumdem
3720 5477 3830 5538 Ce-

2843 5575 2940 5623 ‘ws
2967 5574 3085 5639 prae
3115 5560 3392 5624 manibus
3420 5563 3733 5642 habebant,
3765 5565 3832 5632 is

2145 5337 2285 5389 runt
2314 5331 2522 5388 cmlun.
