3950 6218
123 302 232 372 ω

1728 320 1933 387 Vl'l‘A.

3408 330 3526 399 242
3540 370 3543 373 -

117 439 310 539 ignem
338 443 667 519 projecere,
686 445 840 523 quod
869 446 1046 509 variis
1075 449 1455 513 conciliorum
1486 468 1770 516 convoca-
1798 454 1855 525 Α
1884 456 2023 516 1098
2053 457 2450 535 consignatur,
2486 458 2662 521 aliam
2690 462 2763 522 ab
2795 477 2864 522 ea
2890 478 3006 520 non
3046 478 3176 522 esse
3207 480 3335 539 quas
3369 484 3523 525 anno

117 534 377 592 tionibus
409 553 521 609 per
551 555 738 596 annos
775 541 1064 600 sexdecim
1108 544 1274 602 factis
1320 550 1378 602 et
1407 546 1650 615 iteratis,
1690 547 1774 605 illi

114 638 419 697 nunquam
453 626 724 699 ipsorum
759 631 999 689 monitis
1044 650 1215 690 aures
1247 637 1502 706 praebere
1557 637 1773 695 voluis-

117 719 263 771 sent.
286 738 314 765 ι)
329 716 464 773 Hac
486 719 566 774 de
581 718 995 793 schismatiois,
1018 724 1269 795 quicum
1293 725 1565 783 Bennone
1597 744 1769 800 pseu-

118 804 412 861 docarnali
463 808 807 879 pontiﬁcem
835 817 1101 869 nostrum
1143 814 1453 871 Turbanum
1481 816 1772 888 appellare

118 895 412 963 amabant,
435 895 515 951 ob
563 896 644 965 id,
669 898 823 971 quod
872 900 1130 974 Gregorii
1170 903 1429 978 vestigiis
1458 904 1767 976 inhaerens,

121 982 340 1049 turbas,
390 988 461 1039 ut
513 985 633 1058 ipsi
669 986 1203 1061 calumniabantur,
1237 992 1621 1051 continuaret.
1657 996 1767 1052 Sed

121 1068 321 1128 talium
353 1071 677 1131 hominum
702 1078 980 1146 convicia,
1011 1083 1098 1136 tot
1125 1086 1266 1137 sunt
1310 1083 1426 1138 veri
1475 1084 1768 1155 pontificis

118 1160 317 1232 elogia.
332 1162 404 1218 Et
421 1163 896 1224 certeUrbanum
910 1168 1070 1240 pacis
1087 1179 1399 1239 amantem,
1416 1178 1472 1228 et
1503 1172 1765 1229 omnium

120 1247 444 1320 hominum,
461 1253 568 1325 qui
596 1257 838 1322 tunc,ut
856 1257 928 1313 de
949 1258 1143 1331 Moyse
1158 1258 1419 1331 loquitur
1442 1262 1763 1333 Scriptura,

114 1336 168 1392 in
189 1340 342 1395 terra
368 1341 785 1407 morabantur,
814 1344 1198 1402 mitissimum
1222 1348 1424 1415 fuisse,
1444 1349 1621 1404 etiam
1654 1348 1764 1420 ipsi

112 1424 471 1485 schismatici
506 1430 678 1486 fateri
738 1432 825 1487 vel
873 1433 1038 1489 inviti
1080 1437 1453 1509 cogebantur.
1488 1438 1763 1501 Quaenam

112 1530 237 1571 vero
294 1517 544 1575 hmresis
574 1519 678 1576 illa
705 1526 847 1589 erat,
879 1538 1057 1595 quam
1089 1524 1447 1581 schismatici
1488 1526 1764 1599 Gregorio

113 1602 205 1660 νυ
228 1603 667 1679 impingebant,
701 1609 984 1667 discimus
1014 1629 1081 1667 ex
1110 1614 1313 1669 eodem
1374 1615 1644 1671 Bennone
1704 1617 1761 1671 in

113 1687 362 1767 Gregorii
387 1695 540 1764 Vita,
565 1696 669 1752 ubi
699 1698 783 1754 sic
804 1698 1014 1755 habet:
1044 1700 1386 1759 «Gloriosus
1417 1703 1761 1760 Hildebran-

1884 548 2287 622 subsequenti.
2310 554 2375 608 ut
2396 554 2661 609 auctores
2673 548 2926 625 mquales
2946 549 3221 621 referunt,
3238 551 3528 614 celebrata

1883 643 2005 708 est;
2041 657 2217 713 quam
2277 641 2560 698 Baronius
2598 647 2654 697 et
2687 642 2952 698 Labbeus
3008 659 3079 699 ex
3134 642 3286 699 male
3338 643 3529 702 locata

1883 730 2101 801 synodo
2126 729 2362 786 Barensi
2394 747 2510 787 uno
2542 748 2694 786 anno
2715 736 2947 804 tempus
2987 735 3399 804 praevertentes
3452 735 3520 790 ad

1882 834 2103 873 annum
2139 821 2273 874 1098
2304 835 2436 875 cum
2487 821 2614 891 ejus
2663 820 2991 877 canonihus
3039 820 3270 878 incaute
3314 822 3526 879 retule-

1881 911 2038 963 runt.

2196 997 2515 1054 CCCXXIV.
2554 1000 2806 1055 Barea-sis
2837 1000 3033 1070 synodi
3059 1007 3198 1056 acta.

1948 1083 2123 1140 Porro
2145 1083 2278 1142 licet
2298 1086 2650 1158 praecipuam
2669 1102 2868 1143 eorum
2885 1104 3014 1159 qua:
3035 1088 3095 1142 in
3114 1088 3353 1145 Barensi
3384 1105 3520 1160 syn-

1877 1172 1988 1228 odo
2005 1178 2170 1245 gesta
2191 1178 2330 1229 sunt
2351 1174 2618 1230 notitiam
2640 1174 2977 1248 Anglicanis
2998 1176 3295 1232 historicis
3307 1177 3519 1234 debea-

1876 1277 2029 1325 mus,
2045 1260 2227 1333 quide
2240 1277 2306 1317 ea
2327 1264 2627 1318 occasione
2644 1263 2831 1319 sancti
2856 1263 3113 1319 Anselmi
3133 1264 3515 1337 scripserunt,

1874 1348 2030 1405 haud
2046 1353 2263 1419 tamen,
2281 1353 2345 1405 ut
2353 1350 2478 1421 jam
2493 1351 2863 1407 observatum
2883 1355 2992 1418 est,
3009 1352 3141 1408 aliis
3152 1355 3514 1420 auctoribus,

1874 1440 1930 1492 et
1959 1437 2197 1509 quidem
2223 1438 2519 1511 gravibus,
2543 1438 2666 1494 loco
2694 1444 2751 1494 et
2790 1442 2956 1495 aetate
2989 1440 3291 1511 proximis,
3317 1441 3516 1514 ignota

1872 1525 2179 1583 fuit.Certe
2196 1526 2414 1582 multos
2431 1526 2565 1582 cleri
2586 1531 2643 1583 et
2672 1526 2957 1583 nobilium
2983 1545 3250 1600 proceres
3280 1530 3351 1586 ad
3385 1546 3513 1585 eam

1872 1616 2210 1672 convenisse
2241 1616 2444 1671 scribit
2472 1632 2797 1687 anonymus
2853 1616 3122 1671 Barensis
3154 1615 3245 1671 his
3272 1616 3466 1673 verbis
3500 1636 3512 1674 :

1872 1703 2025 1758 Anno
2050 1704 2206 1771 1099,
2240 1721 2413 1776 quem
2447 1705 2598 1760 sicut
2627 1708 2683 1759 et
2708 1704 3089 1760 indictionem
3123 1722 3156 1759 a
3187 1705 3515 1777 Septembri

116 1781 223 1884 dus
258 1786 317 1838 et
346 1784 720 1858 pedisequus
748 1788 878 1859 ejus
930 1788 1244 1846 Turbanus
1275 1808 1422 1847 nova
1470 1797 1761 1864 potestate
1793 1819 1840 1884 B
1872 1792 2249 1864 praecedentis
2270 1794 2428 1856 anni,
2454 1797 2519 1847 ut
2545 1810 2675 1847 mox
2697 1793 3059 1857 dicebamus,
3089 1791 3342 1860 inchoat,
3372 1795 3515 1849 indi-

117 1869 391 1929 solventes
412 1874 1156 1935 decretaChalcedonensis
1168 1879 1418 1947 concilii,
1439 1898 1553 1937 non
1568 1880 1759 1937 solum
1793 1869 1840 1884 “’
1869 1882 2045 1936 ctione
2072 1899 2170 1947 vn,
2193 1884 2354 1938 tertia
2368 1882 2457 1937 die
2477 1883 2719 1937 intrante
2738 1896 2923 1937 mense
2944 1882 3179 1947 Octobri,
3203 1884 3349 1938 venit
3366 1899 3533 1955 papa.

112 1960 315 2028 verbis,
346 1964 453 2020 sed
486 1969 548 2019 et
591 1964 829 2037 scriptis
850 1966 1103 2038 publicis
1133 1973 1557 2026 consenserunt
1600 1975 1759 2026 extra

115 2049 409 2109 ecclesiam
470 2055 921 2111 communicare
951 2060 1009 2111 et
1064 2058 1377 2129 baptizare,
1412 2075 1590 2131 quam
1623 2060 1757 2115 caeci

113 2145 315 2208 essent,
339 2156 523 2214 quam
547 2143 808 2199 haeretici
839 2144 1091 2217 propriis
1123 2146 1358 2219 scriptis
1389 2147 1756 2220 deprehensi,

114 2223 234 2297 eto.;
257 2222 507 2304 uterque
547 2232 616 2288 in
641 2232 909 2289 haeresim
944 2234 1149 2290 Liberii
1184 2236 1407 2302 incidit,
1443 2236 1541 2308 qui
1599 2240 1756 2309 post-

113 2328 275 2389 quam
307 2319 550 2392 publice
574 2322 1029 2378 communicavit
1046 2324 1585 2391 exoommunicatis,
1609 2327 1756 2381 duas

116 2406 384 2466 Ecclesiae
442 2409 678 2466 faciens
733 2409 1021 2467 unitatem
1052 2412 1244 2479 scidit,
1279 2435 1306 2464 »
1350 2417 1460 2470 etc.
1490 2414 1583 2470 Sic
1643 2414 1753 2485 ipsi

114 2495 459 2554 schismatioi
484 2503 763 2555 auctores
794 2499 1108 2557 catholicos
1128 2505 1185 2557 et
1205 2502 1449 2559 unitatis
1464 2508 1754 2559 amatores

113 2583 509 2644 echismatioos
534 2586 836 2660 appellare
866 2588 1022 2644 haud
1054 2588 1421 2646 dubitabant.

113 2675 409 2733 GCCXXIII.
443 2678 765 2734 Concilium
790 2679 1029 2734 Barense
1067 2679 1161 2734 llioc
1197 2696 1343 2735 anno
1396 2681 1746 2736 celebratum.

177 2765 446 2823 Catholici
474 2782 623 2823 vero
676 2765 769 2821 die
808 2766 1075 2822 condicta
1125 2767 1519 2823 Kalendarum
1575 2769 1747 2825 Octo-~

115 2852 310 2921 brium,
330 2871 431 2912 seu
458 2859 530 2911 ut
570 2853 748 2910 habet
778 2869 1108 2927 anonymus
1130 2856 1422 2922 Barensis,
1455 2857 1548 2913 die
1578 2857 1749 2914 tertia

114 2943 352 3014 ejusdem
377 2941 636 3008 mensis,
651 2942 804 3015 apud
828 2942 1062 2998 Barium
1086 2943 1372 3000 celebrem
1395 2944 1618 3017 Apuliae
1648 2962 1744 3001 ur-

113 3031 230 3087 bem
258 3033 324 3088 ad
358 3030 685 3089 concilium
716 3030 789 3086 ab
819 3029 1051 3086 Urbano
1085 3026 1374 3087 indictum
1404 3049 1740 3090 convenere.

1873 1970 2120 2027 Urbanus
2134 1987 2257 2025 cum
2271 1972 2524 2042 pluribus
2545 1972 2963 2042 archiepiscopis
2983 1979 3034 2027 et
3051 1972 3312 2042 episcopis
3338 1980 3391 2027 et
3418 1972 3511 2027 ab-

1870 2060 2099 2126 batibus,
2123 2064 2173 2115 et
2183 2060 2490 2127 comitibus,
2505 2068 2557 2115 et
2570 2061 2913 2115 intraverunt
2934 2061 2993 2114 in
3016 2052 3205 2128 Barri,
3218 2068 3271 2116 et
3281 2062 3513 2132 suscepti

1865 2153 2145 2203 suntcum
2199 2165 2400 2219 magna
2456 2149 2778 2215 reverentia,
2819 2156 2870 2203 et
2910 2150 3248 2219 praeparavit
3293 2149 3533 2205 domino-

1865 2237 2038 2304 Helia,
2056 2240 2283 2292 sextum
2302 2253 2404 2307 pro
2428 2239 2603 2305 recto,
2617 2252 2755 2291 casu
2773 2235 3032 2302 adhibet;
3057 2240 3124 2291 ut
3142 2252 3211 2291 ex
3241 2236 3514 2295 Malmes—

1864 2324 2125 2380 huriensi
2149 2324 2299 2379 infra
2323 2324 2563 2396 patebit,
2579 2328 2762 2380 nostro
2773 2323 3194 2395 archiepiscopo,
3207 2326 3517 2395 miriﬁcam

1863 2413 2041 2469 sedem
2071 2415 2216 2468 intus
2239 2414 2298 2468 in
2329 2413 2553 2467 ecclesia
2585 2413 2889 2469 beatissimi
2924 2412 3138 2467 Nicolai
3182 2415 3513 2484 confessoris

1865 2502 2086 2570 Christi,
2115 2506 2168 2557 et
2194 2503 2322 2573 fecit
2353 2501 2432 2555 ibi
2458 2499 2730 2572 synodum
2753 2508 2854 2572 per
2880 2516 3052 2556 unam
3095 2499 3508 2557 hebdomadam.

1858 2596 1988 2647 Post
2015 2591 2294 2662 completis
2317 2589 2506 2645 diebus
2522 2593 2635 2645 octo
2660 2591 2906 2661 perrexit
2926 2590 2986 2643 in
3006 2604 3155 2660 pace,
3180 2596 3231 2644 et
3255 2590 3314 2644 in
3325 2605 3527 2646 mense:

1854 2680 2003 2737 Julii
2029 2681 2163 2735 obiit
2192 2682 2306 2751 ipse
2340 2680 2605 2737 Urbanus.
2640 2677 2783 2734 Huic
2814 2678 3034 2750 synodo
3066 2692 3244 2750 quam
3274 2678 3523 2733 univcr--

1855 2784 1971 2823 sam
2002 2768 2271 2824 Urbanus
2307 2768 2432 2839 ipse
2479 2767 2538 2822 in
2572 2766 2851 2839 rescripto
2894 2766 2964 2821 de
3002 2764 3295 2838 Cinglensi
3327 2765 3493 2835 cella,

1848 2858 2165 2929 plenariam
2186 2854 2462 2929 appellat,
2490 2858 2725 2910 centum
2759 2858 2819 2910 et
2846 2852 3139 2926 octoginta
3189 2854 3517 2927 episcopos.

1853 2943 2213 3000 interfuisset
2228 2944 2438 3000 asserit
2450 2944 2650 3015 Lupus
2664 2943 3025 3015 Protospata,
3038 2942 3137 2998 sed
3151 2942 3395 3014 quinam
3410 2943 3494 2998 illi

1852 3034 2070 3090 fuerint
2112 3049 2282 3088 nemo
2330 3028 2540 3089 litteris
2571 3032 2847 3104 prodidit.
2876 3034 2949 3086 At
2972 3048 3087 3102 quo
3128 3030 3276 3097 loco,
3308 3048 3498 3103 quove

112 3118 227 3175 Hec
253 3121 511 3190 synodus
549 3118 929 3191 potissimum
961 3120 1031 3175 ad
1062 3119 1121 3175 id
1153 3123 1351 3177 coacta
1398 3121 1645 3191 videtur,
1679 3127 1745 3179 ut
1785 3183 1816 3192 _
1855 3122 2057 3178 habitu
2079 3123 2139 3178 in
2160 3121 2406 3178 concilio
2437 3121 2651 3177 sederit
2680 3119 2939 3192 pontifex
2969 3135 3038 3175 ex
3057 3118 3329 3175 Wilelmo
3360 3120 3499 3175 Mal-

111 3183 318 3265 Grzecos
347 3209 503 3265 inter
527 3183 596 3264 ἐι
627 3207 864 3263 Latinos
894 3208 964 3264 de
1023 3208 1136 3264 [ide
1175 3210 1525 3280 conveniret,
1551 3183 1642 3266 ut,
1673 3227 1746 3267 ne
1776 3183 1819 3251 Ο
1857 3210 2244 3267 mesburiensi
2274 3210 2580 3265 discimus.
2604 3183 2775 3278 Ergo,
2805 3207 3018 3280 inquit,
3054 3215 3275 3263 ventum
3322 3212 3399 3262 est
3426 3208 3498 3262 ad

112 3296 318 3353 scilicet
347 3296 536 3355 sacris
571 3295 1040 3368 expeditionibus
1066 3302 1299 3353 noceret
1352 3296 1412 3353 in
1458 3300 1744 3355 credendo

112 3383 420 3443 diversitas.
434 3387 609 3442 Hanc
622 3385 907 3455 synodum
930 3401 1082 3441 anno
1098 3386 1447 3458 praecedenti
1461 3386 1746 3443 Baronius

110 3476 161 3527 et
192 3474 315 3545 ejus
351 3489 664 3548 sequaces,
691 3474 809 3529 imo
831 3477 889 3529 et
908 3473 1174 3530 Labbeus
1202 3478 1361 3531 tomo
1388 3476 1433 3531 Χ
1462 3474 1743 3533 Concilio-

110 3574 252 3628 rum,
281 3563 783 3637 consignaverunt
816 3580 829 3630 ;
863 3565 921 3617 at
967 3562 1175 3618 merito
1225 3561 1323 3618 alii
1355 3564 1741 3637 refragantur,

110 3648 319 3722 Lupum
340 3652 753 3724 Protospatam
770 3655 828 3707 et
843 3667 1200 3723 anonymum
1225 3652 1532 3709 Barensem
1550 3671 1741 3726 aequa-

110 3735 189 3794 les
214 3743 268 3795 et
295 3740 653 3798 domesticos
682 3743 946 3796 auctores
994 3740 1202 3807 secuti,
1237 3742 1338 3813 qui
1400 3757 1528 3797 eam
1578 3743 1743 3800 initio

111 3825 358 3885 Octobris
388 3830 529 3885 anni
563 3827 727 3897 4099,
773 3844 949 3900 quem
986 3828 1203 3885 scilicet
1224 3846 1332 3885 suo
1381 3846 1544 3887 more
1574 3848 1607 3886 a
1638 3832 1740 3888 Se-

112 3916 344 3986 ptembri
358 3916 734 3989 praecedenti,
750 3933 902 3973 anno
916 3916 1055 3973 4098
1072 3916 1373 3983 inchoent,
1389 3917 1741 3976 celebratam

115 4001 277 4061 fuisse
294 4008 619 4062 testantur:
637 4004 818 4061 alium
836 4004 1125 4061 habemus
1143 4006 1405 4077 ejusdem
1432 4006 1512 4063 rei
1530 4010 1741 4064 testem

115 4093 258 4148 omni
298 4096 637 4167 exceptione
667 4095 971 4165 majorem,
1003 4094 1378 4163 Eadmerum,
1413 4096 1514 4168 qui
1548 4096 1747 4153 eidem

116 4180 339 4238 concilio
374 4182 662 4240 interfuit.
689 4181 744 4239 Is
782 4197 1011 4254 nempe,
1032 4183 1238 4254 utjam
1265 4183 1541 4252 diximus,
1570 4184 1744 4240 refert

114 4264 249 4325 libro
278 4286 316 4324 ιι
358 4271 678 4339 Novorum,
708 4268 1051 4326 Anselmum
1103 4286 1303 4326 mense
1342 4270 1574 4326 Octobri
1604 4273 1741 4328 anni

117 4354 242 4411 1097
251 4357 543 4416 licentiam
565 4376 601 4415 a
618 4357 916 4415 Willelmo
938 4374 1069 4431 rege
1091 4358 1411 4432 Anglorum
1426 4360 1740 4418 extorsisse

114 4444 342 4503 Romam
361 4448 638 4517 adeundi,
651 4452 709 4504 et
732 4451 863 4520 post
881 4447 1005 4504 hac
1023 4464 1226 4503 verum
1251 4465 1284 4502 a
1301 4447 1469 4503 beato
1482 4448 1741 4506 antistite

1852 3301 2165 3357 concilium.
2218 3299 2551 3370 Apostolicus
2595 3300 2722 3352 ante
2776 3312 2969 3369 corpus
3027 3296 3207 3350 sancti
3260 3296 3496 3367 Nicolai,

1852 3391 2151 3445 constratas
2181 3387 2446 3459 tapetibus
2476 3394 2527 3441 et
2553 3385 2765 3456 palliis,
2798 3386 2916 3455 ipse
2949 3384 3136 3438 casula
3161 3399 3289 3438 cum
3319 3384 3496 3455 pallio

1854 3478 2084 3533 amictus
2107 3476 2356 3531 tribunal
2375 3473 2649 3538 ascendit;
2666 3473 2847 3528 ceteri
2862 3488 2987 3527 cum
3007 3474 3196 3543 cappis
3215 3471 3492 3527 sedebant.

1854 3564 2031 3621 Paulo
2089 3563 2334 3620 inferius
2385 3563 2657 3618 observat
2701 3560 3150 3617 archidiaconum
3190 3561 3498 3615 Romanum

1852 3663 1976 3710 ante
1998 3669 2202 3726 papam
2229 3652 2445 3719 sedisse,
2463 3654 2523 3706 ut
2550 3650 2719 3707 moris
2739 3654 2835 3706 est.
2858 3649 2921 3738 lu
2952 3647 3197 3738 concilio
3220 3646 3503 3706 Remensi

1853 3760 2004 3800 anno
2026 3743 2163 3798 4094
2183 3743 2292 3797 Leo
2316 3758 2466 3814 papa
2485 3737 2910 3796 sacerdotalibus
2929 3738 3090 3811 quasi
3112 3737 3186 3793 ad
3217 3738 3492 3794 celebran-

1850 3833 1978 3889 dam
2004 3833 2227 3888 missam
2255 3832 2458 3902 infulis
2485 3829 2772 3885 redimitus
2784 3829 3048 3900 processit
3076 3827 3150 3882 ad
3179 3826 3493 3882 concilium

1850 3937 1974 3977 cum
2001 3935 2160 3975 cruce
2191 3923 2243 3975 et
2261 3919 2552 3988 Evangelii
2572 3918 2712 3973 libro
2733 3915 3172 3973 antecedentibus
3196 3930 3323 3971 cum
3349 3915 3503 3970 sacri

1851 4010 2059 4066 ordinis
2084 4010 2375 4076 ministris,
2395 4012 2505 4063 etc.
2531 4007 2595 4062 1n
2627 4006 2924 4078 istajuxta
2954 4005 3256 4061 Urbanum
3286 4004 3498 4060 Ansel-

1852 4115 1986 4155 mus
2019 4096 2344 4153 Cantuariis
2375 4095 2851 4168 archiepiscopus
2880 4093 3122 4150 honoris
3153 4108 3351 4160 causa,
3377 4091 3499 4149 sive

1849 4187 2026 4244 etiam
2048 4190 2112 4241 ut
2128 4184 2357 4241 facilius
2379 4185 2657 4240 adversus
2679 4184 2907 4241 Graecos
2930 4182 3245 4256 disputans
3266 4181 3497 4238 auscul-

1851 4278 2090 4343 taretur,
2122 4274 2323 4329 sedere
2350 4274 2556 4344 jussus
2588 4275 2677 4327 est
2706 4287 2721 4326 :
2755 4287 2887 4327 cum
2946 4274 3141 4337 antea,
3174 4273 3241 4325 ut
3287 4270 3495 4326 scribit

1851 4364 2003 4420 idem
2029 4366 2247 4431 auctor,
2264 4362 2572 4432 ingruente
2599 4358 2880 4425 tumultu,
2904 4358 3123 4415 oblitus
3152 4356 3336 4414 fuisse
3351 4374 3507 4429 pon-s

1849 4452 1990 4508 tifex
2018 4451 2211 4506 locum
2242 4449 2293 4504 ei
2326 4447 2636 4520 specialem
2667 4448 2726 4501 et
2753 4444 3142 4502 honorificum
3165 4444 3494 4517 designare.

116 4532 392 4606 gestarum
406 4538 619 4594 seriem
631 4535 1029 4610 particulatim
1043 4535 1418 4609 prosequitur
1432 4537 1502 4593 ad
1524 4537 1739 4593 Baren-
1772 4547 1820 4613 Π
1850 4541 2007 4598 Idem
2035 4538 2211 4594 habet
2249 4536 2569 4592 Eadmerus
2603 4534 2674 4589 de
2694 4533 2903 4590 Casula
2918 4537 2975 4589 et
3004 4533 3349 4606 pontiﬁcum
3366 4549 3498 4605 cap-

118 4636 173 4677 se
206 4624 531 4693 concilium,
555 4626 709 4698 quod
750 4642 904 4681 anno
943 4623 1344 4696 subsequenti,
1378 4625 1739 4699 proindeque

118 4710 260 4781 1098,
274 4719 651 4771 convocatum
672 4714 854 4770 fuisse
876 4712 1326 4769 narrat.Deinde
1349 4713 1643 4783 Urbanus,
1679 4720 1742 4770 ut

117 4797 257 4856 idem
279 4806 479 4860 auctor
494 4803 841 4875 habet,post
863 4801 1025 4858 illam
1047 4803 1333 4875 synodum
1360 4819 1624 4860 reversus
1638 4805 1744 4860 Ro-

117 4902 262 4946 mam
278 4890 573 4949 Willelmo
609 4891 731 4963 regi
755 4890 1021 4947 inducias
1055 4890 1413 4947 concessisse
1438 4892 1653 4948 dicitur
1670 4893 1742 4949 ad

118 4975 316 5034 festum
331 4981 515 5036 sancti
534 4979 834 5037 Michaelis
848 4996 917 5035 an
926 4980 983 5034 ni
996 4978 1609 5051 subsequentis,quem
1624 4980 1747 5052 qui-

119 5063 239 5122 dem
254 5068 565 5124 terminum
578 5084 686 5124 nec
711 5084 949 5135 rex,nec
976 5067 1102 5141 ipse
1132 5067 1385 5138 pontifex
1405 5067 1741 5140 attigerunt.

123 5152 187 5227 At
199 5155 245 5210 si
266 5155 637 5212 illaainduciae
671 5156 868 5213 statim
895 5162 1025 5228 post
1043 5161 1292 5211 Barense
1313 5155 1624 5211 concilium
1650 5174 1747 5212 an-

124 5257 191 5297 no
216 5243 349 5299 1097
375 5245 616 5303 indultis
646 5246 916 5313 fuissent,
949 5245 1018 5301 ad
1042 5261 1242 5301 earum
1294 5244 1471 5300 ﬁnem
1502 5248 1746 5317 uterque

125 5332 479 5405 pertigissent
491 5332 893 5390 etWillelmus
908 5337 964 5391 et
975 5333 1265 5390 Urbanus.
1281 5335 1513 5387 Certum
1529 5333 1746 5407 quippe

124 5420 204 5473 est
228 5424 537 5495 utrumque
582 5423 655 5479 ad
686 5430 906 5479 annum
963 5422 1101 5477 1099
1129 5420 1483 5494 pervenisse.
1519 5421 1597 5477 Ex
1626 5422 1740 5490 his,

119 5501 239 5579 quae
267 5511 503 5582 quidem
534 5511 773 5568 omnino
803 5516 958 5568 certa
987 5513 1144 5578 sunt,
1169 5508 1441 5582 colligere
1469 5509 1642 5566 etiam
1676 5510 1744 5566 li-

124 5600 226 5669 cet,
254 5600 546 5673 synodum
598 5602 939 5670 Romanam,
974 5618 1099 5673 quin
1156 5618 1190 5657 a
1235 5597 1534 5656 nonnullis
1592 5616 1744 5658 anno

1849 4627 2078 4702 pis;sed
2106 4625 2188 4681 ait
2207 4624 2553 4680 Anselmum
2573 4622 2829 4695 primum
2854 4622 3059 4677 ordine
3078 4639 3184 4677 suo
3214 4622 3367 4677 inter
3396 4638 3497 4677 caa-

1850 4723 2006 4773 teros
2036 4713 2327 4771 antistites
2358 4712 2601 4778 sedisse,
2637 4711 2777 4766 dum
2810 4709 3197 4765 incalescente
3239 4708 3501 4781 disputa-

1853 4805 2011 4861 tione
2059 4802 2280 4858 dictum
2331 4800 2382 4856 ei
2413 4805 2568 4857 esset
2614 4804 2679 4854 ut
2707 4797 2951 4872 propius
2981 4796 3299 4853 accederet.
3332 4798 3494 4865 Dum,

1852 4892 2043 4964 inquit
2100 4888 2195 4943 ille
2226 4892 2444 4955 auctor,
2472 4888 2531 4941 in
2561 4889 2679 4957 ipso
2732 4887 2964 4943 concilio
2988 4886 3235 4957 plurima
3292 4885 3358 4941 de
3394 4886 3500 4956 ﬁde

1853 4981 2120 5038 catholica
2146 4992 2391 5032 summus
2416 4976 2669 5046 pontifex
2695 4976 2935 5047 facunda
2980 4977 3217 5042 ratione,
3248 4977 3496 5033 rationa-

1857 5071 2065 5141 bilique
2119 5064 2381 5138 facundia
2438 5064 2799 5132 disseruisset,
2832 5068 2991 5121 mota
3038 5062 3282 5135 quaestio
3340 5068 3431 5121 est
3466 5081 3501 5119 a

1855 5156 2150 5214 Graecisde
2174 5151 2541 5225 processione
2553 5151 2809 5225 Spiritus
2823 5153 3031 5220 sancti,
3047 5168 3226 5224 quam
3242 5153 3501 5224 pontifex

1856 5233 2545 5315 multis_argumentis,et
2572 5238 2807 5313 quidem
2838 5245 2904 5296 ut
2932 5240 3258 5314 plurimum
3291 5258 3359 5297 ex
3382 5243 3498 5296 An-

1855 5333 2024 5390 eelmi
2048 5322 2315 5404 cpistola,
2348 5345 2524 5401 quam
2558 5329 2650 5384 illi
2676 5330 2810 5384 olim
2838 5328 2904 5385 de
2930 5330 3319 5386 Incarnatione
3348 5326 3502 5383 Verbi

1854 5421 2252 5494 inscripserat,
2266 5417 2463 5492 petitis
2485 5418 2807 5489 approbare
2826 5419 2993 5474 nisus
3011 5421 3120 5474 est.
3144 5417 3300 5471 Idem
3327 5415 3503 5471 refert

1855 5513 2111 5566 Joannes
2160 5505 2609 5564 Sarisberiensis
2639 5505 2697 5561 in
2740 5507 3003 5576 ejusdem
3056 5502 3317 5560 Anselmi
3346 5502 3499 5558 Vita.

1856 5595 2302 5669 Verum,inquit
2328 5581 2671 5662 Eadmerus,
2690 5610 2823 5649 cum
2848 5610 2941 5650 res
2961 5591 3195 5663 longius
3226 5589 3501 5661 procede-
