3950 6218
304 4696 313 4701 ’
423 4700 568 4757 tuali
601 4719 795 4759 veram
827 4705 885 4760 in
911 4710 1135 4766 Christo
1166 4709 1617 4781 subjectionem.
1657 4708 1834 4765 Volui.

400 286 519 346 239

1694 285 1765 347 B.
1813 282 2103 348 URBANI
2148 284 2200 347 ll
2244 286 2492 347 PAPAS.

3699 296 3807 356 340

423 422 632 477 comite
663 426 719 477 et
747 421 972 478 Joanne
1004 420 1392 494 Squillacensi
1422 420 1694 493 episcopo
1729 419 1916 492 ipsius
1947 435 2075 475 mo—
2103 421 2154 487 Α
2187 419 2457 474 videlicet
2481 418 2873 475 venerabilem
2896 419 3289 478 Theobertum
3318 420 3534 481 Pisaea
3556 424 3809 490 Ecclesia.

404 511 663 567 nasterio
694 510 906 568 collata
956 511 1207 566 fuerant.
1250 510 1397 567 Illud
1432 510 1637 565 datum
1686 512 1776 566 est
1822 506 2067 574 Salerni,

408 598 518 655 hoc
551 615 731 665 anno,
775 615 977 655 mense
1028 598 1377 671 Septembri,
1428 597 1747 653 indictione
1794 611 1872 664 v1,
1918 596 2074 651 unde

408 688 767 759 conjicimus
800 687 1101 743 Urbanum
1128 702 1195 743 ea
1225 687 1284 742 in
1317 687 1459 743 urbe
1498 702 1684 757 usque
1717 686 1788 741 ad
1822 686 2072 740 Barense

409 776 726 833 concilium
759 777 1175 848 permansisse.

590 866 861 923 CCCXXI.
898 867 1275 937 Crucesignati
1304 863 1620 919 Antochiam
1652 864 1897 934 capiunt.

480 958 624 1010 Cum
657 959 852 1010 autem
875 954 997 1009 hac
1020 954 1079 1009 in
1110 952 1273 1009 Italia
1294 956 1653 1025 gererentur,
1679 948 2071 1022 crucesignati

412 1045 545 1113 post
575 1042 738 1097 varia
766 1040 984 1113 pralia,
1011 1045 1067 1095 et
1114 1038 1334 1094 multas
1363 1038 1585 1110 passim
1635 1039 1809 1093 urbes
1858 1038 1967 1093 hoc
2018 1042 2071 1092 et

409 1130 743 1202 procedenti
768 1146 917 1186 anno
936 1132 1325 1202 expugnatas,
1340 1127 1713 1183 Antiochiam
1746 1143 1947 1182 mense
1967 1127 2074 1182 Ju-

407 1220 503 1275 nio
533 1220 715 1291 hujus
747 1220 883 1275 anni
916 1221 1529 1291 occuparunt.Verum
1565 1215 1739 1289 paulo
1770 1219 1901 1289 post
1932 1216 2073 1271 Bar-

402 1308 529 1364 bari
574 1325 639 1365 ex
674 1308 850 1365 variis
883 1306 1222 1381 provinciis,
1248 1307 1428 1379 hujus
1473 1310 1647 1361 tanta
1682 1321 1925 1360 suorum
1958 1302 2073 1358 cla-

405 1398 495 1454 dis
519 1398 676 1454 fama
697 1398 891 1467 exciti,
919 1397 1097 1454 simul
1129 1396 1542 1453 convenientes
1572 1394 1745 1467 quasi
1779 1410 1885 1466 pro
1917 1410 2074 1449 com-

408 1488 573 1544 muni
606 1487 798 1543 salute
822 1487 1159 1543 dimicaturi
1181 1486 1544 1542 Christianos
1572 1484 1630 1538 in
1657 1500 1723 1538 ea
1760 1484 1904 1538 urbe
1933 1483 2076 1537 adeo

410 1577 1102 1643 arte'circumdederunt,
1125 1579 1191 1630 ut
1202 1575 1333 1645 jam
1358 1573 1519 1630 nulla
1534 1571 1813 1629 evadendi
1837 1587 1970 1643 spes
1992 1571 2077 1625 eis

416 1664 740 1738 effulgeret.
768 1668 841 1720 At
872 1665 1131 1720 humano
1171 1663 1474 1719 deficiente
1516 1677 1839 1734 supernum
1890 1658 2079 1715 adfuit

420 1753 726 1821 auxilium,
751 1770 887 1809 cum
919 1753 1170 1820 inventa,
1193 1752 1352 1807 haud
1383 1751 1607 1822 absque
1652 1747 1919 1804 miraculi
1949 1747 2073 1819 opi-

420 1843 619 1911 nione,
651 1858 819 1898 sacra
846 1841 1049 1897 lancea
1070 1857 1188 1911 qua
1217 1839 1374 1896 latus
1396 1838 1612 1895 Christi
1646 1837 1878 1893 Domini
1899 1837 2088 1908 perte-

423 1935 617 1987 ratum
648 1931 833 1987 fuisse
861 1930 1229 1996 credebatur,
1249 1929 1391 1984 adeo
1423 1926 1658 1983 excitati
1693 1930 1831 1982 sunt
1860 1930 2093 1982 nostro-

400 2050 405 2057 ~
426 2036 559 2076 rum
583 2021 763 2076 animi
782 2022 868 2085 ut,
883 2017 1121 2090 pralato
1144 2017 1252 2073 hoc
1274 2016 1444 2089 quasi
1462 2019 1617 2071 certo
1633 2014 1883 2070 victoria
1903 2015 2093 2090 signo,

426 2109 646 2165 milites
678 2109 736 2163 in
779 2108 1165 2163 barbarorum
1199 2105 1487 2162 exercitus
1517 2104 1710 2172 eﬁ'usi,
1735 2119 1833 2159 eos
1872 2096 2092 2174 ingenti

427 2198 591 2254 clade
621 2197 859 2253 affectos
898 2194 1140 2252 omnino
1189 2193 1521 2267 fugaverint
1550 2209 1617 2248 ac
1649 2191 2091 2264 prostraverint.

428 2289 558 2344 Hac
588 2286 807 2353 omnia,
826 2289 1037 2357 prater
1074 2288 1346 2339 auctores
1376 2281 1630 2338 historia
1662 2295 1962 2336 sacrarum
1994 2296 2092 2335 ex-

429 2376 827 2450 peditionum,
864 2374 1125 2429 referunt
1174 2371 1285 2444 ipsi
1317 2371 1785 2427 Christianorum
1832 2369 2009 2424 duces
2036 2374 2094 2424 et

430 2465 725 2539 principes
757 2463 819 2517 in
854 2461 1102 2534 epistola
1140 2462 1213 2516 ad
1239 2460 1538 2516 Urbanum
1564 2475 1631 2515 eo
1661 2463 1920 2530 tempore
1950 2457 2092 2512 scri-

432 2560 551 2626 pta,
584 2553 646 2609 in
692 2569 811 2624 qua
857 2555 991 2622 post
1043 2550 1224 2620 hujus
1280 2549 1534 2604 victoria
1592 2546 2010 2611 narrationem,
2041 2540 2093 2601 ei

438 2646 692 2698 mortem
724 2640 1075 2696 annuntiant
1105 2638 1416 2694 Adhemari
1463 2635 1789 2691 Aniciensis
1816 2633 2092 2707 episcopi,

440 2730 543 2803 qui
574 2730 733 2787 sedis
767 2726 1100 2800 apostolica
1129 2727 1360 2800 legatus
1390 2729 1447 2781 et
1466 2726 1585 2779 dux
1607 2722 1992 2796 expeditionis
2012 2721 2096 2777 in-

439 2819 704 2887 stitutus,
723 2822 854 2891 post
874 2820 1179 2890 superatos
1216 2814 1434 2871 multos
1455 2813 1838 2883 labores,jam
1876 2811 2098 2884 pacatis

442 2908 682 2964 omnino
714 2907 910 2976 rebus,
941 2904 1262 2962 Antiochia
1302 2902 1448 2976 ipsis
1489 2901 1762 2959 Kalendis
1791 2898 2039 2973 Augusti
2066 2915 2097 2955 e

440 2998 587 3054 vivis
642 3000 994 3062 excesserat;
1040 3000 1167 3049 tum
1228 2991 1561 3064 pontificem
1618 2994 1829 3063 rogant
1885 2992 1950 3043 ut
2001 2987 2096 3044 ille

2184 506 2714 578 archiepiscopum,
2736 509 2834 579 qui
2867 513 2925 565 et
2955 508 3072 566 illis
3118 511 3178 566 in
3210 510 3479 568 omnibus
3510 514 3797 585 apostolica

2182 595 2306 651 vice
2331 598 2580 665 adesset,
2599 601 2656 651 et
2674 596 2951 654 ecclesias
2967 598 3026 654 in
3049 599 3192 657 locis
3207 601 3362 656 unde
3380 602 3582 674 pagani
3599 603 3805 676 expulsi

2184 689 2322 738 sunt
2355 684 2765 740 instauraret.»
2790 690 2848 741 Is
2879 691 3085 758 postea
3113 688 3299 762 captis
3320 688 3697 763 Jerosolymis,
3716 694 3804 748 Ar-

2186 772 2345 827 nuli'o
2369 771 2563 827 locum
2608 774 2868 842 cedente,
2888 776 3017 848 ejus
3057 778 3221 833 urbis
3250 778 3578 850 patriarcha
3604 781 3799 853 prociaa

2185 865 2379 915 matus
2405 864 2517 928 est,
2541 866 2604 916 ut
2634 862 2856 934 passim
2887 864 2987 920 alii
3019 870 3284 923 auctores
3309 866 3695 923 observarunt.
3714 869 3801 925 Ja-

2184 966 2334 1004 nuen
2344 966 2435 1004 ses
2452 966 2518 1005 co
2538 954 2653 1005 tem
2661 968 2800 1022 pore
2814 953 2999 1009 sancti
3018 954 3264 1010 Joannis
3278 954 3541 1028 Baptista
3556 956 3803 1029 reliquias

2184 1054 2213 1093 e
2242 1038 2401 1111 Myra
2424 1038 2591 1093 Licia
2625 1040 2768 1095 urbe
2797 1041 3040 1098 domum
3094 1042 3365 1101 retulisse
3412 1050 3797 1114 memorantur,

2184 1143 2332 1198 quas
2354 1127 2529 1182 etiam
2557 1144 2712 1183 nunc
2746 1129 2960 1186 habent
2987 1130 3047 1186 in
3079 1131 3324 1188 ecclesia
3365 1131 3799 1205 metropolitano.

2183 1216 2302 1271 Has
2334 1215 2804 1273 Christianorum
2844 1217 3137 1289 victorias,
3171 1219 3334 1276 solus
3383 1220 3530 1277 inter
3554 1221 3803 1278 Christia-

2184 1320 2290 1359 nos
2321 1304 2612 1376 principes
2654 1307 3338 1380 Constantinopolitanus
3367 1307 3670 1381 imperator
3701 1325 3806 1381 per-

2184 1394 2476 1457 turbabat,
2526 1393 2668 1449 adeo
2717 1398 2801 1461 ut,
2836 1394 3031 1467 inquit
3078 1395 3417 1469 Bertoldus,
3447 1397 3616 1453 etiam
3657 1397 3810 1454 urbes

2185 1499 2312 1553 qua
2339 1482 2411 1536 ab
2442 1482 2900 1539 occidentalibus
2926 1489 3104 1557 capta
3138 1485 3371 1541 fuerant
3395 1485 3637 1542 incendio
3663 1485 3799 1542 deua-

2182 1573 2325 1625 stare
2354 1575 2403 1624 et
2431 1572 2663 1641 paganis
2692 1571 2915 1627 reddere
2956 1590 3070 1628 non
3103 1572 3485 1643 dubitaverit;
3515 1578 3570 1631 et
3609 1576 3708 1631 iter
3732 1576 3813 1631 Jb

2184 1658 2649 1729 rosolymilanum
2675 1675 2774 1731 per
2799 1676 2959 1716 suam
2983 1665 3308 1733 potestatem
3325 1662 3579 1719 omnibus
3594 1665 3810 1734 peregri-

2188 1750 2295 1813 nis,
2327 1752 2616 1818 quantum
2647 1749 2855 1819 potuit,
2890 1752 3113 1806 omnino
3139 1750 3502 1823 prohibuerit.

2369 1834 2615 1891 CCCXII.
2646 1836 3125 1894 Schismaticorum
3156 1840 3334 1896 Roma
3363 1844 3665 1897 conventus.

2273 1923 2444 1979 Porro
2475 1926 2580 1979 etsi
2614 1923 2728 1980 illis
2754 1927 3141 1998 temporibus,
3166 1927 3386 1999 quibus
3408 1942 3606 1985 omnes
3626 1928 3814 1999 ubique

2199 2013 2460 2084 gentium
2494 2013 2553 2067 in
2585 2013 2797 2068 Urbani
2825 2014 3216 2072 obedientiam
3240 2033 3359 2073 uno
3382 2017 3579 2073 animo
3609 2032 3813 2073 consen-

2198 2101 2306 2156 tire
2336 2101 2701 2167 videbantur,
2725 2119 2817 2158 res
2844 2103 3357 2161 schismaticorum
3383 2107 3685 2178 desperata
3712 2118 3811 2160 om-

2200 2189 2339 2245 nino
2359 2207 2486 2245 esse
2516 2190 2875 2258 debuissent,
2900 2192 3055 2248 haud
3086 2197 3284 2250 tamen
3306 2193 3396 2249 illi
3418 2212 3451 2249 a
3472 2194 3593 2251 suis
3610 2207 3815 2250 convena

2199 2279 2380 2345 tibus,
2404 2280 2646 2335 absente
2689 2279 2823 2335 licet
2866 2280 3166 2349 Guiberto,
3199 2283 3720 2355 abstinuere,un
3758 2297 3813 2338 ex

2201 2384 2402 2423 eorum
2444 2368 2944 2440 pseudosynodica
2974 2370 3221 2442 epistola
3262 2374 3537 2429 universis
3576 2372 3816 2428 Detenti-

2198 2456 2490 2523 mentibus,
2525 2460 2590 2510 ut
2636 2457 2749 2529 ipsi
2797 2459 3187 2525 mentiuntur,
3217 2464 3271 2517 et
3316 2463 3555 2517 salutem
3597 2462 3819 2517 Rmnaaa

2199 2546 2517 2616 reipublicae
2570 2546 2927 2614 diligentibus
2980 2547 3263 2620 inscripta
3315 2553 3501 2622 patet,
3552 2565 3710 2622 quam
3760 2561 3820 2603 ea

2202 2634 2474 2689 Bennone
2524 2635 2581 2688 in
2629 2634 2761 2689 Vita
2817 2634 3196 2692 Hildebrandi
3255 2638 3543 2695 Batonius
3580 2638 3646 2695 ad
3686 2637 3819 2693 hunc

2203 2738 2421 2778 annum
2453 2727 2511 2778 et
2540 2723 2805 2779 Labbeus
2845 2724 2905 2778 in
2948 2726 3280 2797 Appendice
3320 2728 3470 2785 tomi
3501 2726 3544 2782 Χ
3573 2724 3816 2783 Concilio-

2204 2827 2335 2866 rum
2365 2810 2705 2867 retulerunt.
2731 2813 2810 2867 Ex
2840 2812 2950 2868 hac
2974 2828 3108 2870 vero
3133 2814 3426 2872 discimus
3444 2816 3675 2888 quinam
3703 2818 3818 2869 tunc

2205 2899 2398 2955 Roma
2432 2899 2645 2955 fuerint
2673 2900 2946 2973 praecipui
2977 2902 3247 2959 factionis
3273 2904 3626 2961 Guibertina
3655 2902 3818 2958 fauto-

2204 3006 2316 3055 res,
2344 3005 2595 3060 quorum
2628 2990 2867 3045 nomina
2896 2994 2954 3045 et
2982 2990 3296 3063 dignitates
3324 2991 3439 3049 hoc
3468 2992 3662 3049 ordine
3687 2991 3741 3045 in
3766 3003 3821 3047 es

440 3087 585 3159 ipse,
616 3085 716 3159 qui
748 3101 925 3140 sacra
957 3081 1308 3155 expeditioni
1345 3085 1547 3136 auctor
1592 3083 1649 3135 et
1696 3077 2097 3150 promulgator
2140 3155 2167 3159 ᾧ
2201 3083 2594 3134 recensentur.
2653 3077 2974 3134 Adalbertus
3034 3082 3316 3152 episcopus
3389 3086 3598 3140 sancta
3646 3079 3822 3149 Ruﬁna

444 3155 772 3251 pracipuus
823 3174 1032 3238 fuerat,
1061 3171 1121 3226 in
1152 3169 1446 3226 Orientem
1495 3169 1683 3225 veniat
1731 3183 1935 3223 eorum
1981 3167 2100 3251 dua
2128 3155 2170 3222 C
2210 3166 2379 3224 Silvae
2437 3166 2715 3235 Candida,
2759 3171 2997 3224 Joannes
3054 3170 3335 3241 episcopus
3396 3171 3670 3237 Ostiensis,
3699 3167 3822 3237 H1490

443 3246 502 3323 et
531 3246 802 3339 princeps
851 3262 1107 3325 futurus,
1133 3265 1199 3314 ut
1243 3263 1377 3331 post
1407 3259 1678 3330 adeptam
1726 3257 1921 3312 Roma
1953 3246 2103 3311 Petri

447 3354 816 3421 cathedram,
849 3350 909 3405 in
944 3366 1061 3421 qua
1100 3350 1228 3420 jam
1257 3348 1330 3403 ab
1362 3347 1588 3419 aliquot
1634 3345 1806 3401 annis
1844 3344 2102 3401 sedebat!

447 3442 632 3503 simili
667 3455 901 3514 quoque
932 3438 1148 3493 honore
1201 3437 1263 3493 in
1322 3436 1507 3492 altera
1536 3435 1802 3507 ejusdem
1858 3432 2106 3505 apostoli

2214 3258 2489 3329 episcopus
2524 3258 2913 3324 Pranestinus,
2941 3257 3189 3313 Albertus
3230 3260 3514 3331 episcopus
3541 3258 3822 3330 Nepesinus,

2212 3347 2394 3401 Bonna
2422 3344 2725 3402 cardinalis
2766 3346 3049 3417 presbyter
3076 3347 3229 3401 urbis
3272 3345 3478 3416 Roma,
3531 3347 3822 3405 Octaviam:

2209 3435 2486 3507 presbyter
2535 3433 2836 3489 cardinalis
2888 3434 3222 3505 designatus,
3263 3437 3473 3492 Paulus
3516 3434 3826 3510 primicerius

446 3533 730 3593 cathedra
755 3527 1079 3584 Antiochia
1112 3527 1422 3582 frueretur.
1448 3526 1578 3580 Hac
1616 3522 1859 3596 epistola
1888 3523 2108 3595 scripta
2214 3527 2465 3580 Romana
2531 3524 2811 3587 Ecclesia,
2871 3524 3130 3580 Nicotaus
3189 3525 3393 3581 electus
3459 3526 3622 3582 abbas
3670 3520 3826 3579 Sancti

447 3625 563 3681 fuit
595 3622 656 3683 11°
696 3620 789 3676 die
814 3619 1067 3673 intrante
1091 3616 1455 3687 Septembrio,
1482 3613 1778 3668 indictione
1796 3628 1870 3681 iv,
1895 3615 1960 3666 ut
1982 3611 2105 3666 indi

449 3718 543 3770 cat
589 3716 763 3775 editio
823 3704 1137 3765 Baluziana
1183 3702 1331 3758 libro
1359 3720 1374 3756 ι
1408 3701 1646 3758 Miscell.
1679 3718 1810 3775 pag.
1845 3702 1969 3769 419,
2001 3699 2103 3756 ubi

444 3801 727 3878 integrior
755 3799 1021 3867 habefu
1048 3809 1225 3865 quam
1267 3792 1420 3864 apud
1461 3790 1828 3848 Fulcherium
1861 3791 1920 3845 in
1952 3789 2101 3846 libro

442 3891 512 3948 de
540 3896 723 3966 gestis
751 3898 853 3954 Dei
879 3917 984 3972 ρει.
1011 3883 1301 3958 Francos.
1332 3881 1522 3953 Ipsam
1569 3885 1762 3972 autem
1814 3881 2102 3953 integram

440 3981 652 4040 referre
680 3969 1018 4048 visum—non
1062 3976 1173 4050 ειτι
1221 3987 1405 4043 opera
1451 3970 1723 4042 pretium,
1758 3986 1892 4026 cum
1945 3969 2101 4041 apud

434 4067 567 4126 illos
598 4079 862 4134 auctores
894 4081 1057 4137 facile
1103 4060 1328 4141 haberi
1375 4060 1588 4132 possit;
1621 4075 1802 4131 quare
1851 4057 2105 4113 sufficiat

435 4157 528 4221 hic
553 4162 792 4223 titulum
824 4170 951 4242 ejus
977 4172 1250 4231 exhibere
1282 4168 1320 4232 ὀ
1346 4174 1374 4201 κ
1412 4150 1657 4205 Domino
1686 4151 1888 4205 sancto
1919 4161 1984 4200 ac
2009 4162 2101 4200 ve-

432 4255 678 4311 nerabili
710 4234 871 4330 papa
902 4260 1154 4335 Urbano,
1188 4265 1359 4322 Buam
1394 4240 1611 4335 undu‘?’
1634 4234 2104 4335 et,R§_ymlindlis

431 4344 617 4400 sancti
648 4324 856 4418 x‘E—gidii
899 4324 1524 4421 comes,'GodefridL"8
1554 4328 1673 4421 Si“
1707 4324 2103 4421 Ροεδτξῗίθηλείε

429 4438 487 4488 et
545 4411 852 4493 Bothe—rtus
909 4411 1112 4498 comes,
1158 4411 1642 4501 Northmannfe'
1678 4417 1735 4468 et
1792 4411 2104 4501 liotierius

2213 3613 2461 3669 Silvestri
2486 3611 2640 3668 urbis
2688 3612 2885 3680 Roma,
2918 3613 2981 3667 Ν.
3013 3612 3179 3669 abbas
3207 3614 3402 3671 Sancti
3448 3614 3723 3671 Pancratii
3748 3625 3825 3664 ur-

2214 3704 2295 3757 bis
2328 3703 2524 3766 Roma,
2560 3704 2612 3755 et
2638 3700 2833 3768 clerus,
2866 3705 2918 3756 et
2954 3702 3254 3757 clarissimi
3293 3705 3577 3776 principes
3605 3696 3826 3757 Theobal-

2210 3791 2307 3845 dus
2338 3789 2607 3855 Chinebii,
2638 3792 2691 3843 et
2718 3788 2998 3846 Udalricus
3038 3789 3105 3845 de
3133 3790 3331 3847 Sancto
3374 3793 3661 3848 Eustochio
3679 3792 3725 3845 et
3744 3800 3827 3859 po-

2206 3879 2373 3949 pulus
2402 3877 2694 3932 Romanus.
2720 3876 2807 3932 Illi
2828 3881 2918 3932 ter
2946 3894 3009 3933 se
3037 3880 3380 3937 convenisse
3409 3881 3470 3937 in
3498 3878 3730 3936 diversis
3757 3889 3829 3930 ur-

2212 3966 2302 4021 bis
2334 3966 2528 4021 Roma
2570 3964 2829 4021 ecclesiis
2878 3966 3061 4035 aiunt,
3095 3968 3166 4023 ad
3198 3968 3591 4026 destruendas
3617 3967 3830 4024 haereses

2212 4055 2283 4109 ab
2318 4052 2729 4121 liildebrando,
2761 4054 2846 4109 sic
2876 4055 3051 4111 etiam
3082 4061 3221 4112 tunc
3248 4057 3603 4131 Gregorium
3634 4054 3726 4111 VII
3751 4067 3829 4123 ap-

2212 4141 2526 4214 pellabant,
2547 4141 2914 4211 adinventas;
2940 4143 3128 4215 primo
3148 4144 3389 4215 quidem
3422 4145 3607 4203 Nonis
3622 4135 3835 4215 Augusti

2213 4231 2365 4304 apud
2384 4235 2659 4287 Sanctum
2678 4230 2958 4299 Blasium,
2973 4237 3102 4287 tum
3123 4248 3223 4289 VIII
3245 4233 3387 4291 Idus
3407 4235 3566 4307 apud
3588 4234 3831 4289 Sanctum

2213 4320 2444 4376 Celsum
2473 4325 2527 4376 et
2558 4320 2835 4392 postridie
2886 4321 3042 4392 apud
3097 4322 3372 4379 Sanctam
3437 4324 3703 4388 Mariam,
3729 4329 3833 4391 qua

2213 4410 2428 4465 dicitur
2476 4409 2745 4465 Rotunda
2772 4410 2911 4480 (tres
2959 4409 3157 4481 itaque
3186 4411 3295 4467 has
3344 4413 3624 4470 ecclesias
3669 4410 3834 4465 Roma

429 4521 872 4582 Flandmnsium
895 4496 1107 4597 comes;
1579 4517 1807 4587 Cb‘mes
1831 4497 2101 4597 Bolon-ia,
2134 4520 2180 4586 Ι)
2213 4498 2403 4555 adhuc
2433 4498 2857 4597 possidebant),
2889 4496 3086 4570 ibique
3121 4497 3252 4555 illas
3297 4499 3556 4558 hareses
3586 4497 3833 4558 condem-

427 4611 677 4668 salutem
706 4619 762 4669 et
791 4616 983 4674 ﬁdelia
1009 4620 1261 4690 servitia,
1286 4627 1344 4677 et
1372 4630 1435 4675 ut
1463 4620 1567 4674 filii
1597 4637 1703 4675 suo
1726 4611 1905 4691 ρειτι
1926 4611 2097 4660 ⁸Ρ¹¹¹¹““

427 4700 566 4734 Iuni:
601 4719 791 4734 Ivnnnm
828 4705 881 4734 ς..
911 4710 1132 4734 ρι.-;-ι-
1167 4709 1593 4734 ---ιιυιιεηηηη
1657 4708 1815 4734 "-1---
1850 4693 1966 4734 Ἶυε
1996 4694 2097 4733 au-

420 4793 540 4845 tem
570 4808 776 4848 omnes
805 4799 861 4850 et
889 4797 1291 4855 desideramus
1323 4795 1486 4850 vobis
1513 4800 1714 4853 notum
1742 4799 1867 4854 fieri
1889 4818 1924 4873 q
1945 4784 2100 4873 nam

421 4893 638 4951 magna
681 4881 780 4938 Dei
832 4886 1254 4953 misericordia,
1288 4899 1584 4956 quamque
1630 4872 2101 4947 evidentissin.‘0

422 4965 609 5038 ipsius
638 4971 732 5027 Dei
761 4973 1121 5031 adminiculo
1145 4991 1178 5027 a
1201 4971 1372 5027 nobis
1399 4979 1568 5046 capta
1596 4981 1684 5031 est
1711 4979 2063 5049 Antiochia,»

423 5060 531 5112 etc.
555 5059 700 5123 Quid
731 5079 864 5118 vero
896 5062 989 5117 his
1020 5062 1231 5116 litteris
1264 5064 1626 5132 responderit
1660 5069 1937 5139 pontifex,
1970 5088 2067 5126 no-

422 5143 512 5200 bis
542 5152 629 5202 est
646 5147 1108 5221 incompertum;
1142 5155 1203 5205 at
1227 5153 1448 5205 certum
1480 5157 1570 5208 est
1595 5171 1729 5209 eum
1760 5173 2061 5227 nunquam

422 5233 607 5291 ullum
652 5237 764 5293 iter
811 5238 870 5290 in
922 5236 1214 5293 Orientem
1272 5238 1620 5311 suscepisse.
1653 5242 1768 5298 Nec
1818 5243 2063 5301 dubium

415 5324 558 5394 quin
590 5326 683 5382 hic
714 5324 1037 5381 revocanda
1066 5326 1142 5382 sit
1170 5325 1492 5383 Daimbcrti
1523 5330 1596 5384 ad
1633 5329 2064 5401 crucesiguatos

412 5409 643 5483 legatio,
668 5427 849 5484 quam
872 5410 980 5466 hoc
1008 5431 1158 5473 anno
1190 5421 1610 5471 commemorat
1636 5418 1940 5474 Bertoldus
1971 5420 2063 5478 his

410 5501 602 5554 verbis
639 5517 652 5556 :
687 5522 715 5549 ‹‹
764 5499 1047 5558 Dominus
1106 5520 1282 5579 papa,
1316 5501 1508 5572 inquit
1562 5503 1660 5560 ille
1714 5510 1938 5575 auctor,
1989 5512 2060 5569 ad

410 5589 679 5647 eamdem
718 5583 1154 5654 multitudinem
1206 5604 1382 5649 suam
1433 5587 1781 5663 legationem
1830 5594 2060 5671 direxit,

1758 4587 1905 4647 nstri
1926 4588 2101 4660 spiri-
2212 4604 2401 4644 nasse.
2432 4588 2580 4643 Tum
2614 4586 2964 4659 pollicentur
2986 4588 3365 4645 securitatem
3398 4590 3642 4646 cuilibet
3667 4596 3837 4644 occur-

2212 4694 2335 4734 rere
2356 4676 2569 4732 volenti
2605 4675 2676 4731 ad
2719 4674 2979 4748 proxime
3031 4675 3286 4732 futuram
3334 4678 3652 4750 synodum,
3680 4683 3835 4748 quam

2210 4769 2359 4823 circa
2420 4764 2685 4822 Kalendas
2733 4764 3056 4819 Novembres
3104 4764 3396 4822 celebrem
3454 4767 3786 4840 disponunt.
3815 4780 3837 4807 ι

2211 4859 2347 4913 Data
2369 4863 2448 4911 est
2475 4854 2596 4909 hac
2643 4851 2891 4924 epistola
2919 4854 3096 4909 Roma
3135 4857 3323 4911 contra
3368 4855 3756 4920 schismatieos,
3784 4850 3837 4904 ut

2209 4950 2438 5009 vocant,
2471 4945 2530 4997 in
2556 4956 2710 4996 sacro
2753 4944 3040 5010 conventu,
3070 4960 3216 4999 anno
3246 4944 3314 4999 ab
3343 4945 3730 5000 Incarnatione
3752 4939 3837 4994 Do-

2176 5037 2356 5127 ,hwiiii
2381 5032 2536 5127 1098,
2558 5029 2855 5127 iudictione
2884 5039 3062 5127 sexta,
3088 5046 3189 5100 vn,
3214 5031 3337 5088 Idus
3358 5033 3615 5105 Augusti.
3638 5032 3705 5087 At
3723 5038 3835 5083 cum

2194 5110 2405 5215 ζυιιξνιδ
2441 5135 2472 5173 θ
2498 5117 2806 5173 Catholicis
2850 5118 2922 5173 ad
2973 5135 3149 5175 suum
3193 5119 3461 5193 ipsorum
3521 5121 3837 5178 conventum

2174 5179 2425 5305 ἓὲὶὲηῐυ
2443 5224 2562 5265 ἸὈΒ
2593 5223 2721 5262 6886
2752 5210 2908 5263 certo
2938 5179 3339 5279 praviderent,
3360 5231 3391 5259 ‹‹
3415 5214 3601 5267 testas
3622 5208 3832 5265 advoca-

2173 5294 2583 5392 ἷιῖιὶῖἶιὲίωιέ
2614 5299 2673 5352 εί
2700 5299 2937 5363 “mm,
2971 5312 3034 5353 εθ
3065 5314 3441 5371 nequaquam
3484 5312 3686 5356 eorum
3725 5307 3829 5367 per-

2643 5384 2689 5421 "
2723 5382 3037 5441 Catholicis
3071 5383 3490 5457 loquebantur)
3510 5381 3830 5444 censenti":

2170 5422 2429 5481 versitati
2452 5423 2556 5495 (sic
2585 5425 2656 5481 du
2724 5422 3278 5495 ν”ξῗΪξΪΪ-ίυῖῗῗξ

2171 5510 2330 5586 quod
2361 5514 2426 5566 ιιι
2455 5528 2515 5568 re
2545 5513 2720 5569 etiam
2752 5471 3121 5587 arsisse
3145 5469 3827 5587 accersere“:

2170 5554 2521 5658 mea};
2546 5554 2862 5676 ῖῖιὶῖἓὲξιιι,
2879 5576 2968 5625 ὀε
2996 5576 3113 5641 Pw
3144 5562 3421 5622 manibus
3450 5563 3755 5632 habebant.
3781 5554 3831 5617 is
