3950 6218
121 316 227 383 ΞῊ

1716 333 1921 401 νινι-Α.

3396 346 3514 414 242

114 450 303 553 ignem
330 454 655 531 projecere,
673 458 827 534 quod
856 460 1034 553 variis
1063 461 1444 526 conciliorum
1474 480 1758 529 convoea-
1786 467 1842 538 Α
1872 468 2012 530 1098
2041 470 2438 549 consignatur,
2474 470 2650 535 aliam
2678 474 2752 535 ab
2783 491 2852 535 ea
2878 492 2994 535 non
3036 492 3164 536 esse
3196 495 3323 553 quas
3357 498 3511 539 anno

114 545 368 603 tionibus
400 564 512 620 per
541 566 725 608 annos
763 552 1052 612 sexdecim
1096 556 1263 615 factis
1309 563 1366 615 et
1395 559 1638 629 iteratis,
1678 560 1762 618 illi

111 648 411 709 nunquam
444 637 712 711 ipsorum
746 644 987 701 monitis
1032 662 1204 702 aures
1235 649 1490 718 prmbere
1545 650 1763 707 voluis-

114 730 257 782 sent.
279 728 454 784 ansc
476 730 554 786 de
568 730 982 806 schismaticis,
1005 736 1258 807 quicum
1280 737 1553 796 Bennone
1586 757 1757 813 pseu-

115 816 402 873 docarnali
453 819 794 890 pontificem
822 829 1089 880 nostrum
1131 827 1440 884 Turbanum
1469 829 1760 901 appellem

114 907 402 975 amabant,
424 907 504 963 ob
550 909 631 976 id,
657 910 811 983 quod
858 912 1118 986 Gregorii
1158 915 1417 990 vestigiis
1447 917 1755 988 inhaerens,

116 994 331 1061 turbas,
380 1000 451 1052 ut
502 997 620 1071 ipsi
656 999 1191 1073 calumniabantur,
1224 1006 1609 1064 continuaret.
1644 1009 1755 1064 Sed

117 1081 312 1140 talium
342 1083 665 1144 hominum
690 1091 968 1158 convicia,
998 1095 1085 1148 tot
1113 1098 1254 1149 sunt
1298 1095 1414 1151 veri
1463 1096 1756 1169 pontificis

113 1171 308 1245 elogia.
323 1174 393 1230 Et
410 1179 575 1232 certe
584 1176 884 1236 Urbanum
897 1182 1058 1253 pacis
1074 1191 1387 1252 amantem,
1404 1190 1460 1240 et
1490 1185 1754 1241 omnium

114 1259 432 1332 hominum,
449 1265 555 1337 qui
581 1270 745 1335 tunc,
759 1272 825 1324 ut
843 1269 916 1326 de
936 1270 1131 1344 Moyse
1145 1270 1406 1344 loquitur
1429 1274 1751 1346 Scriptura,

110 1348 162 1404 in
184 1353 333 1407 terra
359 1354 773 1420 morabantur,
802 1357 1186 1415 mitissimum
1209 1360 1411 1429 fuisse,
1432 1361 1608 1417 etiam
1641 1362 1751 1433 ipsi

108 1434 459 1497 schismatici
492 1442 666 1499 fateri
725 1444 813 1500 vel
860 1446 1026 1503 inviti
1068 1449 1441 1521 cogebantur.
1476 1450 1750 1515 Quisnam

108 1542 230 1583 vero
285 1529 530 1588 haeresis
560 1531 665 1588 illa
692 1538 834 1603 erat,
866 1551 1043 1607 quam
1075 1537 1435 1594 schismatici
1476 1539 1751 1612 Gregorio

108 1614 198 1672 VII
222 1615 654 1691 impingebant,
688 1621 971 1680 discimus
1001 1641 1068 1680 ex
1098 1626 1300 1682 eodem
1360 1628 1631 1683 Bennone
1690 1629 1748 1683 in

109 1702 353 1778 Gregorii
376 1708 527 1776 Vita,
552 1709 656 1765 ubi
685 1710 769 1766 sic
791 1711 1001 1768 habet:
1032 1714 1373 1771 «Gloriosus
1404 1716 1748 1773 Hildebran-

1872 562 2275 635 subsequenti.
2298 568 2363 621 ut
2383 568 2649 622 auctores
2661 562 2914 639 aequales
2934 564 3210 635 referunt,
3227 566 3516 629 celebrata

1871 657 1994 721 est;
2029 670 2204 726 quam
2264 654 2548 711 Baronius
2587 662 2643 712 et
2675 656 2940 712 Labbeus
2997 672 3067 713 ex
3123 657 3274 714 male
3326 658 3517 717 locata

1870 743 2090 815 synodo
2114 743 2350 800 Barensi
2381 760 2497 800 uno
2529 761 2682 800 anno
2704 750 2935 818 tempus
2975 750 3386 818 praevertentes
3440 749 3509 805 ad

1870 847 2090 887 annum
2127 833 2260 887 1098
2291 848 2424 888 cum
2474 834 2601 905 ejus
2651 835 2979 891 canenibus
3027 834 3258 892 incaute
3301 837 3514 894 retule-

1869 924 2026 976 runt.

2184 1010 2503 1067 CCCXXIV.
2542 1013 2795 1068 Barensis
2824 1013 3021 1084 synodi
3047 1022 3186 1070 acta.

1936 1096 2111 1152 Porro
2132 1096 2266 1154 licet
2285 1099 2637 1171 praecipuam
2656 1115 2857 1156 eorum
2872 1118 3001 1173 quis
3024 1101 3083 1156 in
3102 1102 3341 1159 Barensi
3372 1119 3507 1174 syn-

1864 1186 1975 1241 odo
1993 1191 2157 1258 gesta
2178 1190 2317 1243 sunt
2338 1187 2606 1244 notitiam
2628 1188 2965 1261 Anglicanis
2986 1189 3283 1246 historicis
3295 1191 3507 1248 debea-

1863 1289 2016 1339 mus,
2032 1274 2132 1346 qui
2145 1275 2215 1330 de
2227 1291 2293 1331 ea
2314 1277 2615 1331 occasione
2631 1277 2818 1332 sancti
2843 1277 3100 1332 Anselmi
3121 1278 3503 1351 scripserunt,

1862 1361 2017 1418 haud
2033 1366 2251 1433 tamen,
2268 1368 2333 1419 ut
2340 1364 2365 1434 j
2374 1380 2465 1419 am
2481 1365 2851 1420 observatum
2870 1370 2980 1432 est,
2996 1366 3129 1422 aliis
3140 1368 3501 1434 auctoribus,
3516 1378 3519 1381 ‘

1861 1453 1917 1505 et
1946 1450 2183 1523 quidem
2210 1451 2506 1525 gravibus,
2529 1452 2653 1508 loco
2681 1457 2739 1508 et
2777 1457 2943 1508 aetate
2977 1454 3279 1525 proximis,
3305 1455 3504 1528 ignota

1860 1538 2166 1596 fuit.Certe
2183 1540 2401 1597 multos
2417 1540 2551 1597 cleri
2574 1546 2630 1597 et
2658 1540 2944 1597 nobilium
2971 1558 3237 1614 proceres
3268 1544 3338 1601 ad
3373 1561 3500 1600 eam

1859 1630 2197 1685 convenisse
2228 1630 2431 1685 scribit
2459 1646 2784 1702 anonymus
2840 1630 3109 1686 Barensis
3141 1630 3233 1685 his
3260 1632 3453 1688 verbis
3487 1650 3500 1689 :

1859 1717 2012 1771 Anno
2036 1718 2192 1784 1099,
2227 1735 2400 1790 quem
2434 1719 2585 1773 sicut
2614 1722 2671 1773 et
2694 1718 3077 1774 indictionem
3110 1736 3144 1773 a
3174 1719 3502 1791 Septembri

111 1792 213 1896 dus
249 1799 307 1850 et
335 1796 707 1870 pedisequus
735 1800 865 1871 ejus
918 1801 1230 1858 Turbanus
1262 1820 1409 1859 nova
1457 1810 1748 1877 potestate
1780 1806 2237 1896 Bpraecedentis
2257 1807 2415 1869 anni,
2440 1810 2506 1861 ut
2532 1824 2661 1862 mox
2684 1807 3046 1872 dicebamus,
3076 1806 3330 1876 inchoat,
3359 1810 3502 1865 indi-

111 1880 380 1941 solventes
400 1886 645 1942 decreta
655 1887 1142 1947 Chalcedonensis
1154 1892 1405 1960 concilii,
1425 1910 1540 1949 non
1555 1893 1746 1951 solum
1780 1880 1827 1896 υ
1856 1894 2032 1949 ctione
2058 1912 2157 1961 vn,
2179 1897 2340 1951 tertia
2355 1895 2444 1951 die
2464 1897 2706 1951 intrante
2725 1912 2910 1952 mense
2931 1896 3166 1963 Octobri,
3190 1899 3335 1952 venit
3353 1914 3521 1970 papa

107 1971 304 2039 verbis,
335 1976 441 2031 sed
473 1981 535 2032 et
576 1976 815 2049 scriptis
837 1978 1090 2051 publicis
1120 1986 1544 2038 consenserunt
1587 1988 1746 2039 extra

109 2061 397 2121 ecclesiam
458 2067 908 2123 communicare
938 2072 996 2124 et
1051 2070 1364 2141 baptizare,
1398 2088 1577 2143 quam
1610 2073 1744 2128 caeci

106 2144 305 2219 eesent,
327 2169 509 2225 quam
534 2154 795 2211 haeretici
826 2157 1077 2229 propriis
1109 2159 1344 2231 scriptis
1375 2160 1742 2232 deprehensi,

107 2244 224 2309 etc.;
246 2234 494 2316 uterque
534 2245 604 2300 in
628 2243 896 2301 haeresim
930 2246 1135 2302 Liberii
1170 2249 1393 2315 incidit,
1430 2249 1526 2322 qui
1586 2253 1743 2322 post-

105 2342 265 2400 quam
295 2330 536 2403 publiee
559 2334 1015 2390 communicavit
1032 2337 1571 2405 excommunicatis,
1595 2340 1743 2394 duas

107 2417 372 2478 Ecclesiae
428 2420 665 2478 faciens
720 2421 1008 2480 unitatem
1038 2424 1230 2491 scidit,
1266 2448 1293 2477 »
1336 2430 1446 2482 etc.
1476 2428 1570 2483 Sic
1628 2428 1739 2499 ipsi

107 2506 445 2566 schismatiei
470 2513 749 2567 auctores
780 2511 1094 2569 catholicos
1114 2518 1171 2569 et
1192 2515 1435 2572 unitatis
1451 2521 1740 2572 amatores

105 2594 495 2655 schismatices
521 2598 822 2671 appellare
853 2600 1009 2656 haud
1040 2601 1407 2658 dubitabant.

105 2686 395 2745 CCCXXIII.
430 2690 751 2746 Concilium
776 2692 1015 2746 Barense
1054 2691 1147 2747 hoc
1183 2709 1328 2748 anno
1382 2694 1732 2750 celebratum.

167 2776 433 2835 Catholici
461 2794 610 2835 vero
663 2777 755 2834 die
794 2778 1061 2835 condicta
1112 2779 1505 2835 Kalendarum
1562 2782 1733 2838 Oeten

1860 1983 2106 2039 Urbanus
2120 2000 2244 2039 cum
2258 1985 2511 2055 pluribus
2532 1986 2950 2057 archiepiscopis
2969 1992 3021 2041 et
3038 1987 3299 2057 episcopis
3326 1995 3377 2042 et
3405 1988 3498 2042 ab-

1857 2072 2086 2140 batibus,
2110 2078 2159 2129 et
2170 2074 2477 2141 comitibus,
2492 2082 2543 2128 et
2557 2075 2900 2129 intraverunt
2920 2075 2980 2128 in
3002 2065 3193 2142 Burri,
3205 2082 3258 2131 et
3267 2077 3500 2147 suscepti

1852 2166 2131 2217 suntcum
2186 2178 2387 2233 magna
2443 2163 2765 2229 reverentia,
2806 2170 2856 2217 et
2896 2164 3234 2234 praeparavit
3279 2164 3519 2220 domino-

1851 2250 2024 2317 Helia,
2043 2254 2268 2305 sextum
2288 2265 2390 2321 pro
2414 2254 2589 2319 recte,
2604 2266 2743 2305 casu
2760 2249 3019 2316 adhibet;
3044 2254 3110 2304 ut
3129 2266 3197 2305 ex
3227 2250 3500 2309 Malmes-

1850 2337 2110 2394 buriensi
2134 2338 2285 2393 infra
2310 2338 2550 2409 patebit,
2567 2342 2749 2393 nostro
2760 2337 3180 2409 archiepiscopo,
3194 2340 3504 2410 miriﬁcam

1849 2426 2027 2483 sedem
2056 2430 2203 2481 intus
2225 2428 2285 2481 in
2315 2426 2540 2481 ecclesia
2572 2426 2876 2483 beatissimi
2910 2426 3124 2481 Nicolai
3168 2430 3499 2498 confessoris

1851 2516 2072 2583 Christi,
2100 2519 2154 2571 et
2180 2516 2309 2587 fecit
2339 2515 2418 2570 ibi
2446 2514 2716 2586 synodum
2739 2530 2840 2586 per
2866 2531 3038 2571 unam
3081 2514 3494 2571 hebdomadam.

1844 2610 1975 2660 Post
2001 2604 2280 2676 completis
2303 2603 2492 2658 diebus
2507 2607 2620 2660 octo
2647 2605 2892 2675 perrexit
2912 2604 2972 2658 in
2993 2618 3141 2674 pace,
3166 2609 3217 2659 et
3241 2605 3301 2659 in
3312 2619 3515 2661 mense:

1841 2693 1990 2750 Julii
2014 2694 2149 2748 obiit
2178 2696 2292 2765 ipse
2326 2694 2591 2750 Urbanus.
2626 2691 2769 2748 Huic
2800 2692 3020 2764 synodo
3052 2707 3231 2764 quam
3260 2693 3487 2748 univer-

1841 2798 1957 2837 sam
1988 2781 2257 2838 Urbanus
2293 2782 2418 2854 ipse
2466 2782 2524 2836 in
2558 2781 2836 2853 rescripto
2879 2780 2950 2835 de
2989 2778 3281 2852 Cinglensi
3312 2780 3479 2850 cella,

106 2864 299 2933 brium,
317 2883 419 2924 seu
445 2870 517 2923 ut
554 2866 734 2922 habet
765 2882 1094 2939 anonymus
1116 2868 1408 2935 Barensis,
1441 2869 1533 2925 die
1562 2870 1734 2927 tertia
1835 2871 2151 2941 plenariam
2172 2868 2448 2943 appellat,
2475 2874 2711 2925 centum
2745 2872 2804 2925 et
2832 2866 3125 2940 octoginta
3175 2868 3505 2941 episcopos.

105 2954 340 3025 ejusdem
365 2953 790 3027 mensis,apud
814 2955 1049 3010 Barium
1072 2955 1359 3012 celebrem
1382 2957 1604 3029 Apuliae
1633 2975 1729 3014 ur-
1838 2956 2199 3014 interfuisset
2215 2959 2635 3029 asseritLupus
2650 2958 3007 3028 Protospata,
3024 2957 3123 3012 sed
3137 2956 3381 3029 quinam
3396 2956 3479 3013 illi

104 3042 219 3098 hem
246 3044 313 3099 ad
346 3042 672 3100 concilium
703 3042 775 3098 ab
806 3041 1038 3099 Urbano
1072 3043 1359 3100 indictum
1390 3061 1725 3102 convenere.
1838 3047 2056 3103 fuerint
2098 3063 2269 3103 nemo
2316 3042 2526 3103 litteris
2557 3046 2831 3118 prodidit.
2861 3048 2935 3100 At
2957 3061 3073 3117 quo
3115 3044 3261 3112 loco,
3293 3062 3483 3118 quove

102 3129 216 3185 Ilico
242 3133 498 3201 synodus
533 3130 914 3203 potissimum
946 3132 1017 3188 ad
1049 3132 1107 3187 id
1139 3136 1337 3189 coacta
1384 3133 1631 3204 videtur,
1665 3140 1730 3192 ut
1769 3196 1802 3207 _
1841 3136 2043 3191 habitu
2066 3136 2124 3191 in
2147 3135 2392 3191 concilio
2422 3135 2637 3191 sederit
2666 3133 2926 3207 pontifex
2955 3149 3023 3188 ex
3043 3132 3315 3190 Wilelmo
3345 3135 3484 3190 Mal-

102 3196 306 3276 Greece
336 3221 489 3276 inter
514 3196 583 3276 ἐι
612 3219 850 3275 Latinos
880 3220 950 3276 de
1008 3221 1122 3276 fide
1161 3222 1511 3292 conveniret,
1537 3196 1628 3279 ut.
1659 3240 1731 3280 ne
1762 3196 1805 3264 (ἶ
1842 3223 2230 3280 mesburiensi
2260 3224 2564 3279 discimus.
2589 3196 2760 3292 Ergo,
2790 3221 3004 3293 inquit,
3039 3229 3261 3276 ventum
3308 3226 3385 3277 est
3411 3222 3483 3277 ad

103 3307 306 3364 scilicet
336 3309 522 3366 sacris
556 3306 1026 3380 expeditionibus
1052 3315 1284 3366 noceret
1339 3310 1398 3366 in
1443 3312 1730 3368 credendo

103 3395 407 3454 diversitas.
421 3399 595 3454 Hanc
607 3397 893 3466 synodum
915 3413 1068 3453 anno
1085 3399 1433 3470 praecedenti
1447 3399 1731 3457 Baronius

101 3490 152 3539 et
182 3486 303 3557 ejus
339 3500 650 3559 sequaces,
677 3484 795 3541 imo
817 3489 874 3541 et
894 3485 1160 3542 Lahbeus
1188 3490 1346 3544 torno
1373 3488 1418 3543 X
1447 3487 1727 3545 Concilio-

101 3586 240 3639 rum,
269 3575 768 3649 consignaverunt
801 3592 814 3642 ;
848 3577 907 3629 at
953 3573 1161 3630 merito
1211 3573 1308 3630 alii
1340 3577 1726 3649 refragantur,

101 3660 306 3734 Lupum
328 3664 737 3736 Protospatam
756 3666 814 3719 et
828 3679 1185 3736 anonymum
1210 3664 1518 3720 Barensem
1535 3683 1727 3738 aequa-

101 3746 177 3805 les
203 3754 257 3807 et
283 3752 639 3809 domesticos
667 3756 932 3808 auctores
979 3752 1187 3819 secuti,
1222 3754 1323 3825 qui
1385 3769 1512 3809 eam
1563 3755 1728 3813 initio

102 3836 345 3897 Octobris
375 3842 515 3897 anni
548 3839 712 3909 1099,
758 3856 933 3912 quem
971 3839 1189 3896 scilicet
1210 3858 1317 3897 suo
1366 3858 1529 3899 more
1559 3860 1592 3899 a
1623 3844 1725 3900 Se-

101 3928 330 3997 ptembri
345 3928 720 4002 praecedenti,
735 3945 886 3985 anno
903 3928 1041 3986 1098
1059 3928 1358 3996 inchoant,
1373 3930 1726 3988 celebratam

103 4013 264 4073 fuisse
280 4021 603 4074 testantur:
621 4016 803 4073 alium
820 4016 1110 4073 habemus
1127 4018 1390 4089 ejusdem
1417 4018 1497 4075 rei
1515 4023 1725 4077 testem

103 4105 246 4160 omni
286 4108 621 4179 exceptione
651 4107 955 4177 majorem,
988 4106 1363 4175 Eadmerum,
1397 4108 1498 4180 qui
1533 4109 1723 4165 eidem

105 4192 326 4249 concilio
360 4194 647 4251 interfuit.
673 4193 728 4250 Is
766 4209 996 4267 nempe,
1017 4195 1221 4266 utjam
1250 4195 1525 4264 diximus,
1555 4197 1728 4253 refert

103 4277 237 4337 libro
265 4298 302 4336 ιι
345 4283 662 4351 Novorum,
692 4280 1036 4338 Anselmum
1089 4299 1287 4339 mense
1326 4282 1557 4339 Octobri
1588 4286 1725 4341 anni

105 4366 230 4423 1097
238 4369 527 4428 licentiam
550 4388 585 4427 a
601 4369 901 4426 Willelmo
922 4386 1054 4443 rege
1076 4370 1395 4444 Anglorum
1410 4372 1725 4431 extorsisse

103 4456 327 4515 Romam
345 4460 622 4529 adeundi,
635 4464 693 4517 et
716 4463 848 4532 post
866 4459 989 4515 haec
1007 4476 1210 4516 verum
1235 4477 1268 4515 a
1285 4460 1453 4516 beato
1466 4461 1724 4518 antistite

1837 3314 2150 3370 concilium.
2204 3313 2537 3384 Apostolicus
2581 3315 2707 3366 ante
2761 3326 2954 3383 corpus
3013 3311 3193 3365 sancti
3245 3311 3481 3382 Nicolai,

1837 3405 2137 3458 constratas
2166 3400 2431 3472 tapetibus
2462 3407 2512 3455 ct
2539 3399 2750 3470 palliis,
2783 3400 2901 3469 ipse
2934 3398 3122 3453 casula
3147 3414 3275 3453 cum
3304 3398 3481 3469 pallio

1840 3492 2070 3546 amictus
2092 3490 2341 3544 tribunal
2360 3487 2633 3552 ascendit;
2650 3488 2832 3542 caeteri
2846 3503 2972 3541 cum
2992 3488 3181 3557 cappis
3200 3485 3477 3542 sedebant.

1839 3577 2016 3634 Paulo
2074 3576 2319 3633 inferius
2370 3577 2641 3632 observat
2687 3575 3134 3631 archidiaconum
3175 3575 3482 3630 Romanum

1837 3676 1961 3723 ante
1983 3682 2186 3738 papam
2214 3665 2430 3732 sedisse,
2448 3668 2508 3720 ut
2535 3664 2704 3720 moris
2724 3668 2820 3720 est.
2842 3664 2906 3751 In
2937 3662 3183 3719 concilio
3205 3661 3487 3720 Remensi

1838 3773 1989 3812 anno
2012 3755 2149 3811 1094
2169 3756 2279 3810 Leo
2301 3771 2451 3827 papa
2470 3753 2895 3809 sacerdotalibus
2914 3753 3075 3825 quasi
3096 3752 3171 3808 ad
3201 3752 3476 3808 celebran-

1835 3846 1963 3901 dam
1989 3845 2212 3901 missam
2240 3845 2443 3916 infulis
2470 3843 2756 3899 redimitus
2769 3843 3033 3914 processit
3061 3842 3133 3896 ad
3164 3840 3477 3897 concilium

1835 3949 1959 3989 cum
1987 3948 2146 3988 cruce
2176 3936 2229 3987 et
2246 3932 2537 4001 Evangelii
2557 3931 2697 3986 libro
2718 3929 3157 3986 antecedentibus
3180 3944 3307 3985 cum
3332 3930 3487 3984 sacri“

1836 4022 2044 4078 ordinis
2069 4022 2360 4089 ministris,
2380 4025 2490 4075 etc.
2516 4020 2580 4075 In
2611 4019 2909 4091 istajuxta
2939 4018 3240 4074 Urbanum
3269 4017 3481 4074 Ansel-

1837 4127 1971 4167 mus
2004 4108 2329 4165 Cantuarise
2361 4107 2835 4181 archiepiscopus
2865 4106 3106 4163 honoris
3137 4122 3335 4175 causa,
3360 4105 3482 4163 sive

1834 4200 2010 4256 etiam
2033 4202 2097 4254 ut
2114 4196 2342 4253 facilius
2364 4197 2641 4252 adversus
2663 4196 2891 4253 Graecos
2915 4196 3229 4268 disputans
3250 4194 3480 4252 auscul-

1836 4291 2074 4355 taretur,
2107 4286 2308 4341 sedere
2335 4286 2541 4357 jussus
2572 4287 2661 4340 est
2691 4299 2705 4339 :
2739 4300 2872 4340 cum
2930 4287 3125 4351 antea,
3158 4287 3224 4338 ut
3271 4284 3481 4339 scribit

1835 4376 1988 4432 idem
2013 4378 2231 4443 auctor,
2249 4374 2556 4445 ingruente
2582 4371 2864 4438 tumultu,
2888 4370 3107 4427 oblitus
3137 4370 3320 4427 fuisse
3335 4388 3491 4443 pone

1833 4464 1974 4521 tifex
2002 4463 2195 4519 locum
2227 4462 2276 4517 ei
2310 4459 2621 4533 specialem
2651 4463 2710 4515 et
2736 4458 3126 4515 honoriﬁcum
3149 4457 3478 4531 designare.

104 4543 377 4618 gestarum
391 4549 603 4606 seriem
615 4547 1013 4622 particulatim
1028 4548 1403 4620 prosequitur
1417 4550 1486 4605 ad
1509 4550 1723 4607 Baren-
1757 4560 1804 4625 Β
1834 4554 1992 4610 Idem
2019 4551 2195 4607 habet
2234 4549 2553 4605 Eadmerus
2587 4548 2658 4603 de
2678 4547 2887 4603 Casula
2901 4551 2959 4603 et
2988 4547 3332 4620 pontificum
3350 4563 3482 4620 cap-

105 4648 161 4689 se
193 4636 515 4705 concilium,
539 4638 694 4711 quod
734 4653 888 4693 anno
927 4636 1328 4708 subsequenti,
1362 4637 1724 4712 proindeque

106 4721 633 4793 1098,convocatum
656 4726 839 4782 fuisse
860 4725 1310 4781 narrat.Deinde
1333 4725 1627 4796 Urbanus,
1663 4733 1727 4784 ut

105 4809 243 4868 idem
265 4818 463 4872 auctor
477 4815 826 4886 habet,pest
848 4813 1009 4870 illam
1030 4815 1317 4887 synodum
1343 4831 1608 4872 reversus
1623 4817 1728 4873 Ro-

105 4914 247 4958 mam
264 4901 556 4961 Willelmo
592 4903 716 4975 regi
739 4902 1005 4959 inducias
1039 4902 1397 4960 concessisse
1421 4904 1638 4960 dicitur
1654 4906 1726 4961 ad

106 4986 301 5046 festum
316 4994 498 5049 sancti
516 4990 819 5048 Michaelis
832 4992 965 5046 anni
979 4990 1593 5064 subsequentis,quem
1608 4993 1730 5065 qui-

106 5075 225 5134 dem
239 5080 547 5136 terminum
561 5096 670 5136 nec
696 5097 814 5146 rex,
829 5096 933 5136 nec
958 5079 1086 5152 ipse
1115 5079 1369 5151 pontifex
1388 5080 1726 5152 attigerunt.

110 5164 171 5220 At
185 5166 231 5222 si
251 5167 621 5225 illaeinducioe
655 5167 852 5224 statim
880 5174 1009 5240 post
1027 5173 1275 5224 Barense
1297 5167 1609 5225 concilium
1634 5186 1730 5224 an-

109 5249 176 5309 no
201 5255 334 5311 1097
357 5256 600 5314 indultae
630 5257 900 5325 fuissent,
934 5257 1003 5313 ad
1026 5273 1226 5313 earum
1278 5257 1455 5313 finem
1485 5261 1729 5329 uterque

111 5343 460 5417 pertigissent
473 5349 528 5402 et
536 5342 878 5400 Willelmus
893 5349 948 5403 et
959 5345 1249 5402 Urbanus.
1264 5348 1496 5400 Certum
1513 5346 1730 5420 quippe

110 5434 189 5485 est
214 5426 519 5506 utrumque
566 5433 639 5489 ad
671 5449 890 5488 annum
947 5434 1085 5489 1099
1113 5433 1467 5506 pervenisse.
1503 5434 1581 5489 Ex
1609 5434 1723 5504 his,

106 5513 224 5591 ‘qum
252 5523 485 5594 quidem
517 5522 760 5578 omnino
789 5527 943 5579 certa
971 5526 1127 5591 sunt,
1153 5521 1424 5594 colligere
1452 5522 1626 5578 etiam
1658 5522 1727 5578 li-

111 5612 209 5680 cet,
238 5612 529 5684 synodum
582 5612 924 5681 Romanam,
958 5630 1083 5685 quae
1139 5630 1174 5669 a
1218 5610 1517 5669 nonnullis
1576 5630 1727 5669 anno

1833 4642 1946 4715 pis;
1962 4640 2062 4697 sed
2089 4639 2172 4695 ait
2191 4636 2537 4694 Anselmum
2556 4636 2814 4709 primum
2837 4636 3043 4692 ordine
3061 4653 3167 4690 suo
3197 4636 3351 4691 inter
3380 4652 3481 4691 cas-

1833 4735 1990 4786 teros
2019 4726 2310 4784 antistites
2341 4725 2585 4791 sedisse,
2620 4725 2761 4780 dum
2794 4723 3180 4779 incalescente
3223 4723 3485 4795 disputa-

1836 4818 1995 4874 tione
2042 4815 2264 4872 dictum
2314 4813 2365 4869 ei
2396 4818 2552 4870 esset
2598 4817 2663 4868 ut
2691 4812 2935 4886 propius
2964 4809 3282 4867 accederet.
3316 4812 3478 4879 Dum,

1836 4904 2027 4976 inquit
2083 4902 2179 4957 ille
2209 4906 2428 4969 auctor,
2456 4902 2514 4955 in
2546 4902 2663 4971 ipso
2716 4902 2947 4957 concilio
2971 4898 3219 4971 plurima
3275 4898 3343 4955 de
3377 4900 3484 4971 fide

1836 4994 2103 5051 catholica
2129 5006 2375 5045 summus
2400 4990 2652 5060 pontifex
2678 4989 2919 5060 facunda
2962 4990 3200 5055 ratione,
3232 4990 3479 5046 ratione-

1840 5084 2048 5154 bilique
2102 5077 2364 5152 facundia
2422 5077 2782 5146 disseruisset,
2815 5082 2974 5135 mota
3020 5075 3266 5149 quaestio
3324 5082 3415 5135 est
3450 5095 3485 5133 a

1838 5169 2133 5227 Graecisde
2157 5164 2525 5239 processione
2536 5165 2792 5239 Spiritus
2806 5167 3014 5234 sancti,
3030 5181 3209 5237 quam
3225 5168 3485 5238 pontifex

1840 5246 2456 5329 multisargumentis,
2472 5258 2529 5309 et
2555 5252 2791 5327 quidem
2821 5259 2887 5311 ut
2915 5254 3241 5329 plurimum
3274 5272 3342 5311 ex
3366 5257 3482 5310 An-

1838 5346 2009 5403 selmi
2031 5336 2299 5420 epistola,
2332 5358 2507 5415 quam
2540 5343 2633 5398 illi
2659 5344 2793 5398 olim
2821 5342 2887 5399 de
2913 5343 3302 5400 Incamatione
3332 5341 3485 5398 Verbi

1837 5434 2014 5490 inseri
2021 5419 2237 5506 pserat',‘
2250 5430 2446 5505 petitis
2468 5432 2790 5502 approbare
2810 5433 2976 5489 nisus
2994 5435 3104 5487 est.
3127 5431 3284 5485 Idem
3310 5429 3486 5485 refert

1837 5526 2094 5579 Joannes
2143 5518 2592 5577 Sarisberiensis
2621 5519 2681 5574 in
2723 5521 2986 5590 ejusdem
3038 5516 3299 5574 Anselmi
3330 5516 3482 5571 Vita.

1841 5608 2284 5682 Verum,inquit
2312 5596 2653 5677 Eadmerus,
2673 5624 2805 5663 cum
2831 5625 2925 5664 res
2944 5605 3177 5677 longius
3209 5602 3483 5675 procede-
