3950 6218
412 349 533 418 243

1719 359 1787 422 B.
1833 358 2129 424 URBANI
2173 356 2224 421 ll
2275 355 2524 420 PAPJE.

3723 353 3850 418 944

416 487 595 556 deret,
608 487 917 564 adhucque
937 489 1249 550 Anselmus
1271 488 1330 549 in
1353 494 1546 552 ordine
1565 499 1889 552 exterarum
1905 494 2050 549 inter
2075 496 2132 563 Α
2159 505 2228 548 ea
2249 505 2457 564 nempe
2477 506 2593 548 non
2616 502 2744 548 com
2754 493 3012 564 parente.
3035 507 3066 548 c
3086 501 3248 548 ausa;
3263 486 3557 564 judicium
3575 488 3651 546 ad
3681 486 3852 545 aiiud

415 579 622 650 primos
641 581 865 637 concilii
883 584 1072 638 Patres
1100 600 1202 654 pro
1231 601 1348 639 sua:
1380 586 1536 640 sedis
1559 583 1843 656 dignitate
1876 599 2080 639 conse-

423 667 608 739 deret,
627 667 900 726 clamavit
922 672 1182 743 pontifex
1210 691 1222 728 :
1250 674 1418 727 Pater
1441 677 1488 727 et
1519 675 1784 740 magister
1811 673 2082 738 Anselme,

419 757 723 826 Anglorum
743 760 1162 832 archiepiscope,
1184 763 1278 816 ubi
1295 761 1385 816 es?
1405 762 1548 825 Quid
1571 760 1771 816 statim
1818 759 2082 830 adnitenj

424 845 606 913 tibus,
631 848 731 919 qui
768 847 819 904 ei
849 849 1095 920 proximi
1135 855 1320 915 erant,
1353 850 1641 920 episcopis
1669 850 1740 904 ad
1774 837 2078 920 apostolicl

425 950 789 1001 consessum,
806 941 871 991 ut
890 937 1067 992 habet
1091 937 1442 1004 Willelmus,
1466 939 1878 1007 levatus,juxta
1894 936 2080 991 archi-

426 1023 595 1080 diaco
609 1042 750 1081 num
773 1027 1192 1096 sederejussus
1203 1030 1310 1082 est.
1327 1026 1490 1081 Hunc
1503 1026 1777 1098 pontifex,
1794 1027 2078 1081 referente

428 1113 721 1169 Eadmero
777 1115 876 1186 qui
921 1131 1178 1186 praesens
1209 1119 1350 1181 erat,
1384 1115 1467 1169 sic
1501 1122 1638 1170 tunc
1669 1121 1759 1171 est
1815 1117 2025 1170 affatus
2060 1135 2072 1173 :

427 1223 455 1251 «
485 1201 892 1274 Quid,qua:so,
914 1203 1084 1268 facis;
1107 1220 1213 1257 cur
1243 1205 1298 1258 in
1321 1203 1568 1259 aliorum
1601 1204 1833 1260 silentio
1863 1205 2026 1276 degis
2049 1205 2076 1258 ?

429 1291 596 1356 Veni,
631 1291 783 1358 veni,
810 1291 1086 1360 obsecro;
1121 1293 1366 1348 ascende
1395 1310 1583 1364 usque
1635 1294 1707 1348 ad
1741 1309 1846 1348 nos
1875 1297 1930 1348 et
1971 1294 2070 1348 ad-

415 1378 559 1449 juva
578 1395 705 1448 nos,
720 1396 992 1452 pugnans
1017 1397 1118 1452 pro
1143 1385 1326 1436 matre
1347 1384 1448 1436 tua
1470 1387 1527 1435 et
1548 1387 1764 1446 nostra,
1784 1382 1874 1436 cui
1901 1398 2067 1436 suam

425 1465 825 1538 integritatem
849 1467 1010 1523 vides
1034 1470 1261 1524 Grazcos
1294 1469 1436 1524 istos
1468 1470 1661 1524 conari
1703 1470 1980 1536 adimere,
2015 1474 2068 1524 et

423 1571 532 1612 nos
552 1555 610 1610 in
635 1555 893 1628 idipsum
919 1559 1102 1620 nefas,
1132 1557 1179 1612 si
1205 1557 1450 1614 facultas
1481 1559 1565 1613 eis
1597 1558 1894 1621 tribuitur,
1923 1576 2065 1630 prae-

423 1643 986 1714 oipitare.Succurre
1032 1644 1211 1717 igitur
1258 1645 1426 1716 quasi
1457 1664 1585 1702 vere
1618 1664 1719 1718 pro
1751 1647 1857 1701 hoc
1887 1665 1919 1701 a
1949 1647 2063 1702 Deo

424 1731 646 1788 missus
684 1731 817 1786 huc.
841 1735 1050 1799 »Ουοά
1082 1735 1349 1805 sequenti
1399 1735 1488 1790 die
1531 1735 1759 1807 egregie
1801 1736 2064 1806 praestitit

424 1819 737 1876 Anselmus
749 1825 1006 1892 regente,
1022 1827 1085 1876 ut
1105 1821 1307 1878 scribit
1323 1823 1473 1879 idem
1494 1830 1714 1890 auctor,
1738 1841 1836 1880 cor
1863 1829 1920 1879 et
1949 1823 2058 1878 lin-

426 1925 603 1982 guam
635 1910 764 1981 ejus
785 1909 1003 1980 Spiritu
1037 1916 1236 1966 sancto
1261 1931 1273 1978 ;
1303 1918 1476 1984 atque
1523 1930 1651 1968 eam
1683 1913 2062 1984 quaestionem

426 1998 510 2054 ita
544 1997 829 2065 tractavit,
849 1999 1127 2054 disseruit
1163 2001 1590 2067 absolvit,utin
1623 2003 1749 2073 ipso
1781 2006 2064 2057 conventu

429 2103 601 2144 nemo
639 2087 910 2142 existeret
941 2087 1041 2160 qui
1087 2105 1199 2143 non
1228 2089 1340 2144 sibi
1365 2090 1498 2145 inde
1528 2090 1892 2145 satisfactum
1924 2107 2065 2145 con-

427 2176 686 2233 sentiret.
707 2180 849 2232 Cum
879 2193 1012 2232 vero
1062 2177 1291 2233 dicendi
1352 2179 1526 2233 finem
1567 2178 1800 2235 fecisset
1830 2185 2069 2236 sanctus

427 2265 693 2331 antistes,
716 2264 774 2320 in
792 2283 925 2320 eum
951 2265 1205 2336 pontifex
1229 2267 1538 2323 intendens
1555 2268 1653 2322 ait.
1673 2290 1700 2316 ‹‹
1726 2269 2071 2325 Benedictus

434 2353 514 2409 sit
534 2369 633 2410 cor
651 2356 708 2410 et
727 2370 939 2409 sensus
964 2359 1122 2420 tuus,
1142 2359 1198 2410 et
1219 2371 1285 2410 os
1307 2360 1364 2410 et
1384 2372 1576 2411 sermo
1605 2355 1722 2411 oris
1751 2357 1835 2412 tui
1869 2357 1946 2412 sit
1975 2359 2073 2412 be-

430 2443 719 2499 nedictus.
754 2464 782 2492 »
816 2442 1106 2498 Caeterum
1139 2442 1258 2498 haec
1292 2444 1420 2515 ipsa
1447 2451 1793 2516 argumenta
1820 2463 1946 2517 quae
1996 2447 2075 2501 ibi

427 2548 622 2588 coram
656 2531 929 2587 Patribus
950 2536 1298 2604 prosecutus
1326 2533 1512 2588 fuerat
1530 2533 1615 2588 vir
1645 2540 1904 2596 sanctus,
1927 2540 2082 2606 post-

429 2637 498 2677 ea
530 2619 876 2692 rogantibus
947 2619 1178 2687 amicis,
1208 2625 1267 2676 et
1323 2621 1695 2692 potissimum
1752 2623 2082 2680 Hildeberto

425 2713 555 2764 tum
609 2709 1122 2764 Cenomannorum
1170 2709 1470 2780 episcopo,
1503 2714 1569 2765 ut
1616 2714 1773 2782 patet
1802 2728 1871 2766 ex
1927 2711 2085 2768 illius

427 2797 598 2868 epist.
629 2799 719 2863 22,
751 2799 809 2851 et
836 2795 1186 2852 Guillelmus
1219 2798 1498 2853 Gemetici
1547 2799 1868 2856 monachus
1915 2801 2088 2857 refert

429 2884 581 2940 libro
601 2901 678 2951 γι,
702 2900 831 2955 cap.
848 2885 903 2952 9,
925 2884 1290 2941 enucleatius
1314 2886 1579 2942 tractavit
1603 2887 1661 2942 in
1693 2887 1840 2944 libro
1872 2890 1947 2944 De
1961 2907 2087 2962 pro-

429 2974 668 3029 cessione
697 2973 934 3044 Spiritus
957 2977 1156 3041 sancti,
1192 2976 1346 3047 quod
1385 2976 1458 3031 ab
1490 2993 1556 3032 eo
1603 2978 1929 3050 praestitum
1978 2985 2086 3048 est,

430 3065 498 3117 ut
518 3060 786 3117 doctrina
815 3061 1108 3118 catholica
1124 3079 1227 3135 per
1243 3068 1432 3119 totum
1465 3065 1667 3121 orbem
1691 3065 2090 3124 Christianum

428 3151 785 3223 pervaderet.
822 3151 892 3205 Et
951 3150 1188 3222 quidem
1245 3169 1378 3207 cum
1411 3158 1618 3225 postea
1647 3171 1681 3210 a
1715 3155 2092 3212 Waleramno

2190 584 2422 652 tempus
2479 580 2726 636 dilatum
2786 585 2897 645 est,
2935 585 3001 637 ut
3034 581 3163 654 ipse
3198 579 3460 654 pontifex
3500 582 3756 635 testatur
3786 579 3852 634 in

2190 667 2470 740 inscripto
2504 669 2574 722 ad
2611 668 2972 737 Casincnses,
3007 669 3162 740 quod
3207 667 3452 725 inferius
3484 667 3854 724 memorabi-

2188 772 2342 812 IDUS.

2295 845 2588 902 CCCXXV.
2625 846 3000 916 Privilegium
3029 849 3280 904 Ecclesia
3319 849 3717 920 Agrigentinae.

2261 934 2358 989 Die
2390 951 2446 991 v1
2470 936 2606 990 ldus
2629 936 2897 992 Octobris
2925 936 3075 992 Barii
3099 937 3291 993 adhuc
3320 937 3664 993 versabatur
3703 951 3858 1008 pon-

2186 1021 2349 1089 tifex,
2382 1039 2516 1078 cum
2580 1025 2847 1081 dimcesis
2904 1026 3300 1099 Agrigentinaa
3345 1025 3582 1095 limites,
3614 1031 3799 1098 prout
3829 1042 3866 1079 a

2185 1111 2432 1183 Rogerio
2451 1113 2660 1168 comite
2683 1115 2987 1170 constituti
3027 1115 3284 1184 fuerant,
3315 1115 3683 1171 confirmavit
3715 1115 3862 1170 dato

2184 1199 2523 1272 diplomate,
2544 1201 2602 1256 in
2636 1220 2752 1274 quo
2784 1203 3018 1259 Boberti
3057 1204 3228 1260 ducis
3257 1209 3316 1260 et
3347 1205 3578 1260 comitis
3611 1204 3858 1278 Rogerii

2178 1289 2306 1360 ejus
2359 1289 2552 1345 fratris
2607 1293 2832 1363 Optima
2863 1291 2922 1347 in
2973 1293 3299 1350 Ecclesiam
3365 1293 3579 1348 merita
3637 1292 3858 1350 multis

2178 1369 2477 1454 laudibus,
2512 1384 2570 1435 et
2602 1380 2842 1450 quidem
2882 1382 3034 1452 jure,
3071 1399 3282 1454 proseq
3305 1382 3480 1438 uitur.
3515 1382 3675 1438 Hanc
3719 1381 3860 1436 bul-

2177 1453 2291 1520 lam
2326 1467 2504 1521 habes
2535 1469 2689 1540 apud
2724 1470 3029 1526 Bocchum
3074 1453 3408 1543 iPyrrhum,
3442 1471 3541 1526 sed
3575 1470 3860 1526 nonnihil

2174 1555 2598 1622 emendandum
2629 1556 2685 1611 in
2721 1557 2873 1613 netis
2905 1557 3328 1630 chonologicis.
3373 1559 3499 1614 Non
3563 1557 3726 1614 enim
3761 1558 3856 1612 in-

2174 1639 2350 1697 dictio
2378 1661 2498 1711 vm,
2531 1662 2658 1716 quae
2708 1645 2787 1701 ibi
2835 1651 3093 1712 notatur,
3129 1647 3265 1703 huic
3316 1664 3468 1704 anno
3523 1647 3806 1702 convenit
3841 1665 3854 1712 ;

2169 1732 2271 1800 sed
2301 1731 2372 1786 ad
2393 1750 2695 1789 summum
2715 1736 3018 1806 septima‘a
3045 1752 3255 1792 mense
3293 1736 3615 1809 Septembri
3647 1743 3760 1792 aut
3780 1739 3854 1794 ab

2166 1819 2432 1876 Octobris
2457 1821 2841 1878 initio.Atbic
2863 1840 3028 1880 error
3059 1842 3128 1880 ex
3173 1825 3638 1882 Amanuensium
3673 1827 3861 1900 culpa

2171 1908 2316 1963 forte
2367 1910 2779 1983 contigit;qui
2810 1929 2948 1968 cum
2999 1914 3400 1970 advertissent
3453 1915 3563 1970 hoc
3613 1915 3852 1988 privile-

2174 1995 2335 2068 gium
2368 1998 2542 2054 tinem
2581 2001 2718 2054 anni
2745 2001 2882 2055 1099
2925 2002 3214 2072 praeferre,
3263 2002 3655 2059 indictionem
3692 2019 3854 2060 anno

2174 2085 2398 2157 vulgari
2431 2093 2628 2158 aptare
2665 2089 2972 2144 voluerint.
3007 2092 3384 2158 At,exeunte
3407 2091 3508 2148 illo
3531 2094 3852 2165 anno,jam

2177 2186 2208 2225 e
2239 2175 2381 2230 vivis
2421 2177 2648 2231 abierat
2707 2177 2999 2235 Urbanus.
3038 2182 3226 2246 Quare
3270 2180 3588 2237 dicendum
3643 2184 3854 2238 est-in

2180 2279 2247 2319 ea
2276 2263 2436 2319 bulla
2470 2265 2810 2336 pontificem
2843 2267 3191 2324 adhibuisse
3232 2269 3504 2326 Barensis
3561 2271 3853 2344 regionis,

2185 2359 2243 2412 in
2278 2369 2394 2424 qua
2424 2359 2564 2408 tunc
2595 2355 2959 2424 versabatur,
2993 2356 3375 2428 computandi
3406 2359 3677 2426 modum,
3715 2377 3856 2434 quo,

2187 2446 2253 2494 ut
2273 2442 2398 2511 jam
2431 2441 2707 2510 diximus,
2739 2460 2963 2511 annus,
2996 2445 3153 2500 sicut
3172 2449 3231 2500 et
3261 2445 3522 2518 indictio,
3555 2447 3631 2503 ab
3680 2449 3857 2505 Octo-

2187 2529 2278 2585 bri
2311 2530 2447 2585 anni
2479 2529 2736 2602 vulgaris
2767 2533 3152 2604 praacedentis
3200 2533 3534 2607 incipiebat.
3558 2536 3675 2592 Alii
3735 2539 3860 2594 for-

2189 2623 2349 2673 tasse
2395 2618 2588 2674 dicent
2630 2619 2688 2675 in
2737 2637 2803 2675 eo
2846 2619 3178 2693 diplomate
3203 2639 3425 2680 annum
3457 2624 3530 2680 ab
3575 2627 3859 2681 Incarna-

2193 2707 2441 2772 tione,id
2491 2711 2852 2765 estamense
2909 2711 3117 2766 Martio
3179 2712 3316 2767 anni
3349 2713 3764 2785 praecedentis,
3795 2721 3901 2771 ut-

2197 2793 2343 2850 alias
2372 2796 2592 2867 passim
2623 2796 2840 2853 factum
2873 2803 2980 2866 est,
3005 2799 3297 2870 inchoari,
3319 2801 3422 2857 sed
3452 2801 3703 2873 perinde
3740 2809 3852 2870 est,

2197 2900 2331 2940 cum
2365 2891 2611 2956 utroque
2641 2887 2812 2942 modo
2859 2892 3085 2944 constet
3141 2905 3362 2945 annum
3415 2891 3556 2946 1099
3587 2891 3692 2948 hic
3750 2911 3857 2966 pro

2198 2971 2423 3045 vulgari
2457 2975 2594 3028 1098
2626 2979 2777 3031 recte
2807 2974 3117 3048 assignari.

2484 3063 2803 3120 CCCXXVI.
2841 3064 3147 3121 Concilium
3183 3067 3518 3140 Burdigala.

2274 3149 2336 3204 In
2357 3149 2560 3206 Galliis
2602 3153 2804 3208 eodem
2850 3168 3070 3221 mense,
3093 3170 3155 3208 ιιι
3199 3153 3422 3212 scilicet
3449 3156 3650 3214 Nonas
3680 3159 3854 3216 Octo-

431 3239 704 3312 episcopo
741 3239 1102 3312 Neburgensi
1135 3241 1206 3297 de
1245 3239 1363 3297 illis
1412 3242 1833 3314 quaestionibus
1879 3245 2086 3300 fuisset
2115 3225 2158 3293 C
2195 3237 2338 3305 bris,
2359 3240 2604 3296 Amatus
2625 3239 2953 3312 apostolicae
2975 3241 3133 3298 sedis
3172 3242 3230 3297 in
3269 3244 3586 3316 Aquitania
3618 3245 3852 3320 legatus

431 3327 848 3401 interrogatus,
865 3327 1022 3384 hunc
1039 3330 1110 3384 ad
1127 3328 1260 3385 illos
1275 3333 1559 3387 tractatus
1573 3333 1797 3388 remisit
1808 3333 2086 3404 pontifex.

439 3417 564 3480 Qua
579 3415 883 3472 occasione
907 3433 1001 3473 res
1025 3417 1415 3474 admiratione
1445 3420 1625 3492 digna
1653 3421 1919 3493 contigit,
1937 3422 2091 3494 quod

435 3504 658 3561 scilicet
674 3504 828 3561 hunc
850 3505 1192 3578 episcopum
1207 3507 1524 3578 nequidem
1555 3525 1716 3564 more
1737 3508 1907 3564 solito
1930 3509 2089 3565 salu-

435 3592 548 3648 tari
602 3592 856 3649 voluerit
908 3593 1244 3660 Anselmus,
1277 3595 1349 3650 ob
1377 3594 1436 3649 id
1470 3593 1661 3650 solum
1697 3597 1854 3666 quod
1898 3597 2088 3654 adhuc

435 3697 573 3738 eum
599 3681 862 3737 crederet
922 3681 1270 3736 Henriciano
1327 3681 1636 3738 schismati
1668 3684 1988 3752 addictum,
2021 3691 2086 3742 ut

434 3769 686 3841 ipsemet
703 3772 972 3825 testatur.
1000 3767 1232 3824 \‘idesis
1254 3769 1384 3840 ejus
1405 3769 1684 3841 epistolas
1715 3789 1816 3828 seu
1845 3791 2084 3846 respon-

437 3856 633 3913 siones
650 3857 722 3911 ad
736 3855 910 3912 istius
926 3855 1281 3914 Waleramni
1316 3859 1667 3929 quaestiones
1687 3866 1746 3916 et
1775 3865 2041 3933 querelas
2066 3882 2079 3932 ;

435 3960 545 4000 nos
575 3960 708 4000 vero
729 3961 856 4016 qua:
884 3943 942 3999 in
976 3945 1198 4017 synodo
1228 3951 1397 4018 gesta
1427 3953 1566 4002 sunt
1595 3948 1826 4006 interim
1885 3969 2079 4023 prose-

443 4048 716 4104 quamur.

506 4119 761 4176 Ventum
793 4124 883 4176 est
909 4121 1107 4194 itaque
1130 4121 1201 4178 ad
1225 4139 1467 4180 causam
1487 4124 1751 4182 Anselmi
1773 4143 1906 4183 cum
1940 4128 2080 4184 Wil-

436 4207 616 4264 lelmo
661 4207 984 4281 Anglorum
1043 4225 1197 4282 rege,
1222 4227 1399 4282 quam
1430 4229 1565 4268 cum
1597 4216 1852 4286 pontifex
1881 4233 2077 4273 coram

439 4312 605 4352 sacro
631 4301 915 4354 conventu
949 4313 1015 4353 ac
1038 4296 1232 4355 illatas
1253 4300 1420 4357 beato
1440 4301 1562 4357 viro
1601 4303 1847 4375 injurias
1885 4304 2078 4377 palam

437 4385 823 4459 exposuisset,
842 4385 1159 4444 clamatum
1189 4392 1279 4444 est
1309 4389 1381 4445 ab
1411 4391 1686 4447 omnibus
1715 4392 2077 4450 Willelmum

436 4491 632 4548 regem
658 4475 810 4532 beati
833 4475 982 4531 Petri
1004 4475 1196 4549 gladio
1218 4477 1544 4534 feriendum
1567 4496 1696 4536 esse
1721 4499 1735 4536 :
1769 4481 1871 4537 sed
1916 4481 1973 4537 id
2009 4499 2078 4537 ne

2199 3325 2511 3384 concilium
2533 3327 2740 3382 habuit
2769 3328 3118 3402 Burdigalae,
3151 3331 3321 3402 cujus
3353 3332 3520 3389 urbis
3549 3338 3700 3392 tunc
3733 3343 3854 3392 erat

2198 3415 2670 3488 archiepiscopus
2695 3434 2708 3483 ;
2733 3417 2804 3472 ad
2826 3417 2980 3488 quod
3012 3418 3354 3474 convenisse
3383 3435 3518 3476 cum
3550 3437 3621 3478 eo
3644 3424 3852 3480 dicun-

2195 3507 2294 3558 tur
2348 3504 2644 3560 Rolandus
2679 3504 2966 3570 Dolensis,
2999 3505 3205 3563 Petrus
3245 3509 3624 3580 Aginnensis,
3658 3518 3724 3568 et
3751 3513 3847 3569 alii

2194 3591 2554 3648 diversarum
2591 3593 3019 3664 provinciarum
3049 3595 3326 3668 episcopi.
3357 3598 3467 3654 Sed
3502 3599 3647 3670 quid
3689 3601 3752 3657 in
3782 3618 3842 3658 eo

2195 3685 2503 3746 statutum,
2519 3697 2701 3753 quave
2721 3681 3024 3738 occasione
3045 3689 3427 3740 convocatum
3452 3686 3654 3755 fuerit,
3679 3689 3846 3762 plane

2192 3767 2620 3841 incompertum
2652 3773 2760 3826 est.
2792 3771 2905 3826 Nec
2936 3771 3107 3843 plura
3157 3771 3334 3828 habet
3389 3774 3514 3846 ipse
3572 3777 3848 3836 Labbeus

2192 3860 2350 3912 tomo
2372 3857 2415 3912 Χ
2448 3857 2864 3914 Conciliorum.

2404 3945 2742 4002 CCCXXVII.
2781 3947 3026 4004 Urbanus
3055 3950 3353 4005 Benevento
3389 3954 3609 4008 transit.

2267 4033 2536 4089 Urbanus
2555 4051 2686 4090 vero
2718 4040 2849 4107 post
2901 4037 3194 4108 synodum
3241 4038 3554 4096 Barensem
3595 4043 3842 4100 Romam

2188 4121 2417 4178 rediens
2445 4122 2768 4178 Benevento
2799 4124 3088 4190 transivit,
3121 4124 3220 4181 ubi
3253 4126 3588 4199 Cinglensis
3639 4148 3846 4188 mona-

2187 4209 2346 4266 sterii
2400 4227 2535 4266 cum
2592 4211 3024 4278 Casinensibus,
3057 4214 3158 4284 qui
3215 4213 3360 4272 illud
3393 4215 3506 4272 sibi
3557 4219 3850 4291 subjicere

2185 4298 2480 4368 volebant,
2512 4299 2672 4355 litem
2723 4300 2996 4356 dirimere
3049 4303 3453 4369 constituerat,
3489 4307 3735 4378 scriptis
3787 4325 3850 4363 eo

2188 4387 2384 4443 animo
2415 4388 2488 4443 ad
2520 4387 2884 4444 abbatissam
2941 4391 3072 4460 ejus
3117 4392 3456 4447 monasterii
3517 4392 3762 4462 litteris,
3792 4402 3854 4451 ut

2187 4493 2426 4532 causam
2475 4493 2643 4533 suam
2703 4482 2907 4532 actura
2964 4494 3302 4551 comparere
3345 4495 3542 4536 coram
3575 4499 3646 4539 eo
3697 4484 3853 4540 ultra

432 4563 600 4619 ﬂeret
646 4563 808 4621 solus
863 4565 1176 4622 Anselmus
1207 4567 1454 4624 obstitit.
1487 4568 1726 4625 Audiens
1777 4571 1925 4626 enim
1967 4570 2080 4626 haec
2112 4587 2157 4651 ι)
2188 4582 2304 4620 nun
2362 4565 2636 4622 differret.
2667 4565 2776 4620 Sed
2832 4569 3028 4622 tamen
3074 4568 3252 4622 etiam
3301 4573 3442 4624 tunc
3474 4586 3570 4627 res
3631 4572 3848 4630 infecta

435 4653 523 4710 vir
552 4658 812 4721 sanctus,
845 4655 930 4710 uti
976 4655 1299 4711 Eadmerus
1347 4659 1565 4720 narrat,
1608 4663 1666 4712 et
1709 4659 2083 4714 consentiunt
2192 4653 2490 4720 remansit,
2514 4658 2580 4708 ut
2609 4654 2734 4726 ipse
2764 4654 3021 4726 pontifex
3067 4655 3259 4712 fusius
3291 4658 3533 4730 exponit
3561 4658 3626 4715 in
3660 4661 3851 4736 diplo-

435 4741 624 4799 caateri
653 4741 875 4816 Anglim
910 4743 1244 4815 scriptores,
1261 4743 1411 4799 illico
1443 4747 1704 4814 surrecit,
1727 4751 1779 4801 et
1797 4750 1958 4818 ﬂexis
1987 4765 2080 4818 ge-

434 4831 597 4887 nibus
623 4847 807 4888 coram
831 4849 978 4904 papa
1004 4833 1302 4903 praefatum
1333 4847 1514 4899 regem
1534 4835 1656 4904 jam
1686 4843 1815 4890 tunc
1863 4853 2080 4893 excom-

432 4935 564 4974 mun
573 4920 719 4974 icare
737 4928 952 4990 parato,
971 4921 1067 4975 vix
1085 4919 1322 4974 obtinuit
1342 4937 1412 4974 ne
1430 4921 1488 4974 in
1518 4937 1702 4990 regem
1715 4927 1920 4994 faceret
1943 4927 2082 4997 quod

435 5007 740 5069 communis
769 5008 1310 5068 omniumsentenlia
1335 5010 1724 5080 promulgavit.

509 5093 589 5148 Ex
617 5092 834 5149 Urbani
867 5093 1112 5164 epistola
1147 5096 1219 5150 ad
1267 5099 1558 5153 Ansonem
1609 5099 2079 5158 Beneventanum

437 5180 746 5237 dominum
779 5181 934 5250 data,
958 5181 1238 5240 discimus
1271 5185 1586 5242 monachos
1617 5189 1960 5244 Casinenses
2014 5193 2084 5246 ad

439 5269 592 5325 idem
655 5269 968 5326 concilium
999 5272 1246 5340 venisse,
1281 5277 1346 5328 ut
1379 5275 1802 5330 monasterium
1865 5277 2084 5333 Sanctae

438 5356 668 5429 Sophia:
721 5355 1190 5416 Beneventanum
1248 5360 1362 5415 sibi
1419 5366 1763 5416 asserercnt.
1797 5363 1908 5418 Sed
1951 5380 2085 5421 cum

437 5447 566 5517 ejus
587 5444 696 5502 loci
719 5447 901 5502 abbas
923 5448 1167 5504 concilio
1193 5465 1254 5504 se
1285 5447 1700 5516 subtraxisset,
1731 5448 1805 5504 lis
1831 5449 2087 5508 indecisa

438 5535 736 5590 remansit.
763 5537 963 5591 Parem
988 5537 1206 5591 exitum
1231 5535 1316 5588 ibi
1357 5533 1565 5586 habuit
1603 5535 1782 5591 altera
1811 5537 2084 5595 Casinen-

437 5622 485 5677 si
497 5641 590 5678 um
616 5625 1012 5680 controversia
1026 5625 1304 5679 adversus
1317 5619 1683 5691 Cinglenscm
1703 5625 2084 5696 abbatissam,

2190 4745 2344 4798 mate
2365 4743 2491 4814 jam
2513 4739 2769 4809 laudato,
2790 4743 2944 4814 quod
2983 4759 3091 4800 suo
3141 4743 3268 4800 loco
3291 4745 3594 4803 referetur.
3625 4749 3846 4806 Ibidem

2188 4831 2249 4886 in
2276 4830 2630 4887 monasterio
2673 4830 2898 4886 Sancta:
2921 4831 3170 4904 Sophim,
3205 4834 3305 4889 ubi
3339 4833 3486 4891 forte
3517 4835 3843 4910 hospitium

2189 4920 2462 4988 habebat,
2497 4935 2738 4975 causam
2768 4920 3036 4989 ejusdem
3092 4920 3204 4977 loci
3256 4923 3508 4993 abbatis,
3543 4926 3648 4998 qui
3682 4928 3842 4984 Casi-

2189 5009 2356 5064 nensi
2387 5007 2581 5064 abbati
2631 5008 2868 5064 obedire
2917 5009 3294 5078 detrectabat,
3329 5013 3710 5081 examinavit,
3745 5016 3842 5073 sed

2193 5116 2306 5152 non
2362 5096 2628 5152 absolvit.
2686 5097 2911 5152 Etenim
2973 5097 3147 5168 paulo
3201 5104 3335 5170 post
3380 5101 3474 5157 die
3526 5119 3745 5178 nempe
3790 5121 3844 5160 ιιι

2197 5187 2391 5240 Nonas
2437 5185 2776 5240 Novembris
2834 5187 3134 5258 sequentis
3190 5204 3325 5244 cum
3355 5193 3640 5262 Ceperani
3671 5199 3839 5259 esset;

2196 5275 2428 5346 scripsit
2448 5275 2520 5330 ad
2543 5280 2841 5329 Ansonem
2865 5275 3172 5332 Beneventi
3196 5277 3504 5334 dominum
3528 5285 3616 5347 ut,
3632 5281 3841 5338 auditis

2195 5362 2482 5434 partibus,
2527 5361 2689 5418 litem
2720 5361 2872 5418 hanc
2911 5363 3280 5435 dijudicaret,
3314 5370 3417 5422 aut
3449 5368 3497 5424 si
3531 5367 3683 5428 forte
3731 5386 3840 5427 mo-

2195 5449 2368 5506 nachi
2423 5455 2646 5505 Sanctae
2699 5450 2929 5523 Sephia:
2988 5468 3186 5508 coram
3241 5469 3330 5520 eo,
3357 5459 3562 5528 utpote
3611 5459 3841 5516 homine

2196 5536 2481 5602 saeculari,
2517 5553 2584 5591 ea
2615 5538 2686 5593 de
2741 5557 2800 5596 re
2847 5541 3199 5612 respondere
3230 5542 3548 5614 noluerint,
3584 5547 3740 5603 diem
3760 5547 3837 5602 eis

2197 5625 2371 5692 dicat,
2392 5641 2508 5694 quo
2533 5625 2778 5682 Romam
2811 5630 3183 5686 convenirent
3203 5648 3236 5687 a
3253 5631 3447 5704 seipso
3468 5638 3835 5702 sententiam,
