3950 6218
229 299 347 364 345

1837 297 2015 365 VITA
2030 342 2043 363 .

3532 301 3650 364 246

228 431 550 507 accepturi.
610 431 734 493 Hoc
763 434 854 493 est
880 429 1097 493 Urbani
1128 428 1475 509 rescriptum
1500 429 1627 508 jam
1656 430 1879 508 passim
1909 434 1964 503 Α
1993 430 2302 505 memorat)
2332 428 2404 490 de
2433 430 2692 507 primatu
2721 430 3116 507 Lugdunensi,
3150 449 3277 506 quae
3309 433 3506 492 omnia
3534 433 3651 491 sibi

229 523 563 594 laudatum,
617 524 776 599 quod
810 524 900 583 die
929 525 964 581 3
1007 523 1372 593 Novembris,
1406 528 1463 581 et
1494 524 1729 597 quidem
1778 523 1888 580 hoc

231 631 389 671 anno
419 615 1053 688 consignandumesse,
1083 630 1151 669 ex
1164 613 1455 670 mentione
1469 614 1740 669 Barensis
1762 629 1890 668 con-

232 704 353 761 silii
384 720 565 777 nuper
592 703 892 771 celebrati,
925 708 1080 759 certo
1111 701 1426 775 colligitur.

333 793 712 851 CCCXXVIII.
738 796 916 850 Romae
942 794 1133 848 scribit
1152 808 1253 865 pro
1291 792 1788 849 l’imlocinensibus.

308 883 597 938 Reversus
630 882 877 936 Romam
908 879 1198 947 Urbanus,
1217 878 1328 935 sub
1353 879 1524 934 finem
1549 877 1891 933 Novembris

228 969 542 1043 privilegia
570 968 1022 1025 Vindocinensis
1054 966 1395 1023 monasterii
1416 965 1782 1022 confirmavit
1800 981 1891 1021 va-

228 1059 339 1116 riis
365 1057 812 1130 diplomatibus,
844 1074 970 1129 quae
1010 1056 1209 1113 omnia
1256 1072 1373 1111 uno
1421 1055 1742 1127 eodemque
1799 1055 1891 1110 die

228 1149 372 1204 data
401 1148 723 1215 dicuntur;
756 1146 910 1201 unde
927 1144 1272 1218 conjicimus
1303 1144 1604 1200 Gofridum
1624 1144 1888 1215 ejusdem

226 1236 344 1293 loci
375 1236 670 1303 abbatem,
706 1234 806 1306 qui
822 1250 1035 1307 magna
1048 1233 1203 1306 apud
1225 1233 1523 1289 Urbanum
1546 1232 1890 1287 auctoritate

227 1324 515 1398 pollebat,
552 1330 687 1379 tunc
716 1324 1000 1396 tomporis
1023 1323 1217 1377 Romae
1268 1326 1564 1376 versatum
1617 1321 1799 1376 fuisse
1830 1320 1887 1374 in

227 1431 343 1470 suo
376 1414 603 1469 Sanctae
635 1410 842 1467 Priscae
874 1410 1066 1477 titulo,
1099 1410 1199 1466 ubi
1248 1410 1709 1465 Vindocinenses
1765 1426 1888 1463 mo-

190 1526 193 1529 ·
228 1502 411 1559 nachi
442 1500 746 1569 habitant;
781 1499 881 1572 qui
928 1500 1051 1555 haec
1082 1498 1281 1555 omnia
1316 1498 1617 1571 privilegia
1664 1496 1827 1554 facile
1861 1516 1893 1552 a

227 1590 513 1665 pontiﬁce
543 1590 858 1661 impetrare
890 1588 1181 1661 potuerit;
1212 1604 1326 1644 non
1353 1604 1467 1643 uno
1485 1587 1720 1659 quidem
1743 1604 1893 1641 com-

224 1679 525 1754 prehensa
545 1676 881 1750 diplomate,
916 1676 1072 1749 quod
1103 1677 1176 1732 ad
1207 1676 1367 1732 varia
1395 1675 1893 1748 negotiapertine-

226 1770 387 1834 rent,
419 1770 477 1823 et
493 1766 960 1838 potiusveterum
974 1764 1446 1820 conﬁrmationes
1458 1781 1585 1836 quae
1592 1764 1716 1835 jam
1730 1764 1787 1818 in
1803 1765 1889 1819 di-

223 1856 418 1913 versis
447 1853 745 1926 rescriptis
758 1853 1142 1921 habebantur,
1163 1869 1341 1925 quam
1361 1869 1643 1908 novorum
1666 1853 1890 1925 privile-

222 1945 465 2020 giorum
476 1943 885 2000 concessiones
906 1942 1291 1998 essent.Unde
1304 1941 1605 2013 complura
1622 1942 1882 2013 ejusdem

225 2033 733 2101 fermetenoris,et
745 2032 982 2103 quidem
996 2048 1113 2087 una
1125 2031 1395 2086 eteadem
1408 2030 1884 2098 die,utdiximus,
1930 2082 1940 2090 .

227 2123 372 2180 data
419 2124 758 2178 occurrunt.
816 2121 1077 2185 Quatuor
1131 2120 1422 2191 ejusmodi
1471 2136 1540 2175 ex
1584 2119 1887 2175 Vindocini

229 2211 491 2270 archivis
518 2209 817 2277 eruimus;
851 2208 1126 2281 quintum
1158 2208 1283 2281 ipse
1314 2208 1606 2265 Gotl‘ridus
1620 2208 1889 2280 suppedi-

228 2303 317 2357 tat
345 2298 409 2355 in
441 2297 690 2371 epistola
717 2300 789 2352 27
828 2296 964 2355 libri
1008 2315 1087 2353 11:
1120 2314 1248 2370 quae
1306 2296 1505 2353 omnia
1532 2296 1592 2352 in
1652 2297 1884 2369 pontifi-

225 2388 461 2445 ciarum
491 2386 874 2459 epistolarum
905 2384 1242 2441 collectione
1274 2386 1617 2441 referent-ur.

223 2493 566 2552 CCCXXIX.
629 2495 811 2549 Romae
884 2492 1159 2619 Gglﬁ'idus
1217 2494 1460 2576 loquitur
1525 2493 1590 2547 de
1643 2494 1885 2565 episc0po

866 2568 905 2619 Α
1019 2579 1261 2619 aauensz.

1018 2579 1261 2633 gavensz.

294 2654 384 2711 Ad
414 2653 525 2709 hoc
555 2651 756 2716 etiam,
789 2651 847 2707 ni
892 2650 1081 2718 fallor,
1115 2652 1447 2707 Romanum
1506 2651 1743 2707 Goﬂ‘ridi
1778 2652 1886 2708 iter

222 2742 625 2800 revocandum
655 2744 767 2807 est,
817 2741 972 2812 quod
1005 2739 1102 2795 ille
1150 2741 1221 2796 de
1251 2740 1444 2812 seipso
1503 2740 1675 2795 refert
1729 2740 1831 2797 lib.
1865 2758 1883 2796 1

220 2832 398 2905 epist.
430 2833 504 2885 28
529 2830 604 2885 ad
636 2830 940 2902 Hugonem
992 2829 1463 2902 Lugdunensem,
1520 2829 1620 2884 ubi
1673 2830 1885 2885 fatetur

221 2939 289 2978 se
314 2939 350 2976 a
378 2936 533 2993 papa
561 2920 633 2974 de
663 2918 952 2975 Gaufredo
979 2918 1422 2991 Andegavorum
1469 2918 1760 2991 episcopo,
1795 2918 1882 2973 in-

222 3014 611 3082 terrogatum,
644 3006 911 3081 quaedam
942 3007 1014 3063 de
1044 3005 1142 3061 illo
1194 3006 1453 3061 antistite
1499 3007 1609 3078 ipsi
1643 3006 1881 3073 dixisse,

1999 522 2238 579 omnino
2269 522 2517 580 invicem
2532 522 2836 579 cohaerent.
2861 522 2893 580 J
2899 538 2992 579 am
3024 539 3157 579 vero
3170 540 3303 580 cum
3318 522 3439 580 haec
3459 522 3650 582 Ivonis

1999 613 2248 686 epistola
2277 616 2476 669 octavo
2508 614 2637 685 ejus
2667 614 3038 686 episcOpatus
3065 630 3216 669 anno
3235 613 3564 681 inchoante,
3584 619 3651 670 ut

1997 701 2247 775 ipsemet
2275 706 2544 770 testatur,
2578 702 2751 774 paulo
2784 706 2915 775 post
2947 703 3161 758 festum
3177 702 3401 759 Natalis
3433 702 3647 759 Christi

2000 791 2216 862 scripta
2241 791 2438 857 fuerit,
2471 791 2798 847 necessario
2816 792 2888 847 ad
2903 792 3040 847 anni
3062 792 3203 847 4099
3219 792 3405 859 initia,
3425 791 3646 848 utalias

1998 879 2278 945 diximus,
2339 880 2511 935 debet
2568 880 2845 947 revocari,
2896 897 2961 935 ac
3020 880 3263 953 proinde
3317 882 3492 937 etiam
3522 880 3651 955 ipsa

2003 968 2243 1024 Goﬁ'ridi
2277 969 2542 1040 epistola.

2155 1057 2450 1112 CCCXXX.
2482 1058 2770 1129 Philippus
2802 1075 2900 1113 rex
2923 1061 3117 1114 iterum
3150 1060 3483 1115 interdictas.

2069 1151 2347 1201 Czeterum
2408 1164 2475 1201 ex
2533 1148 2735 1201 eadem
2785 1146 2975 1202 Ivonis
3025 1147 3272 1219 epistola
3314 1148 3648 1221 colligimus

2000 1234 2336 1306 Philippum
2359 1251 2552 1306 regem
2586 1235 2837 1289 Francim
2871 1240 3001 1307 post
3025 1253 3192 1291 suam
3229 1237 3647 1294 reconciliatio-

2001 1340 2133 1378 nem
2167 1323 2322 1378 haud
2354 1323 2453 1378 diu
2489 1324 2545 1377 in
2561 1323 3328 1395 pmnitentiaperseverasse,
3350 1326 3642 1397 siquidem

2001 1412 2214 1467 iterum
2246 1412 2352 1467 hoc
2384 1429 2537 1467 anno
2566 1412 2638 1466 ob
2670 1417 2995 1467 revocatum
3028 1414 3365 1469 Bertradam
3397 1432 3430 1469 a
3459 1414 3649 1487 legato

2002 1500 2318 1573 apostolico
2345 1500 2527 1555 sacris
2562 1500 2904 1555 interdictus
2936 1506 3042 1555 est.
3078 1502 3202 1565 Qua
3231 1506 3425 1557 tamen
3469 1503 3649 1558 inter-

2002 1588 2253 1645 dictione
2284 1589 2617 1661 posthabita
2638 1590 2757 1644 Rod
2769 1589 2925 1645 ulqu
2941 1590 3235 1645 Turonum
3259 1590 3652 1663 archiepisco-

2002 1696 2113 1751 pus
2144 1679 2193 1733 ei
2225 1695 2498 1733 coronam
2532 1677 2587 1731 in
2618 1677 2809 1733 Natali
2844 1678 3073 1734 Domini
3106 1678 3405 1751 imponere
3429 1680 3650 1737 veritus

2001 1784 2117 1823 non
2148 1771 2254 1831 est,
2286 1771 2350 1821 ut
2379 1783 2448 1821 ex
2476 1766 2678 1822 eadem
2713 1767 2902 1822 Ivonis
2935 1766 3180 1838 epistola
3198 1772 3255 1823 et
3286 1768 3550 1840 sequenti
3576 1769 3647 1824 ad

1998 1855 2301 1927 Hugonem
2336 1840 2781 1927 Lugdunensem
2815 1858 2988 1927 patet.
3022 1856 3167 1910 Hinc
3185 1855 3393 1929 colligo
3413 1855 3471 1911 id
3491 1856 3646 1927 quod

1995 1942 2210 2015 legitur
2239 1942 2297 1997 in
2330 1943 2581 2015 quadam
2607 1943 2810 1998 charta
2829 1943 3645 2010 SanctiJulianiTuronensis,

1996 2031 2332 2103 Philippum
2365 2048 2516 2086 anno
2546 2033 2675 2086 109t
2695 2032 2923 2087 Rodulﬁ
2937 2032 3647 2105 archiepiscopimanibus

1997 2120 2249 2175 Turonis
2278 2137 2549 2175 coronam
2585 2120 2937 2192 suscepisse,
2970 2125 3072 2176 aut
3103 2138 3230 2177 esse
3276 2123 3651 2193 mendosum,

2000 2212 2123 2273 aut,
2155 2209 2311 2280 quod
2344 2208 2723 2263 verisimilius
2776 2212 2885 2276 est,
2938 2210 3009 2264 de
3039 2209 3153 2265 alia
3196 2211 3462 2280 ejusdem
3498 2212 3651 2283 regis

1996 2297 2366 2352 coronatione
2398 2296 2884 2369 debereintelligi.
2904 2298 3089 2369 Reges
3119 2298 3487 2369 quippetunc
3506 2303 3653 2354 tem-

1996 2386 2153 2455 poris
2183 2384 2243 2440 in
2276 2385 2507 2457 magnis
2566 2385 3037 2441 solemnitatibus
3082 2386 3153 2440 ab
3207 2386 3645 2459 archiepiscopo

1995 2474 2267 2530 Remensi
2301 2474 2348 2529 si
2381 2490 2634 2546 praesens
2666 2477 2838 2540 esset,
2868 2478 2970 2529 aut
2997 2491 3063 2530 eo
3095 2475 3354 2543 absente,
3375 2493 3408 2531 a
3432 2474 3646 2531 dicace-

1996 2580 2139 2619 sano
2167 2562 2635 2634 metropolitano,
2670 2567 2770 2618 aut
2819 2563 3024 2635 quovis
3083 2562 3196 2618 alio
3244 2563 3648 2636 qui,.jubente

1994 2667 2149 2724 rege,
2185 2652 2492 2706 Remensis
2524 2652 2677 2707 vices
2705 2652 3032 2724 supplebat,
3069 2651 3336 2708 solebant
3357 2653 3641 2709 coronari.

1995 2740 2377 2795 Intordictum
2412 2744 2607 2796 autem
2641 2758 2675 2796 a
2704 2740 2894 2812 legato
2926 2741 2984 2795 in
3018 2758 3214 2814 regem
3243 2740 3513 2798 latamab
3544 2742 3648 2799 Ur-

1992 2829 2143 2885 bano
2204 2831 2615 2885 confirmatum
2657 2828 2839 2885 fuisse
2885 2829 3080 2885 innuit
3110 2831 3205 2885 Ivo
3244 2830 3416 2902 epist.
3472 2832 3542 2886 84
3571 2832 3643 2887 ad

1990 2918 2276 2974 Joannem
2309 2916 2829 2990 alterumlegatum
2861 2922 2916 2972 et
2930 2918 3497 2990 cardinalem,paulo
3515 2923 3647 2991 post

1993 3005 2231 3061 Urbani.
2272 3005 2497 3061 obitum
2529 3006 2601 3059 At
2630 3005 2781 3060 hanc
2823 3005 3064 3061 secundi
3096 3006 3389 3078 interdicti
3414 3011 3648 3063 senten-

225 3116 357 3171 quaa
390 3096 723 3170 pontificem
758 3094 943 3151 celare
973 3111 1091 3150 non
1120 3098 1404 3166 poterant.
1440 3096 1505 3149 Et
1530 3094 1769 3166 quidem
1813 3112 1881 3152 ea
1929 3168 1956 3171 __
1989 3094 2130 3149 tiam
2158 3099 2290 3150 ante
2322 3095 2495 3148 tinem
2529 3094 2665 3148 anni
2698 3095 2833 3149 1097
2864 3094 2988 3149 dari
3020 3111 3135 3149 non
3167 3095 3429 3166 potuisse
3450 3112 3519 3150 ex
3539 3096 3644 3152 Ur-

225 3168 350 3244 non
380 3168 529 3240 levis
558 3182 842 3239 momenti
874 3181 1076 3250 fuisse,
1109 3199 1177 3239 ex
1207 3181 1316 3238 hoc
1346 3181 1697 3256 colligimus,
1731 3184 1885 3255 quod
1916 3168 1959 3234 C
1998 3183 2131 3238 bani
2150 3183 2429 3254 rescripto
2445 3183 2513 3237 ad
2530 3183 2857 3237 Manassem
2876 3183 3222 3237 Remensem
3246 3183 3318 3237 de
3340 3199 3455 3254 quo
3468 3200 3648 3255 supra

222 3273 408 3348 paulo
438 3276 574 3345 post
600 3271 757 3327 idem
787 3271 1113 3328 Gaufredus
1156 3275 1429 3326 monente
1477 3272 1708 3327 Urbano
1760 3273 1879 3344 epi-

227 3365 478 3435 scopatu
511 3360 757 3416 cesserit
786 3360 974 3416 factus
1003 3359 1329 3415 monachus
1353 3359 1776 3429 Cluniacensis,
1796 3361 1883 3415 uti

228 3468 302 3509 ex
329 3449 618 3507 Chronico
676 3453 730 3504 S.
761 3446 955 3504 Albini
998 3448 1384 3504 observarunt
1433 3449 1782 3504 Sirmondus
1824 3449 1883 3504 in

227 3538 389 3596 notis
419 3537 491 3596 ad
523 3537 695 3609 epist.
729 3537 753 3592 4
790 3535 893 3592 lib.
930 3552 989 3590 III
1027 3536 1293 3607 ejusdem
1343 3536 1603 3605 Goti‘ridi,
1638 3542 1695 3593 et
1723 3537 1886 3593 Jure-

226 3632 329 3685 tus
360 3628 419 3682 in
450 3623 733 3699 epistolas
762 3624 956 3680 Ivonis
989 3624 1385 3680 Carnotensis.

306 3716 464 3772 Idem
495 3713 792 3770 Goifridus
820 3713 1255 3785 tunctemporis
1268 3713 1663 3770 defensionem
1687 3731 1883 3771 susce-

231 3805 321 3878 pit
348 3802 544 3859 Ivonis
574 3801 884 3877 Carnoteni
916 3800 1194 3874 episcopi,
1227 3819 1399 3873 quem
1436 3802 1699 3857 nonnulli
1730 3804 1884 3876 apud

230 3892 537 3949 Urbanum
551 3907 765 3963 papam
780 3888 1280 3946 insimulaverant.
1297 3890 1420 3945 Huc
1445 3891 1601 3945 enim
1633 3892 1885 3947 revocari

232 3981 446 4037 debere
475 3996 594 4035 non
620 3978 825 4035 dubito
854 3996 922 4035 ea
937 3996 1065 4050 qua:
1084 3978 1211 4051 ipse
1239 3979 1532 4035 Goﬂ‘ridus
1558 3979 1794 4051 scripsit
1817 3980 1887 4036 de

233 4070 339 4126 illa
367 4068 737 4125 accusatione
765 4067 915 4124 libro
946 4085 1007 4134 ιι,
1050 4067 1221 4140 epist.
1276 4069 1361 4135 18,
1395 4068 1680 4141 quidquid
1734 4069 1889 4125 dicat

234 4157 609 4215 Sirmondus.
644 4157 743 4228 qui
758 4154 1226 4229 hancepistolam
1258 4157 1329 4211 ad
1361 4155 1661 4211 Paschalis
1683 4156 1885 4212 IItem-

234 4262 354 4319 pus
383 4244 676 4317 pertinere
700 4245 760 4299 in
792 4244 919 4301 suis
949 4244 1101 4300 notis
1131 4244 1446 4300 contendit.
1484 4249 1645 4300 Certe
1674 4245 1723 4300 si
1769 4245 1889 4301 haec

235 4332 483 4390 Gotfridi
514 4332 759 4405 epistola
789 4332 965 4388 simul
996 4333 1330 4388 conferatur
1357 4349 1491 4387 cum
1531 4332 1779 4405 epistola
1820 4336 1890 4389 67

236 4422 431 4480 Ivonis
462 4422 534 4478 ad
557 4421 856 4478 Urbanum
880 4422 1072 4493 ipsum
1096 4421 1261 4477 initio
1276 4420 1412 4476 anni
1443 4421 1891 4493 sequentisscri-

1995 3271 2134 3325 1098
2162 3276 2318 3326 certo
2349 3269 2543 3342 colligi
2592 3274 2805 3341 potest.
2868 3270 3082 3341 Regem
3139 3286 3272 3326 vero
3305 3270 3357 3326 ei
3408 3287 3522 3326 non
3551 3289 3649 3344 pa-

1992 3359 2183 3415 ruisse
2212 3358 2496 3414 discimus
2528 3374 2659 3412 cum
2694 3374 2761 3413 ex
2802 3358 3080 3430 praedicta
3132 3359 3324 3414 Ivonis
3376 3358 3645 3431 epistola,

1995 3453 2118 3502 tum
2150 3463 2218 3501 ex
2248 3447 2319 3502 iis
2349 3464 2476 3519 quae
2510 3446 2566 3500 in
2598 3445 2841 3501 concilio
2873 3446 3214 3502 Pictaviensi
3246 3451 3446 3519 postea
3476 3452 3641 3519 gesta

1994 3542 2150 3593 sunt.
2185 3539 2345 3591 Certe
2378 3536 2707 3605 frequentes
2722 3534 2901 3590 fuisse
2916 3533 3168 3607 Philippi
3193 3535 3346 3607 regis
3372 3535 3575 3608 lapsus
3588 3541 3646 3593 et

1994 3625 2261 3697 relapsus
2288 3624 2566 3679 indicavit
2613 3623 2927 3679 Guibertus
2962 3623 3063 3679 lib.
3099 3640 3117 3677 ι
3152 3625 3227 3679 De
3274 3624 3645 3697 pignoribus,

1995 3732 2097 3776 ss..
2132 3731 2257 3785 cap.
2294 3714 2342 3780 1,
2375 3712 2473 3767 ubi
2504 3711 3123 3784 obscrvatPhilippum
3141 3728 3335 3785 regem
3366 3715 3651 3771 curanda-

1995 3804 2200 3859 darum
2256 3800 2579 3872 scopharum
2631 3803 2776 3856 circa
2822 3802 3090 3872 jugulum
3147 3800 3518 3876 privilegium
3574 3803 3648 3859 ob

1993 3891 2316 3948 incidentes
2349 3890 2553 3962 culpas
2583 3890 2873 3959 amisisse,
2903 3907 3019 3962 quo
3052 3890 3380 3947 Ludovicus
3416 3892 3493 3948 VI
3515 3893 3644 3964 ejus

1996 3980 2175 4048 ﬁlius,
2212 3979 2472 4035 adhibito
2522 3978 2712 4034 crucis
2745 3979 2934 4051 signo,
2969 3977 3191 4050 passim
3222 3980 3518 4036 utebatur.

2222 4066 2546 4123 CCCXXXI.
2580 4068 2944 4138 Privilegium
2973 4067 3029 4122 S.
3065 4067 3414 4139 Cucuphatis.

2072 4157 2167 4212 Die
2197 4157 2386 4229 prima
2416 4154 2751 4212 Decembris
2780 4156 2960 4226 hujus
2991 4157 3126 4211 anni
3159 4157 3447 4214 concessit
3466 4158 3647 4215 Urba-

1998 4263 2110 4302 nus
2122 4245 2353 4317 insigne
2365 4243 2729 4316 privilegium
2746 4245 3096 4300 monasterio
3114 4245 3438 4301 Octaviensi
3452 4247 3648 4303 Sancti

1998 4333 2353 4406 Cucuphatis
2384 4349 2561 4405 prope
2592 4333 2994 4401 Barcinonem,
3028 4333 3086 4387 in
3110 4350 3226 4405 quo
3258 4332 3503 4405 singulae
3520 4337 3649 4407 ejus

1999 4423 2108 4479 loci
2132 4422 2531 4495 possessiones
2566 4426 2960 4477 recensentur.

234 4515 361 4583 pta,
394 4526 565 4567 nemo
577 4527 691 4566 non
708 4511 987 4578 advertat,
1012 4514 1077 4565 ut
1107 4510 1347 4582 quidem
1366 4509 1512 4564 mihi
1543 4527 1886 4582 persuasum
1920 4529 1967 4594 Β
2071 4512 2206 4567 Post
2227 4509 2586 4582 aliquotdies
2600 4508 2756 4564 aliud
2777 4509 3127 4581 rescriptum
3149 4511 3301 4582 quod
3321 4511 3445 4581 jam
3499 4530 3651 4585 saepe

233 4604 347 4666 est,
379 4601 693 4671 utramque
715 4599 787 4653 ad
805 4615 990 4654 unum
1020 4599 1244 4654 etidem
1260 4598 1559 4670 negotium
1577 4599 1884 4670 pertinere.

235 4686 538 4744 Goft‘ridus
585 4703 798 4760 nempe
822 4687 883 4742 in
936 4704 1044 4743 sua
1091 4686 1295 4743 scribit
1339 4703 1401 4742 se
1433 4703 1642 4759 papam
1693 4688 1887 4743 Romae

231 4775 551 4844 invenisse,
583 4776 685 4848 qui
716 4791 846 4831 eam
886 4776 1091 4832 urbem
1147 4780 1288 4830 tunc
1315 4784 1368 4831 et
1399 4776 1692 4831 Humanam
1725 4778 1889 4832 cccle-

230 4866 377 4921 siam
405 4881 534 4921 cum
560 4881 771 4933 magna
795 4880 928 4935 pace
955 4864 1262 4935 possidebat
1289 4868 1343 4919 et
1373 4881 1575 4936 magna
1623 4867 1892 4937 tranquil-

236 4955 412 5010 litate.
444 4953 515 5009 Et
544 4953 643 5009 hic
674 4952 912 5025 quidem
943 4957 1085 5008 tunc
1114 4956 1236 5008 erat
1265 4968 1459 5007 rerum
1492 4956 1682 5010 status
1696 4954 1891 5010 Romae

236 5042 349 5098 sub
382 5041 639 5107 Urbano,
654 5044 722 5095 ut
745 5039 871 5112 ipse
884 5040 1189 5096 Bertoldus
1201 5046 1259 5097 et
1271 5039 1370 5096 alii
1393 5039 1608 5096 diserte
1630 5042 1889 5109 tradunt,

235 5131 339 5187 sed
370 5130 657 5185 adversus
679 5128 911 5184 Ivonem
944 5128 1092 5184 male
1114 5130 1383 5185 aﬁ'ectum
1411 5130 1714 5184 occasione
1736 5130 1891 5186 haud

236 5218 488 5275 dubium
517 5217 817 5290 primatus
871 5216 1295 5290 Lugdunensis,
1356 5221 1421 5273 ut
1450 5233 1519 5272 ex
1564 5217 1636 5273 iis
1675 5235 1803 5291 quae
1833 5220 1892 5275 in

234 5309 435 5365 eadem
468 5303 728 5379 epistola
750 5309 1076 5376 sequuntur
1106 5305 1271 5362 facile
1313 5304 1501 5378 colligi
1536 5309 1743 5378 potest.
1800 5309 1891 5364 Ivo

231 5400 427 5453 autem
444 5394 506 5451 in
520 5390 1024 5466 epistolalaudata
1042 5394 1123 5448 ait
1137 5394 1258 5465 pari
1268 5397 1355 5450 ter
1367 5410 1429 5450 se
1443 5394 1734 5466 accepisse
1752 5412 1892 5468 pon-

222 5484 423 5542 ilicem
490 5483 785 5539 adversus
836 5496 897 5535 se
953 5486 1310 5538 commotum
1361 5482 1543 5538 fuisse
1588 5484 1890 5540 occasione

225 5573 615 5649 qartumdam
644 5569 979 5626 litterarum
1010 5571 1178 5642 (quas
1204 5571 1379 5627 etiam
1412 5570 1709 5628 Golfridus
1733 5589 1887 5631 com-

1998 4617 2032 4656 a
2062 4599 2231 4655 nobis
2261 4598 2563 4653 laudatum
2598 4602 2706 4662 est,
2741 4598 2901 4652 dedit
2943 4598 3220 4669 pontifex,
3274 4600 3332 4653 in
3359 4616 3474 4669 quo
3519 4605 3653 4673 post

1997 4690 2190 4744 varias
2221 4686 2700 4753 concertationes,
2717 4703 2863 4757 quas
2881 4684 3222 4757 singulatim
3252 4692 3531 4754 recenset,
3552 4689 3650 4745 de-

2000 4776 2185 4833 cernit
2217 4774 2637 4829 monasterium
2669 4774 2979 4845 Cinglense
3021 4775 3174 4845 apud
3227 4776 3482 4846 Capuam
3515 4794 3650 4833 cum

2001 4862 2548 4923 sanctimonialibus
2578 4862 2637 4917 in
2668 4878 2735 4917 eo
2768 4862 3116 4936 degentibus
3132 4862 3435 4919 Casinensi
3454 4865 3649 4922 abbati

2001 4956 2210 5011 debere
2240 4968 2368 5009 esse
2398 4952 2751 5022 subjectum.
2775 4952 3048 5023 Scriptum
3073 4952 3281 5008 dicitur
3298 4955 3477 5009 Romae
3511 4955 3598 5011 die
3616 4958 3653 5008 7

2000 5044 2306 5100 Decembris
2332 5057 2429 5113 per
2460 5057 2689 5094 manum
2728 5042 2878 5096 Petri
2922 5042 3245 5105 scriniarii;
3287 5046 3343 5098 et
3370 5044 3653 5115 postridie

2003 5132 2194 5187 datum
2246 5147 2347 5203 per
2396 5145 2590 5184 manus
2637 5131 2864 5185 Joannis
2913 5130 3131 5186 diaconi
3177 5130 3500 5199 cardinalis,
3551 5130 3650 5203 qui

2002 5222 2214 5276 modus
2236 5222 2568 5292 frequenter
2598 5218 2656 5274 in
2687 5219 3184 5290 subsequentibus
3232 5218 3652 5291 diplomatibus

2002 5309 2273 5366 occurrit.

2186 5395 2538 5452 CCCXXX".
2572 5397 2687 5451 Rem
2716 5396 2926 5467 Anglias
2956 5397 3207 5452 inducias
3236 5396 3460 5451 obtinet.

2070 5487 2227 5542 Inter
2243 5486 2363 5540 haec
2378 5483 2895 5555 Auselmus,quem
2926 5488 3059 5556 post
3071 5485 3322 5539 Barense
3338 5477 3649 5536 concilium

2001 5574 2177 5631 simul
2211 5590 2344 5629 cum
2378 5573 2609 5627 Urbano
2644 5572 2889 5626 Romam
2922 5574 3147 5628 redisse
3179 5571 3465 5625 memorat
3499 5565 3647 5620 Ead-
