3950 6218
435 325 553 402 247

1736 353 1807 416 Β.
1855 353 2150 420 unum
2182 354 2249 420 -Π
2289 357 2542 422 PAPE.
2597 304 2600 308 ’

3693 367 3800 441 248

437 500 654 552 merus,
673 501 863 543 causa
877 499 994 543 suae
1015 485 1233 544 exitum
1252 488 1712 561 praestolabatur;
1735 499 1797 552 at
1815 496 2078 560 nuntius,
2109 486 2163 555 A
2190 505 2358 547 σιω-τα
2415 491 2763 551 adventantes
2811 495 3086 568 ραεὶθπέθν
3147 495 3450 560 admittere.
3517 501 3642 564 Hac
3689 508 3800 568 erat

435 573 535 648 qui
566 592 636 631 ex
661 571 823 648 parte
851 575 1132 633 Willelmi
1162 579 1316 652 regis
1344 584 1484 636 tunc
1513 583 1570 638 in
1590 583 1791 640 urbem
1821 586 2072 654 advenit,

432 681 666 722 omnem
699 665 828 735 ejus
859 683 1023 737 spem
1055 667 1373 724 frustravit.
1410 671 1464 726 Is
1483 688 1690 744 nempe
1714 680 1844 746 post
1859 676 2075 734 multas

428 747 570 810 hinc
598 757 656 810 et
681 753 818 810 inde
868 752 1338 826 disceptationes,
1388 760 1620 815 tandem
1656 761 1710 815 in
1765 760 2075 821 festivitate

428 842 652 900 Natalis
684 841 911 900 Domini
943 845 1210 902 inducias
1239 863 1272 902 a
1304 848 1572 919 pontiﬁce
1591 849 1710 920 regi
1741 851 2074 922 impetravit

428 929 500 989 ad
528 933 738 990 festum
769 933 956 990 sancti
1017 934 1312 992 Michaelis
1369 937 1722 1008 archangeli,
1764 942 1868 997 sed
1917 941 2072 999 hunc

425 1023 746 1078 terminum
802 1027 1006 1079 neuter
1059 1023 1268 1096 attigit.
1317 1026 1510 1081 Innuit
1557 1027 1880 1086 Eadmerus
1910 1047 2008 1088 eas
2039 1049 2073 1088 a

423 1111 700 1168 Willelmi
732 1113 885 1185 regis
913 1113 1186 1169 ministro
1215 1114 1482 1170 obtentas
1513 1116 1693 1174 fuisse
1718 1136 1949 1176 munera
1997 1120 2069 1178 iis

423 1195 788 1271 dispertime
854 1204 904 1256 et
963 1203 1286 1273 pollicendo.
1355 1205 1569 1276 quibus
1624 1224 1689 1263 ea
1742 1209 1893 1264 cordi
1958 1227 2070 1267 esse

422 1288 925 1368 animadverterat,
959 1292 1112 1360 quod
1145 1293 1215 1348 ad
1248 1293 1549 1350 Urbanum
1597 1313 1829 1368 quoque
1870 1302 2066 1355 exten-

419 1377 554 1434 dere
585 1393 699 1435 non
729 1382 962 1435 veretur
1001 1379 1339 1438 Willelmus
1383 1381 1953 1452 Malmesburiebses,
2004 1389 2065 1444 in

417 1460 714 1546 Romanos
745 1469 1051 1540 pontiﬁces
1081 1486 1529 1541 nonnumquam
1565 1473 1750 1545 magis
1773 1493 1948 1546 quam
1965 1477 2061 1532 de-

412 1544 796 1637 cet,iniquus.
816 1551 883 1613 Et
899 1558 1136 1626 quidem
1150 1562 1502 1630 quaratione
1525 1544 1822 1630 priei‘racte
1835 1564 2063 1637 aliquas

415 1636 682 1701 inducias
715 1646 832 1718 regi
856 1645 1146 1702 Willelmo
1165 1648 1456 1704 renuisset
1473 1651 1609 1706 dare
1630 1636 2061 1725 pontifex.quas

403 1723 634 1790 nemini
665 1734 910 1804 homini,
945 1738 1321 1806 quantumvis
1351 1737 1444 1794 vili
1477 1743 1534 1796 et
1564 1737 1806 1810 abiecto,
1839 1723 2060 1799 vixﬁne-

413 1837 550 1894 gare
580 1821 888 1895 potuisset;
919 1827 1287 1881 tantumdem
1318 1827 1472 1882 enim
1493 1829 1775 1900 temporis
1805 1831 2054 1901 require-
2086 1849 2134 1916 Β

411 1912 587 1969 batur
613 1913 684 1968 ad
715 1914 1038 1970 evocandos
1067 1930 1136 1970 ex
1163 1915 1582 1987 Angliatestes,
1601 1918 2057 1993 advehendaque

388 1998 788 2065 documenta,
839 2018 965 2074 quas
1018 2004 1348 2060 necessaria
1403 2021 1530 2062 esse
1580 2007 1930 2065 videbantur
1981 2012 2051 2066 ad

411 2105 601 2147 caussa
633 2105 895 2148 examen.
929 2091 1093 2148 Certe
1141 2091 1432 2158 Urbanus,
1475 2095 1574 2166 qui
1632 2097 1947 2152 terminum
1980 2099 2052 2154 ad

409 2195 651 2236 causam
683 2179 988 2236 dicendam
1021 2181 1080 2236 in
1112 2181 1300 2253 primo
1331 2199 1463 2238 cum
1501 2183 1656 2254 regis
1687 2185 1892 2241 nuntio
1914 2202 2051 2242 con-

407 2283 616 2341 gressu
648 2269 720 2324 ad
751 2269 974 2324 Pascha
1005 2271 1348 2341 praeﬁxerat,
1377 2287 1491 2326 non
1529 2275 1755 2342 poterat
1784 2273 2052 2330 inducias

405 2344 538 2412 illas
563 2357 630 2413 ad
665 2356 898 2430 aliquod
929 2360 1164 2430 tempus
1193 2375 1310 2415 non
1341 2359 1696 2431 protrahere,
1739 2379 1875 2418 cum
1927 2364 2050 2436 ipse

403 2435 505 2501 rex
533 2461 636 2518 per
663 2461 838 2503 suum
871 2446 1144 2502 nuntium
1177 2447 1652 2506 exultimisorbis
1683 2435 1968 2522 partibus,
1989 2469 2050 2510 se

402 2523 578 2590 etiam
609 2539 742 2605 pust
771 2550 960 2592 causae
992 2552 1232 2592 examen
1251 2537 1692 2594 satisfacturum
1723 2539 2049 2611 pollicitus,

399 2622 460 2686 id
492 2623 719 2680 enixius
749 2627 1004 2696 peteret:
1039 2641 1157 2688 rex,
1192 2625 1455 2696 inquam,
1488 2626 1723 2697 quicum
1749 2632 1815 2683 ut
1845 2629 2048 2687 mitius

401 2715 694 2784 ageretur,
721 2713 1097 2784 postulabant
1147 2713 1416 2769 Ecclesiae
1465 2714 1800 2782 necessitas,
1848 2735 2047 2776 rerum

400 2794 851 2872 temporumque
881 2801 1333 2858 circumstantiae
1363 2820 1376 2869 ;
1413 2819 1512 2858 rex
1525 2802 1794 2876 denique,
1819 2805 2045 2877 quinon

401 2877 484 2945 ita
509 2889 758 2960 pridem,
793 2890 864 2945 ad
896 2890 1190 2962 pontiﬁcis
1219 2891 1631 2960 obedientiam,
1664 2895 1874 2965 spretis
1895 2893 2046 2951 schi-

401 2970 686 3040 smaticie,
719 2982 1060 3035 accesserat.
1093 2978 1256 3035 Certe
1275 2996 1382 3035 nec
1409 2983 1568 3040 tunc.
1603 2997 1708 3037 nec
1738 2986 1870 3054 post
1897 2982 2044 3040 illud

399 3070 632 3138 tempus
661 3065 932 3123 Urbanus
953 3067 1145 3138 pravis
1173 3066 1453 3126 Willelmi
1472 3069 1624 3142 regis
1644 3070 2044 3130 voluntatibus

2184 579 2493 653 utriusque
2515 583 2702 640 sancti
2731 585 2837 642 viri
2886 586 3216 660 humilitas,

2183 667 2456 725 charitas.

2315 758 2677 816 CCCXXXIV.
2707 763 2948 819 Anselmi
2973 779 3096 820 cum
3120 765 3374 837 pontiﬁce
3403 769 3677 842 colloquia.

2251 847 2337 901 Ad
2369 847 2490 904 hec
2539 849 2792 906 Anselmi
2847 868 2981 908 cum
3035 854 3307 926 pontiﬁce
3353 855 3652 930 colloquia,
3685 877 3796 935 qua:

2181 934 2502 993 Eadmerus
2533 937 2752 1006 laudat,
2785 941 3080 1012 pertinent
3108 939 3262 999 haud
3311 943 3555 1002 dubium
3605 934 3806 1022 aliquot

2179 1024 2308 1095 ejus
2339 1027 2526 1082 sancti
2557 1026 2664 1083 viri
2695 1028 2973 1100 epistolae,
3037 1030 3098 1086 in
3131 1031 3348 1104 quibus
3399 1035 3580 1092 variis
3625 1037 3804 1096 dubiis

2180 1115 2493 1185 respondet
2511 1116 2682 1188 juxta
2704 1116 2760 1172 id
2779 1119 2934 1190 quod
2966 1136 3001 1174 a
3017 1135 3168 1192 papa
3185 1120 3420 1178 Urbano
3441 1124 3712 1182 audierat.
3730 1127 3803 1184 Ita

2177 1202 2348 1273 epist.
2385 1204 2505 1272 130,
2539 1203 2640 1261 lib.
2674 1223 2756 1273 ιιι,
2790 1207 2850 1262 Ρ.
2877 1208 3232 1266 monachum
3263 1211 3460 1268 Sancti
3479 1213 3804 1272 MartiniS'a-

2175 1291 2396 1364 giensis
2426 1293 2498 1348 ab
2525 1294 2759 1351 deunda
2772 1295 3270 1370 Jerosolymorum
3292 1299 3438 1356 urbe
3456 1300 3802 1369 dehortatur,

2175 1380 2331 1451 quod
2363 1379 2479 1436 tale
2509 1381 2619 1438 iter
2644 1387 2775 1440 voto
2809 1383 3147 1442 stabilitatis
3185 1389 3244 1442 et
3279 1387 3642 1457 obedientie,
3688 1407 3802 1462 quis

2173 1469 2492 1541 apostolico
2503 1470 3129 1537 debetur,contrarium
3144 1477 3318 1532 esset.
3343 1475 3400 1532 Is
3421 1475 3600 1543 enim,
3621 1478 3804 1551 inquit

2171 1557 2503 1628 Anselmus,
2536 1571 2740 1629 magna
2767 1564 3088 1620 auctoritate
3100 1568 3458 1637 praeceperat,
3491 1583 3561 1622 ne
3577 1570 3806 1624 monachi

2170 1645 2322 1702 hanc
2353 1649 2495 1702 viam
2524 1652 2832 1721 arriperent
2863 1651 3064 1726 absque
3085 1654 3314 1725 praelati
3333 1655 3655 1711 obedientia.
3689 1658 3803 1728 Ego,

3269 593 3326 647 et
3373 591 3434 648 in
3481 593 3796 657 alterutrum

2146 1739 2236 1790 'ut
2266 1737 2485 1800 subdit,
2529 1753 2772 1810 prazsens
2829 1739 2988 1811 adfui
3041 1743 3258 1814 quando
3290 1745 3456 1799 istam
3501 1746 3803 1801 sententiain

2166 1825 2490 1896 apostolicus
2514 1831 2900 1898 propugnabit.
2931 1828 3329 1900 Apostolicum
3351 1846 3510 1898 vero,
3533 1833 3696 1906 cujus
3721 1833 3804 1889 hic

2162 1913 2474 1972 Anselmus
2504 1931 2716 1972 nomen
2753 1916 2978 1985 reticet,
3021 1917 3328 1976 Urbanum
3377 1921 3566 1978 fuisse
3607 1922 3800 1979 diserte

2164 2001 2374 2058 asserit
2401 2003 2695 2060 Goﬁ‘ridus
2723 2005 3035 2062 Vindocini
3067 2005 3250 2063 abbas
3281 2009 3456 2081 epist.
3489 2009 3578 2076 21,
3609 2009 3702 2066 lib.
3734 2026 3782 2066 nr

2161 2089 2221 2146 in
2254 2107 2370 2162 qua
2401 2091 2658 2148 Odonem
2718 2095 2990 2150 abbatem
3041 2095 3278 2168 Majoris
3329 2097 3684 2165 Monasterii,
3731 2098 3804 2154 uti

2161 2184 2359 2236 censet
2377 2180 2747 2247 Sirmondus,
2779 2183 2853 2238 ab
2884 2183 3088 2240 eodem
3108 2187 3802 2259 peregrinandidesiderio

2161 2267 2455 2324 retrahere
2511 2273 2794 2340 conatur;
2831 2292 2861 2322 ‹‹
2893 2272 3049 2343 quod
3106 2272 3406 2339 Urbanus,
3469 2275 3572 2348 qui
3631 2275 3804 2332 eundo

2157 2355 2485 2414 Jerusalem
2515 2358 2873 2431 peregrinari
2905 2364 3260 2434 preceperat
3289 2361 3483 2430 laicis,
3511 2363 3694 2436 ipsam
3727 2377 3809 2436 pe-

2159 2445 2614 2517 regrinationem
2643 2448 2954 2504 monachis
3007 2448 3433 2522 prohibuisset,
3485 2452 3642 2525 quod
3665 2467 3724 2510 se
3750 2467 3809 2509 ex

2157 2533 2284 2606 ipso
2315 2535 2610 2605 pontiﬁcis
2659 2553 2758 2592 ore
2808 2536 3104 2595 audivisse
3160 2542 3439 2596 testatur.
3475 2563 3506 2592 ››
3537 2540 3662 2598 Alia
3699 2541 3807 2596 vioc

2157 2622 2471 2679 Anselmus
2503 2625 2576 2679 ab
2608 2624 2840 2681 Urbano
2869 2625 3210 2698 postulavit,
3239 2631 3308 2683 ut
3329 2627 3445 2684 sibi
3469 2628 3812 2702 quandoque

2155 2709 2354 2766 liceret
2382 2728 2674 2768 canonum
2708 2713 2958 2786 rigorem
2986 2714 3160 2786 paulo
3189 2718 3548 2788 temperare,
3587 2731 3718 2772 eum
3757 2715 3808 2771 id

2157 2815 2350 2854 rerum
2385 2800 2564 2857 statui
2593 2801 2653 2857 in
2683 2801 2893 2876 Anglia
2910 2803 3350 2862 conducibilius
3371 2804 3494 2862 sibi
3508 2805 3804 2862 videretur.

2155 2888 2318 2954 Quod
2352 2891 2480 2944 tum
2515 2889 2588 2945 ab
2620 2906 2687 2945 eo
2717 2889 3012 2964 pontiﬁce,
3044 2894 3172 2947 tum
3204 2892 3387 2948 etiam
3423 2909 3459 2950 a
3487 2892 3706 2952 Pascali
3734 2893 3808 2948 fa-

2155 2976 2261 3032 cile
2289 2975 2643 3049 impetravit,
2701 2984 2765 3034 ut
2811 2996 2880 3036 ex
2914 2980 3177 3051 ejusdem
3211 2979 3526 3038 Paschalis
3573 2979 3806 3054 epistola

2151 3069 2328 3138 patet,
2362 3065 2464 3123 lib.
2489 3084 2574 3132 III,
2606 3083 2769 3124 num.
2797 3067 3034 3124 45inter
3055 3067 3497 3127 Anselmianas.
3517 3071 3803 3127 Interdum

383 3149 706 3212 connivere
737 3172 1000 3230 unquam
1016 3157 1178 3214 visus
1193 3160 1422 3224 est,nec
1453 3157 1510 3213 in
1526 3163 1825 3229 posterum
1845 3160 2042 3218 minus
2067 3207 2116 3230 ,Α
2155 3154 2506 3226 quaestiones
2533 3155 2709 3212 etiam
2741 3156 2814 3212 de
2843 3155 3019 3212 variis
3036 3157 3459 3215 ecclesiasticae
3489 3158 3800 3230 disciplina

383 3233 573 3318 quam
604 3247 774 3302 antea
803 3215 1081 3302 A‘nselmo
1111 3246 1254 3302 favit
1276 3215 1299 3315 ;’
1324 3246 1462 3314 imo,
1481 3215 1547 3302 ut
1577 3246 1703 3320 ipse
1723 3215 2042 3308 Eadmerus
2073 3215 2116 3282 α
2155 3215 2519 3315 capitibusin
2551 3243 2644 3300 his
2657 3243 2965 3318 colloquiis
2980 3243 3379 3304 familiaribus
3393 3215 3803 3304 miscebantur.

379 3325 756 3400 ‘refert,'cum
785 3333 954 3392 vellet
977 3334 1066 3391 vir
1096 3339 1337 3392 sanctus
1367 3337 1722 3407 Lugdunum
1767 3337 1976 3408 redire,
2010 3358 2046 3394 a

393 3439 536 3494 papa
587 3423 894 3500 prohibitus
949 3431 1045 3490 est,
1103 3432 1324 3497 propter
1368 3427 1664 3481 concilium
1703 3427 1842 3497 quod
1879 3431 2042 3484 tertia

381 3497 724 3571 'hebdomwa
743 3511 971 3569 Pascha?
1001 3515 1185 3570 Romae
1212 3529 1270 3569 se
1296 3513 1615 3569 habiturum
1643 3521 1930 3571 statuerat.

647 3601 1018 3676 CCCXXXIII.
1051 3603 1288 3658 Honores
1314 3603 1565 3657 Anselmo
1589 3603 1777 3658 delati.

434 3675 441 3683 ’
461 3688 583 3753 Quo
613 3675 808 3746 autem
828 3688 954 3744 loco
975 3689 1217 3746 habitus
1241 3705 1424 3761 quove
1440 3690 1659 3746 honore
1689 3692 1768 3746 sit
1783 3693 2037 3750 donatus

389 3775 451 3834 in
483 3777 627 3834 urbe
653 3761 1012 3834 virosanctus
1042 3781 1162 3834 toto
1194 3794 1260 3833 eo
1290 3779 1570 3844 temporis
1591 3779 1912 3843 intervallo.
1947 3798 2038 3838 ex-

371 3849 556 3936 ‘ponit
585 3865 738 3921 idem
767 3869 972 3920 auctor
998 3869 1125 3920 tum
1153 3864 1213 3920 in
1241 3867 1369 3936 ejus
1419 3866 1572 3930 Vita,
1604 3870 1730 3922 tum
1778 3867 1836 3922 in
1867 3867 2034 3926 libris

387 3953 703 4018 Novorum,
733 3951 829 4008 his
859 3952 1083 4008 verbis:
1117 3975 1147 4002 «
1169 3952 2035 4030 Moratiitaquesumus,inquit

385 4038 487 4096 ille
518 4044 738 4109 auctor,
772 4040 953 4097 ferme
982 4057 1086 4112 per
1114 4031 1426 4099 dimidium
1465 4059 1707 4111 annum,
1759 4047 2032 4105 continue

385 4127 540 4185 circa
563 4145 777 4202 papam
803 4129 1097 4202 degentss,
1117 4134 1175 4186 et
1188 4130 1353 4202 quasi
1368 4133 1425 4188 in
1441 4147 1752 4189 commune
1772 4135 2030 4194 viventes

384 4233 491 4274 nec
520 4217 678 4274 enim
709 4217 856 4284 duae,
891 4217 991 4274 sed
1024 4235 1142 4274 una
1165 4219 1471 4276 videbatur
1517 4222 1826 4279 amborum
1867 4223 2030 4282 curia

381 4318 530 4363 esse.
563 4305 727 4363 Unde
751 4309 809 4362 et
836 4305 962 4380 ipse
991 4323 1141 4380 papa
1191 4307 1522 4382 frequenter
1563 4311 1635 4366 ad
1683 4310 2026 4370 Anselmum

374 4389 644 4452 veniebat
669 4395 796 4452 laete
826 4411 955 4452 sese
985 4410 1116 4452 eum
1144 4413 1210 4454 eo
1241 4399 1486 4471 agendo,
1517 4403 1574 4454 et
1603 4399 1826 4456 curiam
1850 4400 1899 4456 ei
1941 4401 2025 4458 fa-

377 4485 601 4542 ciendo.
629 4485 798 4542 Dedit
829 4485 1164 4557 quoqueilli
1182 4486 1524 4558 hospitium,
1554 4487 1614 4542 in
1647 4504 1764 4559 quo
1793 4505 2026 4544 conver-

2153 3330 2254 3387 His
2285 3333 2577 3388 accenseri
2625 3333 2815 3401 debet,
2848 3337 2915 3390 ut
2958 3333 3195 3406 quidem
3225 3334 3488 3404 videtur,
3522 3353 3590 3392 ea
3635 3349 3797 3408 quam

2150 3423 2362 3476 tractat
2381 3420 2696 3478 Anselmus
2716 3420 2818 3478 lib.
2851 3439 2935 3490 ιιι,
2970 3422 3141 3496 epist.
3175 3423 3300 3490 159,
3338 3424 3415 3480 de
3448 3423 3623 3480 altari
3655 3423 3795 3498 quod

2149 3523 2180 3564 e
2209 3525 2316 3564 suo
2344 3507 2470 3564 loco
2503 3514 2728 3565 motum
2753 3511 2961 3578 fuerat,
2995 3526 3067 3566 an
3097 3509 3337 3568 deberet
3367 3513 3591 3569 iterum
3615 3525 3800 3568 conse-

2148 3597 2317 3651 crari.
2349 3597 2428 3652 Eo
2457 3595 2588 3664 loci,
2622 3597 2776 3654 sicut
2805 3602 2863 3654 et
2889 3601 2984 3655 Ivo
3007 3598 3176 3672 epist.
3207 3600 3282 3655 72
3311 3605 3374 3656 et
3397 3602 3494 3668 80,
3515 3603 3692 3673 atque
3711 3598 3800 3656 alii

2145 3684 2274 3754 ejus
2303 3684 2405 3740 avi
2437 3686 2770 3752 canonistae,
2802 3703 2916 3742 non
2944 3687 3117 3744 modo
3150 3686 3354 3758 altere,
3389 3689 3498 3744 sed
3533 3693 3593 3745 et
3621 3687 3796 3761 ipsam

2135 3771 2449 3828 ecclesiam
2479 3789 2548 3829 ea
2575 3773 2878 3830 occasione
2905 3775 2978 3830 de
3008 3791 3154 3831 novo
3183 3777 3660 3833 consecrandam
3686 3791 3801 3832 esse

2143 3865 2400 3928 censent,
2435 3861 2588 3934 quod
2619 3861 2812 3918 Lobiis
2843 3863 3060 3918 factum
3078 3863 3262 3919 fuisse
3293 3864 3600 3922 discimus
3630 3865 3685 3919 in
3707 3863 3802 3918 Ge-

2142 3949 2249 4005 stis
2279 3950 2406 4020 ejus
2436 3949 2546 4006 loci
2578 3950 2858 4007 abbatum
2887 3955 3046 4007 tome
3062 3951 3138 4008 VI
3164 3951 3498 4026 Spicilegii,
3520 3969 3658 4026 pag.
3679 3949 3796 4016 609;

2141 4041 2200 4093 at
2228 4037 2340 4094 iste
2369 4037 2516 4094 ritus
2548 4039 2720 4094 modo
2751 4041 2810 4094 in
2843 4039 3292 4096 desuetudinem
3325 4041 3504 4097 abiit.
3551 4042 3682 4097 Haec
3699 4055 3792 4093 au-

2137 4130 2256 4180 tem
2283 4124 2525 4198 quaestio
2583 4127 2962 4182 assistentibus
3019 4125 3349 4200 quibusdam
3405 4129 3697 4200 episcopis,
3743 4129 3802 4179 ut

2135 4214 2449 4271 Anselmus
2507 4219 2782 4282 testatur,
2843 4231 3040 4272 coram
3096 4215 3332 4272 Urbano
3403 4217 3632 4292 agitata
3681 4213 3799 4279 fuit,

2135 4301 2362 4358 cunctis
2386 4319 2454 4358 ea
2483 4319 2612 4374 qua:
2632 4301 2744 4358 sibi
2777 4307 2934 4359 recta
2977 4303 3335 4359 videbantur
3381 4303 3574 4362 libere
3621 4301 3798 4376 prole-

2135 4389 2418 4446 rentibus.
2451 4390 2616 4447 Unde
2634 4394 2791 4464 patet
2806 4391 3138 4463 complures
3151 4391 3211 4446 in
3224 4391 3538 4462 ejusmodi
3559 4389 3803 4449 collatio-

2133 4479 2328 4546 nibus,
2353 4483 2412 4535 et
2439 4478 2677 4552 quidem
2709 4479 2920 4536 diversi
2953 4479 3178 4536 ordinis
3199 4479 3486 4538 homines
3519 4479 3797 4538 adfuisse.

376 4574 768 4631 sabamur.....
804 4573 932 4647 Ipse
960 4575 1246 4632 Anselmus
1299 4575 1359 4630 in
1389 4579 1677 4632 conventu
1712 4575 2021 4647 nobilium,
2054 4579 2100 4646 D
2129 4573 2310 4634 Certe,
2341 4568 2596 4624 utmOdO
2615 4567 2979 4634 Videbamus.
3001 4566 3800 4642 etAnselmusarchiepiacO-

373 4663 431 4719 in
462 4651 1028 4736 processionibus,in
1048 4663 1403 4720 stationibus
1425 4680 1656 4736 semper
1685 4668 1742 4720 et
1761 4663 1973 4738 ubique
1991 4683 2024 4721 a
2131 4673 2264 4729 p08.
2295 4655 2652 4712 etGOm'idUS
2681 4655 2862 4712 abbas
2880 4659 3194 4728 ρνεεθηιθε
3225 4661 3425 4726 erant,
3441 4671 3585 4714 cum
3609 4659 3798 4712 actum

373 4769 524 4826 papa
552 4753 847 4810 secundus
875 4757 1018 4815 erat.
1053 4753 1406 4825 prazcunctis
1436 4753 2018 4816 honoratus,cunctis

371 4845 660 4912 acceptus.
697 4841 842 4897 Rem
875 4841 1073 4897 subdit
1109 4839 1170 4896 in
1199 4839 1332 4896 Vita
1378 4845 1703 4898 memoratu
1754 4839 2014 4913 dignam.

370 4927 542 5002 Angli
573 4928 692 4985 illis
721 4929 1084 5000 temporibus
1116 4928 1358 4984 Romam
1388 4929 1685 4984 venientes
1705 4930 1882 5000 pedes
1901 4931 2016 4986 An-

371 5015 542 5072 selmi
573 5017 646 5072 ad
675 5015 864 5072 instar
893 5017 1108 5088 pedum
1136 5016 1382 5072 Romani
1415 5016 1708 5086 pontiﬁcis
1737 5035 1847 5073 sua
1861 5017 2017 5074 obla-

369 5105 527 5160 tione
555 5089 841 5160 honorare
872 5102 1301 5160 desiderabant.
1340 5126 1366 5153 ››
1401 5105 1516 5160 Nec
1554 5121 1688 5159 vero
1737 5105 2015 5160 invidiam

368 5209 437 5248 ea
467 5192 538 5248 de
569 5208 630 5247 re
659 5191 918 5263 aliquam
944 5209 1154 5262 passus
1185 5197 1274 5247 est
1293 5191 1584 5260 Urbanus,
1627 5191 1742 5245 aud
1777 5191 1838 5245 id
1867 5207 2017 5262 aegre

367 5296 630 5352 unquam
661 5278 824 5347 tulit;
857 5279 975 5336 imo
1004 5297 1138 5336 cum
1155 5278 1487 5335 rescivisset
1513 5276 1857 5333 Anselmum
1878 5277 2016 5334 huic

367 5365 690 5439 Anglorum
719 5365 1006 5422 devotioni
1031 5366 1400 5439 acquiescere
1413 5378 1717 5434 nunquam
1737 5361 2011 5433 voluisse,

364 5453 667 5509 admiratus
723 5456 781 5510 in
839 5455 1056 5511 homine
1114 5451 1487 5508 humilitatem
1532 5448 1832 5519 mundique
1885 5465 2012 5506 con-

363 5545 643 5612 temptum,
667 5543 836 5614 jussit
865 5545 918 5598 ei
945 5559 1059 5598 sese
1081 5543 1144 5598 in
1173 5555 1231 5594 se
1249 5542 1450 5602 tenere,
1469 5538 1518 5590 et
1546 5535 1764 5590 nullum
1784 5535 1914 5592 bene
1926 5539 2012 5608 fa-

363 5645 483 5683 cere
524 5631 672 5688 ultra
729 5632 991 5688 volentem
1039 5624 1370 5701 prohibere;
1427 5622 1516 5678 sed
1557 5639 1737 5680 omnes
1781 5641 1882 5695 pro
1911 5628 2015 5681 tali

2129 4745 2238 4800 fuit
2272 4744 2330 4801 in
2344 4743 2632 4816 ejusmodi
2646 4743 2941 4816 pontiﬁcis
2953 4759 3235 4802 consessu
3257 4745 3335 4801 de
3369 4745 3799 4804 monachorum

2127 4818 2602 4891 Jerosolimitaﬁa
2649 4832 3133 4906 peregrinatione.
3188 4833 3364 4889 Forte
3427 4833 3542 4890 uni
3597 4849 3668 4890 ex
3713 4831 3800 4888 his

2127 4921 2435 4995 colloquiis
2464 4921 2808 4977 interfuerat
2827 4919 3298 4994 archipresbyter
3326 4919 3798 4996 Andsgavensis,

2127 5012 2224 5084 qui
2251 5011 2499 5067 Roberto
2518 5008 2952 5075 Abrissellensi,
2985 5013 3051 5064 ut
3080 5008 3140 5066 in
3171 5009 3300 5080 ejus
3357 5009 3504 5067 Vita
3532 5011 3795 5073 habetur,

2129 5097 2471 5171 proponenti
2501 5095 2876 5153 Petronillam
2908 5097 3146 5153 viduam
3170 5101 3236 5152 ut
3255 5095 3582 5155 abbatissa
3611 5097 3791 5162 ﬂerat,

2127 5187 2319 5260 palam
2350 5190 2605 5242 testatus
2633 5189 2742 5253 est,
2776 5201 2848 5240 ne
2875 5183 2935 5241 id
2968 5187 3396 5257 remoraretur,
3454 5198 3522 5243 se
3543 5185 3798 5244 auditam

2125 5289 2260 5329 cum
2290 5275 2485 5330 Romae
2515 5273 2759 5330 essetab
2783 5271 3014 5329 Urbano
3031 5272 3080 5330 II
3101 5271 3347 5329 viduam
3367 5278 3640 5346 quatuor
3657 5271 3796 5328 viro-

2124 5377 2254 5418 rum
2281 5378 2384 5434 pro
2416 5360 2764 5418 necessitate
2793 5359 3040 5417 abbatis;
3072 5358 3287 5434 prteﬁci
3323 5377 3537 5434 posse.

2122 5449 2470 5506 CCCXXXV.
2502 5450 2990 5506 Schismaticorum
3008 5451 3070 5505 in
3100 5449 3433 5507 Anselmum
3469 5449 3790 5510 reverentia.

2192 5539 2380 5593 Tanta
2424 5553 2558 5592 vero
2603 5537 2934 5594 sanctitatis
2987 5543 3046 5594 et
3093 5536 3380 5594 doctrina:
3446 5539 3634 5607 fama,
3686 5550 3795 5610 qua

2126 5626 2320 5682 Romae
2353 5623 2606 5698 pollebat
2642 5624 2973 5696 Anselmus,
3027 5625 3182 5682 haud
3231 5625 3484 5684 inutilis
3533 5622 3790 5685 Ecclesia
