3950 6218
207 297 329 362 349

1830 293 2009 357 Vl’l‘A
2021 337 2035 353 .

3512 291 3635 362 350

210 431 344 500 fuit,
375 447 517 490 cum
550 430 733 491 multi
762 428 1119 491 schismatici
1149 447 1218 490 ea
1246 428 1495 505 permoti
1541 427 1615 487 ad
1653 425 1870 487 Urbani
1900 427 1957 497 Α
1988 442 2172 504 papa.
2203 428 2302 504 qui
2328 427 2498 499 locus,
2528 427 2614 487 uti
2644 426 2968 488 Eadmerus
2996 428 3387 505 prosequitur,
3400 444 3514 489 non
3540 429 3634 488 οιν-

212 522 616 581 obedientiam
646 524 798 580 tanti
826 523 932 580 viri
962 520 1226 596 exemplo
1256 519 1880 587 accesserint,i'remen-

210 611 396 680 tibus,
427 612 516 667 uti
549 613 827 669 observat
873 611 1129 668 Joannes
1170 609 1618 667 Sarisberiensis
1658 608 1715 664 in
1750 609 1878 679 ejus

209 701 367 769 Vita,
397 701 794 758 Henricianis.
822 701 1036 757 Mirum
1081 704 1172 758 est
1218 700 1374 773 quod
1404 716 1473 756 ea
1510 699 1581 754 de
1613 715 1673 754 re
1702 698 1878 754 habet

213 789 569 847 Eadmerus.
606 790 771 859 Quid,
817 789 1027 861 inquit,
1089 791 1328 861 referam
1391 788 1684 844 nonnullos
1739 788 1880 842 cives

218 878 399 947 Urbis,
453 894 690 951 quorum
736 881 933 947 ingens
978 878 1271 934 multitudo
1317 885 1538 951 propter
1563 876 1881 949 ﬁdelitatem

216 969 575 1041 imperatoris
597 968 714 1029 ipsi
757 982 923 1039 papae
966 975 1084 1022 erat
1132 970 1363 1039 infesta,
1392 982 1791 1037 nonnunquam
1819 968 1882 1021 in

216 1071 394 1112 unum
420 1057 786 1126 conglobatos,
820 1056 1138 1111 Ansel-mum
1166 1072 1201 1111 a
1230 1057 1519 1111 Lateranis
1538 1053 1608 1110 ad
1636 1057 1879 1110 sanctum

216 1145 447 1201 Petrum
475 1146 695 1201 euntem
739 1161 864 1200 cum
903 1146 1020 1199 suis
1043 1149 1265 1217 propter
1295 1144 1481 1199 odium
1506 1158 1665 1215 papa:
1693 1158 1884 1214 capere

216 1236 495 1301 volentes;
525 1234 618 1289 sed
654 1250 786 1288 mea:
831 1236 947 1290 viso
992 1235 1150 1290 vultu
1196 1234 1311 1304 ejus
1364 1235 1581 1289 territos
1630 1234 1885 1305 projectis

215 1324 395 1379 armis
425 1330 576 1378 terra
599 1314 974 1393 procumbere.
1001 1326 1052 1379 et
1096 1339 1151 1379 se
1195 1324 1354 1378 illius
1404 1321 1773 1378 benedictione
1800 1322 1889 1377 de-

214 1418 443 1485 poscere
472 1412 762 1483 insignem“.
794 1410 923 1467 Haec
954 1413 1013 1466 in
1046 1411 1345 1483 specimen
1375 1410 1549 1478 dicta,
1582 1409 1751 1483 plura
1781 1410 1883 1465 ha-

218 1502 441 1557 bentur
472 1500 627 1573 apud
659 1500 1010 1556 Eadmerum
1042 1503 1100 1555 et
1129 1499 1275 1556 alios
1306 1505 1573 1556 auctores
1616 1498 1883 1570 Anglica-

219 1606 355 1654 nos,
389 1606 543 1662 quos
574 1587 880 1645 consulere
911 1588 1066 1668 licet.

348 1678 725 1736 CCCXXXVI.
761 1678 1007 1736 Urbanus
1038 1680 1223 1737 Romae
1253 1679 1521 1749 synodum
1547 1679 1757 1733 indicit.

1983 521 2135 578 scari
2154 522 2374 578 honoris
2418 522 2481 577 in
2526 521 2632 578 tali
2674 530 2938 579 conventu
2982 522 3116 579 solet
3143 522 3353 580 haberi.
3384 525 3545 580 Cet-tn
3576 523 3634 579 in

1988 609 2231 666 concilio
2278 610 2550 666 Remensi
2598 626 2750 667 anno
2812 611 2953 667 1099
3002 611 3282 669 sedebant
3326 608 3527 669 Patres
3574 612 3636 670 in

1985 700 2207 756 modum
2251 714 2468 757 coronae
2523 698 2814 773 dispositi;
2854 701 2936 757 ita
2983 704 3051 757 ut
3098 700 3212 757 Leo
3261 698 3334 757 1X
3381 699 3639 774 pontifex

1988 789 2198 844 sedens
2230 805 2380 845 verso
2409 790 2565 846 vultu
2593 789 2663 845 ad
2690 791 3001 861 sepulcrum
3042 793 3218 847 sancti
3248 790 3499 863 Remigii,
3532 788 3637 847 ha-

1987 878 2149 934 beret
2178 895 2244 934 ex
2274 878 2539 950 opposito
2569 883 2696 934 ante
2723 881 2904 937 oculos
2943 880 3291 936 Remensem
3338 884 3396 936 at
3440 880 3637 937 Trevi-

1988 984 2217 1023 rensem
2231 966 2824 1040 archiepiscopos,qui
2839 968 3061 1040 primas
3075 968 3241 1025 sedes
3253 969 3637 1043 occupabant.

1989 1056 2052 1113 In
2084 1056 2376 1112 veteribus
2401 1056 2706 1114 Bernensis
2736 1057 3043 1130 provinciis
3092 1058 3490 1115 monumentis
3533 1058 3641 1115 Ca-

1990 1146 2346 1202 meracensis
2386 1147 2719 1219 episcopus,
2770 1163 2838 1202 ex
2888 1146 3156 1220 opposito
3204 1146 3640 1220 metropolitani

1990 1234 2185 1290 locum
2216 1234 2431 1290 habere
2461 1234 2839 1307 conspicitur,
2855 1240 2921 1291 ut
2947 1239 3005 1290 et
3034 1235 3297 1293 Delensis
3326 1237 3384 1292 in
3408 1236 3639 1308 provin-

1992 1324 2083 1380 cia
2111 1323 2596 1396 Turonensi,quaa
2627 1323 2755 1380 duae
2786 1324 3051 1381 Ecclesia
3073 1326 3180 1381 etsi
3212 1330 3353 1382 sunt
3380 1324 3643 1383 illustres

1993 1412 2144 1467 inter
2174 1410 2557 1474 alias.neutra
2576 1415 2771 1467 tamen
2804 1429 2921 1468 suae
2942 1412 3249 1486 provinciae
3276 1419 3408 1487 post
3427 1418 3641 1471 metro-

1994 1499 2199 1571 polim,
2230 1500 2648 1572 protothronus
2677 1516 2781 1556 seu
2809 1501 3091 1573 primaria
3140 1504 3307 1559 sedes
3354 1505 3461 1559 est.
3496 1502 3642 1559 Nam

1994 1590 2054 1645 in
2091 1589 2318 1661 Belgica
2348 1590 2606 1645 secunda
2630 1588 2783 1645 hanc
2811 1588 3154 1661 dignitatem
3186 1588 3643 1657 Suessionensis,

1995 1682 2051 1733 et
2094 1677 2154 1732 in
2208 1678 2579 1749 Lugdunensi
2634 1676 2807 1734 tertia
2853 1679 3352 1736 Cenomannensis
3389 1678 3649 1736 Ecclesia

291 1768 573 1824 Urbanus
598 1767 1231 1840 itaque,deﬁcientibus
1261 1768 1321 1823 in
1354 1767 1482 1824 dies
1511 1768 1703 1823 Romae
1733 1767 1885 1823 Hen-
1917 1794 1965 1861 Β
1995 1783 2226 1861 semper
2249 1766 2614 1832 obtinuit,uti
2645 1783 2713 1823 ex
2739 1767 3158 1827 vetustioribus
3195 1767 3513 1825 Galliarum
3543 1786 3645 1826 no-

218 1857 585 1913 ricianorum
612 1856 859 1920 viribus,
882 1856 1073 1929 magis
1106 1873 1173 1912 ac
1206 1855 1396 1929 magis
1428 1856 1488 1912 in
1522 1856 1888 1912 adversarios

219 1944 595 2019 pravalebat,
624 1944 710 2001 ita
740 1949 805 2001 ut
832 1944 1020 2001 Natali
1052 1944 1287 2000 Domini
1337 1962 1461 2000 cum
1508 1962 1711 2015 magna
1737 1961 1888 2017 pace,

222 2034 424 2106 inquit
456 2032 784 2104 Bertoldus,
820 2034 1012 2089 Romae
1044 2033 1358 2099 celebrato,
1392 2031 1607 2090 Urbem
1650 2034 1889 2090 omnino

224 2124 343 2180 sub
372 2140 484 2179 suo
514 2122 776 2178 dominio
806 2126 944 2178 tunc
976 2123 1265 2179 habuerit.
1296 2124 1437 2179 Nam
1477 2127 1548 2188 et,
1578 2126 1644 2178 ut
1692 2137 1889 2195 prose-

224 2212 434 2284 quitur
461 2210 560 2266 ille
591 2214 813 2279 auctor,
846 2212 1131 2267 castellum
1159 2211 1350 2267 Sancti
1373 2213 1570 2280 Angeli
1606 2227 1731 2267 cum
1759 2213 1890 2267 aliis

222 2300 635 2357 munitionibus
691 2302 754 2355 in
808 2316 909 2356 sua
960 2303 1223 2372 potestate
1286 2300 1543 2366 detinuit,
1602 2316 1891 2372 omnesque

223 2390 459 2449 anulos
487 2405 614 2444 suos
644 2392 706 2444 in
734 2391 951 2445 civitate
973 2405 1098 2444 cum
1128 2390 1225 2445 Dei
1253 2388 1525 2461 adjutorio
1553 2391 1687 2445 satis
1709 2390 1887 2445 virili-

226 2486 309 2534 ter
336 2484 437 2533 aut
458 2478 724 2549 placavit,
773 2486 868 2533 aut
914 2479 971 2532 vi
1010 2477 1345 2549 perdomuit.
1378 2477 1542 2533 Unde
1591 2493 1725 2533 cum
1767 2492 1798 2533 e
1828 2492 1889 2534 re

226 2565 564 2622 Christiana
578 2569 843 2622 censeret
856 2582 984 2622 esse
1006 2565 1265 2638 pontifex
1284 2563 1553 2638 generale
1574 2563 1888 2622 concilium

227 2655 564 2723 convocari,
626 2654 899 2726 synodum
965 2671 1127 2711 suam
1202 2656 1263 2709 in
1327 2657 1492 2710 tertia
1556 2654 1891 2711 hebdomade

230 2744 408 2800 Romae
437 2742 827 2798 celebrandam
851 2746 973 2814 post
1001 2743 1233 2809 Pascha,
1262 2745 1448 2798 missis
1479 2743 1682 2799 litteris
1698 2758 1890 2814 usque-

227 2847 443 2905 quaque
490 2832 864 2887 denuntiavit.
923 2832 1068 2886 Eum
1126 2847 1262 2887 vero
1319 2830 1612 2903 reliquum
1654 2836 1889 2903 tempus

229 2932 423 2994 usque
454 2921 527 2976 ad
548 2919 768 2993 synodi
800 2918 1251 2976 celebrationem
1271 2920 1331 2975 in
1354 2919 1505 2994 Upbe
1528 2920 1889 2993 transegisse

226 3024 295 3065 ex
322 3008 616 3064 Eadmero
663 3011 723 3062 et
771 3006 1082 3063 Bertholdo
1120 3007 1287 3065 facile
1316 3006 1630 3080 colligitur,
1658 3006 1792 3065 licet
1820 3025 1889 3065 ea

2000 1853 2147 1911 titiis
2178 1859 2426 1911 constat.

2071 1941 2395 1999 Concilium
2453 1944 2515 2000 in
2563 1942 2811 2000 basilica
2865 1945 3058 2000 Sancti
3108 1945 3257 2001 Petri
3291 1943 3648 2003 celebratum

1999 2030 2182 2087 fuisse
2228 2033 2443 2089 diserte
2495 2033 2674 2089 habet
2717 2035 2886 2090 vetus
2931 2033 3110 2090 codex
3157 2034 3288 2104 ejus
3333 2048 3647 2102 canonum,

2001 2118 2293 2176 Lamberti
2325 2120 2724 2178 Atrebatensis
2753 2122 3031 2193 dictus,et
3059 2120 3298 2195 quidem
3320 2120 3652 2179 hebdomade

1999 2211 2164 2263 tertia
2211 2209 2451 2277 Paschz,
2501 2222 2603 2265 seu
2650 2218 2770 2283 post
2827 2211 3059 2276 Pascha,
3112 2215 3178 2266 ut
3229 2210 3540 2267 Bertcldus
3594 2215 3654 2267 et

2001 2296 2364 2353 Hcvedemus
2391 2297 2642 2364 habent;
2672 2302 2729 2355 et
2760 2304 2956 2370 aperte
2985 2297 3224 2354 omnino
3255 2297 3434 2355 codex
3481 2298 3651 2355 Lam-

1996 2386 2167 2455 berti,
2201 2387 2261 2442 in
2290 2386 2527 2443 secunda
2566 2388 2858 2443 Dominica
2907 2395 3030 2458 post
3074 2386 3253 2453 Albus,
3285 2403 3395 2458 qua
3433 2387 3650 2444 miseri-

1996 2473 2187 2532 cordia
2214 2476 2434 2531 Domini
2460 2482 2736 2530 causatur.
2772 2472 2829 2530 Is
2877 2491 3011 2530 cum
3044 2473 3354 2548 subjungit
3382 2473 3649 2547 ejusdem

1997 2563 2203 2636 synodi
2235 2560 2465 2619 decreta
2491 2562 2671 2635 pridie
2706 2563 2970 2619 Kalendas
3018 2563 3151 2619 Maii
3189 2563 3322 2620 data
3352 2560 3533 2629 fuisse
3560 2562 3650 2619 in-

1998 2652 2128 2708 nuit
2158 2653 2447 2725 synodum
2471 2653 2824 2725 perdurasse
2840 2654 2961 2709 tota
2972 2651 3082 2708 hac
3094 2650 3655 2709 hebdomada.Undc

1997 2757 2103 2798 nec
2133 2740 2459 2798 Chronicon
2508 2739 2893 2798 Malleacense
2945 2741 3251 2809 aberravit,
3287 2741 3389 2798 ubi
3439 2739 3655 2813 legitur

1995 2829 2146 2886 hanc
2178 2831 2436 2903 synodus
2464 2848 2544 2887 νη
2577 2830 2870 2889 Kalendas
2905 2829 3039 2885 Maii
3067 2828 3416 2887 celebratam
3445 2829 3650 2898 fuisse;

1998 2935 2104 2975 nec
2135 2918 2363 2976 codices
2394 2936 2428 2976 a
2459 2919 2648 2986 Binio,
2672 2919 3005 2985 Sirmondo,
3032 2922 3133 2975 aut
3164 2919 3386 2976 Labbeo
3405 2917 3652 2988 laudati,

1996 3008 2097 3080 qui
2128 3008 2283 3065 diem
2312 3010 2348 3062 7
2377 3011 2477 3064 aut
2499 3009 2672 3075 6,aut
2691 3010 2867 3065 etiam
2899 3025 2936 3064 ιι
2971 3006 3259 3063 Kalendas
3281 3006 3415 3065 Maii
3446 3008 3653 3081 prafe-

227 3110 353 3169 quae
383 3100 530 3152 tunc
558 3095 634 3151 ab
663 3093 767 3151 illo
797 3098 961 3167 gesta
989 3095 1208 3151 fuerint
1225 3095 1707 3169 ignoremus,nisi
1729 3098 1885 3168 quod
1924 3156 1954 3169 μ
1996 3100 2148 3150 rant.
2183 3099 2346 3152 Certe
2376 3096 2507 3168 ipsa
2536 3095 2844 3152 Dominica
2872 3093 3057 3151 tertiae
3094 3092 3494 3162 hebdomade,
3527 3110 3655 3167 qua

225 3156 326 3241 illo
355 3182 671 3240 intervallo
718 3156 834 3238 duo
886 3182 1188 3257 privilegia
1237 3156 1479 3240 totidem
1511 3156 1884 3241 monasteriis
1912 3156 1958 3230 (ἶ
1998 3181 2108 3239 hoc
2151 3200 2304 3239 anno
2350 3156 2418 3241 in
2461 3184 2618 3240 diem
2663 3188 2734 3239 24
2782 3182 3019 3256 Aprilis,
3067 3199 3172 3239 seu
3216 3196 3318 3238 vm
3349 3156 3655 3239 Kalendae

223 3273 614 3340 concesserit,
637 3288 768 3344 quae
790 3271 1403 3343 supersunt.Primum
1434 3274 1524 3327 est
1556 3272 1896 3329 monasterii

223 3359 583 3417 Aniunensis
613 3358 675 3414 in
702 3359 1020 3427 Occitania,
1055 3359 1406 3432 inscriptum
1439 3360 1608 3417 Petro
1629 3361 1896 3432 ejusdem

220 3448 333 3505 loci
365 3448 591 3515 abbati,
625 3448 830 3503 datum
864 3447 1136 3518 Laterani
1171 3447 1263 3504 die
1294 3448 1379 3504 Η.
1402 3448 1665 3504 Alterum
1715 3448 1808 3505 die
1832 3451 1898 3505 19

225 3537 494 3609 ejusdem
527 3534 753 3591 mensis
782 3537 844 3590 in
870 3537 1086 3608 porticu
1117 3536 1262 3592 beati
1303 3537 1475 3603 Petri,
1519 3554 1636 3610 quo
1688 3554 1896 3593 mona-

225 3625 479 3682 sterium
510 3623 711 3680 Sancti
736 3624 1037 3680 Saturnini
1067 3622 1128 3679 in
1161 3623 1396 3681 dioecesi
1424 3620 1770 3697 Urgellensi,
1802 3642 1897 3682 cu-

221 3714 321 3785 jus
354 3712 566 3769 Petrus
596 3716 739 3767 tunc
768 3712 951 3769 abbas
980 3711 1467 3785 erat,insignibus
1498 3712 1818 3787 privilegiis
1840 3718 1897 3770 et

218 3801 461 3875 juribus
488 3799 963 3857 decoratur.Haec
990 3800 1108 3856 duo
1135 3799 1442 3873 privilegia
1473 3818 1508 3858 a
1538 3801 1707 3858 Petro
1753 3802 1892 3857 scri-

227 3888 418 3945 niario
451 3887 693 3961 scripta,
729 3892 787 3944 et
816 3904 921 3961 per
950 3903 1192 3944 manum
1222 3889 1468 3945 Joannis
1497 3889 1727 3946 diaconi
1758 3890 1894 3947 data

229 3974 531 4034 dicuntur.
555 3976 746 4033 Aliam
776 3976 996 4033 Urbani
1027 3976 1252 4033 bullam
1282 3977 1675 4051 laudant,qua
1705 3977 1890 4036 Gello-

229 4081 413 4123 cense
440 4064 641 4122 Sancti
662 4063 958 4121 Guillelmi
981 4065 1052 4121 de
1077 4066 1309 4122 Deserto
1341 4064 1763 4123 monasterium
1786 4084 1887 4123 an-

226 4158 323 4211 tea
349 4154 595 4211 Anianaa
626 4153 984 4225 subjectum,
1014 4153 1087 4209 ab
1134 4170 1200 4211 eo
1243 4154 1387 4225 jugo
1433 4148 1735 4211 liberatur.
1780 4157 1888 4212 Sed

212 4258 353 4300 eam
388 4243 589 4298 videre
619 4259 733 4299 non
765 4241 1064 4310 licuit,nec
1094 4242 1154 4298 in
1182 4241 1522 4299 alterutrius
1548 4244 1887 4300 monasterii

225 4332 466 4389 archiva
492 4330 767 4387 habetur.
1760 4334 1769 4346 ·

514 4418 909 4476 DCCXXXVII.
940 4420 1252 4476 Concilium
1281 4420 1600 4476 Romanum.

2008 3270 2142 3327 Maii
2172 3271 2485 3339 incidebat,
2518 3270 2850 3344 complures
2889 3270 3184 3327 antistites
3231 3271 3425 3326 Bome
3474 3269 3653 3327 simul

2007 3359 2340 3432 congregati
2373 3359 2652 3432 rescripto
2682 3357 2982 3432 pontiﬁcio
3012 3358 3069 3414 in
3103 3356 3351 3432 gratiam
3391 3357 3655 3431 Hugonis

2009 3448 2418 3520 Lugdunensis
2448 3464 2551 3521 pro
2582 3447 2837 3521 primatu
2871 3451 3073 3504 contra
3119 3446 3525 3503 Daimbertum
3554 3451 3652 3504 Be-

2005 3554 2325 3594 nonensem
2358 3537 2709 3594 decertantis
2756 3536 3251 3610 subscripserunt.
3282 3534 3363 3591 Ex
3406 3536 3515 3592 hoc
3562 3552 3651 3593 re-

2003 3626 2537 3699 scripto,discimus
2556 3626 2960 3683 Daimbertum
2978 3629 3119 3681 tunc
3140 3625 3421 3699 temporis
3441 3624 3656 3698 prima-

2002 3717 2131 3771 tum
2164 3715 2615 3788 Lugdunsnsem
2640 3714 3032 3789 agnovisse,et
3051 3719 3347 3786 comperta
3364 3713 3653 3772 habemus

2003 3803 2226 3876 aliquot
2255 3804 2586 3860 antistitum
2612 3804 2978 3876 nomina,qui
3010 3804 3271 3860 Romano
3301 3802 3389 3859 illi
3408 3803 3654 3862 concilio

2002 3889 2413 3948 interfuerunt.
2447 3892 2491 3948 Ii
2523 3896 2899 3965 sunt,przeter
2925 3891 3325 3947 Daimbertum
3350 3891 3653 3949 Beneuen-

2001 3996 2123 4037 sem
2158 3985 2216 4037 et
2245 3980 2469 4053 aliquot
2488 3979 2814 4037 cardinales
2829 3979 3096 4037 Ecclesia
3117 3981 3389 4037 Romanis
3418 3981 3654 4055 presby-

2000 4073 2175 4137 teros,
2198 4069 2511 4126 Anselmus
2541 4069 2887 4139 Cantuariis,
2913 4070 3302 4144 Leodegarius
3324 4068 3650 4144 Biturigum

1999 4161 2059 4214 et
2083 4160 2329 4214 Amatus
2360 4158 2683 4232 Burdigala
2717 4156 3186 4232 metropolitani;
3228 4159 3485 4232 episcopi
3514 4174 3652 4216 vero

2001 4244 2334 4303 Gualterius
2386 4245 2753 4312 Albanensis,
2802 4246 2925 4304 Odo
2969 4248 3279 4312 Ostiensis,
3312 4248 3651 4305 Guntardus

1995 4333 2665 4402 Tundanus,Leutaldus
2682 4334 3134 4393 Silvanectensis
3154 4340 3211 4391 et
3230 4336 3461 4391 lsmeon
3483 4333 3652 4392 Dien-

1998 4423 2213 4496 sis,qui
2238 4425 2414 4480 etiam
2444 4423 2692 4481 ultimus
2712 4430 2836 4481 erat
2858 4424 3119 4499 Hugonis
3141 4422 3552 4498 Lugdunensis
3573 4424 3652 4481 le-

291 4509 529 4564 Interea
560 4507 807 4563 Romam
838 4508 1261 4564 conveniebant
1281 4524 1349 4563 ex
1368 4507 1545 4563 variis
1566 4498 1964 4594 provinciis.”
1996 4516 2187 4585 gatus.
2215 4513 2492 4579 Quamvis
2524 4518 2718 4570 autem
2750 4498 2975 4570 unicus,
3014 4511 3109 4569 hic
3156 4516 3515 4569 memoratur
3542 4512 3651 4569 Re-

206 4588 488 4669 episcopi
518 4594 594 4650 ad
624 4593 938 4651 concilium
961 4597 1033 4653 ab
1054 4596 1287 4653 Urbano
1317 4600 1885 4671 convocatum,quod

218 4699 490 4755 magnum
517 4684 838 4739 concilium.
868 4683 1214 4740 Hovedenus
1268 4685 1581 4753 generalem
1615 4686 1887 4759 synodum

210 4772 403 4829 codex
457 4771 780 4842 Lamberti,
832 4770 1158 4837 Bertoldus,
1207 4777 1409 4828 auctor
1450 4773 1694 4847 aequalis
1738 4773 1882 4831 Vitae

214 4860 467 4919 ‘Jcannis
494 4858 955 4926 Ternannensis,
996 4865 1054 4916 et
1095 4858 1193 4917 alii
1240 4860 1556 4933 appellant.
1589 4862 1737 4919 Huic
1780 4864 1887 4920 150

217 4952 494 5023 episcopos
524 4952 577 5006 et
604 4948 848 5014 abbates,
877 4949 1413 5021 innumerabilesque
1440 4951 1665 5007 clericos
1704 4951 1884 5007 inter—

216 5040 404 5096 fuisse
442 5036 660 5094 scribit
705 5036 860 5092 idem
912 5037 1236 5106 Bertoldus,
1270 5039 1339 5093 ad
1373 5055 1550 5110 quam
1580 5039 1881 5111 primates,

218 5126 705 5200 archiepiscopus
716 5129 773 5181 et
782 5126 1086 5198 episcopos
1103 5132 1444 5182 convocatos
1473 5127 1655 5183 fuisse
1672 5127 1886 5201 legitur

212 5216 276 5272 in
307 5215 513 5272 codice
544 5213 862 5281 Lamberti,
896 5230 1161 5286 quosque
1189 5231 1258 5270 ex
1284 5215 1449 5272 Italia
1471 5224 1521 5272 et
1552 5216 1733 5273 Gallia
1753 5233 1885 5274 con-

214 5310 512 5379 gregatos,
530 5304 600 5359 in
620 5301 847 5358 modum
869 5303 1323 5371 coronae,sedisse
1342 5304 1666 5361 Eadmerus
1692 5306 1886 5362 obser-

215 5392 625 5450 vat.Anselmo
638 5394 844 5447 autem
862 5390 1266 5449 Cantuariensi
1286 5392 1883 5467 archiepiscopo,cum

202 5483 447 5540 nullum
480 5479 600 5537 sibi
633 5478 998 5552 assignatum
1031 5480 1223 5537 locum
1253 5480 1684 5551 halieret,sedes
1707 5484 1883 5555 jussu

200 5573 518 5646 pontiﬁcis
554 5572 617 5625 in
646 5584 846 5626 corona
878 5572 1057 5642 posita
1111 5579 1211 5641 cst,
1258 5570 1316 5626 id
1366 5576 1455 5627 est
1501 5586 1571 5627 ex
1617 5572 1881 5645 opposito

1948 4637 1955 4643 -
1992 4600 2219 4657 mensis
2250 4600 2557 4673 provinciae
2591 4600 2866 4658 Letaldus
2896 4599 3430 4674 episcOpus,plures
3448 4603 3647 4658 tamen

1987 4689 2334 4745 interfuisse
2366 4688 2501 4746 huic
2532 4690 2754 4763 synodo
2784 4707 2815 4747 e
2863 4706 2972 4745 sua
3008 4689 3304 4761 provincia
3349 4690 3647 4747 Monaeses

1994 4776 2478 4849 metropolitanus
2504 4781 2754 4833 testatur
2779 4777 2841 4833 in
2870 4776 3119 4850 cpistola
3138 4790 3316 4849 quam
3346 4775 3501 4832 infra
3525 4776 3647 4833 lau-

1994 4864 2268 4922 dabimus
2315 4865 2386 4921 de
2433 4863 2752 4922 Morinensi
2798 4865 3088 4937 episcopo.
3120 4865 3284 4921 Certe
3332 4863 3391 4921 id
3430 4863 3649 4922 diserte

1993 4954 2266 5021 habetur,
2296 4955 2355 5010 in
2397 4953 2594 5010 codice
2622 4952 2917 5010 Lamberti
2967 4958 3092 5010 tum
3142 4969 3277 5021 ms.,
3310 4958 3438 5009 tum
3489 4954 3645 5011 edito

1992 5047 2149 5099 torno
2178 5042 2225 5097 V
2257 5041 2761 5098 Miscellaneorum
2798 5042 3032 5108 Baluzii,
3066 5042 3123 5098 id
3155 5058 3270 5115 quo
3302 5042 3423 5098 haec
3469 5044 3646 5100 verba

1992 5131 2269 5205 leguntur
2301 5150 2313 5187 :
2350 5134 2484 5187 Huic
2511 5148 2721 5204 quoque
2748 5134 2977 5189 concilio
3007 5148 3132 5188 cum
3175 5133 3381 5187 caeteris
3418 5132 3644 5188 Remen-

1991 5221 2069 5276 sis
2111 5221 2408 5291 provinciae
2458 5221 2722 5294 episcopis
2768 5222 3026 5292 interfuit
3072 5220 3385 5297 Lambertus
3422 5219 3644 5276 Atreba-

1994 5309 2162 5364 tensis
2206 5311 2507 5380 episcopus.
2540 5308 2626 5366 Ibi
2674 5311 2851 5366 etiam
2898 5311 3161 5377 aderant,
3192 5307 3279 5363 uti
3307 5324 3377 5362 ex
3399 5306 3473 5362 iis
3515 5323 3642 5379 qua:

1993 5395 2168 5452 modo
2217 5395 2481 5453 dicemus
2528 5397 2767 5470 patebit,
2817 5398 3120 5455 Bisancius
3168 5393 3642 5466 archiepiscopus

1991 5484 2656 5557 Trauensis,Reingerus
2684 5485 3018 5552 Luccensis,
3045 5480 3411 5539 llumbaldus
3447 5482 3641 5538 Antis-

1997 5570 2357 5629 siodcrensis
2403 5577 2460 5628 et
2500 5572 2847 5629 Gotoi‘redus
2894 5568 3324 5644 Magalonensis
3363 5568 3639 5643 episccpi,
