3950 6218
425 342 539 406 251

1733 343 1801 406 Β.
1849 342 2141 408 URBANI
2186 344 2236 407 ll
2283 346 2528 411 PAPJE.

3697 361 3799 425 252

424 475 638 551 quibus
689 472 930 550 adjungi
980 472 1154 533 debet
1179 472 1534 551 Nurgandus
1563 471 1887 547 Eduensis,
1920 475 2010 534 cui
2043 492 2077 534 a
2104 475 2159 547 Α
2185 481 2284 536 tur
2311 477 2436 555 ipse
2466 476 2781 539 Anselmus
2811 476 2912 539 lib.
2946 480 3284 557 m,epist.73
3305 484 3374 541 ad
3397 483 3719 547 Paschalem
3741 493 3796 550 ll.

425 571 592 626 Roma
640 583 852 624 reverso
911 566 1064 638 apud
1113 565 1442 633 Sedelocum,
1475 567 1727 623 occurrit
1764 567 1927 641 Hugo
1950 568 2075 639 jam

421 661 562 713 tunc
592 655 1048 712 Flaviniacensis
1080 656 1282 722 abbas,
1316 658 1398 710 uti
1435 656 1556 728 ipse
1587 660 1784 711 narrat
1815 657 1872 710 in
1897 656 2074 711 Chro-

422 745 844 817 nico.Deuique
876 744 948 800 iis
979 745 1156 800 etiam
1189 746 1667 800 annumerandus
1690 761 1818 800 esse
1850 745 2078 800 videtur

423 835 590 908 Hugo
624 833 1199 905 Gratianopolitanus
1241 834 1504 900 antistes,
1534 834 1630 905 qui
1665 839 1796 905 post
1824 834 2074 889 reditum

423 924 643 981 Urbani
676 924 966 995 pontiﬁcis
999 923 1056 977 in
1093 923 1314 978 Italiam
1339 923 1569 978 duobus
1592 923 1760 977 annis
1781 921 1836 977 in
1866 922 2076 994 Apulia

419 1014 762 1070 inﬁrmitate
794 1014 1065 1068 detentus
1097 1016 1491 1067 commoratus
1523 1017 1629 1078 est,
1665 1016 1728 1066 ut
1759 1012 1882 1084 ipse
1905 1016 2073 1067 testa-

418 1109 516 1161 tur
538 1103 594 1158 in
619 1102 817 1159 libello
835 1103 915 1157 De
933 1101 1529 1172 controversia,quam
1553 1100 1760 1155 habuit
1780 1117 1913 1155 cum
1938 1101 2073 1155 Gui-

419 1195 568 1250 done
598 1191 916 1248 Viennensi
946 1189 1247 1246 occasione
1279 1189 1760 1245 Salnloriacensis
1790 1189 2074 1244 archidia-

419 1287 684 1340 conatus.

488 1373 617 1427 Hmc
645 1387 815 1442 porro
857 1369 1115 1442 synodus
1145 1373 1461 1424 convocata
1510 1367 1725 1421 dicitur
1769 1367 1827 1421 in
1878 1366 2071 1422 codice

418 1458 708 1516 Lamberti
737 1475 836 1531 pro
867 1475 1050 1513 errore
1080 1466 1128 1512 et
1160 1457 1457 1514 hwresibus
1491 1456 1891 1519 Graecorumad
1925 1473 2070 1527 quos

414 1551 544 1621 ejus
574 1549 807 1604 decreta
839 1547 1014 1602 etiam
1060 1551 1319 1618 spectare
1369 1544 1675 1616 subjungit
1721 1544 1812 1600 his
1856 1545 2067 1611 verbis,

415 1639 571 1711 apud
604 1635 904 1694 Baluzium
943 1635 1142 1690 relatis
1177 1653 1190 1689 :
1227 1635 1424 1702 Qualia
1454 1639 1642 1689 autem
1683 1633 1894 1688 decreta
1918 1648 2066 1704 prae-

411 1728 586 1783 dictus
613 1741 759 1798 papa
789 1724 1081 1790 Urbanus,
1114 1724 1178 1777 de
1211 1725 1407 1778 Latina
1429 1731 1480 1777 et
1509 1722 1695 1778 erca
1739 1724 1974 1777 Ecclesia
2021 1730 2071 1777 et

2191 571 2255 626 Et
2313 572 2553 644 quidem
2611 572 2756 629 Boso
2815 577 3018 645 postea
3073 572 3234 630 Becci
3267 574 3464 642 abbas,
3492 576 3702 636 amicus
3751 586 3800 639 et

2185 660 2511 732 discipulus
2542 661 2724 717 sancti
2751 661 3038 730 Anselmi,
3071 680 3374 734 nunquam
3402 665 3604 721 adduci
3633 670 3800 739 potuit

2187 755 2248 804 ut
2283 750 2609 806 bominium
2643 751 2762 822 regi
2793 751 3060 818 Henrico,
3095 752 3194 823 qui
3226 753 3608 810 Nortmannia
3644 757 3795 814 etiam

2185 839 2302 893 dux
2333 843 2476 909 erat,
2506 840 2988 911 praestaret,quod
3021 840 3075 894 id
3113 857 3174 895 se
3206 857 3502 913 nunquam
3535 843 3796 900 facturum

2183 927 2478 999 pollicitus
2509 945 2657 1000 papa
2692 928 2878 984 fuerat
2909 932 2974 982 ut
3000 927 3060 982 in
3091 929 3219 1000 ejus
3241 918 3370 984 Vita
3395 929 3798 1006 legitur.Neque

2183 1017 2277 1072 hic
2308 1017 2696 1072 omittendum
2714 1022 2802 1073 est
2832 1018 2986 1089 quod
3020 1017 3341 1091 Reingerus
3374 1020 3668 1077 Luccensis
3693 1023 3796 1094 epi-

2183 1123 2396 1178 scopus
2429 1106 2484 1160 in
2517 1107 2719 1161 eadem
2739 1106 2958 1177 synodo
2973 1106 3183 1161 fecisse
3212 1106 3283 1161 ab
3297 1107 3573 1162 Eadmero
3591 1108 3795 1164 dicitur.

2183 1195 2285 1250 Hic
2313 1195 2526 1268 quippe
2555 1213 2584 1250 a
2619 1195 2893 1266 pontiﬁce
2925 1201 3159 1267 propter
3189 1212 3482 1262 sonoram,
3506 1213 3616 1268 qua
3641 1197 3796 1268 polle-

2182 1283 2302 1353 bat,
2335 1300 2531 1338 vocem
2570 1282 2910 1355 designatus
2935 1283 3004 1338 ad
3030 1282 3276 1355 legenda
3320 1283 3543 1355 publice
3589 1302 3704 1356 quas
3747 1285 3796 1340 in

2181 1373 2401 1445 synodo
2432 1375 2651 1426 statuta
2701 1371 2952 1438 fuerant,
2987 1388 3119 1426 cum
3169 1372 3225 1425 id
3275 1376 3691 1442 exsequeretur,
3723 1389 3795 1428 re-

2181 1467 2350 1533 pente
2377 1461 2696 1532 interrupta
2724 1462 3086 1514 decretorum
3121 1459 3290 1527 serie,
3327 1465 3544 1515 mutato
3573 1461 3720 1515 vultu
3742 1478 3796 1515 ac

2178 1551 2334 1605 vocis
2365 1556 2420 1605 et
2451 1551 2630 1604 totius
2659 1549 2917 1619 corporis
2945 1548 3390 1611 habitu,terram
3410 1548 3550 1619 pede
3573 1565 3671 1604 suo
3690 1565 3796 1604 ver-

2178 1639 2389 1693 berans
2423 1637 2607 1692 multa
2637 1637 2972 1693 intcrseruit
2995 1637 3052 1691 in
3075 1636 3337 1691 Anselmi
3373 1636 3719 1704 honorem,et
3739 1637 3796 1691 de

2177 1727 2272 1782 his
2302 1744 2428 1799 quae
2461 1726 2557 1782 ille
2588 1743 2621 1781 a
2647 1743 2778 1799 rege
2807 1724 3160 1798 Angelorum
3188 1742 3402 1797 passus
3433 1725 3796 1797 fuerat,gravi-

413 1816 478 1871 de
503 1815 782 1870 ministris
811 1813 1081 1878 altaris,et
1114 1813 1178 1867 de
1208 1813 1476 1867 ordinatis
1504 1829 1538 1864 a
1586 1812 1987 1873 Simoniacis,et
2005 1811 2068 1866 dc
2102 1845 2147 1908 Β
2180 1821 2270 1870 ter
2303 1821 2680 1887 conquestus,
2716 1815 2870 1886 quod
2920 1818 3052 1886 post
3081 1817 3307 1868 tantam
3340 1813 3399 1868 in
3434 1814 3570 1868 urbe
3597 1829 3796 1868 moram

417 1905 696 1976 beneﬁciis
727 1910 778 1958 et
804 1904 1000 1972 ofﬁciis
1029 1902 1405 1957 ecclesiasticis
1430 1917 1529 1972 per
1552 1902 1843 1971 pecuniam
1863 1900 2070 1971 adeptis

414 1998 541 2050 ante
567 2009 761 2063 corpus
794 1991 938 2046 beati
965 1992 1117 2045 Petri
1139 1989 1642 2056 dederit,studiosus
1667 1991 1828 2045 lector
1850 1989 2072 2056 legendo

412 2083 663 2138 invenire
688 2082 902 2152 poterit.
935 2079 1097 2134 Unde
1128 2078 1344 2134 mirum
1393 2083 1483 2133 est
1530 2076 1676 2133 nihil
1720 2076 1970 2148 speciale
2001 2077 2071 2132 de

414 2171 748 2228 Graecorum
770 2168 1066 2224 erroribus
1093 2166 1150 2221 in
1175 2165 1427 2239 vulgatis
1452 2167 1631 2237 hujus
1654 2165 1882 2220 concilii
1905 2181 2072 2220 cano-

413 2259 590 2314 nibus
620 2273 940 2313 occurrere.
977 2257 1034 2311 Id
1070 2256 1214 2310 forte
1246 2254 1454 2322 evenit,
1480 2255 1633 2326 quod
1666 2254 1877 2308 horum
1902 2270 2070 2308 cano-

411 2361 554 2400 num
586 2342 1084 2410 collectores,cum
1119 2341 1304 2397 Latini
1340 2342 1659 2407 fuerint,ea
1690 2346 1920 2396 tantum
1941 2358 2065 2413 quae

410 2433 482 2490 ad
514 2431 902 2488 occidentales
926 2431 1296 2504 pertinebant
1321 2429 1651 2499 retulerint;
1690 2431 2066 2502 quemadmo-

408 2522 550 2578 dum
577 2523 634 2578 id
665 2521 820 2594 quod
838 2521 1140 2576 occasione
1155 2519 1340 2575 sancti
1364 2518 1623 2574 Anselmi
1646 2519 1944 2574 decretum
1964 2519 2065 2574 ibi-

407 2613 540 2667 dem
565 2609 734 2678 fuit,a
753 2608 894 2664 solis
915 2608 1250 2681 Anglicanis
1273 2607 1656 2680 scriptoribus
1680 2612 2060 2663 memoratur.

405 2701 496 2755 Sic
527 2699 706 2754 etiam
737 2697 1044 2753 Bertoldus
1075 2701 1131 2752 et
1161 2696 1258 2752 alii
1293 2696 1514 2768 passim
1549 2700 1814 2751 auctores
1845 2697 1916 2751 de
1955 2695 2062 2751 hac

407 2788 629 2860 synodo
662 2785 1031 2842 solummodo
1062 2784 1300 2851 habent,
1335 2784 1631 2839 Urbanum
1665 2783 1723 2837 in
1755 2800 1822 2838 ea
1843 2785 2060 2855 praede-

407 2890 709 2932 cessorum
741 2889 983 2928 suorum
1015 2877 1233 2928 statuta
1260 2872 1908 2939 conﬁrmasse;iterasse
1930 2890 2064 2928 ana-

408 2964 671 3020 themata
689 2963 746 3016 in
759 2960 1100 3016 Guibertum
1115 2961 1361 3034 ejusque
1374 2960 1684 3032 complices
1698 2962 1822 3032 jam
1848 2961 2061 3032 saepius

405 3052 528 3109 lata
548 3055 605 3108 et
622 3049 1296 3121 conﬁrmata,egisseque
1323 3050 1392 3104 de
1418 3049 1810 3122 promovenda
1826 3050 2058 3105 Jeroso-

404 3141 689 3216 lymitana
718 3137 1103 3210 expeditione.
1155 3138 1418 3193 Canones
1467 3153 1599 3192 vero
1640 3139 2054 3210 septemdecim

2182 1921 2296 1959 non
2323 1905 2373 1959 ei
2408 1903 2613 1959 fuisset
2644 1903 3034 1959 satisfactum.
3055 1902 3184 1968 Sed,
3219 1905 3512 1957 moments
3538 1918 3694 1974 papa,
3724 1900 3796 1956 le-

2181 1993 2432 2048 ctionem
2467 2008 2756 2048 canonum
2791 1993 3286 2062 persecutusque;
3322 1991 3551 2046 decreta
3570 2007 3633 2045 ea
3661 1991 3723 2045 de
3748 2005 3797 2043 re

2181 2080 2430 2146 fuerant,
2465 2085 2528 2134 ut
2572 2097 2704 2134 mox
2735 2079 3097 2145 dicebamus,
3136 2079 3373 2134 tandem
3427 2094 3559 2134 cum
3605 2077 3797 2134 caeteris

2178 2168 2540 2240 approbavit.

2251 2257 2474 2313 Interea
2506 2255 2760 2328 pontifex
2793 2255 2949 2310 haud
2980 2255 3311 2328 negligebat
3362 2272 3560 2311 eorum
3591 2270 3792 2321 causas,

2177 2345 2278 2416 qui
2312 2346 2383 2400 ad
2420 2345 2614 2417 ipsum
2665 2344 3061 2409 recurrebant,
3093 2343 3309 2415 quibus
3358 2343 3446 2400 vel
3496 2344 3615 2416 ipse
3659 2341 3794 2398 solus

2176 2433 2544 2506 providebat;
2577 2436 2677 2488 aut
2707 2436 2859 2488 certe
2888 2449 2986 2487 eas
3017 2432 3302 2488 referebat
3333 2433 3404 2488 ad
3437 2433 3728 2505 synodum,
3753 2429 3794 2484 si

2174 2523 2320 2577 tanti
2350 2525 2566 2584 essent,
2594 2526 2659 2576 ut
2685 2521 2742 2576 id
2774 2537 2960 2592 operm
2992 2520 3243 2592 pretium
3275 2526 3448 2576 esset.
3484 2521 3552 2576 Et
3581 2520 3792 2592 quidem

2174 2612 2422 2666 durante
2447 2609 2710 2676 concilio,
2746 2625 2954 2682 nempe
2991 2609 3080 2665 die
3127 2611 3198 2664 26
3228 2609 3442 2681 Aprilis
3485 2609 3555 2665 ad
3594 2607 3794 2682 petitio~

2175 2715 2306 2754 nem
2327 2699 2565 2754 Andreae
2579 2697 2812 2754 abbatis
2825 2697 3246 2753 monasterium
3267 2697 3491 2754 Casalis
3508 2695 3796 2760 Benedicti,

2173 2787 2326 2860 quod
2361 2785 2457 2842 ille
2486 2786 2640 2858 apud
2690 2786 2978 2858 Bituriges
3002 2787 3170 2856 juxta
3197 2786 3796 2843 Vallumbrosanorum

2171 2875 2441 2931 instituta
2469 2876 2578 2930 sub
2611 2874 2812 2947 regula
2841 2875 3026 2930 sancti
3060 2874 3358 2930 Benedicti
3400 2875 3796 2935 construxerat,

2169 2965 2323 3020 bona
2352 2981 2417 3019 ac
2449 2963 2850 3036 possessiones
2877 2963 3259 3030 conﬁrmavit,
3287 2965 3429 3019 data
3457 2962 3631 3019 bulla.
3646 2959 3795 3016 Aliud

2168 3052 2535 3125 privilegium
2559 3051 2652 3108 die
2681 3053 2944 3124 sequenti
2998 3052 3068 3107 ad
3111 3052 3455 3124 petitionem
3485 3051 3662 3107 Amati
3683 3051 3800 3105 Bur-

2167 3140 2486 3215 digalensis
2533 3139 2973 3212 archiepiscopi,
3007 3144 3065 3195 et
3115 3139 3390 3197 Fulconis
3438 3139 3678 3206 abbatis,
3708 3135 3794 3208 qui

401 3231 582 3302 hujus
608 3226 1150 3299 concilii,quivulgo
1172 3227 1809 3297 circumferuntur,jam
1833 3227 1890 3280 in
1906 3229 2056 3299 prio-
2086 3202 2128 3270 (ἶ
2167 3231 2309 3286 forte
2336 3247 2468 3284 cum
2495 3245 2560 3284 eo
2592 3228 2848 3284 antistite
2867 3229 3111 3284 Romam
3130 3228 3201 3283 ad
3225 3228 3543 3285 concilium
3565 3229 3792 3291 venerat,

382 3321 568 3376 'ribus
599 3316 858 3373 conciliis
889 3321 954 3371 ut
984 3315 1303 3388 plurimum
1337 3315 1689 3388 promulgati
1730 3315 2054 3384 fuerant,ut

396 3407 611 3482 legenti
642 3405 962 3478 patebit.At
994 3420 1286 3476 nusquam
1318 3404 1579 3460 invenire
1610 3403 1955 3476 1icuit,quod
1980 3405 2051 3458 de

395 3498 600 3555 eadem
631 3495 852 3568 synodo
878 3494 1053 3549 refert
1084 3498 1285 3568 auctor
1314 3493 1583 3549 Chronici
1625 3491 2047 3560 Malleacensis,

394 3587 454 3642 in
489 3603 556 3643 ea
587 3584 809 3641 scilicet
838 3601 872 3638 a
896 3583 1167 3654 pontiﬁce
1197 3583 1496 3638 decretum
1530 3581 1803 3650 fuisse,ut
1834 3581 2050 3654 singuli

394 3673 706 3733 Christiani
741 3671 900 3727 omni
935 3671 1077 3726 feria
1111 3674 1273 3726 sexta
1303 3675 1601 3726 servarent
1622 3670 1918 3740 jejunium
1948 3687 2049 3742 pro

388 3763 624 3838 peccatis
653 3762 788 3826 suis,
821 3768 871 3815 et
896 3761 1136 3814 maxime
1159 3775 1261 3830 pro
1293 3759 1410 3813 illis
1439 3760 1636 3829 quibus
1669 3774 1780 3813 non
1822 3762 2051 3830 confessi

393 3859 520 3908 sunt
545 3853 909 3905 immemores.

466 3939 629 4005 Quod
648 3938 719 3993 ad
744 3953 836 3992 res
855 3934 1206 4008 Anglicanas
1237 3935 1806 4006 spectat,Eadmerus
1836 3935 1984 3992 libro
2007 3954 2046 3992 ιι

388 4029 702 4093 Novorum,
735 4028 792 4080 et
822 4028 955 4097 post
979 4039 1112 4079 eum
1171 4023 1454 4096 Rogerius
1501 4024 1868 4092 Hovedenus,
1903 4024 2044 4080 scri-

393 4119 561 4183 bunt,
598 4136 626 4165 «
658 4114 959 4170 Urbanum
991 4112 1050 4167 in
1077 4112 1279 4168 eadem
1327 4114 1546 4183 synodo
1595 4114 1946 4170 sententiam
1978 4131 2046 4170 ex

393 4202 944 4262 communicationis
972 4201 1286 4272 protulisse
1325 4201 1385 4256 in
1430 4203 1793 4260 adversarios
1830 4207 2043 4260 sanctae

389 4293 679 4361 Ecclesiae,
712 4309 778 4348 ac
810 4291 870 4346 in
901 4307 1105 4346 omnes
1137 4289 1334 4358 laicos,
1370 4291 1466 4364 qui
1515 4292 1893 4348 investituras
1940 4293 2040 4347 da-

383 4385 546 4450 bant,
599 4385 702 4438 aut
749 4379 992 4436 clericos
1041 4377 1141 4451 qui
1183 4395 1282 4435 eas
1330 4381 1714 4453 accipiebant,
1751 4385 1852 4436 aut
1883 4381 2037 4451 ejus-

384 4472 540 4528 modi
557 4469 826 4527 homines
839 4470 910 4524 ad
928 4468 1186 4524 ofﬁcium
1206 4469 1326 4524 dati
1340 4470 1582 4526 honoris
1593 4471 2034 4525 consecrabant.

2161 3319 2450 3376 concessit
2475 3316 2828 3373 monasterio
2853 3317 3078 3372 Sanctae
3119 3316 3320 3372 Crucis
3358 3315 3790 3390 Burdigalensis.

2233 3412 2299 3463 At
2330 3406 2562 3480 negotia
2592 3405 2832 3478 majoris
2882 3404 3163 3460 momenti
3212 3405 3272 3460 in
3321 3405 3569 3461 concilio
3601 3408 3794 3459 tracta-

2159 3497 2480 3552 bantur.Ex
2512 3495 2584 3550 iis
2617 3495 2727 3550 fuit
2751 3494 3111 3550 canonizatio
3138 3494 3324 3550 sancti
3380 3493 3600 3550 Nicolai
3649 3492 3791 3547 Pere-

2158 3585 2310 3654 grini
2345 3603 2357 3640 :
2391 3583 2537 3639 tales
2563 3582 2719 3638 enim
2752 3598 2961 3638 causas
2993 3582 3164 3653 juxta
3195 3581 3359 3638 illius
3410 3583 3514 3638 aevi
3555 3578 3790 3652 discipli-

2158 3690 2292 3730 nam
2322 3672 2597 3745 plenariae
2627 3671 2826 3744 synodi
2853 3671 3132 3726 communi
3157 3687 3390 3725 assensu
3405 3671 3624 3741 ﬁrmari
3644 3668 3791 3724 debe-

2157 3779 2217 3818 re
2239 3761 2364 3834 ipse
2382 3761 2650 3816 Urbanus
2663 3760 2789 3830 jam
2813 3762 2983 3815 antea
3033 3759 3104 3814 ad
3148 3758 3530 3814 Benedictum
3563 3759 3793 3814 Namne-

2155 3853 2403 3916 tensem,
2436 3852 2501 3904 ut
2530 3865 2636 3904 suo
2657 3847 2782 3903 loco
2813 3847 3402 3915 diximus,statuerat.
3436 3850 3626 3918 Atque
3670 3845 3792 3900 adeo

2156 3936 2461 3994 Bisancius
2514 3935 2830 3992 Tranensis
2885 3935 3382 4008 archiepiscopus,
3443 3935 3546 4008 qui
3596 3927 3793 3990 Nicolai

2156 4025 2653 4082 canonizationem
2718 4024 3202 4098 prosequebatur,
3259 4025 3553 4082 miracula
3616 4024 3683 4078 ab
3737 4034 3792 4073 eo

2154 4119 2403 4188 patrata,
2451 4113 2820 4186 praecipiente
2861 4112 3116 4179 Urbano,
3147 4128 3338 4169 coram
3389 4115 3644 4168 universo
3682 4123 3790 4164 con-

2151 4206 2279 4260 cilio
2309 4205 2589 4264 recitavit;
2621 4201 2835 4274 quibus
2885 4201 3048 4257 lectis
3101 4201 3362 4273 pontifex
3391 4203 3445 4256 ei
3479 4199 3791 4256 facultatem

2153 4292 2440 4348 concessit
2469 4296 2535 4346 ut
2565 4290 2856 4362 quidquid
2893 4289 3002 4345 hac
3049 4289 3110 4344 in
3139 4306 3200 4344 re
3252 4289 3470 4346 melius
3498 4289 3790 4350 videretur,

2151 4383 2220 4438 ad
2246 4381 2352 4436 Dei
2383 4379 2628 4453 gloriam
2664 4378 3014 4445 institueret,
3039 4377 3191 4435 datis
3222 4394 3291 4434 ea
3318 4380 3391 4433 de
3412 4396 3479 4434 re
3507 4374 3712 4433 litteris
3730 4371 3791 4428 ad

2150 4470 2392 4537 clerum,
2427 4468 2654 4524 nobiles
2702 4473 2758 4523 et
2805 4467 3036 4540 plebem
3091 4467 3413 4523 Tranensis
3453 4464 3718 4526 civitatis,
3746 4465 3795 4514 et

383 4560 647 4633 Denique
677 4559 735 4614 in
777 4574 896 4626 eos,
947 4557 1046 4630 qui
1106 4575 1210 4629 pro
1258 4557 1668 4614 ecclesiasticis
1718 4558 2041 4615 honoribus
2070 4570 2118 4634 D
2151 4559 2392 4632 quidem
2423 4558 2493 4614 ad
2525 4557 2682 4613 hunc
2713 4556 3044 4624 annum,ad
3073 4572 3248 4627 quem
3281 4557 3602 4628 pertinere,
3633 4551 3793 4608 etiam

382 4651 666 4708 laicorum
690 4648 958 4705 homines
993 4648 1331 4720 ﬁunt,quod
1365 4647 1718 4704 exsecrabile
1749 4647 2034 4714 videatur,

376 4739 570 4813 inquit
598 4737 879 4811 pontitex,
913 4737 1284 4793 sacerdotum
1316 4753 1551 4803 manus,
1571 4754 1697 4809 quae
1726 4736 1784 4792 in
1810 4740 2036 4793 tantam

379 4828 759 4885 eminentiam
790 4829 1187 4894 excreverunt,
1223 4826 1476 4898 ut,quod
1509 4825 1654 4880 nulli
1687 4824 2027 4898 angelorum

378 4932 722 4972 concessum
755 4914 1054 4980 est,Deum
1086 4917 1296 4969 cuncta
1324 4919 1618 4970 creantem
1637 4932 1743 4970 suo
1770 4914 2032 4970 ministe-

379 5005 464 5060 rio
495 5006 775 5071 creent,et
803 5018 936 5057 eum
952 5003 1074 5057 lem
1099 5002 1294 5075 ipsum
1321 5021 1422 5076 pro
1447 5003 1844 5076 redemptione
1867 5009 1922 5059 et
1943 5020 2033 5058 sa-

375 5092 499 5148 lute
529 5091 712 5146 totius
744 5090 949 5145 mundi
981 5092 1196 5146 summi
1228 5092 1327 5148 Dei
1361 5093 1548 5148 Patris
1570 5093 1871 5149 obtutibus
1894 5092 2032 5148 olfe-

377 5185 544 5247 rant;
577 5179 637 5234 in
667 5178 818 5234 hanc
849 5177 1230 5250 ignominiam
1264 5181 1515 5247 detrudi,
1552 5188 1614 5236 ut
1645 5180 1866 5235 ancillae
1893 5180 2035 5234 ﬁant

379 5285 583 5328 earum
617 5269 1242 5339 manuum,quzedieac
1257 5274 1425 5325 nocte
1457 5269 1726 5324 obscenis
1747 5267 2034 5339 contagiis

375 5357 784 5430 inquinentur,
820 5378 846 5403 υ
879 5359 989 5412 etc.
1024 5357 1139 5414 IIac
1170 5357 1396 5431 prolata
1427 5355 1717 5411 sententia
1747 5354 2034 5410 acclama-

376 5451 507 5502 tum
536 5448 624 5500 est
651 5445 724 5498 ab
757 5443 1033 5500 omnibus
1067 5465 1078 5502 :
1112 5447 1380 5518 Fiat,ﬁat,
1413 5445 1464 5496 et
1491 5443 1553 5496 in
1582 5441 1667 5496 his
1691 5458 2034 5498 consumma-

373 5541 492 5592 tum
516 5538 593 5588 est
623 5533 1074 5589 concilimn.H.ec
1105 5534 1305 5590 omnia
1337 5547 1396 5585 se
1430 5530 1489 5583 in
1515 5532 1744 5588 concilio
1795 5548 1829 5586 α
1879 5547 2037 5602 vene:

380 5641 436 5682 re
470 5624 583 5679 illis
615 5621 894 5676 memoriae
919 5620 1135 5679 domino
1149 5636 1291 5694 papa
1315 5617 1528 5674 Urbano
1552 5619 1843 5676 audivisse
1867 5623 2041 5675 testa-

2150 4649 2373 4720 absque
2400 4646 2538 4702 ullis
2569 4643 2862 4701 chronicis
2896 4645 3072 4711 notis,
3105 4645 3296 4716 quivis
3328 4644 3503 4700 facile
3533 4659 3603 4699 ex
3637 4637 3792 4697 dictis

2145 4735 2444 4809 intelligit.

2211 4826 2625 4898 Compressum
2656 4823 2832 4878 etiam
2865 4822 2975 4877 hac
3014 4821 3074 4877 in
3127 4823 3348 4894 synodo
3398 4821 3516 4878 fuit
3565 4821 3795 4876 Tarven.

2139 4915 2340 4974 nensis
2371 4911 2638 4969 Ecclesiae
2665 4911 2946 4977 schisma,
2980 4911 3325 4966 conﬁrmato
3372 4909 3438 4966 in
3482 4909 3613 4980 ejus
3643 4902 3793 4962 urbis

2140 5002 2402 5062 antistite
2430 5001 2674 5067 Joanne,
2708 5016 2884 5072 quem
2921 4998 3236 5055 dimcesani
3275 4999 3546 5065 abbates,
3578 4993 3792 5067 rejectis

2142 5093 2294 5159 aliis,
2327 5089 2682 5162 delegerant,
2717 5092 3032 5160 postquam
3063 5087 3356 5143 Gerardus
3387 5085 3518 5157 qui,
3542 5084 3628 5140 uti
3658 5079 3789 5138 dixi-

2145 5180 2364 5247 mus,in
2393 5177 2776 5234 Nemausensi
2809 5175 3056 5231 concilio
3088 5193 3122 5230 a
3148 5174 3272 5230 suis
3305 5174 3533 5230 muniis
3555 5185 3786 5243 suspen-

2144 5285 2247 5324 sus
2277 5267 2485 5335 fuerat,
2541 5267 2600 5321 in
2651 5265 3075 5321 monasterium
3124 5264 3339 5320 Montis
3389 5261 3594 5319 Sancti
3638 5253 3785 5329 Eligii

2144 5356 2502 5414 secessisset.
2537 5356 2725 5428 Hujus
2754 5353 2836 5409 rei
2869 5352 3197 5426 praecipuus
3223 5355 3425 5408 auctor
3472 5351 3587 5407 fuit
3636 5349 3784 5404 Lam-

2144 5448 2346 5501 bertus
2376 5445 2558 5501 abbas
2588 5442 3110 5508 Sithiensis,sancti
3141 5439 3404 5498 Anselmi
3438 5429 3786 5506 amicus,qui

2147 5551 2215 5590 ea
2239 5535 2310 5589 de
2353 5550 2436 5604 re,
2468 5542 2533 5588 ut
2581 5533 2954 5589 Malbrancus
3003 5531 3198 5599 refert,
3231 5529 3560 5585 orationem
3611 5536 3786 5582 coram

2148 5621 2355 5693 synodi
2405 5621 2674 5677 Patribus
2723 5621 2947 5676 habuit.
2999 5620 3246 5675 Litteras
3292 5619 3361 5673 de
3412 5617 3525 5673 hoc
3575 5611 3784 5685 negotio
