3950 6218
214 374 217 377 <
230 340 353 408 953

1840 340 2046 408 VITA.
2096 340 2099 343 ⁷

3524 336 3644 405 264

232 475 475 552 scripsit
500 474 763 552 pontifex
784 477 856 537 ad
872 476 1211 538 ‘Manassem
1241 480 1588 538 Remensem
1609 476 1888 554 archiepi-
1916 475 1972 548 Α
2001 475 2287 535 abbatum‘
2305 475 2623 552 colligitur,
2646 470 2806 534 illius
2827 489 3028 533 curam
3049 472 3275 551 Hugoni
3298 466 3496 535 abbati
3515 476 3647 533 Clu-

231 585 506 641 scopum,
536 574 666 625 tum
700 571 773 626 ad
803 570 1263 639 Tarvennenses,
1292 587 1359 627 ac
1382 569 1557 627 etiam
1591 572 1663 627 ad
1692 571 1886 644 ipsum

230 657 545 725 Joannem,
582 658 676 714 cui
708 659 978 731 prohibet
1020 676 1092 715 ne
1138 659 1401 716 electioni
1453 678 1571 716 suis
1604 661 1891 716 contraire

234 747 477 813 audeat;
510 748 615 802 sed
647 746 735 803 his
766 748 958 804 solum
1009 748 1227 803 ultimae
1276 753 1612 820 supersunt,
1645 766 1793 821 quas
1825 765 1893 804 ex

234 836 504 907 ejusdem
521 836 771 892 Joannis
787 837 937 897 Vita.
959 837 1096 892 olim
1115 837 1509 909 praefarentur.
1526 838 1673 893 Loco
1696 843 1891 894 autem

233 940 441 981 earum
468 942 598 997 quae
621 926 691 981 ad
717 926 1049 983 Manassem
1072 927 1299 999 scriptae
1330 932 1512 994 erant,
1529 928 1802 983 dabimus
1831 928 1891 982 in

226 1012 574 1084 .Appendice
594 1013 858 1084 ejusdem
882 1013 1298 1087 archiepiscopi
1318 1014 1623 1085 epistolam
1642 1016 1710 1070 ad
1734 1016 1893 1088 ipsos

237 1100 705 1163 Tarvennenses,
729 1117 845 1173 qua
870 1117 971 1158 eos
1000 1103 1071 1157 ad
1095 1103 1379 1158 Joannem
1404 1104 1574 1176 juxta
1604 1105 1896 1176 pontiﬁcis

238 1194 297 1245 et
324 1188 563 1244 concilii
594 1191 872 1245 mandata
901 1191 1343 1263 suscipiendum
1375 1193 1736 1260 adhortatur,
1761 1195 1895 1266 qui-

236 1277 355 1333 bus
397 1278 595 1349 reipsa
628 1294 726 1334 eos
765 1280 1029 1351 paruisse
1060 1296 1129 1335 ex
1171 1280 1558 1353 ipsorummet
1582 1281 1792 1338 litteris
1823 1285 1894 1339 ad

240 1366 629 1422 Lambertum
661 1367 1122 1433 Atrebatensem,
1148 1386 1181 1423 a
1210 1368 1445 1424 Baluzio
1491 1375 1648 1426 tomo
1682 1371 1727 1424 V
1759 1372 1895 1428 Mis-

236 1453 450 1511 cellan.
477 1454 677 1510 relatis
706 1460 879 1526 patet.
908 1456 991 1511 lbi
1038 1457 1191 1512 enim
1225 1474 1280 1513 se
1304 1476 1465 1530 papae
1498 1460 1708 1515 litteras
1739 1478 1897 1516 acce-

234 1543 400 1615 pisse
428 1542 596 1599 aiunt
615 1559 778 1615 super
794 1546 1207 1614 conﬁr-matimte
1227 1547 1509 1603 electionis
1527 1548 1717 1604 damni
1733 1552 1898 1605 Joan-

234 1633 327 1686 nis
360 1631 741 1687 archidiaconi
769 1633 1166 1695 Atrebatensis;
1188 1634 1405 1706 quibus
1433 1651 1496 1693 se
1521 1637 1681 1693 corde
1704 1642 1755 1693 et
1783 1640 1902 1694 ani-

231 1736 327 1775 mo
358 1719 867 1792 obtemperaturos
916 1722 1279 1792 profitentur.
1315 1725 1383 1779 Et
1436 1725 1673 1796 quidem
1728 1727 1900 1798 paulo

1999 566 2257 624 niacensi
2280 567 2351 623 ad
2373 564 2654 640 Stephani
2679 563 2909 623 comitis
2930 566 3177 638 ejusque
3197 565 3394 622 uxoris
3420 580 3644 641 preces,

1999 656 2380 712 committere.
2404 656 2644 711 Exstant
2663 673 2731 713 ea
2760 650 2834 712 de
2862 672 2922 711 re
2942 654 3158 712 Urbani
3182 654 3406 722 litterae,
3431 656 3648 728 quibus

2000 746 2257 817 pontifex
2279 747 2333 799 id
2359 746 2713 800 exsecutioni
2739 743 3006 800 mandari
3036 743 3317 817 praecipit,
3342 745 3423 799 ita
3451 749 3647 800 tamen

2000 838 2065 890 ut
2094 833 2191 889 ille
2240 835 2386 889 locus
2418 836 2638 905 proprio
2685 833 2877 889 abbate
2930 850 3040 889 non
3097 842 3298 888 careat.
3355 834 3648 898 Quantum

1999 937 2133 977 vero
2164 911 2548 978 laborandum
2572 922 2747 978 fuerit
2770 927 2835 977 ut
2856 922 2975 977 haec
2996 922 3232 977 abbatis
3252 939 3287 977 a
3308 921 3650 978 Cluniacen-

2003 1010 2158 1065 sium
2183 1011 2329 1082 jugo
2361 1011 2731 1076 eximeretur,
2768 1026 2836 1066 ex
2875 1009 3142 1065 Guidone
3170 1010 3517 1067 discendum
3566 1014 3655 1067 est

2005 1099 2061 1152 in
2096 1099 2286 1154 Gestis
2318 1100 2595 1154 abbatum
2642 1099 2836 1155 Sancti
2872 1099 3147 1154 Germani
3194 1104 3351 1155 tonio
3384 1100 3407 1156 Ι
3439 1100 3652 1156 Biblio-

2004 1188 2184 1242 thecas
2215 1188 2549 1243 Labbeanaa.

2078 1276 2477 1349 Disceptatum
2508 1280 2599 1331 est
2641 1281 2843 1349 postea
2890 1293 3086 1333 coram
3134 1279 3399 1349 ejusdem
3448 1279 3653 1352 synodi

2009 1365 2277 1419 Patribus
2298 1365 2369 1420 de
2392 1367 2703 1421 ccemeterii
2727 1368 2861 1435 jure
2884 1366 2940 1420 in
2969 1366 3112 1422 urbe
3130 1367 3460 1439 Burdigala,
3485 1369 3656 1440 cujus

2009 1454 2434 1527 possessionem
2487 1453 2741 1510 ecclesiae
2790 1455 2982 1510 Sancti
3025 1456 3260 1510 Andreae
3305 1456 3657 1513 cathedralis

2010 1542 2269 1597 canonici
2296 1543 2405 1597 sibi
2432 1543 2627 1597 deberi
2652 1544 3099 1611 contendebant,
3116 1550 3319 1600 contra
3334 1545 3657 1602 nitentibus

2011 1630 2236 1685 clericis
2269 1631 2462 1686 Sancti
2510 1630 2789 1687 Severini.
2825 1632 2935 1687 Sed
2968 1631 3027 1686 hi
3060 1631 3252 1687 ultimi
3303 1649 3483 1688 causa
3510 1634 3656 1689 ceci-

2011 1719 2241 1786 derunt,
2267 1723 2332 1773 ut
2360 1736 2429 1773 ex
2466 1719 2678 1775 Urbani
2704 1720 2984 1792 rescripto
3015 1719 3323 1785 discimus,
3347 1722 3503 1793 quod
3529 1725 3661 1794 post

234 1812 392 1879 post,
413 1807 685 1864 videlicet
716 1826 755 1864 ιι
806 1826 990 1865 nonas
1035 1810 1192 1865 Junii
1212 1811 1408 1883 .hujus
1452 1815 1613 1879 anni,
1645 1816 1900 1871 Joannes
1929 1848 1979 1914 Β
2011 1808 2235 1878 aliquot
2266 1808 2390 1863 dies
2420 1824 2486 1862 ea
2516 1810 2584 1864 de
2638 1825 2696 1863 re
2726 1808 2798 1863 ad
2831 1809 3143 1865 canonicos
3175 1810 3372 1865 Sancti
3426 1811 3658 1867 Andreae

234 1898 550 1968 presbyter
575 1897 882 1953 ordinatus
913 1903 1031 1963 est;
1066 1904 1191 1954 tum
1247 1918 1447 1957 mense
1496 1906 1759 1975 sequenti
1805 1923 1902 1969 xv;
1931 1897 1978 1914 ³³
2011 1897 2190 1952 dedit.

239 1984 541 2042 Kalendas
568 1986 837 2059 Augusti,
865 1988 1060 2044 Remis
1091 2006 1124 2043 a
1156 1989 1423 2046 Manasse
1455 1994 1902 2065 metropolitano

239 2078 621 2128 consecratus
678 2074 1011 2145 episcopus,
1051 2077 1288 2132 tandem
1329 2078 1644 2135 Tarvennaa
1691 2098 1905 2138 summa

239 2162 380 2217 cieri
393 2177 685 2233 procerum
714 2170 766 2217 et
779 2164 973 2234 populi
1000 2166 1366 2221 exsultatione
1386 2176 1682 2240 susceptus,
1707 2187 1763 2225 ix
1783 2173 1882 2226 Kal

236 2250 486 2317 eiusdem
508 2252 716 2306 mensis
737 2252 1005 2307 cathedra:
1020 2255 1339 2324 pontiﬁcali
1367 2256 1775 2313 inthronizatus
1803 2244 1902 2324 est:

237 2342 308 2393 ut
337 2337 515 2394 refert
550 2337 809 2394 Joannes
856 2339 983 2409 ejus
1012 2319 1160 2396 Vitas
1188 2319 1415 2398 'auctor
1463 2344 1703 2415 aequalis
1750 2319 1905 2419 apud

243 2426 602 2482 Bollandum
631 2427 724 2483 die
763 2429 833 2482 27
862 2427 1146 2495 Januarii,
1171 2446 1285 2501 quo
1333 2431 1461 2502 ejus
1511 2434 1795 2490 memoria
1840 2436 1899 2490 in

242 2515 474 2585 aliquot
504 2514 935 2587 Martyrologiis
966 2517 1308 2573 celebratur.

317 2603 494 2659 Porro
518 2604 865 2660 Lambertus
886 2605 1087 2671 abbas,
1107 2606 1206 2678 qui
1232 2624 1336 2679 pro
1359 2607 1642 2665 electione
1662 2611 1906 2667 Joannis

244 2693 309 2748 in
341 2692 564 2765 synodo
612 2709 917 2765 perorasse
958 2694 1192 2760 dicitur,
1226 2695 1699 2755 Cluniacensium
1749 2701 1908 2756 fama

245 2781 501 2848 illectus,
534 2797 634 2837 eos
675 2781 737 2837 in
777 2799 949 2837 suum
982 2783 1179 2839 Sancti
1210 2784 1427 2841 Bertini
1461 2789 1905 2857 monasterium,

246 2871 310 2926 in
343 2887 459 2942 quo
517 2870 834 2943 disciplina
890 2871 1175 2943 regularis
1235 2874 1583 2947 intepuerat,
1633 2878 1908 2934 inducere

242 2957 607 3031 jampridem
649 2958 1069 3027 meditabatur;
1099 2967 1429 3033 opportuna
1472 2963 1651 3035 hujus
1680 2966 1908 3022 itineris

251 3046 503 3102 Romani
549 3062 696 3101 usus
743 3046 1066 3113 occasione,
1099 3047 1158 3103 id
1190 3047 1525 3121 impetravit
1550 3051 1622 3106 ab
1651 3051 1904 3119 Urbano,

248 3133 674 3191 interveniente
687 3132 1008 3189 Clementia
1022 3127 1419 3206 comitissa,cu
1419 3139 1520 3209 jus
1538 3139 1608 3194 ad
1630 3141 1903 3196 eumdem

2086 1987 2205 2040 Huc
2235 2001 2468 2059 quoque
2507 1986 2867 2042 advenerunt
2913 1987 3180 2043 monachi
3233 1986 3657 2071 Molismenses’

2013 2079 2331 2146 conquestu
2342 2075 2388 2129 ri
2416 2075 2696 2130 adversus
2718 2075 3036 2132 Rohertum
3059 2092 3231 2132 suum
3258 2092 3461 2132 eorum
3488 2076 3665 2133 abba-

2011 2166 2153 2227 tem,
2177 2162 2276 2233 qui
2321 2162 2463 2234 ipsis
2508 2163 2771 2219 dimissis
2800 2164 2872 2219 ad
2904 2163 3343 2220 Cisterciensem
3374 2180 3661 2231 eremum,

2014 2268 2162 2306 nova
2184 2251 2265 2305 ibi
2288 2256 2477 2306 erecta
2497 2252 2751 2318 abbatis,
2769 2252 3306 2324 transmigraverat.
3327 2257 3539 2309 Eorum
3563 2269 3664 2326 pe-

2015 2338 2202 2394 titioni
2237 2344 2570 2394 annuerunt
2614 2339 2843 2395 concilii
2891 2342 3121 2410 Patres;
3154 2346 3211 2396 et
3240 2342 3363 2413 ipse
3408 2342 3664 2414 pontifex

2016 2428 2360 2498 in/atigabiti
2408 2428 2855 2493 Molismensium,
2902 2433 2967 2483 ut
3011 2427 3070 2483 in
3129 2427 3414 2483 Chronico
3475 2428 3665 2485 Arela-

2014 2516 2165 2572 tensi
2220 2516 2450 2587 legitur,
2484 2517 2705 2588 querela
2760 2521 2928 2572 actus
2989 2515 3178 2589 legato
3229 2532 3338 2572 suo
3368 2516 3427 2572 in
3460 2517 3665 2574 Galliis

2015 2605 2246 2677 Hugoni
2282 2604 2536 2677 scripsit,
2572 2609 2637 2659 ut
2687 2606 2936 2661 Roberto
2967 2605 3039 2660 ad
3070 2622 3211 2661 suos
3259 2606 3665 2663 Moliemenses

2016 2694 2264 2750 reditum
2298 2694 2649 2765 persuadere
2694 2699 3032 2761 conaretur;
3066 2699 3168 2749 aut
3197 2693 3245 2750 si
3276 2694 3333 2749 id
3375 2694 3499 2751 fieri
3547 2711 3664 2751 non

2015 2787 2232 2856 posset,
2267 2799 2357 2837 res
2388 2781 2469 2837 ita
2515 2788 2845 2855 componat,
2872 2788 2937 2838 ut
2966 2784 3277 2855 utriusque
3329 2782 3665 2839 monasterii

2016 2870 2225 2926 fratres
2253 2869 2312 2923 in
2344 2886 2450 2926 suo
2482 2871 2701 2942 quique
2744 2869 2871 2927 loco
2901 2870 3176 2943 deinceps
3209 2870 3390 2943 quieti
3435 2887 3667 2943 perma-

2015 2962 2210 3014 neant.
2235 2962 2373 3013 Dato
2390 2974 2458 3015 ea
2472 2959 2545 3014 de
2561 2975 2623 3014 re
2647 2960 2899 3026 decreto,
2916 2976 3030 3032 quo
3048 2964 3282 3015 cavetur
3301 2976 3372 3015 ne
3392 2959 3668 3032 deinceps

2015 3046 2285 3103 monachi
2335 3063 2538 3102 eorum
2586 3048 3077 3104 monasteriorum
3108 3063 3140 3102 e
3180 3047 3304 3103 loco
3352 3048 3426 3103 ad
3474 3047 3669 3104 locum

2014 3135 2438 3207 transmigrare
2488 3140 2752 3207 pergant.
2778 3135 2994 3191 Urbani
3042 3135 3291 3208 epistola
3318 3134 3557 3191 dabitur
3600 3152 3669 3192 ex

248 3223 589 3297 pontificem
612 3221 837 3278 litteras
857 3239 923 3278 ea
940 3222 1011 3277 de
1030 3240 1087 3278 re
1104 3224 1419 3283 deferebat.
1435 3226 1502 3281 Et
1518 3226 1755 3298 quidem
1778 3229 1908 3284 abs.
1936 3211 1979 3277 Ο
2015 3223 2190 3280 variis
2219 3222 2455 3295 scriptis
2484 3228 2541 3279 et
2569 3222 2770 3292 editis;
2804 3228 2861 3279 et
2890 3228 3089 3295 postea
3110 3224 3376 3294 ejusdem
3407 3240 3476 3280 ea
3503 3224 3576 3280 de
3609 3240 3670 3280 re

246 3328 364 3385 que
384 3310 506 3367 ulla
523 3328 691 3367 mora
709 3310 933 3367 litteras
950 3312 1020 3367 ad
1038 3312 1339 3384 Hugonem
1354 3313 1613 3371 Cluniaci
1632 3316 1901 3373 abbatem

244 3399 488 3472 scripsit
515 3399 793 3473 pontifex,
826 3416 1079 3472 eumque
1103 3401 1333 3456 monuit
1362 3407 1427 3457 ut
1456 3402 1653 3459 Sancti
1684 3404 1903 3460 Bertini

244 3488 545 3546 Sithiense
566 3488 991 3544 monasterium
1016 3490 1125 3545 sub
1144 3506 1253 3545 sua
1273 3506 1415 3546 cura
1436 3491 1732 3563 reciperet,
1749 3495 1903 3565 quod

245 3578 541 3633 Robertus
592 3576 1039 3633 Flandrensium
1091 3594 1285 3634 comes
1331 3596 1424 3635 an.
1461 3581 1600 3636 1106
1629 3598 1697 3637 ex
1743 3598 1904 3652 pere-

242 3665 576 3739 grinatione
606 3665 1097 3738 Jerosolymitana
1132 3684 1418 3735 reversus,
1450 3670 1735 3726 Attrebati
1768 3687 1904 3727 con-

243 3754 525 3821 ﬁrmavit,
557 3757 625 3809 ut
648 3770 717 3809 ex
745 3755 875 3825 ejus
907 3753 1110 3810 charta
1139 3759 1321 3827 patet,
1354 3755 1536 3813 relata
1580 3758 1638 3813 in
1685 3759 1906 3815 Biblio-

241 3841 419 3898 theca
447 3840 733 3909 Cluniac.,
768 3840 878 3897 col.
911 3843 1035 3897 538.
1065 3843 1213 3907 Quin
1259 3849 1315 3900 et
1364 3845 1489 3917 ipse
1538 3847 1904 3913 Lambertus,

244 3934 382 4002 post
412 3947 603 4003 pauca
630 3929 832 3986 relicto
854 3932 1196 3987 monasterii
1218 3933 1308 3988 sui
1338 3933 1640 4006 regimine,
1675 3934 1906 3993 Clunia-

245 4036 383 4075 cum
416 4019 683 4088 secessit,
707 4036 774 4075 ac
827 4036 979 4075 nova
1000 4020 1370 4093 professione
1392 4039 1520 4079 sese
1542 4024 1757 4097 regulae
1782 4026 1910 4081 stri-

247 4108 407 4163 ctius
438 4107 731 4174 astrinxit,
747 4108 904 4163 unde
925 4110 1302 4180 postmodum
1322 4110 1394 4165 ad
1419 4126 1587 4167 suam
1612 4112 1907 4169 abbatiam

246 4198 560 4259 remissus,
585 4196 715 4267 ejus
745 4212 948 4251 curam
1001 4213 1187 4269 usque
1230 4198 1303 4253 ad
1352 4198 1480 4254 vitae
1534 4202 1711 4256 tinem
1771 4203 1907 4275 egit.

245 4285 537 4340 Caeterum
569 4283 839 4339 monachi
871 4284 1211 4353 Bertiniani,
1241 4286 1360 4342 imo
1390 4291 1447 4342 et
1476 4287 1603 4359 ipse
1634 4289 1911 4347 Lamber-

243 4376 344 4429 tus
374 4373 532 4429 haud
562 4372 664 4428 diu
687 4372 1091 4429 Cluniacensis
1118 4374 1347 4430 abbatis
1375 4380 1506 4447 post
1536 4376 1690 4432 beati
1718 4378 1911 4453 Hugo-

2014 3313 2313 3368 decretum
2354 3328 2423 3367 ex
2470 3311 2744 3367 Orderico
2773 3311 2968 3366 Vitali.
3013 3311 3299 3390 Caeterum
3348 3312 3535 3385 Hugo,
3580 3328 3667 3368 re-

2013 3401 2197 3473 ceptis
2248 3401 2462 3456 Urbani
2520 3399 2753 3465 litteris,
2797 3416 2920 3455 rem
2980 3416 3113 3455 cum
3169 3398 3300 3455 aliis
3359 3399 3669 3472 provincia

2013 3489 2302 3562 episcopis
2342 3493 2399 3543 et
2441 3488 2755 3544 abbatibus
2785 3488 2844 3542 in
2876 3487 3164 3561 colloquio
3195 3489 3351 3560 apud
3399 3490 3669 3545 Portum-

2012 3576 2249 3633 Ancillaa
2270 3575 2560 3642 tractavit,
2576 3579 2752 3648 atque
2773 3574 2851 3631 ibi
2869 3576 3168 3632 decretum
3192 3580 3282 3632 est
3301 3580 3366 3631 ut
3384 3576 3670 3633 Robertus

2017 3665 2243 3722 reddita
2271 3665 2543 3737 episcopo
2573 3664 2944 3721 Cabilonensi
2975 3666 3139 3738 virga
3166 3664 3535 3721 Cisteriensis
3565 3666 3669 3722 ab-

2015 3755 2205 3823 batiaa,
2238 3753 2628 3825 relaxatisque
2657 3755 2729 3809 ab
2761 3754 3104 3810 obedientiaa
3137 3752 3525 3826 promissione
3555 3754 3668 3811 sibi

2017 3844 2172 3902 facta
2197 3842 2503 3900 monachis
2522 3842 3026 3909 Cisterciensibus,
3052 3842 3409 3911 Molismum,
3434 3858 3568 3898 cum
3595 3843 3667 3899 iis

2017 3934 2119 4006 qui
2150 3951 2285 3989 eum
2330 3932 2496 4004 sequi
2525 3931 2815 3988 voluerint
2855 3935 3269 3997 reverteretur;
3302 3932 3388 3987 ita
3418 3936 3480 3987 ut
3522 3931 3667 3988 nulli

2018 4022 2311 4094 deinceps,
2336 4021 2447 4077 nisi
2475 4021 2641 4092 juxta
2662 4021 2816 4092 quod
2852 4020 3134 4091 permittit
3166 4020 3349 4075 sancti
3375 4019 3669 4076 Benedicti

2019 4110 2241 4185 regula,
2276 4110 2561 4167 transitus
2592 4110 2662 4165 ad
2697 4110 2855 4165 aliud
2890 4110 3311 4167 monasterium
3344 4108 3541 4165 licitus
3572 4108 3666 4165 sit.
3742 4184 3749 4191 κ

2021 4201 2311 4257 Bobertus
2333 4200 2548 4271 itaque,
2567 4199 2830 4254 Alberico
2853 4198 2912 4253 in
2933 4197 3376 4254 Cisterciensem
3400 4197 3670 4254 abbatem

2021 4289 2134 4346 sibi
2166 4289 2505 4356 substituto,
2532 4287 2867 4343 Molismum
2894 4286 3144 4358 repetiit,
3168 4286 3365 4358 ibique
3397 4285 3469 4340 ad
3492 4286 3671 4341 tinem

2020 4380 2149 4435 vitae
2193 4376 2596 4451 perseveravit.
2631 4376 2760 4432 Haec
2808 4376 2978 4431 initia
3025 4382 3164 4431 sunt
3206 4374 3429 4428 ordinis
3456 4373 3670 4428 Cister-

242 4462 339 4517 nis
371 4465 622 4518 mortem
646 4462 858 4535 jugum
889 4462 1038 4518 ferre
1068 4461 1398 4536 valuerunt,
1421 4465 1505 4519 uti
1519 4467 1645 4521 fuse
1675 4474 1915 4524 narrant
2023 4467 2256 4532 ciensis,
2280 4467 2496 4538 quibus
2527 4465 2681 4523 sicut
2724 4471 2783 4521 et
2811 4464 3106 4520 natalibus
3153 4461 3337 4518 sancti
3390 4461 3669 4516 Bernardi

244 4550 475 4640 iperius
520 4550 912 4640 inichronico
959 4551 1226 4621 ejusdem
1271 4551 1401 4618 loci,
1437 4557 1494 4607 et
1538 4553 1909 4612 Malbrancus
1941 4575 1985 4640 υ
2021 4572 2176 4613 anno
2203 4556 2335 4610 1091
2359 4554 2543 4610 exorti
2564 4553 2896 4609 illustratus
2919 4558 3009 4609 est
3030 4550 3242 4608 Urbani
3270 4549 3668 4640 pontificatus.

242 4637 347 4693 lib.
372 4655 431 4693 ιι
454 4643 536 4694 De
559 4638 816 4694 Morinis.
839 4639 1083 4694 Exstant
1101 4655 1170 4694 ea
1199 4640 1271 4695 de
1302 4656 1363 4695 re
1393 4640 1630 4696 Honorii
1665 4660 1825 4717 papae
1859 4645 1909 4701 ΙΙ
1941 4631 1948 4637 λ

241 4724 452 4783 litterae
484 4727 543 4781 in
574 4726 822 4800 gratiam
867 4727 1020 4783 Petri
1059 4726 1480 4798 Cluniacensis,
1514 4729 1587 4785 ad
1635 4731 1906 4788 abbatem

242 4816 441 4871 Sancti
475 4814 717 4882 Bertini,
750 4815 852 4887 qui
882 4816 933 4871 ei
979 4816 1215 4871 obedire
1249 4816 1628 4890 detrectabat,
1653 4820 1754 4875 sed
1788 4820 1907 4878 hate

244 4903 439 4961 fusius
469 4904 751 4976 prosequi
781 4921 898 4960 non
927 4908 1114 4959 vacat.

315 4993 605 5049 Eamdem
636 4992 754 5048 fere
796 4993 1117 5060 fortunam,
1142 4993 1243 5049 sed
1276 4994 1349 5049 ob
1381 4994 1642 5052 diversas
1673 5014 1905 5070 causas,

244 5085 554 5153 expertum
589 5084 681 5136 est
716 5080 777 5135 in
824 5080 935 5136 hac
980 5081 1203 5153 synodo
1252 5082 1674 5147 monasterium
1708 5086 1904 5143 Sancti

244 5169 523 5225 Germani
551 5185 733 5241 prope
761 5168 1255 5234 Antissiodorum,
1291 5172 1459 5241 cujus
1493 5173 1675 5229 abbas
1704 5174 1764 5229 in
1797 5176 1905 5230 Ne-

243 5258 553 5313 mausensi
601 5257 845 5314 concilio
892 5263 1303 5314 exauctoratus
1335 5261 1540 5316 fuerat.
1574 5268 1717 5318 Cum
1748 5265 1907 5320 enim

203 5347 477 5418 .perdiu,
531 5346 634 5402 sed
683 5363 916 5420 semper
960 5347 1198 5411 frustra,
1250 5350 1474 5404 tentata
1526 5350 1734 5407 fuisset
1780 5354 1909 5425 ejus

242 5435 478 5491 abbatis
510 5436 829 5503 restitutio,
860 5435 1145 5506 locusque
1193 5435 1337 5491 adeo
1383 5436 1636 5510 insignis
1685 5441 1909 5513 absque

243 5524 436 5597 capite
467 5524 527 5579 in
578 5526 748 5596 pejus
794 5522 1037 5580 omnino
1068 5522 1273 5590 abiret,
1304 5524 1498 5581 visum
1548 5532 1636 5583 est
1680 5530 1910 5586 concilii

246 5612 523 5669 Patribus
584 5617 718 5685 post
775 5611 1122 5677 triennium,
1156 5611 1239 5666 uti
1270 5629 1339 5668 ex
1371 5613 1561 5671 Gestis
1619 5617 1745 5688 ejus
1800 5618 1909 5675 loci

2017 4645 2098 4701 De
2127 4644 2219 4699 his
2259 4642 2603 4699 consulendi
2648 4642 2982 4713 Manriquez
3011 4640 3071 4695 in
3101 4638 3428 4695 Annalibus
3456 4637 3671 4693 Cister-

2017 4730 2333 4797 ciensibus,
2381 4731 2691 4788 Ordericus
2737 4730 2965 4796 Vitalis,
3019 4744 3345 4800 anonymus
3394 4729 3597 4783 auctor
3637 4740 3674 4781 a

2017 4821 2245 4877 Labbeo
2274 4824 2434 4875 tomo
2466 4820 2488 4875 Ι
2520 4818 2887 4875 Bibliotheca:
2907 4818 3123 4887 editus,
3147 4815 3249 4888 qui
3279 4814 3456 4871 etiam
3476 4818 3674 4870 vetera

2015 4910 2427 4974 instrumenta,
2457 4908 2611 4963 sicut
2635 4911 2693 4963 et
2721 4907 2818 4963 alii
2849 4907 3072 4980 passim
3104 4905 3364 4961 Historia:
3396 4901 3672 4960 ecclesia-

2018 4999 2176 5054 sticae
2206 4997 2522 5069 scriptores
2556 4995 2775 5068 passim
2809 4997 3102 5052 exhibent.

2087 5087 2304 5142 Eodem
2337 5102 2492 5141 anno
2540 5089 2597 5141 et
2646 5085 2795 5141 forte
2837 5084 3014 5140 etiam
3070 5084 3130 5139 in
3188 5083 3391 5140 eadem
3451 5079 3672 5155 synodo

2018 5174 2326 5230 restitutus
2368 5173 2477 5229 fuit
2525 5174 2585 5229 in
2636 5174 2882 5247 gradum
2941 5190 3116 5229 suum
3175 5171 3351 5227 Fulco
3408 5168 3674 5225 Divensis

2019 5263 2241 5319 Sanctae
2287 5263 2480 5318 Maria:
2528 5263 2867 5320 monasterii
2898 5263 2958 5318 in
2987 5260 3413 5318 Northmannia
3466 5257 3670 5322 abbas,

2018 5352 2118 5424 qui
2163 5353 2463 5424 instigante
2514 5353 2738 5421 Satana,
2772 5356 2839 5408 ut
2878 5353 3004 5425 jam
3056 5368 3124 5407 ex
3152 5346 3410 5405 Orderici
3461 5345 3610 5400 libro
3638 5359 3675 5398 x

2018 5440 2297 5511 diximus,
2332 5442 2532 5513 injuste
2558 5444 2887 5498 criminatus
2923 5446 2976 5498 et
2996 5440 3274 5511 depositus
3304 5436 3494 5490 fuerat
3538 5436 3676 5486 ante

2019 5544 2205 5584 annos
2237 5532 2482 5600 septem,
2508 5546 2656 5601 quos
2687 5531 2746 5585 in
2778 5535 2976 5586 monte
3002 5528 3234 5592 Casino,
3264 5520 3489 5577 monitu
3511 5521 3576 5574 ut
3595 5518 3674 5572 vi-

2022 5619 2192 5674 detur
2224 5617 2460 5685 Urbani,
2488 5619 2561 5674 ad
2605 5634 2779 5688 quem
2812 5618 3170 5688 confugerat,
3198 5607 3501 5680 transegit.
3536 5606 3672 5677 Ejus
