  <div class='ocr_page' id='page_1' title='image "/cluster/home/n/w/nwhite01/storage/ocr_20150623/151/uva.x000829795/151.png"; bbox 0 0 3950 6218; ppageno 0'>
   <div class='ocr_carea' id='block_1_1' title="bbox 347 374 469 438">
    <p class='ocr_par' dir='ltr' id='par_1_1' title="bbox 347 374 469 438">
     <span class='ocr_line' id='line_1_1' title="bbox 347 374 469 438; baseline 0.016 -3"><span class='ocrx_word' id='word_1_1' title='bbox 347 374 469 438; x_wconf 74' lang='grc' dir='ltr'><strong>2ὸῦ</strong></span> 
     </span>
    </p>
   </div>
   <div class='ocr_carea' id='block_1_2' title="bbox 1649 359 2448 426">
    <p class='ocr_par' dir='ltr' id='par_1_2' title="bbox 1649 359 2448 426">
     <span class='ocr_line' id='line_1_2' title="bbox 1649 359 2448 426; baseline -0.003 -2"><span class='ocrx_word' id='word_1_2' title='bbox 1649 362 1720 424; x_wconf 89' lang='grc' dir='ltr'>Β.</span> <span class='ocrx_word' id='word_1_3' title='bbox 1764 359 2056 426; x_wconf 78' lang='lat' dir='ltr'>URBAN!</span> <span class='ocrx_word' id='word_1_4' title='bbox 2101 359 2153 424; x_wconf 84' lang='lat' dir='ltr'>ll</span> <span class='ocrx_word' id='word_1_5' title='bbox 2198 360 2448 424; x_wconf 73' lang='lat' dir='ltr'>PAP/E.</span> 
     </span>
    </p>
   </div>
   <div class='ocr_carea' id='block_1_3' title="bbox 3623 357 3733 427">
    <p class='ocr_par' dir='ltr' id='par_1_3' title="bbox 3623 357 3733 427">
     <span class='ocr_line' id='line_1_3' title="bbox 3623 357 3733 427; baseline -0.018 1"><span class='ocrx_word' id='word_1_6' title='bbox 3623 357 3733 427; x_wconf 72' lang='lat'>256</span> 
     </span>
    </p>
   </div>
   <div class='ocr_carea' id='block_1_4' title="bbox 347 493 3731 574">
    <p class='ocr_par' dir='ltr' id='par_1_4' title="bbox 347 493 3731 574">
     <span class='ocr_line' id='line_1_4' title="bbox 347 493 3731 574; baseline -0.003 -7"><span class='ocrx_word' id='word_1_7' title='bbox 347 501 746 566; x_wconf 87' lang='lat' dir='ltr'>destitutionis</span> <span class='ocrx_word' id='word_1_8' title='bbox 779 506 840 562; x_wconf 86' lang='lat' dir='ltr'>et</span> <span class='ocrx_word' id='word_1_9' title='bbox 876 495 1265 561; x_wconf 85' lang='lat' dir='ltr'>restitutionis</span> <span class='ocrx_word' id='word_1_10' title='bbox 1293 501 1529 574; x_wconf 83' lang='lat' dir='ltr'><strong>tempus</strong></span> <span class='ocrx_word' id='word_1_11' title='bbox 1558 513 1625 556; x_wconf 79' lang='lat' dir='ltr'>ex</span> <span class='ocrx_word' id='word_1_12' title='bbox 1653 494 1858 556; x_wconf 88' lang='lat' dir='ltr'>eodem</span> <span class='ocrx_word' id='word_1_13' title='bbox 1889 513 1993 556; x_wconf 87' lang='lat' dir='ltr'>au-</span> <span class='ocrx_word' id='word_1_14' title='bbox 2021 495 2077 567; x_wconf 75' lang='grc' dir='ltr'><strong>Α</strong></span> <span class='ocrx_word' id='word_1_15' title='bbox 2101 499 2285 572; x_wconf 82' lang='lat' dir='ltr'>tione,</span> <span class='ocrx_word' id='word_1_16' title='bbox 2312 515 2442 574; x_wconf 67' lang='lat' dir='ltr'>quae</span> <span class='ocrx_word' id='word_1_17' title='bbox 2471 497 2669 556; x_wconf 87' lang='lat' dir='ltr'>omnia</span> <span class='ocrx_word' id='word_1_18' title='bbox 2706 495 3057 572; x_wconf 86' lang='lat' dir='ltr'>rescriptum</span> <span class='ocrx_word' id='word_1_19' title='bbox 3099 493 3244 556; x_wconf 86' lang='lat' dir='ltr'>illud</span> <span class='ocrx_word' id='word_1_20' title='bbox 3286 494 3453 557; x_wconf 85' lang='lat' dir='ltr'>valde</span> <span class='ocrx_word' id='word_1_21' title='bbox 3497 493 3731 559; x_wconf 76' lang='lat' dir='ltr'>dubium</span> 
     </span>
    </p>
   </div>
   <div class='ocr_carea' id='block_1_5' title="bbox 349 589 1995 668">
    <p class='ocr_par' dir='ltr' id='par_1_5' title="bbox 349 589 1995 668">
     <span class='ocr_line' id='line_1_5' title="bbox 349 589 1995 668; baseline -0.008 -11"><span class='ocrx_word' id='word_1_22' title='bbox 349 603 505 657; x_wconf 85' lang='lat' dir='ltr'>ctore</span> <span class='ocrx_word' id='word_1_23' title='bbox 539 592 1010 668; x_wconf 84' lang='lat' dir='ltr'>colligimus,qui</span> <span class='ocrx_word' id='word_1_24' title='bbox 1062 592 1264 648; x_wconf 81' lang='lat' dir='ltr'>scribit</span> <span class='ocrx_word' id='word_1_25' title='bbox 1293 590 1604 648; x_wconf 89' lang='lat' dir='ltr'>Fulconem</span> <span class='ocrx_word' id='word_1_26' title='bbox 1652 606 1806 646; x_wconf 85' lang='lat' dir='ltr'>anno</span> <span class='ocrx_word' id='word_1_27' title='bbox 1858 589 1995 644; x_wconf 86' lang='grc'><strong>1106</strong></span> 
     </span>
    </p>
   </div>
   <div class='ocr_carea' id='block_1_6' title="bbox 349 679 1995 754">
    <p class='ocr_par' dir='ltr' id='par_1_6' title="bbox 349 679 1995 754">
     <span class='ocr_line' id='line_1_6' title="bbox 349 679 1995 754; baseline -0.008 -8"><span class='ocrx_word' id='word_1_28' title='bbox 349 690 608 754; x_wconf 62' lang='lat' dir='ltr'>Cruenta,</span> <span class='ocrx_word' id='word_1_29' title='bbox 631 685 690 740; x_wconf 89' lang='lat' dir='ltr'><strong>id</strong></span> <span class='ocrx_word' id='word_1_30' title='bbox 713 690 802 741; x_wconf 89' lang='lat' dir='ltr'>est</span> <span class='ocrx_word' id='word_1_31' title='bbox 826 681 1156 747; x_wconf 82' lang='lat' dir='ltr'>Wintoniae,</span> <span class='ocrx_word' id='word_1_32' title='bbox 1173 681 1232 736; x_wconf 92' lang='lat' dir='ltr'>in</span> <span class='ocrx_word' id='word_1_33' title='bbox 1253 679 1460 754; x_wconf 82' lang='lat' dir='ltr'>Anglia</span> <span class='ocrx_word' id='word_1_34' title='bbox 1479 679 1694 734; x_wconf 89' lang='lat' dir='ltr'>obiisse</span> <span class='ocrx_word' id='word_1_35' title='bbox 1717 696 1776 734; x_wconf 83' lang='lat' dir='ltr'>IIl</span> <span class='ocrx_word' id='word_1_36' title='bbox 1801 679 1995 733; x_wconf 88' lang='lat' dir='ltr'>Nonas</span> 
     </span>
    </p>
   </div>
   <div class='ocr_carea' id='block_1_7' title="bbox 347 768 1995 851">
    <p class='ocr_par' dir='ltr' id='par_1_7' title="bbox 347 768 1995 851">
     <span class='ocr_line' id='line_1_7' title="bbox 347 768 1995 851; baseline -0.008 -16"><span class='ocrx_word' id='word_1_37' title='bbox 347 777 586 851; x_wconf 69' lang='lat' dir='ltr'>Aprilis,</span> <span class='ocrx_word' id='word_1_38' title='bbox 616 792 735 833; x_wconf 73' lang='lat' dir='ltr'>suae</span> <span class='ocrx_word' id='word_1_39' title='bbox 772 771 1158 829; x_wconf 74' lang='lat' dir='ltr'>restitutionis</span> <span class='ocrx_word' id='word_1_40' title='bbox 1209 787 1362 826; x_wconf 87' lang='lat' dir='ltr'>anno</span> <span class='ocrx_word' id='word_1_41' title='bbox 1410 769 1657 841; x_wconf 89' lang='lat' dir='ltr'>septimo</span> <span class='ocrx_word' id='word_1_42' title='bbox 1688 785 1814 839; x_wconf 65' lang='lat' dir='ltr'>quas</span> <span class='ocrx_word' id='word_1_43' title='bbox 1847 768 1995 822; x_wconf 87' lang='lat' dir='ltr'>facta</span> 
     </span>
    </p>
   </div>
   <div class='ocr_carea' id='block_1_8' title="bbox 352 855 1993 938">
    <p class='ocr_par' dir='ltr' id='par_1_8' title="bbox 352 855 1993 938">
     <span class='ocr_line' id='line_1_8' title="bbox 352 855 1993 938; baseline -0.01 -14"><span class='ocrx_word' id='word_1_44' title='bbox 352 869 541 923; x_wconf 78' lang='lat' dir='ltr'>fuerat</span> <span class='ocrx_word' id='word_1_45' title='bbox 568 869 700 938; x_wconf 89' lang='lat' dir='ltr'>post</span> <span class='ocrx_word' id='word_1_46' title='bbox 737 863 882 920; x_wconf 89' lang='lat' dir='ltr'>alios</span> <span class='ocrx_word' id='word_1_47' title='bbox 930 864 1152 933; x_wconf 89' lang='lat' dir='ltr'>septem</span> <span class='ocrx_word' id='word_1_48' title='bbox 1193 876 1379 914; x_wconf 87' lang='lat' dir='ltr'>annos</span> <span class='ocrx_word' id='word_1_49' title='bbox 1410 875 1559 929; x_wconf 87' lang='lat' dir='ltr'>quos</span> <span class='ocrx_word' id='word_1_50' title='bbox 1606 856 1769 911; x_wconf 84' lang='lat' dir='ltr'>exsul</span> <span class='ocrx_word' id='word_1_51' title='bbox 1801 855 1993 912; x_wconf 89' lang='lat' dir='ltr'>Casini</span> 
     </span>
    </p>
   </div>
   <div class='ocr_carea' id='block_1_9' title="bbox 347 945 1995 1029">
    <p class='ocr_par' dir='ltr' id='par_1_9' title="bbox 347 945 1995 1029">
     <span class='ocr_line' id='line_1_9' title="bbox 347 945 1995 1029; baseline -0.009 -15"><span class='ocrx_word' id='word_1_52' title='bbox 347 959 634 1029; x_wconf 80' lang='lat' dir='ltr'>exegerat.</span> <span class='ocrx_word' id='word_1_53' title='bbox 656 955 820 1010; x_wconf 83' lang='lat' dir='ltr'>Hunc</span> <span class='ocrx_word' id='word_1_54' title='bbox 839 967 970 1007; x_wconf 89' lang='lat' dir='ltr'>vero</span> <span class='ocrx_word' id='word_1_55' title='bbox 995 955 1121 1005; x_wconf 86' lang='lat' dir='ltr'>tum</span> <span class='ocrx_word' id='word_1_56' title='bbox 1146 947 1204 1002; x_wconf 91' lang='lat' dir='ltr'>in</span> <span class='ocrx_word' id='word_1_57' title='bbox 1229 948 1523 1002; x_wconf 88' lang='lat' dir='ltr'>abbatiam</span> <span class='ocrx_word' id='word_1_58' title='bbox 1555 962 1722 1001; x_wconf 88' lang='lat' dir='ltr'>suam</span> <span class='ocrx_word' id='word_1_59' title='bbox 1753 945 1995 1000; x_wconf 82' lang='lat' dir='ltr'>rediisse</span> 
     </span>
    </p>
   </div>
   <div class='ocr_carea' id='block_1_10' title="bbox 349 1034 1988 1118">
    <p class='ocr_par' dir='ltr' id='par_1_10' title="bbox 349 1034 1988 1118">
     <span class='ocr_line' id='line_1_10' title="bbox 349 1034 1988 1118; baseline -0.01 -13"><span class='ocrx_word' id='word_1_60' title='bbox 349 1065 475 1104; x_wconf 82' lang='lat' dir='ltr'>cum</span> <span class='ocrx_word' id='word_1_61' title='bbox 500 1059 662 1118; x_wconf 72' lang='lat' dir='ltr'>papae</span> <span class='ocrx_word' id='word_1_62' title='bbox 688 1042 937 1115; x_wconf 74' lang='lat' dir='ltr'>apicibus</span> <span class='ocrx_word' id='word_1_63' title='bbox 966 1039 1220 1095; x_wconf 79' lang='lat' dir='ltr'>affirmat</span> <span class='ocrx_word' id='word_1_64' title='bbox 1249 1037 1403 1092; x_wconf 90' lang='lat' dir='ltr'>idem</span> <span class='ocrx_word' id='word_1_65' title='bbox 1431 1034 1778 1103; x_wconf 90' lang='lat' dir='ltr'>Ordericus;</span> <span class='ocrx_word' id='word_1_66' title='bbox 1813 1039 1873 1090; x_wconf 91' lang='lat' dir='ltr'>at</span> <span class='ocrx_word' id='word_1_67' title='bbox 1902 1034 1988 1089; x_wconf 69' lang='lat' dir='ltr'>has</span> 
     </span>
    </p>
   </div>
   <div class='ocr_carea' id='block_1_11' title="bbox 351 1132 904 1206">
    <p class='ocr_par' dir='ltr' id='par_1_11' title="bbox 351 1132 904 1206">
     <span class='ocr_line' id='line_1_11' title="bbox 351 1132 904 1206; baseline -0.013 -16"><span class='ocrx_word' id='word_1_68' title='bbox 351 1135 555 1192; x_wconf 72' lang='lat' dir='ltr'>litteras</span> <span class='ocrx_word' id='word_1_69' title='bbox 588 1132 904 1206; x_wconf 87' lang='lat' dir='ltr'>perierunt.</span> 
     </span>
    </p>
   </div>
   <div class='ocr_carea' id='block_1_12' title="bbox 627 1215 1720 1277">
    <p class='ocr_par' dir='ltr' id='par_1_12' title="bbox 627 1215 1720 1277">
     <span class='ocr_line' id='line_1_12' title="bbox 627 1215 1720 1277; baseline -0.006 -3"><span class='ocrx_word' id='word_1_70' title='bbox 627 1217 1046 1277; x_wconf 84' lang='lat' dir='ltr'>CCCXXXVIII.</span> <span class='ocrx_word' id='word_1_71' title='bbox 1079 1215 1361 1270; x_wconf 75' lang='lat' dir='ltr'>Anselmus</span> <span class='ocrx_word' id='word_1_72' title='bbox 1393 1216 1557 1270; x_wconf 84' lang='lat' dir='ltr'>Roma</span> <span class='ocrx_word' id='word_1_73' title='bbox 1588 1215 1720 1268; x_wconf 72' lang='lat' dir='ltr'>exit.</span> 
     </span>
    </p>
   </div>
   <div class='ocr_carea' id='block_1_13' title="bbox 422 1301 1993 1378">
    <p class='ocr_par' dir='ltr' id='par_1_13' title="bbox 422 1301 1993 1378">
     <span class='ocr_line' id='line_1_13' title="bbox 422 1301 1993 1378; baseline -0.008 -10"><span class='ocrx_word' id='word_1_74' title='bbox 422 1313 618 1368; x_wconf 83' lang='lat' dir='ltr'>Prima</span> <span class='ocrx_word' id='word_1_75' title='bbox 646 1312 839 1365; x_wconf 90' lang='lat' dir='ltr'>autem</span> <span class='ocrx_word' id='word_1_76' title='bbox 875 1309 1003 1378; x_wconf 89' lang='lat' dir='ltr'>post</span> <span class='ocrx_word' id='word_1_77' title='bbox 1032 1303 1289 1360; x_wconf 91' lang='lat' dir='ltr'>solutum</span> <span class='ocrx_word' id='word_1_78' title='bbox 1320 1302 1630 1360; x_wconf 84' lang='lat' dir='ltr'>concilium</span> <span class='ocrx_word' id='word_1_79' title='bbox 1665 1301 1756 1356; x_wconf 90' lang='lat' dir='ltr'>die</span> <span class='ocrx_word' id='word_1_80' title='bbox 1786 1301 1993 1356; x_wconf 84' lang='lat' dir='ltr'>Ansel-</span> 
     </span>
    </p>
   </div>
   <div class='ocr_carea' id='block_1_14' title="bbox 345 1389 1996 1467">
    <p class='ocr_par' dir='ltr' id='par_1_14' title="bbox 345 1389 1996 1467">
     <span class='ocr_line' id='line_1_14' title="bbox 345 1389 1996 1467; baseline -0.008 -9"><span class='ocrx_word' id='word_1_81' title='bbox 345 1417 504 1467; x_wconf 88' lang='lat' dir='ltr'>mus,</span> <span class='ocrx_word' id='word_1_82' title='bbox 538 1403 683 1456; x_wconf 71' lang='lat' dir='ltr'>teste</span> <span class='ocrx_word' id='word_1_83' title='bbox 734 1395 1040 1460; x_wconf 86' lang='lat' dir='ltr'>Eadmero,</span> <span class='ocrx_word' id='word_1_84' title='bbox 1075 1397 1304 1465; x_wconf 86' lang='lat' dir='ltr'>recepta</span> <span class='ocrx_word' id='word_1_85' title='bbox 1357 1409 1391 1446; x_wconf 92' lang='lat' dir='ltr'>a</span> <span class='ocrx_word' id='word_1_86' title='bbox 1439 1391 1710 1463; x_wconf 82' lang='lat' dir='ltr'>pontiﬁce</span> <span class='ocrx_word' id='word_1_87' title='bbox 1762 1389 1996 1444; x_wconf 83' lang='lat' dir='ltr'>licentia</span> 
     </span>
    </p>
   </div>
   <div class='ocr_carea' id='block_1_15' title="bbox 349 1479 1995 1553">
    <p class='ocr_par' dir='ltr' id='par_1_15' title="bbox 349 1479 1995 1553">
     <span class='ocr_line' id='line_1_15' title="bbox 349 1479 1995 1553; baseline -0.01 -5"><span class='ocrx_word' id='word_1_88' title='bbox 349 1488 622 1553; x_wconf 86' lang='lat' dir='ltr'>abeundi,</span> <span class='ocrx_word' id='word_1_89' title='bbox 657 1487 840 1541; x_wconf 83' lang='lat' dir='ltr'>Roma</span> <span class='ocrx_word' id='word_1_90' title='bbox 869 1483 1064 1546; x_wconf 79' lang='lat' dir='ltr'>exivit,</span> <span class='ocrx_word' id='word_1_91' title='bbox 1105 1499 1171 1537; x_wconf 92' lang='lat' dir='ltr'>ac</span> <span class='ocrx_word' id='word_1_92' title='bbox 1229 1481 1521 1552; x_wconf 85' lang='lat' dir='ltr'>superatis</span> <span class='ocrx_word' id='word_1_93' title='bbox 1569 1479 1815 1544; x_wconf 82' lang='lat' dir='ltr'>viarum,</span> <span class='ocrx_word' id='word_1_94' title='bbox 1848 1495 1995 1548; x_wconf 92' lang='lat' dir='ltr'>quas</span> 
     </span>
    </p>
   </div>
   <div class='ocr_carea' id='block_1_16' title="bbox 348 1565 1992 1641">
    <p class='ocr_par' dir='ltr' id='par_1_16' title="bbox 348 1565 1992 1641">
     <span class='ocr_line' id='line_1_16' title="bbox 348 1565 1992 1641; baseline -0.009 -5"><span class='ocrx_word' id='word_1_95' title='bbox 348 1575 580 1637; x_wconf 68' lang='grc' dir='ltr'>ΗΘΜ-ἰοὶ</span> <span class='ocrx_word' id='word_1_96' title='bbox 611 1577 669 1632; x_wconf 89' lang='lat' dir='ltr'>et</span> <span class='ocrx_word' id='word_1_97' title='bbox 696 1571 955 1630; x_wconf 86' lang='lat' dir='ltr'>Guiberti</span> <span class='ocrx_word' id='word_1_98' title='bbox 989 1571 1244 1627; x_wconf 82' lang='lat' dir='ltr'>fautores</span> <span class='ocrx_word' id='word_1_99' title='bbox 1281 1570 1664 1641; x_wconf 86' lang='lat' dir='ltr'>occupabant,</span> <span class='ocrx_word' id='word_1_100' title='bbox 1697 1565 1992 1640; x_wconf 89' lang='lat' dir='ltr'>periculis,</span> 
     </span>
    </p>
   </div>
   <div class='ocr_carea' id='block_1_17' title="bbox 351 1659 1995 1741">
    <p class='ocr_par' dir='ltr' id='par_1_17' title="bbox 351 1659 1995 1741">
     <span class='ocr_line' id='line_1_17' title="bbox 351 1659 1995 1741; baseline -0.009 -16"><span class='ocrx_word' id='word_1_101' title='bbox 351 1667 702 1741; x_wconf 81' lang='lat' dir='ltr'>Lugdunum</span> <span class='ocrx_word' id='word_1_102' title='bbox 735 1661 994 1736; x_wconf 86' lang='lat' dir='ltr'>pervenit</span> <span class='ocrx_word' id='word_1_103' title='bbox 1032 1659 1365 1726; x_wconf 87' lang='lat' dir='ltr'>incolumis,</span> <span class='ocrx_word' id='word_1_104' title='bbox 1400 1660 1496 1714; x_wconf 90' lang='lat' dir='ltr'>ubi</span> <span class='ocrx_word' id='word_1_105' title='bbox 1531 1659 1603 1714; x_wconf 86' lang='lat' dir='ltr'>ab</span> <span class='ocrx_word' id='word_1_106' title='bbox 1635 1659 1872 1728; x_wconf 77' lang='lat' dir='ltr'>Hugone</span> <span class='ocrx_word' id='word_1_107' title='bbox 1907 1674 1995 1711; x_wconf 89' lang='lat' dir='ltr'>ar-</span> 
     </span>
    </p>
   </div>
   <div class='ocr_carea' id='block_1_18' title="bbox 351 1745 1995 1828">
    <p class='ocr_par' dir='ltr' id='par_1_18' title="bbox 351 1745 1995 1828">
     <span class='ocr_line' id='line_1_18' title="bbox 351 1745 1995 1828; baseline -0.009 -15"><span class='ocrx_word' id='word_1_108' title='bbox 351 1754 720 1828; x_wconf 86' lang='lat' dir='ltr'>chiepiscopo</span> <span class='ocrx_word' id='word_1_109' title='bbox 752 1767 984 1807; x_wconf 88' lang='lat' dir='ltr'>summo</span> <span class='ocrx_word' id='word_1_110' title='bbox 1015 1765 1150 1804; x_wconf 88' lang='lat' dir='ltr'>cum</span> <span class='ocrx_word' id='word_1_111' title='bbox 1191 1748 1408 1804; x_wconf 85' lang='lat' dir='ltr'>honore</span> <span class='ocrx_word' id='word_1_112' title='bbox 1457 1750 1731 1817; x_wconf 87' lang='lat' dir='ltr'>exceptus</span> <span class='ocrx_word' id='word_1_113' title='bbox 1775 1750 1879 1800; x_wconf 78' lang='lat' dir='ltr'>est.</span> <span class='ocrx_word' id='word_1_114' title='bbox 1915 1745 1995 1798; x_wconf 81' lang='lat' dir='ltr'>Ad</span> 
     </span>
    </p>
   </div>
   <div class='ocr_carea' id='block_1_19' title="bbox 351 1834 1997 1904">
    <p class='ocr_par' dir='ltr' id='par_1_19' title="bbox 351 1834 1997 1904">
     <span class='ocr_line' id='line_1_19' title="bbox 351 1834 1997 1904; baseline -0.01 -2"><span class='ocrx_word' id='word_1_115' title='bbox 351 1849 620 1901; x_wconf 89' lang='lat' dir='ltr'>nostrum</span> <span class='ocrx_word' id='word_1_116' title='bbox 652 1841 991 1897; x_wconf 88' lang='lat' dir='ltr'>institutum</span> <span class='ocrx_word' id='word_1_117' title='bbox 1025 1855 1138 1894; x_wconf 91' lang='lat' dir='ltr'>non</span> <span class='ocrx_word' id='word_1_118' title='bbox 1182 1836 1390 1892; x_wconf 84' lang='lat' dir='ltr'>attinet</span> <span class='ocrx_word' id='word_1_119' title='bbox 1435 1835 1622 1891; x_wconf 77' lang='lat' dir='ltr'>fusius</span> <span class='ocrx_word' id='word_1_120' title='bbox 1665 1835 1792 1904; x_wconf 87' lang='lat' dir='ltr'>ejus</span> <span class='ocrx_word' id='word_1_121' title='bbox 1823 1834 1997 1889; x_wconf 81' lang='lat' dir='ltr'>Gesta</span> 
     </span>
    </p>
   </div>
   <div class='ocr_carea' id='block_1_20' title="bbox 351 1922 1998 2008">
    <p class='ocr_par' dir='ltr' id='par_1_20' title="bbox 351 1922 1998 2008">
     <span class='ocr_line' id='line_1_20' title="bbox 351 1922 1998 2008; baseline -0.009 -18"><span class='ocrx_word' id='word_1_122' title='bbox 351 1932 647 2008; x_wconf 87' lang='lat' dir='ltr'>persequi,</span> <span class='ocrx_word' id='word_1_123' title='bbox 679 1947 804 2002; x_wconf 68' lang='lat' dir='ltr'>quae</span> <span class='ocrx_word' id='word_1_124' title='bbox 836 1946 904 1984; x_wconf 90' lang='lat' dir='ltr'>ex</span> <span class='ocrx_word' id='word_1_125' title='bbox 933 1928 1216 1984; x_wconf 89' lang='lat' dir='ltr'>Eadmero</span> <span class='ocrx_word' id='word_1_126' title='bbox 1259 1924 1506 1995; x_wconf 82' lang='lat' dir='ltr'>aliisque</span> <span class='ocrx_word' id='word_1_127' title='bbox 1537 1922 1869 1996; x_wconf 85' lang='lat' dir='ltr'>Anglicanis</span> <span class='ocrx_word' id='word_1_128' title='bbox 1901 1938 1998 1976; x_wconf 84' lang='lat' dir='ltr'>au-</span> 
     </span>
    </p>
   </div>
   <div class='ocr_carea' id='block_1_21' title="bbox 350 2018 1145 2091">
    <p class='ocr_par' dir='ltr' id='par_1_21' title="bbox 350 2018 1145 2091">
     <span class='ocr_line' id='line_1_21' title="bbox 350 2018 1145 2091; baseline -0.011 -12"><span class='ocrx_word' id='word_1_129' title='bbox 350 2022 611 2079; x_wconf 81' lang='lat' dir='ltr'>ctoribus</span> <span class='ocrx_word' id='word_1_130' title='bbox 641 2018 956 2091; x_wconf 87' lang='lat' dir='ltr'>repetenda</span> <span class='ocrx_word' id='word_1_131' title='bbox 988 2019 1145 2072; x_wconf 90' lang='lat' dir='ltr'>sunt.</span> 
     </span>
    </p>
   </div>
   <div class='ocr_carea' id='block_1_22' title="bbox 575 2102 1778 2175">
    <p class='ocr_par' dir='ltr' id='par_1_22' title="bbox 575 2102 1778 2175">
     <span class='ocr_line' id='line_1_22' title="bbox 575 2102 1778 2175; baseline -0.009 -10"><span class='ocrx_word' id='word_1_132' title='bbox 575 2106 939 2164; x_wconf 79' lang='lat' dir='ltr'>CCCXXXIX.</span> <span class='ocrx_word' id='word_1_133' title='bbox 969 2105 1329 2175; x_wconf 83' lang='lat' dir='ltr'>Privilegium</span> <span class='ocrx_word' id='word_1_134' title='bbox 1358 2102 1778 2158; x_wconf 76' lang='lat' dir='ltr'>Psalmodiense.</span> 
     </span>
    </p>
   </div>
   <div class='ocr_carea' id='block_1_23' title="bbox 427 2188 2001 2266">
    <p class='ocr_par' dir='ltr' id='par_1_23' title="bbox 427 2188 2001 2266">
     <span class='ocr_line' id='line_1_23' title="bbox 427 2188 2001 2266; baseline -0.009 -10"><span class='ocrx_word' id='word_1_135' title='bbox 427 2201 543 2256; x_wconf 81' lang='lat' dir='ltr'>Hac</span> <span class='ocrx_word' id='word_1_136' title='bbox 570 2198 774 2254; x_wconf 89' lang='lat' dir='ltr'>eadem</span> <span class='ocrx_word' id='word_1_137' title='bbox 823 2195 935 2260; x_wconf 78' lang='lat' dir='ltr'>die,</span> <span class='ocrx_word' id='word_1_138' title='bbox 985 2209 1192 2266; x_wconf 87' lang='lat' dir='ltr'>nempe</span> <span class='ocrx_word' id='word_1_139' title='bbox 1245 2192 1521 2248; x_wconf 85' lang='lat' dir='ltr'>Kalendis</span> <span class='ocrx_word' id='word_1_140' title='bbox 1552 2190 1708 2260; x_wconf 88' lang='lat' dir='ltr'>Maii,</span> <span class='ocrx_word' id='word_1_141' title='bbox 1746 2188 2001 2262; x_wconf 83' lang='lat' dir='ltr'>pontifex</span> 
     </span>
    </p>
   </div>
   <div class='ocr_carea' id='block_1_24' title="bbox 353 2278 2002 2352">
    <p class='ocr_par' dir='ltr' id='par_1_24' title="bbox 353 2278 2002 2352">
     <span class='ocr_line' id='line_1_24' title="bbox 353 2278 2002 2352; baseline -0.008 -7"><span class='ocrx_word' id='word_1_142' title='bbox 353 2286 695 2345; x_wconf 78' lang='lat' dir='ltr'>monasterii</span> <span class='ocrx_word' id='word_1_143' title='bbox 751 2282 1203 2340; x_wconf 89' lang='lat' dir='ltr'>Psalmodiensis</span> <span class='ocrx_word' id='word_1_144' title='bbox 1246 2282 1304 2336; x_wconf 92' lang='lat' dir='ltr'>in</span> <span class='ocrx_word' id='word_1_145' title='bbox 1337 2278 1716 2352; x_wconf 90' lang='lat' dir='ltr'>Septimania,</span> <span class='ocrx_word' id='word_1_146' title='bbox 1775 2292 2002 2349; x_wconf 89' lang='lat' dir='ltr'>posses-</span> 
     </span>
    </p>
   </div>
   <div class='ocr_carea' id='block_1_25' title="bbox 351 2366 2000 2446">
    <p class='ocr_par' dir='ltr' id='par_1_25' title="bbox 351 2366 2000 2446">
     <span class='ocr_line' id='line_1_25' title="bbox 351 2366 2000 2446; baseline -0.008 -13"><span class='ocrx_word' id='word_1_147' title='bbox 351 2376 550 2434; x_wconf 86' lang='lat' dir='ltr'>siones</span> <span class='ocrx_word' id='word_1_148' title='bbox 599 2378 658 2430; x_wconf 83' lang='lat' dir='ltr'>et</span> <span class='ocrx_word' id='word_1_149' title='bbox 704 2371 1004 2446; x_wconf 88' lang='lat' dir='ltr'>privilegia</span> <span class='ocrx_word' id='word_1_150' title='bbox 1049 2369 1435 2434; x_wconf 81' lang='lat' dir='ltr'>conﬁrmavit,</span> <span class='ocrx_word' id='word_1_151' title='bbox 1469 2369 1604 2424; x_wconf 89' lang='lat' dir='ltr'>dato</span> <span class='ocrx_word' id='word_1_152' title='bbox 1661 2366 2000 2438; x_wconf 86' lang='lat' dir='ltr'>diplomate,</span> 
     </span>
    </p>
   </div>
   <div class='ocr_carea' id='block_1_26' title="bbox 349 2458 2000 2539">
    <p class='ocr_par' dir='ltr' id='par_1_26' title="bbox 349 2458 2000 2539">
     <span class='ocr_line' id='line_1_26' title="bbox 349 2458 2000 2539; baseline -0.008 -17"><span class='ocrx_word' id='word_1_153' title='bbox 349 2465 509 2539; x_wconf 89' lang='lat' dir='ltr'>quod</span> <span class='ocrx_word' id='word_1_154' title='bbox 541 2481 608 2520; x_wconf 84' lang='lat' dir='ltr'>ex</span> <span class='ocrx_word' id='word_1_155' title='bbox 636 2460 1021 2534; x_wconf 91' lang='lat' dir='ltr'>autographo,</span> <span class='ocrx_word' id='word_1_156' title='bbox 1054 2459 1242 2516; x_wconf 89' lang='lat' dir='ltr'>lacero</span> <span class='ocrx_word' id='word_1_157' title='bbox 1297 2458 1533 2531; x_wconf 88' lang='lat' dir='ltr'>quidem</span> <span class='ocrx_word' id='word_1_158' title='bbox 1587 2459 1644 2512; x_wconf 87' lang='lat' dir='ltr'>et</span> <span class='ocrx_word' id='word_1_159' title='bbox 1698 2473 1842 2528; x_wconf 86' lang='lat' dir='ltr'>pene</span> <span class='ocrx_word' id='word_1_160' title='bbox 1866 2471 2000 2509; x_wconf 88' lang='lat' dir='ltr'>con-</span> 
     </span>
    </p>
   </div>
   <div class='ocr_carea' id='block_1_27' title="bbox 349 2545 2003 2626">
    <p class='ocr_par' dir='ltr' id='par_1_27' title="bbox 349 2545 2003 2626">
     <span class='ocr_line' id='line_1_27' title="bbox 349 2545 2003 2626; baseline -0.008 -15"><span class='ocrx_word' id='word_1_161' title='bbox 349 2557 612 2626; x_wconf 85' lang='lat' dir='ltr'>sumpto,</span> <span class='ocrx_word' id='word_1_162' title='bbox 638 2551 740 2608; x_wconf 89' lang='lat' dir='ltr'>sed</span> <span class='ocrx_word' id='word_1_163' title='bbox 771 2555 966 2606; x_wconf 85' lang='lat' dir='ltr'>tamen</span> <span class='ocrx_word' id='word_1_164' title='bbox 1002 2548 1256 2603; x_wconf 67' lang='lat' dir='ltr'>indubia</span> <span class='ocrx_word' id='word_1_165' title='bbox 1288 2547 1422 2602; x_wconf 75' lang='lat' dir='ltr'>fidei</span> <span class='ocrx_word' id='word_1_166' title='bbox 1455 2547 1710 2602; x_wconf 85' lang='lat' dir='ltr'>dabitur.</span> <span class='ocrx_word' id='word_1_167' title='bbox 1736 2545 1854 2600; x_wconf 89' lang='lat' dir='ltr'>Hoc</span> <span class='ocrx_word' id='word_1_168' title='bbox 1883 2559 2003 2598; x_wconf 91' lang='lat' dir='ltr'>mo-</span> 
     </span>
    </p>
   </div>
   <div class='ocr_carea' id='block_1_28' title="bbox 356 2636 2002 2711">
    <p class='ocr_par' dir='ltr' id='par_1_28' title="bbox 356 2636 2002 2711">
     <span class='ocr_line' id='line_1_28' title="bbox 356 2636 2002 2711; baseline -0.009 -11"><span class='ocrx_word' id='word_1_169' title='bbox 356 2641 673 2699; x_wconf 78' lang='lat' dir='ltr'>nasterium</span> <span class='ocrx_word' id='word_1_170' title='bbox 707 2644 841 2711; x_wconf 89' lang='lat' dir='ltr'>post</span> <span class='ocrx_word' id='word_1_171' title='bbox 868 2639 1058 2694; x_wconf 89' lang='lat' dir='ltr'>varias</span> <span class='ocrx_word' id='word_1_172' title='bbox 1091 2638 1352 2692; x_wconf 82' lang='lat' dir='ltr'>fortunas</span> <span class='ocrx_word' id='word_1_173' title='bbox 1397 2636 1470 2691; x_wconf 92' lang='lat' dir='ltr'>ad</span> <span class='ocrx_word' id='word_1_174' title='bbox 1513 2637 1711 2706; x_wconf 84' lang='lat' dir='ltr'>Aquas</span> <span class='ocrx_word' id='word_1_175' title='bbox 1742 2636 2002 2688; x_wconf 88' lang='lat' dir='ltr'>mortuas</span> 
     </span>
    </p>
   </div>
   <div class='ocr_carea' id='block_1_29' title="bbox 356 2721 2000 2803">
    <p class='ocr_par' dir='ltr' id='par_1_29' title="bbox 356 2721 2000 2803">
     <span class='ocr_line' id='line_1_29' title="bbox 356 2721 2000 2803; baseline -0.008 -15"><span class='ocrx_word' id='word_1_176' title='bbox 356 2728 788 2803; x_wconf 73' lang='lat' dir='ltr'>(-Aigucsmorm)</span> <span class='ocrx_word' id='word_1_177' title='bbox 843 2725 1195 2783; x_wconf 88' lang='lat' dir='ltr'>translatum</span> <span class='ocrx_word' id='word_1_178' title='bbox 1234 2729 1292 2781; x_wconf 91' lang='lat' dir='ltr'>et</span> <span class='ocrx_word' id='word_1_179' title='bbox 1329 2723 1590 2781; x_wconf 67' lang='lat' dir='ltr'>saeculari</span> <span class='ocrx_word' id='word_1_180' title='bbox 1643 2727 1778 2794; x_wconf 90' lang='lat' dir='ltr'>toga</span> <span class='ocrx_word' id='word_1_181' title='bbox 1823 2721 2000 2776; x_wconf 78' lang='lat' dir='ltr'>dona-</span> 
     </span>
    </p>
   </div>
   <div class='ocr_carea' id='block_1_30' title="bbox 357 2810 2000 2887">
    <p class='ocr_par' dir='ltr' id='par_1_30' title="bbox 357 2810 2000 2887">
     <span class='ocr_line' id='line_1_30' title="bbox 357 2810 2000 2887; baseline -0.008 -10"><span class='ocrx_word' id='word_1_182' title='bbox 357 2825 485 2877; x_wconf 88' lang='lat' dir='ltr'>tum</span> <span class='ocrx_word' id='word_1_183' title='bbox 515 2819 750 2874; x_wconf 79' lang='lat' dir='ltr'>tandem</span> <span class='ocrx_word' id='word_1_184' title='bbox 781 2817 854 2872; x_wconf 90' lang='lat' dir='ltr'>ab</span> <span class='ocrx_word' id='word_1_185' title='bbox 885 2815 1110 2887; x_wconf 89' lang='lat' dir='ltr'>aliquot</span> <span class='ocrx_word' id='word_1_186' title='bbox 1152 2813 1322 2870; x_wconf 88' lang='lat' dir='ltr'>annis</span> <span class='ocrx_word' id='word_1_187' title='bbox 1364 2811 1644 2870; x_wconf 83' lang='lat' dir='ltr'>Alesiensi</span> <span class='ocrx_word' id='word_1_188' title='bbox 1677 2810 1868 2882; x_wconf 79' lang='lat' dir='ltr'>(Alais)</span> <span class='ocrx_word' id='word_1_189' title='bbox 1901 2825 2000 2864; x_wconf 87' lang='lat' dir='ltr'>no-</span> 
     </span>
    </p>
   </div>
   <div class='ocr_carea' id='block_1_31' title="bbox 357 2899 2002 2979">
    <p class='ocr_par' dir='ltr' id='par_1_31' title="bbox 357 2899 2002 2979">
     <span class='ocr_line' id='line_1_31' title="bbox 357 2899 2002 2979; baseline -0.009 -14"><span class='ocrx_word' id='word_1_190' title='bbox 357 2925 427 2965; x_wconf 77' lang='lat' dir='ltr'>vo</span> <span class='ocrx_word' id='word_1_191' title='bbox 456 2905 837 2979; x_wconf 77' lang='lat' dir='ltr'>episcopatui,</span> <span class='ocrx_word' id='word_1_192' title='bbox 891 2921 959 2960; x_wconf 85' lang='lat' dir='ltr'>ex</span> <span class='ocrx_word' id='word_1_193' title='bbox 1007 2902 1390 2960; x_wconf 88' lang='lat' dir='ltr'>Nemausensi</span> <span class='ocrx_word' id='word_1_194' title='bbox 1439 2902 1720 2970; x_wconf 89' lang='lat' dir='ltr'>detracto,</span> <span class='ocrx_word' id='word_1_195' title='bbox 1769 2899 2002 2953; x_wconf 90' lang='lat' dir='ltr'>unitum</span> 
     </span>
    </p>
   </div>
   <div class='ocr_carea' id='block_1_32' title="bbox 357 2987 2004 3065">
    <p class='ocr_par' dir='ltr' id='par_1_32' title="bbox 357 2987 2004 3065">
     <span class='ocr_line' id='line_1_32' title="bbox 357 2987 2004 3065; baseline -0.009 -11"><span class='ocrx_word' id='word_1_196' title='bbox 357 3002 465 3054; x_wconf 88' lang='lat' dir='ltr'>est.</span> <span class='ocrx_word' id='word_1_197' title='bbox 497 2997 636 3053; x_wconf 90' lang='lat' dir='ltr'>Post</span> <span class='ocrx_word' id='word_1_198' title='bbox 664 2995 812 3050; x_wconf 91' lang='lat' dir='ltr'>duos</span> <span class='ocrx_word' id='word_1_199' title='bbox 837 2991 960 3048; x_wconf 88' lang='lat' dir='ltr'>dies</span> <span class='ocrx_word' id='word_1_200' title='bbox 992 2992 1252 3065; x_wconf 76' lang='lat' dir='ltr'>pontifex</span> <span class='ocrx_word' id='word_1_201' title='bbox 1296 2989 1644 3062; x_wconf 88' lang='lat' dir='ltr'>rescriptum</span> <span class='ocrx_word' id='word_1_202' title='bbox 1692 2987 1854 3044; x_wconf 91' lang='lat' dir='ltr'>dedit</span> <span class='ocrx_word' id='word_1_203' title='bbox 1899 3003 2004 3059; x_wconf 91' lang='lat' dir='ltr'>pro</span> 
     </span>
    </p>
   </div>
   <div class='ocr_carea' id='block_1_33' title="bbox 357 3077 2000 3154">
    <p class='ocr_par' dir='ltr' id='par_1_33' title="bbox 357 3077 2000 3154">
     <span class='ocr_line' id='line_1_33' title="bbox 357 3077 2000 3154; baseline -0.008 -12"><span class='ocrx_word' id='word_1_204' title='bbox 357 3083 656 3142; x_wconf 83' lang='lat' dir='ltr'>canonicis</span> <span class='ocrx_word' id='word_1_205' title='bbox 671 3080 1222 3154; x_wconf 87' lang='lat' dir='ltr'>Burdegalensibus,</span> <span class='ocrx_word' id='word_1_206' title='bbox 1239 3080 1390 3152; x_wconf 90' lang='lat' dir='ltr'>quod</span> <span class='ocrx_word' id='word_1_207' title='bbox 1417 3080 1590 3134; x_wconf 92' lang='lat' dir='ltr'>modo</span> <span class='ocrx_word' id='word_1_208' title='bbox 1612 3077 2000 3134; x_wconf 87' lang='lat' dir='ltr'>laudavimus.</span> 
     </span>
    </p>
   </div>
   <div class='ocr_carea' id='block_1_34' title="bbox 353 3167 2004 3244">
    <p class='ocr_par' dir='ltr' id='par_1_34' title="bbox 353 3167 2004 3244">
     <span class='ocr_line' id='line_1_34' title="bbox 353 3167 2004 3244; baseline -0.008 -12"><span class='ocrx_word' id='word_1_209' title='bbox 353 3175 428 3232; x_wconf 78' lang='lat' dir='ltr'>Et</span> <span class='ocrx_word' id='word_1_210' title='bbox 455 3173 547 3230; x_wconf 85' lang='lat' dir='ltr'>die</span> <span class='ocrx_word' id='word_1_211' title='bbox 576 3170 867 3244; x_wconf 87' lang='lat' dir='ltr'>sequenti,</span> <span class='ocrx_word' id='word_1_212' title='bbox 899 3171 969 3226; x_wconf 88' lang='grc'>10</span> <span class='ocrx_word' id='word_1_213' title='bbox 1009 3169 1165 3235; x_wconf 87' lang='lat' dir='ltr'>Maii,</span> <span class='ocrx_word' id='word_1_214' title='bbox 1199 3167 1565 3242; x_wconf 80' lang='lat' dir='ltr'>privilegium</span> <span class='ocrx_word' id='word_1_215' title='bbox 1608 3167 1837 3240; x_wconf 86' lang='lat' dir='ltr'>insigne</span> <span class='ocrx_word' id='word_1_216' title='bbox 1867 3182 2004 3221; x_wconf 89' lang='lat' dir='ltr'>con-</span> 
     </span>
    </p>
   </div>
   <div class='ocr_carea' id='block_1_35' title="bbox 2105 590 3733 664">
    <p class='ocr_par' dir='ltr' id='par_1_35' title="bbox 2105 590 3733 664">
     <span class='ocr_line' id='line_1_35' title="bbox 2105 590 3733 664; baseline 0 -16"><span class='ocrx_word' id='word_1_217' title='bbox 2105 592 2344 659; x_wconf 88' lang='lat' dir='ltr'>faciunt,</span> <span class='ocrx_word' id='word_1_218' title='bbox 2379 607 2451 648; x_wconf 87' lang='lat' dir='ltr'>ne</span> <span class='ocrx_word' id='word_1_219' title='bbox 2482 591 2673 648; x_wconf 89' lang='lat' dir='ltr'>dicam</span> <span class='ocrx_word' id='word_1_220' title='bbox 2709 590 2948 646; x_wconf 83' lang='lat' dir='ltr'>falsum.</span> <span class='ocrx_word' id='word_1_221' title='bbox 2981 591 3104 647; x_wconf 92' lang='lat' dir='ltr'>lmo</span> <span class='ocrx_word' id='word_1_222' title='bbox 3137 607 3288 647; x_wconf 92' lang='lat' dir='ltr'>anno</span> <span class='ocrx_word' id='word_1_223' title='bbox 3321 590 3460 648; x_wconf 88' lang='grc'><strong>1089</strong></span> <span class='ocrx_word' id='word_1_224' title='bbox 3488 591 3733 664; x_wconf 79' lang='lat' dir='ltr'>pontifex</span> 
     </span>
    </p>
   </div>
   <div class='ocr_carea' id='block_1_36' title="bbox 2106 680 3734 752">
    <p class='ocr_par' dir='ltr' id='par_1_36' title="bbox 2106 680 3734 752">
     <span class='ocr_line' id='line_1_36' title="bbox 2106 680 3734 752; baseline 0.001 -16"><span class='ocrx_word' id='word_1_225' title='bbox 2106 682 2280 745; x_wconf 89' lang='lat' dir='ltr'>idem,</span> <span class='ocrx_word' id='word_1_226' title='bbox 2312 681 2456 736; x_wconf 87' lang='lat' dir='ltr'>visis</span> <span class='ocrx_word' id='word_1_227' title='bbox 2495 684 2562 736; x_wconf 91' lang='lat' dir='ltr'>ut</span> <span class='ocrx_word' id='word_1_228' title='bbox 2605 680 2860 736; x_wconf 85' lang='lat' dir='ltr'>vidimus</span> <span class='ocrx_word' id='word_1_229' title='bbox 2909 682 3136 736; x_wconf 68' lang='lat' dir='ltr'>curialis</span> <span class='ocrx_word' id='word_1_230' title='bbox 3181 685 3233 736; x_wconf 72' lang='lat' dir='ltr'>et</span> <span class='ocrx_word' id='word_1_231' title='bbox 3283 681 3620 752; x_wconf 80' lang='lat' dir='ltr'>pactionibus</span> <span class='ocrx_word' id='word_1_232' title='bbox 3671 698 3734 738; x_wconf 81' lang='lat' dir='ltr'>ex</span> 
     </span>
    </p>
   </div>
   <div class='ocr_carea' id='block_1_37' title="bbox 2103 769 3736 843">
    <p class='ocr_par' dir='ltr' id='par_1_37' title="bbox 2103 769 3736 843">
     <span class='ocr_line' id='line_1_37' title="bbox 2103 769 3736 843; baseline 0.001 -17"><span class='ocrx_word' id='word_1_233' title='bbox 2103 777 2349 843; x_wconf 88' lang='lat' dir='ltr'>utraque</span> <span class='ocrx_word' id='word_1_234' title='bbox 2380 775 2541 842; x_wconf 77' lang='lat' dir='ltr'>parte</span> <span class='ocrx_word' id='word_1_235' title='bbox 2581 769 2822 842; x_wconf 82' lang='lat' dir='ltr'>prolatis</span> <span class='ocrx_word' id='word_1_236' title='bbox 2868 770 2927 825; x_wconf 91' lang='lat' dir='ltr'>in</span> <span class='ocrx_word' id='word_1_237' title='bbox 2977 769 3222 826; x_wconf 86' lang='lat' dir='ltr'>concilio</span> <span class='ocrx_word' id='word_1_238' title='bbox 3251 769 3627 841; x_wconf 88' lang='lat' dir='ltr'>Melphitano,</span> <span class='ocrx_word' id='word_1_239' title='bbox 3656 787 3736 827; x_wconf 87' lang='lat' dir='ltr'>se-</span> 
     </span>
    </p>
   </div>
   <div class='ocr_carea' id='block_1_38' title="bbox 2102 859 3737 932">
    <p class='ocr_par' dir='ltr' id='par_1_38' title="bbox 2102 859 3737 932">
     <span class='ocr_line' id='line_1_38' title="bbox 2102 859 3737 932; baseline 0.001 -18"><span class='ocrx_word' id='word_1_240' title='bbox 2102 861 2361 915; x_wconf 81' lang='lat' dir='ltr'>cundum</span> <span class='ocrx_word' id='word_1_241' title='bbox 2402 861 2687 915; x_wconf 87' lang='lat' dir='ltr'>Cavenses</span> <span class='ocrx_word' id='word_1_242' title='bbox 2733 859 3226 931; x_wconf 87' lang='lat' dir='ltr'>pronuntiaverat.</span> <span class='ocrx_word' id='word_1_243' title='bbox 3259 860 3408 923; x_wconf 85' lang='lat' dir='ltr'>Quin</span> <span class='ocrx_word' id='word_1_244' title='bbox 3456 863 3516 915; x_wconf 83' lang='lat' dir='ltr'>et</span> <span class='ocrx_word' id='word_1_245' title='bbox 3562 875 3737 932; x_wconf 89' lang='lat' dir='ltr'>nuper</span> 
     </span>
    </p>
   </div>
   <div class='ocr_carea' id='block_1_39' title="bbox 2103 948 3735 1022">
    <p class='ocr_par' dir='ltr' id='par_1_39' title="bbox 2103 948 3735 1022">
     <span class='ocr_line' id='line_1_39' title="bbox 2103 948 3735 1022; baseline 0 -18"><span class='ocrx_word' id='word_1_246' title='bbox 2103 949 2438 1021; x_wconf 86' lang='lat' dir='ltr'>accepimus</span> <span class='ocrx_word' id='word_1_247' title='bbox 2466 949 2576 1004; x_wconf 90' lang='lat' dir='ltr'>viri</span> <span class='ocrx_word' id='word_1_248' title='bbox 2634 949 2942 1020; x_wconf 87' lang='lat' dir='ltr'>cujusdam</span> <span class='ocrx_word' id='word_1_249' title='bbox 2973 949 3031 1004; x_wconf 93' lang='lat' dir='ltr'>in</span> <span class='ocrx_word' id='word_1_250' title='bbox 3063 949 3157 1005; x_wconf 90' lang='lat' dir='ltr'>his</span> <span class='ocrx_word' id='word_1_251' title='bbox 3211 948 3478 1022; x_wconf 87' lang='lat' dir='ltr'>partibus</span> <span class='ocrx_word' id='word_1_252' title='bbox 3534 949 3735 1004; x_wconf 85' lang='lat' dir='ltr'>eruditi</span> 
     </span>
    </p>
   </div>
   <div class='ocr_carea' id='block_1_40' title="bbox 2102 1038 3736 1111">
    <p class='ocr_par' dir='ltr' id='par_1_40' title="bbox 2102 1038 3736 1111">
     <span class='ocr_line' id='line_1_40' title="bbox 2102 1038 3736 1111; baseline -0.001 -17"><span class='ocrx_word' id='word_1_253' title='bbox 2102 1039 2536 1094; x_wconf 89' lang='lat' dir='ltr'>observationes</span> <span class='ocrx_word' id='word_1_254' title='bbox 2577 1039 2636 1093; x_wconf 91' lang='lat' dir='ltr'>in</span> <span class='ocrx_word' id='word_1_255' title='bbox 2689 1038 2798 1094; x_wconf 87' lang='lat' dir='ltr'>hoc</span> <span class='ocrx_word' id='word_1_256' title='bbox 2855 1038 3244 1111; x_wconf 89' lang='lat' dir='ltr'>privilegium,</span> <span class='ocrx_word' id='word_1_257' title='bbox 3270 1040 3423 1111; x_wconf 91' lang='lat' dir='ltr'>quod</span> <span class='ocrx_word' id='word_1_258' title='bbox 3483 1040 3736 1094; x_wconf 72' lang='lat' dir='ltr'>acaurate</span> 
     </span>
    </p>
   </div>
   <div class='ocr_carea' id='block_1_41' title="bbox 2101 1127 3736 1200">
    <p class='ocr_par' dir='ltr' id='par_1_41' title="bbox 2101 1127 3736 1200">
     <span class='ocr_line' id='line_1_41' title="bbox 2101 1127 3736 1200; baseline 0.001 -17"><span class='ocrx_word' id='word_1_259' title='bbox 2101 1127 2453 1200; x_wconf 79' lang='lat' dir='ltr'>expenderet</span> <span class='ocrx_word' id='word_1_260' title='bbox 2483 1127 2686 1194; x_wconf 86' lang='lat' dir='ltr'>factas,</span> <span class='ocrx_word' id='word_1_261' title='bbox 2720 1127 2780 1182; x_wconf 91' lang='lat' dir='ltr'>in</span> <span class='ocrx_word' id='word_1_262' title='bbox 2821 1128 3036 1200; x_wconf 88' lang='lat' dir='ltr'>quibus</span> <span class='ocrx_word' id='word_1_263' title='bbox 3067 1129 3149 1183; x_wconf 90' lang='lat' dir='ltr'>ait</span> <span class='ocrx_word' id='word_1_264' title='bbox 3197 1145 3258 1183; x_wconf 87' lang='lat' dir='ltr'>se</span> <span class='ocrx_word' id='word_1_265' title='bbox 3311 1127 3460 1183; x_wconf 86' lang='lat' dir='ltr'>illud</span> <span class='ocrx_word' id='word_1_266' title='bbox 3512 1128 3736 1200; x_wconf 88' lang='lat' dir='ltr'>quidem</span> 
     </span>
    </p>
   </div>
   <div class='ocr_carea' id='block_1_42' title="bbox 2102 1215 3740 1289">
    <p class='ocr_par' dir='ltr' id='par_1_42' title="bbox 2102 1215 3740 1289">
     <span class='ocr_line' id='line_1_42' title="bbox 2102 1215 3740 1289; baseline 0.002 -19"><span class='ocrx_word' id='word_1_267' title='bbox 2102 1216 2161 1270; x_wconf 92' lang='lat' dir='ltr'>in</span> <span class='ocrx_word' id='word_1_268' title='bbox 2197 1215 2429 1272; x_wconf 89' lang='lat' dir='ltr'>archivo</span> <span class='ocrx_word' id='word_1_269' title='bbox 2451 1215 2932 1289; x_wconf 86' lang='lat' dir='ltr'>archiepiscopali</span> <span class='ocrx_word' id='word_1_270' title='bbox 2957 1215 3181 1273; x_wconf 90' lang='lat' dir='ltr'>Salerni</span> <span class='ocrx_word' id='word_1_271' title='bbox 3202 1217 3526 1288; x_wconf 81' lang='lat' dir='ltr'>inspexisse</span> <span class='ocrx_word' id='word_1_272' title='bbox 3548 1217 3605 1272; x_wconf 92' lang='lat' dir='ltr'>in</span> <span class='ocrx_word' id='word_1_273' title='bbox 3627 1233 3740 1288; x_wconf 88' lang='lat' dir='ltr'>per-</span> 
     </span>
    </p>
   </div>
   <div class='ocr_carea' id='block_1_43' title="bbox 2103 1305 3740 1379">
    <p class='ocr_par' dir='ltr' id='par_1_43' title="bbox 2103 1305 3740 1379">
     <span class='ocr_line' id='line_1_43' title="bbox 2103 1305 3740 1379; baseline 0.001 -19"><span class='ocrx_word' id='word_1_274' title='bbox 2103 1322 2351 1379; x_wconf 84' lang='lat' dir='ltr'>gameno</span> <span class='ocrx_word' id='word_1_275' title='bbox 2392 1305 2676 1378; x_wconf 89' lang='lat' dir='ltr'>scriptum</span> <span class='ocrx_word' id='word_1_276' title='bbox 2721 1306 2946 1378; x_wconf 87' lang='lat' dir='ltr'>integro</span> <span class='ocrx_word' id='word_1_277' title='bbox 2989 1311 3046 1362; x_wconf 90' lang='lat' dir='ltr'>et</span> <span class='ocrx_word' id='word_1_278' title='bbox 3087 1323 3249 1372; x_wconf 91' lang='lat' dir='ltr'>sano,</span> <span class='ocrx_word' id='word_1_279' title='bbox 3276 1307 3377 1362; x_wconf 87' lang='lat' dir='ltr'>sed</span> <span class='ocrx_word' id='word_1_280' title='bbox 3422 1307 3740 1363; x_wconf 85' lang='lat' dir='ltr'>charactere</span> 
     </span>
    </p>
   </div>
   <div class='ocr_carea' id='block_1_44' title="bbox 2102 1393 3737 1465">
    <p class='ocr_par' dir='ltr' id='par_1_44' title="bbox 2102 1393 3737 1465">
     <span class='ocr_line' id='line_1_44' title="bbox 2102 1393 3737 1465; baseline 0.002 -17"><span class='ocrx_word' id='word_1_281' title='bbox 2102 1393 2204 1465; x_wconf 91' lang='lat' dir='ltr'>qui</span> <span class='ocrx_word' id='word_1_282' title='bbox 2237 1393 2328 1449; x_wconf 88' lang='lat' dir='ltr'>his</span> <span class='ocrx_word' id='word_1_283' title='bbox 2358 1394 2722 1464; x_wconf 87' lang='lat' dir='ltr'>temporibus</span> <span class='ocrx_word' id='word_1_284' title='bbox 2754 1409 2870 1448; x_wconf 88' lang='lat' dir='ltr'>non</span> <span class='ocrx_word' id='word_1_285' title='bbox 2912 1395 3198 1458; x_wconf 85' lang='lat' dir='ltr'>convenit,</span> <span class='ocrx_word' id='word_1_286' title='bbox 3232 1412 3366 1451; x_wconf 92' lang='lat' dir='ltr'>cum</span> <span class='ocrx_word' id='word_1_287' title='bbox 3399 1395 3554 1451; x_wconf 86' lang='lat' dir='ltr'>notis</span> <span class='ocrx_word' id='word_1_288' title='bbox 3585 1395 3737 1451; x_wconf 86' lang='lat' dir='ltr'>chro-</span> 
     </span>
    </p>
   </div>
   <div class='ocr_carea' id='block_1_45' title="bbox 2105 1477 3742 1556">
    <p class='ocr_par' dir='ltr' id='par_1_45' title="bbox 2105 1477 3742 1556">
     <span class='ocr_line' id='line_1_45' title="bbox 2105 1477 3742 1556; baseline 0.001 -20"><span class='ocrx_word' id='word_1_289' title='bbox 2105 1483 2251 1537; x_wconf 90' lang='lat' dir='ltr'>nicis</span> <span class='ocrx_word' id='word_1_290' title='bbox 2283 1484 2382 1538; x_wconf 86' lang='lat' dir='ltr'>sed</span> <span class='ocrx_word' id='word_1_291' title='bbox 2434 1482 2614 1548; x_wconf 79' lang='lat' dir='ltr'>falsis,</span> <span class='ocrx_word' id='word_1_292' title='bbox 2652 1484 2870 1553; x_wconf 88' lang='lat' dir='ltr'>absque</span> <span class='ocrx_word' id='word_1_293' title='bbox 2927 1483 3046 1537; x_wconf 90' lang='lat' dir='ltr'>ullo</span> <span class='ocrx_word' id='word_1_294' title='bbox 3096 1477 3282 1554; x_wconf 87' lang='lat' dir='ltr'>signo,</span> <span class='ocrx_word' id='word_1_295' title='bbox 3317 1487 3420 1540; x_wconf 87' lang='lat' dir='ltr'>aut</span> <span class='ocrx_word' id='word_1_296' title='bbox 3479 1483 3663 1556; x_wconf 86' lang='lat' dir='ltr'>sigillo</span> <span class='ocrx_word' id='word_1_297' title='bbox 3691 1487 3742 1540; x_wconf 89' lang='lat' dir='ltr'>et</span> 
     </span>
    </p>
   </div>
   <div class='ocr_carea' id='block_1_46' title="bbox 2105 1572 3742 1646">
    <p class='ocr_par' dir='ltr' id='par_1_46' title="bbox 2105 1572 3742 1646">
     <span class='ocr_line' id='line_1_46' title="bbox 2105 1572 3742 1646; baseline 0.001 -19"><span class='ocrx_word' id='word_1_298' title='bbox 2105 1572 2558 1642; x_wconf 81' lang='lat' dir='ltr'>subscriptione.</span> <span class='ocrx_word' id='word_1_299' title='bbox 2591 1573 2660 1626; x_wconf 86' lang='lat' dir='ltr'>Et</span> <span class='ocrx_word' id='word_1_300' title='bbox 2691 1573 2928 1642; x_wconf 90' lang='lat' dir='ltr'>quidem</span> <span class='ocrx_word' id='word_1_301' title='bbox 2963 1589 3264 1644; x_wconf 89' lang='lat' dir='ltr'>nunquam</span> <span class='ocrx_word' id='word_1_302' title='bbox 3297 1573 3368 1628; x_wconf 85' lang='lat' dir='ltr'>ab</span> <span class='ocrx_word' id='word_1_303' title='bbox 3397 1589 3466 1629; x_wconf 92' lang='lat' dir='ltr'>eo</span> <span class='ocrx_word' id='word_1_304' title='bbox 3498 1576 3742 1646; x_wconf 85' lang='lat' dir='ltr'>tempore</span> 
     </span>
    </p>
   </div>
   <div class='ocr_carea' id='block_1_47' title="bbox 2107 1660 3740 1732">
    <p class='ocr_par' dir='ltr' id='par_1_47' title="bbox 2107 1660 3740 1732">
     <span class='ocr_line' id='line_1_47' title="bbox 2107 1660 3740 1732; baseline 0.002 -17"><span class='ocrx_word' id='word_1_305' title='bbox 2107 1660 2231 1715; x_wconf 87' lang='lat' dir='ltr'>suis</span> <span class='ocrx_word' id='word_1_306' title='bbox 2265 1660 2581 1732; x_wconf 76' lang='lat' dir='ltr'>privilegiis</span> <span class='ocrx_word' id='word_1_307' title='bbox 2611 1661 2824 1716; x_wconf 90' lang='lat' dir='ltr'>excidit</span> <span class='ocrx_word' id='word_1_308' title='bbox 2853 1661 3128 1717; x_wconf 85' lang='lat' dir='ltr'>Cavensis</span> <span class='ocrx_word' id='word_1_309' title='bbox 3155 1661 3564 1726; x_wconf 69' lang='lat' dir='ltr'>abbatia.0ua3</span> <span class='ocrx_word' id='word_1_310' title='bbox 3581 1663 3740 1718; x_wconf 86' lang='lat' dir='ltr'>etiam</span> 
     </span>
    </p>
   </div>
   <div class='ocr_carea' id='block_1_48' title="bbox 2108 1746 3739 1824">
    <p class='ocr_par' dir='ltr' id='par_1_48' title="bbox 2108 1746 3739 1824">
     <span class='ocr_line' id='line_1_48' title="bbox 2108 1746 3739 1824; baseline 0.001 -22"><span class='ocrx_word' id='word_1_311' title='bbox 2108 1746 2384 1818; x_wconf 87' lang='lat' dir='ltr'>peculiari</span> <span class='ocrx_word' id='word_1_312' title='bbox 2419 1749 2697 1820; x_wconf 90' lang='lat' dir='ltr'>rescripto</span> <span class='ocrx_word' id='word_1_313' title='bbox 2727 1765 2997 1820; x_wconf 85' lang='lat' dir='ltr'>expresse</span> <span class='ocrx_word' id='word_1_314' title='bbox 3024 1749 3388 1804; x_wconf 84' lang='lat' dir='ltr'>conﬁrmavit</span> <span class='ocrx_word' id='word_1_315' title='bbox 3433 1754 3565 1824; x_wconf 82' lang='lat' dir='ltr'>post</span> <span class='ocrx_word' id='word_1_316' title='bbox 3605 1751 3739 1805; x_wconf 88' lang='lat' dir='ltr'>mul-</span> 
     </span>
    </p>
   </div>
   <div class='ocr_carea' id='block_1_49' title="bbox 2107 1836 3738 1910">
    <p class='ocr_par' dir='ltr' id='par_1_49' title="bbox 2107 1836 3738 1910">
     <span class='ocr_line' id='line_1_49' title="bbox 2107 1836 3738 1910; baseline 0.001 -19"><span class='ocrx_word' id='word_1_317' title='bbox 2107 1841 2197 1892; x_wconf 91' lang='lat' dir='ltr'>tos</span> <span class='ocrx_word' id='word_1_318' title='bbox 2227 1836 2518 1892; x_wconf 90' lang='lat' dir='ltr'>variorum</span> <span class='ocrx_word' id='word_1_319' title='bbox 2561 1841 2893 1909; x_wconf 88' lang='lat' dir='ltr'>temporum</span> <span class='ocrx_word' id='word_1_320' title='bbox 2936 1839 3237 1910; x_wconf 84' lang='lat' dir='ltr'>pontifices</span> <span class='ocrx_word' id='word_1_321' title='bbox 3269 1839 3584 1910; x_wconf 83' lang='lat' dir='ltr'>Gregorius</span> <span class='ocrx_word' id='word_1_322' title='bbox 3612 1839 3738 1895; x_wconf 81' lang='lat' dir='ltr'>XIV.</span> 
     </span>
    </p>
   </div>
   <div class='ocr_carea' id='block_1_50' title="bbox 2109 1925 3742 1997">
    <p class='ocr_par' dir='ltr' id='par_1_50' title="bbox 2109 1925 3742 1997">
     <span class='ocr_line' id='line_1_50' title="bbox 2109 1925 3742 1997; baseline 0.001 -16"><span class='ocrx_word' id='word_1_323' title='bbox 2109 1925 2256 1981; x_wconf 89' lang='lat' dir='ltr'>Illud</span> <span class='ocrx_word' id='word_1_324' title='bbox 2290 1930 2483 1981; x_wconf 91' lang='lat' dir='ltr'>tamen</span> <span class='ocrx_word' id='word_1_325' title='bbox 2517 1925 2920 1997; x_wconf 88' lang='lat' dir='ltr'>qualecunque</span> <span class='ocrx_word' id='word_1_326' title='bbox 2951 1927 3026 1982; x_wconf 84' lang='lat' dir='ltr'>sit</span> <span class='ocrx_word' id='word_1_327' title='bbox 3071 1927 3451 1983; x_wconf 72' lang='lat' dir='ltr'>Salernitanas</span> <span class='ocrx_word' id='word_1_328' title='bbox 3497 1927 3742 1984; x_wconf 67' lang='lat' dir='ltr'>Ecclesiae</span> 
     </span>
    </p>
   </div>
   <div class='ocr_carea' id='block_1_51' title="bbox 2108 2013 3742 2087">
    <p class='ocr_par' dir='ltr' id='par_1_51' title="bbox 2108 2013 3742 2087">
     <span class='ocr_line' id='line_1_51' title="bbox 2108 2013 3742 2087; baseline 0.002 -18"><span class='ocrx_word' id='word_1_329' title='bbox 2108 2015 2391 2086; x_wconf 91' lang='lat' dir='ltr'>scriptum</span> <span class='ocrx_word' id='word_1_330' title='bbox 2423 2031 2491 2069; x_wconf 85' lang='lat' dir='ltr'>ex</span> <span class='ocrx_word' id='word_1_331' title='bbox 2520 2015 2760 2087; x_wconf 87' lang='lat' dir='ltr'>Ughello</span> <span class='ocrx_word' id='word_1_332' title='bbox 2801 2015 3057 2083; x_wconf 91' lang='lat' dir='ltr'>dabitur,</span> <span class='ocrx_word' id='word_1_333' title='bbox 3089 2016 3159 2071; x_wconf 90' lang='lat' dir='ltr'>de</span> <span class='ocrx_word' id='word_1_334' title='bbox 3206 2017 3376 2087; x_wconf 77' lang='lat' dir='ltr'>cuius</span> <span class='ocrx_word' id='word_1_335' title='bbox 3425 2013 3742 2073; x_wconf 86' lang='lat' dir='ltr'>sinceritate</span> 
     </span>
    </p>
   </div>
   <div class='ocr_carea' id='block_1_52' title="bbox 2101 2101 3007 2175">
    <p class='ocr_par' dir='ltr' id='par_1_52' title="bbox 2101 2101 3007 2175">
     <span class='ocr_line' id='line_1_52' title="bbox 2101 2101 3007 2175; baseline 0.003 -18"><span class='ocrx_word' id='word_1_336' title='bbox 2101 2102 2394 2174; x_wconf 86' lang='lat' dir='ltr'>judicium</span> <span class='ocrx_word' id='word_1_337' title='bbox 2426 2101 2558 2158; x_wconf 91' lang='lat' dir='ltr'>aliis</span> <span class='ocrx_word' id='word_1_338' title='bbox 2592 2102 3007 2175; x_wconf 87' lang='lat' dir='ltr'>permittimus.</span> 
     </span>
    </p>
   </div>
   <div class='ocr_carea' id='block_1_53' title="bbox 2195 2209 3675 2283">
    <p class='ocr_par' dir='ltr' id='par_1_53' title="bbox 2195 2209 3675 2283">
     <span class='ocr_line' id='line_1_53' title="bbox 2195 2209 3675 2283; baseline 0 -18"><span class='ocrx_word' id='word_1_339' title='bbox 2195 2209 2432 2265; x_wconf 85' lang='lat' dir='ltr'>CCCXL.</span> <span class='ocrx_word' id='word_1_340' title='bbox 2465 2209 2948 2283; x_wconf 65' lang='lat' dir='ltr'>Archi&#39;diaconatus</span> <span class='ocrx_word' id='word_1_341' title='bbox 2980 2210 3437 2267; x_wconf 75' lang='lat' dir='ltr'>Salmoriacensis</span> <span class='ocrx_word' id='word_1_342' title='bbox 3470 2213 3675 2283; x_wconf 82' lang='lat' dir='ltr'>Hugoni</span> 
     </span>
    </p>
   </div>
   <div class='ocr_carea' id='block_1_54' title="bbox 2527 2281 3341 2352">
    <p class='ocr_par' dir='ltr' id='par_1_54' title="bbox 2527 2281 3341 2352">
     <span class='ocr_line' id='line_1_54' title="bbox 2527 2281 3341 2352; baseline -0.001 -16"><span class='ocrx_word' id='word_1_343' title='bbox 2527 2281 3028 2352; x_wconf 78' lang='lat' dir='ltr'>GratianOpolitano</span> <span class='ocrx_word' id='word_1_344' title='bbox 3056 2283 3341 2338; x_wconf 75' lang='lat' dir='ltr'>asscn‘tur.</span> 
     </span>
    </p>
   </div>
   <div class='ocr_carea' id='block_1_55' title="bbox 2183 2368 3742 2437">
    <p class='ocr_par' dir='ltr' id='par_1_55' title="bbox 2183 2368 3742 2437">
     <span class='ocr_line' id='line_1_55' title="bbox 2183 2368 3742 2437; baseline 0.001 -13"><span class='ocrx_word' id='word_1_345' title='bbox 2183 2368 2349 2424; x_wconf 87' lang='lat' dir='ltr'>Initio</span> <span class='ocrx_word' id='word_1_346' title='bbox 2377 2368 2539 2424; x_wconf 86' lang='lat' dir='ltr'>Junii</span> <span class='ocrx_word' id='word_1_347' title='bbox 2581 2369 2871 2437; x_wconf 89' lang='lat' dir='ltr'>Urbanus,</span> <span class='ocrx_word' id='word_1_348' title='bbox 2904 2387 2935 2425; x_wconf 79' lang='grc' dir='ltr'>θ</span> <span class='ocrx_word' id='word_1_349' title='bbox 2964 2369 3241 2426; x_wconf 87' lang='lat' dir='ltr'>Vaticano</span> <span class='ocrx_word' id='word_1_350' title='bbox 3285 2371 3634 2427; x_wconf 87' lang='lat' dir='ltr'>Lateranum</span> <span class='ocrx_word' id='word_1_351' title='bbox 3663 2387 3742 2426; x_wconf 88' lang='lat' dir='ltr'>re-</span> 
     </span>
    </p>
   </div>
   <div class='ocr_carea' id='block_1_56' title="bbox 2109 2457 3742 2530">
    <p class='ocr_par' dir='ltr' id='par_1_56' title="bbox 2109 2457 3742 2530">
     <span class='ocr_line' id='line_1_56' title="bbox 2109 2457 3742 2530; baseline 0 -17"><span class='ocrx_word' id='word_1_352' title='bbox 2109 2474 2332 2523; x_wconf 88' lang='lat' dir='ltr'>versus,</span> <span class='ocrx_word' id='word_1_353' title='bbox 2368 2457 2592 2529; x_wconf 88' lang='lat' dir='ltr'>Hugoni</span> <span class='ocrx_word' id='word_1_354' title='bbox 2645 2457 3021 2530; x_wconf 86' lang='lat' dir='ltr'>Lugdunensi</span> <span class='ocrx_word' id='word_1_355' title='bbox 3052 2475 3158 2514; x_wconf 91' lang='lat' dir='ltr'>suo</span> <span class='ocrx_word' id='word_1_356' title='bbox 3208 2459 3266 2514; x_wconf 91' lang='lat' dir='ltr'>in</span> <span class='ocrx_word' id='word_1_357' title='bbox 3312 2459 3518 2516; x_wconf 88' lang='lat' dir='ltr'>Galliis</span> <span class='ocrx_word' id='word_1_358' title='bbox 3546 2459 3742 2516; x_wconf 88' lang='lat' dir='ltr'>vicario</span> 
     </span>
    </p>
   </div>
   <div class='ocr_carea' id='block_1_57' title="bbox 2113 2545 3744 2620">
    <p class='ocr_par' dir='ltr' id='par_1_57' title="bbox 2113 2545 3744 2620">
     <span class='ocr_line' id='line_1_57' title="bbox 2113 2545 3744 2620; baseline 0 -18"><span class='ocrx_word' id='word_1_359' title='bbox 2113 2545 2412 2617; x_wconf 90' lang='lat' dir='ltr'>rescripsit</span> <span class='ocrx_word' id='word_1_360' title='bbox 2441 2560 2481 2602; x_wconf 86' lang='grc' dir='ltr'>ιι</span> <span class='ocrx_word' id='word_1_361' title='bbox 2504 2545 2701 2602; x_wconf 87' lang='lat' dir='ltr'>Nonas</span> <span class='ocrx_word' id='word_1_362' title='bbox 2719 2547 2980 2616; x_wconf 86' lang='lat' dir='ltr'>ejusdem</span> <span class='ocrx_word' id='word_1_363' title='bbox 3008 2547 3228 2604; x_wconf 91' lang='lat' dir='ltr'>mensis</span> <span class='ocrx_word' id='word_1_364' title='bbox 3259 2549 3315 2602; x_wconf 89' lang='lat' dir='ltr'>in</span> <span class='ocrx_word' id='word_1_365' title='bbox 3349 2549 3602 2620; x_wconf 85' lang='lat' dir='ltr'>gratiam</span> <span class='ocrx_word' id='word_1_366' title='bbox 3623 2549 3744 2604; x_wconf 90' lang='lat' dir='ltr'>Gra-</span> 
     </span>
    </p>
   </div>
   <div class='ocr_carea' id='block_1_58' title="bbox 2111 2633 3741 2708">
    <p class='ocr_par' dir='ltr' id='par_1_58' title="bbox 2111 2633 3741 2708">
     <span class='ocr_line' id='line_1_58' title="bbox 2111 2633 3741 2708; baseline 0.001 -18"><span class='ocrx_word' id='word_1_367' title='bbox 2111 2633 2544 2708; x_wconf 63' lang='lat' dir='ltr'>tianOpolitane</span> <span class='ocrx_word' id='word_1_368' title='bbox 2583 2633 2851 2691; x_wconf 70' lang='lat' dir='ltr'>Ecclesia</span> <span class='ocrx_word' id='word_1_369' title='bbox 2902 2637 3180 2692; x_wconf 89' lang='lat' dir='ltr'>adversus</span> <span class='ocrx_word' id='word_1_370' title='bbox 3229 2637 3558 2694; x_wconf 91' lang='lat' dir='ltr'>Guidonem</span> <span class='ocrx_word' id='word_1_371' title='bbox 3586 2636 3741 2692; x_wconf 84' lang='lat' dir='ltr'>Vien-</span> 
     </span>
    </p>
   </div>
   <div class='ocr_carea' id='block_1_59' title="bbox 2111 2721 3743 2796">
    <p class='ocr_par' dir='ltr' id='par_1_59' title="bbox 2111 2721 3743 2796">
     <span class='ocr_line' id='line_1_59' title="bbox 2111 2721 3743 2796; baseline 0 -16"><span class='ocrx_word' id='word_1_372' title='bbox 2111 2740 2352 2780; x_wconf 87' lang='lat' dir='ltr'>nensem</span> <span class='ocrx_word' id='word_1_373' title='bbox 2383 2721 2904 2796; x_wconf 86' lang='lat' dir='ltr'>archiepiscopum,</span> <span class='ocrx_word' id='word_1_374' title='bbox 2929 2724 3030 2796; x_wconf 91' lang='lat' dir='ltr'>qui</span> <span class='ocrx_word' id='word_1_375' title='bbox 3051 2741 3256 2781; x_wconf 90' lang='lat' dir='ltr'>rursus</span> <span class='ocrx_word' id='word_1_376' title='bbox 3277 2724 3743 2783; x_wconf 86' lang='lat' dir='ltr'>Salmoriacensis</span> 
     </span>
    </p>
   </div>
   <div class='ocr_carea' id='block_1_60' title="bbox 2111 2810 3744 2872">
    <p class='ocr_par' dir='ltr' id='par_1_60' title="bbox 2111 2810 3744 2872">
     <span class='ocr_line' id='line_1_60' title="bbox 2111 2810 3744 2872; baseline 0.001 -5"><span class='ocrx_word' id='word_1_377' title='bbox 2111 2811 2620 2867; x_wconf 85' lang='lat' dir='ltr'>archidiaconatus</span> <span class='ocrx_word' id='word_1_378' title='bbox 2651 2810 2936 2868; x_wconf 80' lang='lat' dir='ltr'>Ecclesiae</span> <span class='ocrx_word' id='word_1_379' title='bbox 2965 2813 3274 2869; x_wconf 87' lang='lat' dir='ltr'>invaserat.</span> <span class='ocrx_word' id='word_1_380' title='bbox 3297 2815 3360 2871; x_wconf 92' lang='lat' dir='ltr'>In</span> <span class='ocrx_word' id='word_1_381' title='bbox 3393 2816 3512 2872; x_wconf 83' lang='lat' dir='ltr'>ﬁne</span> <span class='ocrx_word' id='word_1_382' title='bbox 3539 2814 3744 2871; x_wconf 85' lang='lat' dir='ltr'>littera-</span> 
     </span>
    </p>
   </div>
   <div class='ocr_carea' id='block_1_61' title="bbox 2113 2899 3745 2974">
    <p class='ocr_par' dir='ltr' id='par_1_61' title="bbox 2113 2899 3745 2974">
     <span class='ocr_line' id='line_1_61' title="bbox 2113 2899 3745 2974; baseline 0.001 -18"><span class='ocrx_word' id='word_1_383' title='bbox 2113 2916 2245 2956; x_wconf 90' lang='lat' dir='ltr'>rum</span> <span class='ocrx_word' id='word_1_384' title='bbox 2276 2901 2490 2956; x_wconf 87' lang='lat' dir='ltr'>fatetur</span> <span class='ocrx_word' id='word_1_385' title='bbox 2542 2899 3022 2971; x_wconf 84' lang='lat' dir='ltr'>religiosissimus</span> <span class='ocrx_word' id='word_1_386' title='bbox 3075 2903 3332 2974; x_wconf 88' lang='lat' dir='ltr'>pontifex</span> <span class='ocrx_word' id='word_1_387' title='bbox 3363 2919 3428 2959; x_wconf 87' lang='lat' dir='ltr'>e</span> <span class='ocrx_word' id='word_1_388' title='bbox 3457 2903 3745 2974; x_wconf 85' lang='lat' dir='ltr'>hucusque</span> 
     </span>
    </p>
   </div>
   <div class='ocr_carea' id='block_1_62' title="bbox 2113 2987 3746 3064">
    <p class='ocr_par' dir='ltr' id='par_1_62' title="bbox 2113 2987 3746 3064">
     <span class='ocr_line' id='line_1_62' title="bbox 2113 2987 3746 3064; baseline 0.001 -20"><span class='ocrx_word' id='word_1_389' title='bbox 2113 2989 2173 3044; x_wconf 93' lang='lat' dir='ltr'>in</span> <span class='ocrx_word' id='word_1_390' title='bbox 2206 2987 2611 3061; x_wconf 86' lang='lat' dir='ltr'>permittendis</span> <span class='ocrx_word' id='word_1_391' title='bbox 2641 2990 2794 3061; x_wconf 89' lang='lat' dir='ltr'>apud</span> <span class='ocrx_word' id='word_1_392' title='bbox 2827 2988 3042 3046; x_wconf 90' lang='lat' dir='ltr'>Gallias</span> <span class='ocrx_word' id='word_1_393' title='bbox 3072 2991 3483 3064; x_wconf 88' lang='lat' dir='ltr'>episcoporum</span> <span class='ocrx_word' id='word_1_394' title='bbox 3514 2990 3746 3048; x_wconf 88' lang='lat' dir='ltr'>transla-</span> 
     </span>
    </p>
   </div>
   <div class='ocr_carea' id='block_1_63' title="bbox 2113 3077 3746 3153">
    <p class='ocr_par' dir='ltr' id='par_1_63' title="bbox 2113 3077 3746 3153">
     <span class='ocr_line' id='line_1_63' title="bbox 2113 3077 3746 3153; baseline 0.001 -19"><span class='ocrx_word' id='word_1_395' title='bbox 2113 3077 2372 3134; x_wconf 88' lang='lat' dir='ltr'>tionibus</span> <span class='ocrx_word' id='word_1_396' title='bbox 2396 3077 2572 3132; x_wconf 90' lang='lat' dir='ltr'>nimis</span> <span class='ocrx_word' id='word_1_397' title='bbox 2598 3077 2822 3134; x_wconf 87' lang='lat' dir='ltr'>facilem</span> <span class='ocrx_word' id='word_1_398' title='bbox 2853 3078 3034 3136; x_wconf 87' lang='lat' dir='ltr'>fuisse</span> <span class='ocrx_word' id='word_1_399' title='bbox 3050 3097 3063 3147; x_wconf 91' lang='lat'><strong>;</strong></span> <span class='ocrx_word' id='word_1_400' title='bbox 3079 3084 3207 3135; x_wconf 88' lang='lat' dir='ltr'>tum</span> <span class='ocrx_word' id='word_1_401' title='bbox 3225 3079 3387 3137; x_wconf 89' lang='lat' dir='ltr'>addit</span> <span class='ocrx_word' id='word_1_402' title='bbox 3407 3099 3472 3138; x_wconf 89' lang='lat' dir='ltr'>se</span> <span class='ocrx_word' id='word_1_403' title='bbox 3493 3081 3746 3153; x_wconf 88' lang='lat' dir='ltr'>deinceps</span> 
     </span>
    </p>
   </div>
   <div class='ocr_carea' id='block_1_64' title="bbox 2107 3166 3744 3238">
    <p class='ocr_par' dir='ltr' id='par_1_64' title="bbox 2107 3166 3744 3238">
     <span class='ocr_line' id='line_1_64' title="bbox 2107 3166 3744 3238; baseline 0.001 -16"><span class='ocrx_word' id='word_1_404' title='bbox 2107 3167 2278 3238; x_wconf 84' lang='lat' dir='ltr'>juxta</span> <span class='ocrx_word' id='word_1_405' title='bbox 2304 3166 2545 3222; x_wconf 67' lang='lat' dir='ltr'>Nicaeum</span> <span class='ocrx_word' id='word_1_406' title='bbox 2579 3167 2783 3238; x_wconf 84' lang='lat' dir='ltr'>synodi</span> <span class='ocrx_word' id='word_1_407' title='bbox 2815 3170 3034 3223; x_wconf 89' lang='lat' dir='ltr'>statuta</span> <span class='ocrx_word' id='word_1_408' title='bbox 3062 3169 3134 3224; x_wconf 91' lang='lat' dir='ltr'>ab</span> <span class='ocrx_word' id='word_1_409' title='bbox 3159 3184 3224 3224; x_wconf 90' lang='lat' dir='ltr'>eo</span> <span class='ocrx_word' id='word_1_410' title='bbox 3246 3169 3438 3226; x_wconf 91' lang='lat' dir='ltr'>abusu</span> <span class='ocrx_word' id='word_1_411' title='bbox 3462 3169 3744 3226; x_wconf 86' lang='lat' dir='ltr'>abstentu-</span> 
     </span>
    </p>
   </div>
   <div class='ocr_carea' id='block_1_65' title="bbox 359 3236 3743 3332">
    <p class='ocr_par' dir='ltr' id='par_1_65' title="bbox 359 3236 3743 3332">
     <span class='ocr_line' id='line_1_65' title="bbox 359 3236 3743 3332; baseline -0.002 -14"><span class='ocrx_word' id='word_1_412' title='bbox 359 3261 538 3318; x_wconf 80' lang='lat' dir='ltr'>cessit</span> <span class='ocrx_word' id='word_1_413' title='bbox 579 3236 936 3316; x_wconf 75' lang='lat' dir='ltr'>monasterio</span> <span class='ocrx_word' id='word_1_414' title='bbox 963 3236 1289 3330; x_wconf 73' lang='lat' dir='ltr'>Conquenti</span> <span class='ocrx_word' id='word_1_415' title='bbox 1332 3236 1488 3328; x_wconf 75' lang='lat' dir='ltr'>apud</span> <span class='ocrx_word' id='word_1_416' title='bbox 1535 3236 1854 3320; x_wconf 74' lang='lat' dir='ltr'>Ruthenos,</span> <span class='ocrx_word' id='word_1_417' title='bbox 1887 3269 2000 3325; x_wconf 93' lang='lat' dir='ltr'>quo</span> <span class='ocrx_word' id='word_1_418' title='bbox 2033 3236 2076 3303; x_wconf 76' lang='grc' dir='ltr'><strong>Ο</strong></span> <span class='ocrx_word' id='word_1_419' title='bbox 2111 3236 2449 3327; x_wconf 76' lang='lat' dir='ltr'>rum,atque</span> <span class='ocrx_word' id='word_1_420' title='bbox 2464 3236 2675 3311; x_wconf 80' lang='lat' dir='ltr'>hocsst</span> <span class='ocrx_word' id='word_1_421' title='bbox 2690 3255 2964 3312; x_wconf 89' lang='lat' dir='ltr'>ultimum</span> <span class='ocrx_word' id='word_1_422' title='bbox 2983 3256 3332 3330; x_wconf 87' lang='lat' dir='ltr'>rescriptum</span> <span class='ocrx_word' id='word_1_423' title='bbox 3346 3261 3504 3330; x_wconf 90' lang='lat' dir='ltr'>quod</span> <span class='ocrx_word' id='word_1_424' title='bbox 3525 3258 3743 3332; x_wconf 90' lang='lat' dir='ltr'>quidem</span> 
     </span>
    </p>
   </div>
   <div class='ocr_carea' id='block_1_66' title="bbox 359 3345 2005 3423">
    <p class='ocr_par' dir='ltr' id='par_1_66' title="bbox 359 3345 2005 3423">
     <span class='ocr_line' id='line_1_66' title="bbox 359 3345 2005 3423; baseline -0.008 -14"><span class='ocrx_word' id='word_1_425' title='bbox 359 3352 488 3423; x_wconf 84' lang='lat' dir='ltr'>ejus</span> <span class='ocrx_word' id='word_1_426' title='bbox 537 3351 677 3422; x_wconf 85' lang='lat' dir='ltr'>jura</span> <span class='ocrx_word' id='word_1_427' title='bbox 731 3352 791 3403; x_wconf 88' lang='lat' dir='ltr'>et</span> <span class='ocrx_word' id='word_1_428' title='bbox 839 3346 1240 3419; x_wconf 89' lang='lat' dir='ltr'>possessiones</span> <span class='ocrx_word' id='word_1_429' title='bbox 1269 3345 1712 3414; x_wconf 82' lang='lat' dir='ltr'>confirmantur,</span> <span class='ocrx_word' id='word_1_430' title='bbox 1748 3345 2005 3398; x_wconf 90' lang='lat' dir='ltr'>resecato</span> 
     </span>
    </p>
   </div>
   <div class='ocr_carea' id='block_1_67' title="bbox 355 3434 2007 3510">
    <p class='ocr_par' dir='ltr' id='par_1_67' title="bbox 355 3434 2007 3510">
     <span class='ocr_line' id='line_1_67' title="bbox 355 3434 2007 3510; baseline -0.007 -13"><span class='ocrx_word' id='word_1_431' title='bbox 355 3441 550 3496; x_wconf 78' lang='lat' dir='ltr'>abusu</span> <span class='ocrx_word' id='word_1_432' title='bbox 581 3436 683 3510; x_wconf 89' lang='lat' dir='ltr'>qui</span> <span class='ocrx_word' id='word_1_433' title='bbox 727 3435 786 3492; x_wconf 91' lang='lat' dir='ltr'>in</span> <span class='ocrx_word' id='word_1_434' title='bbox 834 3435 951 3492; x_wconf 88' lang='lat' dir='ltr'>illis</span> <span class='ocrx_word' id='word_1_435' title='bbox 982 3435 1246 3508; x_wconf 87' lang='lat' dir='ltr'>partibus</span> <span class='ocrx_word' id='word_1_436' title='bbox 1275 3434 1618 3505; x_wconf 86' lang='lat' dir='ltr'>invaluerat,</span> <span class='ocrx_word' id='word_1_437' title='bbox 1670 3436 2007 3488; x_wconf 90' lang='lat' dir='ltr'>sanctorum</span> 
     </span>
    </p>
   </div>
   <div class='ocr_carea' id='block_1_68' title="bbox 359 3519 2012 3602">
    <p class='ocr_par' dir='ltr' id='par_1_68' title="bbox 359 3519 2012 3602">
     <span class='ocr_line' id='line_1_68' title="bbox 359 3519 2012 3602; baseline -0.007 -17"><span class='ocrx_word' id='word_1_438' title='bbox 359 3528 658 3602; x_wconf 82' lang='lat' dir='ltr'>reliquias,</span> <span class='ocrx_word' id='word_1_439' title='bbox 674 3525 848 3582; x_wconf 89' lang='lat' dir='ltr'>etiam</span> <span class='ocrx_word' id='word_1_440' title='bbox 875 3524 1070 3581; x_wconf 86' lang='lat' dir='ltr'>invitis</span> <span class='ocrx_word' id='word_1_441' title='bbox 1091 3523 1416 3592; x_wconf 88' lang='lat' dir='ltr'>monachis,</span> <span class='ocrx_word' id='word_1_442' title='bbox 1435 3524 1506 3578; x_wconf 92' lang='lat' dir='ltr'>ad</span> <span class='ocrx_word' id='word_1_443' title='bbox 1533 3522 1748 3594; x_wconf 90' lang='lat' dir='ltr'>placita</span> <span class='ocrx_word' id='word_1_444' title='bbox 1776 3519 2012 3592; x_wconf 90' lang='lat' dir='ltr'>publica</span> 
     </span>
    </p>
   </div>
   <div class='ocr_carea' id='block_1_69' title="bbox 359 3609 2012 3686">
    <p class='ocr_par' dir='ltr' id='par_1_69' title="bbox 359 3609 2012 3686">
     <span class='ocr_line' id='line_1_69' title="bbox 359 3609 2012 3686; baseline -0.007 -12"><span class='ocrx_word' id='word_1_445' title='bbox 359 3615 679 3675; x_wconf 68' lang='lat' dir='ltr'>defemndi.</span> <span class='ocrx_word' id='word_1_446' title='bbox 705 3613 879 3670; x_wconf 87' lang='lat' dir='ltr'>Paulo</span> <span class='ocrx_word' id='word_1_447' title='bbox 925 3617 1074 3686; x_wconf 89' lang='lat' dir='ltr'>post,</span> <span class='ocrx_word' id='word_1_448' title='bbox 1105 3613 1163 3668; x_wconf 89' lang='lat' dir='ltr'>id</span> <span class='ocrx_word' id='word_1_449' title='bbox 1193 3617 1283 3668; x_wconf 88' lang='lat' dir='ltr'>est</span> <span class='ocrx_word' id='word_1_450' title='bbox 1310 3613 1406 3668; x_wconf 88' lang='lat' dir='ltr'>die</span> <span class='ocrx_word' id='word_1_451' title='bbox 1452 3613 1518 3666; x_wconf 76' lang='grc'><strong>14</strong></span> <span class='ocrx_word' id='word_1_452' title='bbox 1564 3611 1722 3676; x_wconf 84' lang='lat' dir='ltr'>Maii,</span> <span class='ocrx_word' id='word_1_453' title='bbox 1755 3609 2012 3681; x_wconf 82' lang='lat' dir='ltr'>pontifex</span> 
     </span>
    </p>
   </div>
   <div class='ocr_carea' id='block_1_70' title="bbox 359 3696 2009 3770">
    <p class='ocr_par' dir='ltr' id='par_1_70' title="bbox 359 3696 2009 3770">
     <span class='ocr_line' id='line_1_70' title="bbox 359 3696 2009 3770; baseline -0.008 -5"><span class='ocrx_word' id='word_1_454' title='bbox 359 3703 758 3764; x_wconf 82' lang='lat' dir='ltr'>Ruthenensis</span> <span class='ocrx_word' id='word_1_455' title='bbox 789 3703 994 3759; x_wconf 80' lang='lat' dir='ltr'>matris</span> <span class='ocrx_word' id='word_1_456' title='bbox 1023 3701 1276 3758; x_wconf 69' lang='lat' dir='ltr'>ecclesiae</span> <span class='ocrx_word' id='word_1_457' title='bbox 1308 3699 1628 3764; x_wconf 86' lang='lat' dir='ltr'>canonicis,</span> <span class='ocrx_word' id='word_1_458' title='bbox 1651 3697 1751 3770; x_wconf 93' lang='lat' dir='ltr'>qui</span> <span class='ocrx_word' id='word_1_459' title='bbox 1783 3696 2009 3770; x_wconf 88' lang='lat' dir='ltr'>regula-</span> 
     </span>
    </p>
   </div>
   <div class='ocr_carea' id='block_1_71' title="bbox 362 3786 2015 3862">
    <p class='ocr_par' dir='ltr' id='par_1_71' title="bbox 362 3786 2015 3862">
     <span class='ocr_line' id='line_1_71' title="bbox 362 3786 2015 3862; baseline -0.007 -11"><span class='ocrx_word' id='word_1_460' title='bbox 362 3809 486 3852; x_wconf 86' lang='lat' dir='ltr'>rem</span> <span class='ocrx_word' id='word_1_461' title='bbox 515 3793 694 3849; x_wconf 88' lang='lat' dir='ltr'>vitam</span> <span class='ocrx_word' id='word_1_462' title='bbox 725 3789 978 3862; x_wconf 87' lang='lat' dir='ltr'>amplexi</span> <span class='ocrx_word' id='word_1_463' title='bbox 1011 3791 1259 3856; x_wconf 87' lang='lat' dir='ltr'>fuerant,</span> <span class='ocrx_word' id='word_1_464' title='bbox 1292 3787 1593 3860; x_wconf 88' lang='lat' dir='ltr'>privilegia</span> <span class='ocrx_word' id='word_1_465' title='bbox 1621 3786 1926 3851; x_wconf 89' lang='lat' dir='ltr'>concessit,</span> <span class='ocrx_word' id='word_1_466' title='bbox 1957 3787 2015 3840; x_wconf 92' lang='lat' dir='ltr'>et</span> 
     </span>
    </p>
   </div>
   <div class='ocr_carea' id='block_1_72' title="bbox 361 3874 2015 3951">
    <p class='ocr_par' dir='ltr' id='par_1_72' title="bbox 361 3874 2015 3951">
     <span class='ocr_line' id='line_1_72' title="bbox 361 3874 2015 3951; baseline -0.006 -13"><span class='ocrx_word' id='word_1_467' title='bbox 361 3882 560 3938; x_wconf 82' lang='lat' dir='ltr'>varias</span> <span class='ocrx_word' id='word_1_468' title='bbox 591 3878 989 3951; x_wconf 87' lang='lat' dir='ltr'>possessiones</span> <span class='ocrx_word' id='word_1_469' title='bbox 1011 3877 1082 3931; x_wconf 87' lang='lat' dir='ltr'>ad</span> <span class='ocrx_word' id='word_1_470' title='bbox 1101 3877 1277 3931; x_wconf 88' lang='lat' dir='ltr'>vitam</span> <span class='ocrx_word' id='word_1_471' title='bbox 1296 3892 1670 3932; x_wconf 89' lang='lat' dir='ltr'>communem</span> <span class='ocrx_word' id='word_1_472' title='bbox 1687 3874 2015 3930; x_wconf 86' lang='lat' dir='ltr'>ducendam</span> 
     </span>
    </p>
   </div>
   <div class='ocr_carea' id='block_1_73' title="bbox 365 3963 2014 4036">
    <p class='ocr_par' dir='ltr' id='par_1_73' title="bbox 365 3963 2014 4036">
     <span class='ocr_line' id='line_1_73' title="bbox 365 3963 2014 4036; baseline -0.005 -9"><span class='ocrx_word' id='word_1_473' title='bbox 365 3969 450 4026; x_wconf 90' lang='lat' dir='ltr'>eis</span> <span class='ocrx_word' id='word_1_474' title='bbox 479 3965 750 4031; x_wconf 81' lang='lat' dir='ltr'>asseruit,</span> <span class='ocrx_word' id='word_1_475' title='bbox 784 3967 920 4021; x_wconf 87' lang='lat' dir='ltr'>dato</span> <span class='ocrx_word' id='word_1_476' title='bbox 970 3963 1305 4036; x_wconf 82' lang='lat' dir='ltr'>diplomate.</span> <span class='ocrx_word' id='word_1_477' title='bbox 1337 3965 1550 4020; x_wconf 82' lang='lat' dir='ltr'>Eodem</span> <span class='ocrx_word' id='word_1_478' title='bbox 1600 3981 1800 4019; x_wconf 87' lang='lat' dir='ltr'>mense</span> <span class='ocrx_word' id='word_1_479' title='bbox 1843 3963 2014 4028; x_wconf 89' lang='lat' dir='ltr'>Maio,</span> 
     </span>
    </p>
   </div>
   <div class='ocr_carea' id='block_1_74' title="bbox 367 4052 2016 4126">
    <p class='ocr_par' dir='ltr' id='par_1_74' title="bbox 367 4052 2016 4126">
     <span class='ocr_line' id='line_1_74' title="bbox 367 4052 2016 4126; baseline -0.005 -11"><span class='ocrx_word' id='word_1_480' title='bbox 367 4056 530 4114; x_wconf 88' lang='lat' dir='ltr'>nulla</span> <span class='ocrx_word' id='word_1_481' title='bbox 559 4053 858 4126; x_wconf 85' lang='lat' dir='ltr'>assignate</span> <span class='ocrx_word' id='word_1_482' title='bbox 887 4052 1000 4119; x_wconf 90' lang='lat' dir='ltr'>die,</span> <span class='ocrx_word' id='word_1_483' title='bbox 1021 4053 1400 4126; x_wconf 87' lang='lat' dir='ltr'>consignatur</span> <span class='ocrx_word' id='word_1_484' title='bbox 1421 4052 1636 4109; x_wconf 90' lang='lat' dir='ltr'>Urbani</span> <span class='ocrx_word' id='word_1_485' title='bbox 1667 4053 2016 4124; x_wconf 90' lang='lat' dir='ltr'>rescriptum</span> 
     </span>
    </p>
   </div>
   <div class='ocr_carea' id='block_1_75' title="bbox 369 4141 2018 4213">
    <p class='ocr_par' dir='ltr' id='par_1_75' title="bbox 369 4141 2018 4213">
     <span class='ocr_line' id='line_1_75' title="bbox 369 4141 2018 4213; baseline -0.004 -10"><span class='ocrx_word' id='word_1_486' title='bbox 369 4147 441 4203; x_wconf 87' lang='lat' dir='ltr'>ad</span> <span class='ocrx_word' id='word_1_487' title='bbox 471 4143 747 4200; x_wconf 78' lang='lat' dir='ltr'>Alfenum</span> <span class='ocrx_word' id='word_1_488' title='bbox 769 4141 1200 4198; x_wconf 83' lang='lat' dir='ltr'>Salernitanum</span> <span class='ocrx_word' id='word_1_489' title='bbox 1233 4142 1708 4213; x_wconf 88' lang='lat' dir='ltr'>antistitem,quo</span> <span class='ocrx_word' id='word_1_490' title='bbox 1737 4141 2018 4197; x_wconf 86' lang='lat' dir='ltr'>revocatis</span> 
     </span>
    </p>
   </div>
   <div class='ocr_carea' id='block_1_76' title="bbox 368 4229 2018 4305">
    <p class='ocr_par' dir='ltr' id='par_1_76' title="bbox 368 4229 2018 4305">
     <span class='ocr_line' id='line_1_76' title="bbox 368 4229 2018 4305; baseline -0.005 -14"><span class='ocrx_word' id='word_1_491' title='bbox 368 4253 405 4291; x_wconf 88' lang='lat' dir='ltr'>a</span> <span class='ocrx_word' id='word_1_492' title='bbox 443 4249 506 4290; x_wconf 90' lang='lat' dir='ltr'>se</span> <span class='ocrx_word' id='word_1_493' title='bbox 553 4247 658 4305; x_wconf 88' lang='lat' dir='ltr'>per</span> <span class='ocrx_word' id='word_1_494' title='bbox 711 4229 1170 4302; x_wconf 85' lang='lat' dir='ltr'>subreptionem,</span> <span class='ocrx_word' id='word_1_495' title='bbox 1203 4235 1267 4285; x_wconf 91' lang='lat' dir='ltr'>ut</span> <span class='ocrx_word' id='word_1_496' title='bbox 1320 4230 1402 4286; x_wconf 89' lang='lat' dir='ltr'>ibi</span> <span class='ocrx_word' id='word_1_497' title='bbox 1460 4229 1696 4297; x_wconf 90' lang='lat' dir='ltr'>dicitur,</span> <span class='ocrx_word' id='word_1_498' title='bbox 1726 4229 2018 4286; x_wconf 86' lang='lat' dir='ltr'>concessis</span> 
     </span>
    </p>
   </div>
   <div class='ocr_carea' id='block_1_77' title="bbox 371 4317 2020 4392">
    <p class='ocr_par' dir='ltr' id='par_1_77' title="bbox 371 4317 2020 4392">
     <span class='ocr_line' id='line_1_77' title="bbox 371 4317 2020 4392; baseline -0.004 -12"><span class='ocrx_word' id='word_1_499' title='bbox 371 4319 728 4380; x_wconf 84' lang='lat' dir='ltr'>monasterio</span> <span class='ocrx_word' id='word_1_500' title='bbox 747 4319 988 4376; x_wconf 85' lang='lat' dir='ltr'>Cavensi</span> <span class='ocrx_word' id='word_1_501' title='bbox 1015 4317 1353 4392; x_wconf 80' lang='lat' dir='ltr'>privilegiis,</span> <span class='ocrx_word' id='word_1_502' title='bbox 1374 4318 1521 4375; x_wconf 91' lang='lat' dir='ltr'>illud</span> <span class='ocrx_word' id='word_1_503' title='bbox 1545 4323 1602 4374; x_wconf 90' lang='lat' dir='ltr'>et</span> <span class='ocrx_word' id='word_1_504' title='bbox 1620 4319 1735 4375; x_wconf 90' lang='lat' dir='ltr'>alia</span> <span class='ocrx_word' id='word_1_505' title='bbox 1755 4318 2020 4390; x_wconf 89' lang='lat' dir='ltr'>ejusdem</span> 
     </span>
    </p>
   </div>
   <div class='ocr_carea' id='block_1_78' title="bbox 365 4407 2023 4480">
    <p class='ocr_par' dir='ltr' id='par_1_78' title="bbox 365 4407 2023 4480">
     <span class='ocr_line' id='line_1_78' title="bbox 365 4407 2023 4480; baseline -0.005 -11"><span class='ocrx_word' id='word_1_506' title='bbox 365 4409 637 4469; x_wconf 70' lang='lat' dir='ltr'>dimcesis</span> <span class='ocrx_word' id='word_1_507' title='bbox 669 4407 1024 4464; x_wconf 86' lang='lat' dir='ltr'>monasteria</span> <span class='ocrx_word' id='word_1_508' title='bbox 1053 4407 1486 4480; x_wconf 84' lang='lat' dir='ltr'>archiepiscopo</span> <span class='ocrx_word' id='word_1_509' title='bbox 1512 4407 1703 4464; x_wconf 91' lang='lat' dir='ltr'>reddit</span> <span class='ocrx_word' id='word_1_510' title='bbox 1733 4412 1790 4462; x_wconf 90' lang='lat' dir='ltr'>et</span> <span class='ocrx_word' id='word_1_511' title='bbox 1818 4407 2023 4462; x_wconf 84' lang='lat' dir='ltr'>confir-</span> 
     </span>
    </p>
   </div>
   <div class='ocr_carea' id='block_1_79' title="bbox 370 4495 2019 4565">
    <p class='ocr_par' dir='ltr' id='par_1_79' title="bbox 370 4495 2019 4565">
     <span class='ocr_line' id='line_1_79' title="bbox 370 4495 2019 4565; baseline -0.006 -6"><span class='ocrx_word' id='word_1_512' title='bbox 370 4505 512 4559; x_wconf 87' lang='lat' dir='ltr'>mat.</span> <span class='ocrx_word' id='word_1_513' title='bbox 544 4501 758 4557; x_wconf 83' lang='lat' dir='ltr'>Datum</span> <span class='ocrx_word' id='word_1_514' title='bbox 816 4498 1001 4554; x_wconf 85' lang='lat' dir='ltr'>fertur</span> <span class='ocrx_word' id='word_1_515' title='bbox 1057 4498 1250 4553; x_wconf 66' lang='lat' dir='ltr'>Romaa</span> <span class='ocrx_word' id='word_1_516' title='bbox 1308 4513 1462 4554; x_wconf 90' lang='lat' dir='ltr'>anno</span> <span class='ocrx_word' id='word_1_517' title='bbox 1497 4497 1654 4565; x_wconf 88' lang='grc'><strong>1098,</strong></span> <span class='ocrx_word' id='word_1_518' title='bbox 1686 4495 1888 4550; x_wconf 91' lang='lat' dir='ltr'>indict.</span> <span class='ocrx_word' id='word_1_519' title='bbox 1921 4512 2019 4562; x_wconf 81' lang='lat' dir='ltr'>v11,</span> 
     </span>
    </p>
   </div>
   <div class='ocr_carea' id='block_1_80' title="bbox 2115 3343 3744 3416">
    <p class='ocr_par' dir='ltr' id='par_1_80' title="bbox 2115 3343 3744 3416">
     <span class='ocr_line' id='line_1_80' title="bbox 2115 3343 3744 3416; baseline 0 -16"><span class='ocrx_word' id='word_1_520' title='bbox 2115 3360 2247 3400; x_wconf 91' lang='lat' dir='ltr'>cum</span> <span class='ocrx_word' id='word_1_521' title='bbox 2271 3343 2424 3399; x_wconf 90' lang='lat' dir='ltr'>notis</span> <span class='ocrx_word' id='word_1_522' title='bbox 2441 3343 2732 3400; x_wconf 89' lang='lat' dir='ltr'>chronicis</span> <span class='ocrx_word' id='word_1_523' title='bbox 2753 3343 3106 3416; x_wconf 88' lang='lat' dir='ltr'>supersit,ab</span> <span class='ocrx_word' id='word_1_524' title='bbox 3125 3345 3354 3402; x_wconf 90' lang='lat' dir='ltr'>Urbano</span> <span class='ocrx_word' id='word_1_525' title='bbox 3372 3347 3578 3403; x_wconf 87' lang='lat' dir='ltr'>datum</span> <span class='ocrx_word' id='word_1_526' title='bbox 3595 3345 3744 3402; x_wconf 88' lang='lat' dir='ltr'>:huic</span> 
     </span>
    </p>
   </div>
   <div class='ocr_carea' id='block_1_81' title="bbox 2116 3432 3744 3509">
    <p class='ocr_par' dir='ltr' id='par_1_81' title="bbox 2116 3432 3744 3509">
     <span class='ocr_line' id='line_1_81' title="bbox 2116 3432 3744 3509; baseline 0.001 -20"><span class='ocrx_word' id='word_1_527' title='bbox 2116 3433 2277 3490; x_wconf 89' lang='lat' dir='ltr'>aliud</span> <span class='ocrx_word' id='word_1_528' title='bbox 2327 3433 2718 3504; x_wconf 87' lang='lat' dir='ltr'>subjungetur</span> <span class='ocrx_word' id='word_1_529' title='bbox 2772 3432 2884 3505; x_wconf 91' lang='lat' dir='ltr'>ipsi</span> <span class='ocrx_word' id='word_1_530' title='bbox 2936 3434 3163 3506; x_wconf 85' lang='lat' dir='ltr'>Hugoni</span> <span class='ocrx_word' id='word_1_531' title='bbox 3223 3435 3744 3509; x_wconf 85' lang='lat' dir='ltr'>Gratianopolitano</span> 
     </span>
    </p>
   </div>
   <div class='ocr_carea' id='block_1_82' title="bbox 2118 3521 3745 3598">
    <p class='ocr_par' dir='ltr' id='par_1_82' title="bbox 2118 3521 3745 3598">
     <span class='ocr_line' id='line_1_82' title="bbox 2118 3521 3745 3598; baseline 0 -20"><span class='ocrx_word' id='word_1_532' title='bbox 2118 3521 2490 3593; x_wconf 87' lang='lat' dir='ltr'>inscriptum,</span> <span class='ocrx_word' id='word_1_533' title='bbox 2520 3537 2636 3592; x_wconf 88' lang='lat' dir='ltr'>quo</span> <span class='ocrx_word' id='word_1_534' title='bbox 2677 3521 2887 3590; x_wconf 90' lang='lat' dir='ltr'>eidem,</span> <span class='ocrx_word' id='word_1_535' title='bbox 2931 3527 2988 3579; x_wconf 87' lang='lat' dir='ltr'>et</span> <span class='ocrx_word' id='word_1_536' title='bbox 3026 3523 3425 3596; x_wconf 88' lang='lat' dir='ltr'>Magalcnensi</span> <span class='ocrx_word' id='word_1_537' title='bbox 3471 3525 3745 3598; x_wconf 83' lang='lat' dir='ltr'>episcOpo,</span> 
     </span>
    </p>
   </div>
   <div class='ocr_carea' id='block_1_83' title="bbox 2119 3610 3749 3685">
    <p class='ocr_par' dir='ltr' id='par_1_83' title="bbox 2119 3610 3749 3685">
     <span class='ocr_line' id='line_1_83' title="bbox 2119 3610 3749 3685; baseline 0.001 -19"><span class='ocrx_word' id='word_1_538' title='bbox 2119 3610 2510 3683; x_wconf 90' lang='lat' dir='ltr'>cognitionem</span> <span class='ocrx_word' id='word_1_539' title='bbox 2541 3627 2730 3667; x_wconf 64' lang='lat' dir='ltr'>causa:</span> <span class='ocrx_word' id='word_1_540' title='bbox 2751 3628 2878 3684; x_wconf 59' lang='lat' dir='ltr'>qua;</span> <span class='ocrx_word' id='word_1_541' title='bbox 2905 3611 3058 3668; x_wconf 86' lang='lat' dir='ltr'>inter</span> <span class='ocrx_word' id='word_1_542' title='bbox 3073 3611 3425 3685; x_wconf 87' lang='lat' dir='ltr'>Vigilienses</span> <span class='ocrx_word' id='word_1_543' title='bbox 3453 3617 3511 3671; x_wconf 90' lang='lat' dir='ltr'>et</span> <span class='ocrx_word' id='word_1_544' title='bbox 3538 3611 3749 3670; x_wconf 87' lang='lat' dir='ltr'>Clunia-</span> 
     </span>
    </p>
   </div>
   <div class='ocr_carea' id='block_1_84' title="bbox 2121 3699 3752 3771">
    <p class='ocr_par' dir='ltr' id='par_1_84' title="bbox 2121 3699 3752 3771">
     <span class='ocr_line' id='line_1_84' title="bbox 2121 3699 3752 3771; baseline 0 -16"><span class='ocrx_word' id='word_1_545' title='bbox 2121 3716 2324 3755; x_wconf 90' lang='lat' dir='ltr'>censes</span> <span class='ocrx_word' id='word_1_546' title='bbox 2356 3699 2677 3756; x_wconf 87' lang='lat' dir='ltr'>monachos</span> <span class='ocrx_word' id='word_1_547' title='bbox 2705 3701 3057 3768; x_wconf 84' lang='lat' dir='ltr'>vertebatur,</span> <span class='ocrx_word' id='word_1_548' title='bbox 3088 3701 3434 3771; x_wconf 88' lang='lat' dir='ltr'>committit;</span> <span class='ocrx_word' id='word_1_549' title='bbox 3470 3703 3571 3758; x_wconf 90' lang='lat' dir='ltr'>sed</span> <span class='ocrx_word' id='word_1_550' title='bbox 3611 3704 3752 3758; x_wconf 87' lang='lat' dir='ltr'>caret</span> 
     </span>
    </p>
   </div>
   <div class='ocr_carea' id='block_1_85' title="bbox 2122 3787 3753 3860">
    <p class='ocr_par' dir='ltr' id='par_1_85' title="bbox 2122 3787 3753 3860">
     <span class='ocr_line' id='line_1_85' title="bbox 2122 3787 3753 3860; baseline 0.001 -16"><span class='ocrx_word' id='word_1_551' title='bbox 2122 3789 2282 3844; x_wconf 90' lang='lat' dir='ltr'>omni</span> <span class='ocrx_word' id='word_1_552' title='bbox 2332 3789 2614 3860; x_wconf 90' lang='lat' dir='ltr'>temporis</span> <span class='ocrx_word' id='word_1_553' title='bbox 2658 3792 2815 3845; x_wconf 88' lang='lat' dir='ltr'>nota.</span> <span class='ocrx_word' id='word_1_554' title='bbox 2849 3790 3090 3846; x_wconf 86' lang='lat' dir='ltr'>Exstant</span> <span class='ocrx_word' id='word_1_555' title='bbox 3120 3789 3179 3845; x_wconf 91' lang='lat' dir='ltr'>in</span> <span class='ocrx_word' id='word_1_556' title='bbox 3211 3790 3516 3848; x_wconf 88' lang='lat' dir='ltr'>Chartario</span> <span class='ocrx_word' id='word_1_557' title='bbox 3545 3787 3753 3848; x_wconf 88' lang='lat' dir='ltr'>Calme-</span> 
     </span>
    </p>
   </div>
   <div class='ocr_carea' id='block_1_86' title="bbox 2123 3875 3752 3954">
    <p class='ocr_par' dir='ltr' id='par_1_86' title="bbox 2123 3875 3752 3954">
     <span class='ocr_line' id='line_1_86' title="bbox 2123 3875 3752 3954; baseline -0.001 -22"><span class='ocrx_word' id='word_1_558' title='bbox 2123 3877 2362 3933; x_wconf 89' lang='lat' dir='ltr'>liacensi</span> <span class='ocrx_word' id='word_1_559' title='bbox 2407 3875 2532 3932; x_wconf 70' lang='lat' dir='ltr'>aliae</span> <span class='ocrx_word' id='word_1_560' title='bbox 2582 3877 2782 3933; x_wconf 90' lang='lat' dir='ltr'>Calixti</span> <span class='ocrx_word' id='word_1_561' title='bbox 2840 3877 3042 3934; x_wconf 66' lang='lat' dir='ltr'>litterae</span> <span class='ocrx_word' id='word_1_562' title='bbox 3099 3880 3288 3936; x_wconf 89' lang='lat' dir='ltr'>eidem</span> <span class='ocrx_word' id='word_1_563' title='bbox 3346 3881 3575 3954; x_wconf 90' lang='lat' dir='ltr'>Hugoni</span> <span class='ocrx_word' id='word_1_564' title='bbox 3619 3882 3674 3936; x_wconf 90' lang='lat' dir='ltr'>et</span> <span class='ocrx_word' id='word_1_565' title='bbox 3698 3878 3752 3933; x_wconf 90' lang='lat' dir='ltr'>P.</span> 
     </span>
    </p>
   </div>
   <div class='ocr_carea' id='block_1_87' title="bbox 2123 3965 3755 4041">
    <p class='ocr_par' dir='ltr' id='par_1_87' title="bbox 2123 3965 3755 4041">
     <span class='ocr_line' id='line_1_87' title="bbox 2123 3965 3755 4041; baseline 0 -19"><span class='ocrx_word' id='word_1_566' title='bbox 2123 3965 2322 4022; x_wconf 88' lang='lat' dir='ltr'>Diensi</span> <span class='ocrx_word' id='word_1_567' title='bbox 2353 3966 2641 4038; x_wconf 84' lang='lat' dir='ltr'>episcopis</span> <span class='ocrx_word' id='word_1_568' title='bbox 2673 3967 2744 4022; x_wconf 90' lang='lat' dir='ltr'>de</span> <span class='ocrx_word' id='word_1_569' title='bbox 2773 3967 2974 4023; x_wconf 90' lang='lat' dir='ltr'>eadem</span> <span class='ocrx_word' id='word_1_570' title='bbox 3003 3967 3306 4040; x_wconf 83' lang='lat' dir='ltr'>Vigiliensi</span> <span class='ocrx_word' id='word_1_571' title='bbox 3331 3969 3601 4038; x_wconf 88' lang='lat' dir='ltr'>Ecclesia,</span> <span class='ocrx_word' id='word_1_572' title='bbox 3625 3983 3755 4041; x_wconf 88' lang='lat' dir='ltr'>quas</span> 
     </span>
    </p>
   </div>
   <div class='ocr_carea' id='block_1_88' title="bbox 2125 4053 3755 4131">
    <p class='ocr_par' dir='ltr' id='par_1_88' title="bbox 2125 4053 3755 4131">
     <span class='ocr_line' id='line_1_88' title="bbox 2125 4053 3755 4131; baseline 0.001 -22"><span class='ocrx_word' id='word_1_573' title='bbox 2125 4054 2184 4109; x_wconf 92' lang='lat' dir='ltr'>in</span> <span class='ocrx_word' id='word_1_574' title='bbox 2215 4071 2332 4110; x_wconf 90' lang='lat' dir='ltr'>uno</span> <span class='ocrx_word' id='word_1_575' title='bbox 2363 4054 2490 4110; x_wconf 91' lang='lat' dir='ltr'>cod.</span> <span class='ocrx_word' id='word_1_576' title='bbox 2521 4053 2752 4111; x_wconf 86' lang='lat' dir='ltr'>Urbano</span> <span class='ocrx_word' id='word_1_577' title='bbox 2782 4055 3034 4112; x_wconf 81' lang='lat' dir='ltr'>tributae</span> <span class='ocrx_word' id='word_1_578' title='bbox 3064 4055 3419 4125; x_wconf 90' lang='lat' dir='ltr'>invenimus,</span> <span class='ocrx_word' id='word_1_579' title='bbox 3440 4059 3540 4116; x_wconf 93' lang='lat' dir='ltr'>sed</span> <span class='ocrx_word' id='word_1_580' title='bbox 3573 4072 3755 4131; x_wconf 88' lang='lat' dir='ltr'>perpe-</span> 
     </span>
    </p>
   </div>
   <div class='ocr_carea' id='block_1_89' title="bbox 2125 4142 3757 4217">
    <p class='ocr_par' dir='ltr' id='par_1_89' title="bbox 2125 4142 3757 4217">
     <span class='ocr_line' id='line_1_89' title="bbox 2125 4142 3757 4217; baseline -0.001 -18"><span class='ocrx_word' id='word_1_581' title='bbox 2125 4159 2276 4212; x_wconf 89' lang='lat' dir='ltr'>ram,</span> <span class='ocrx_word' id='word_1_582' title='bbox 2309 4146 2374 4198; x_wconf 91' lang='lat' dir='ltr'>ut</span> <span class='ocrx_word' id='word_1_583' title='bbox 2404 4159 2474 4198; x_wconf 85' lang='lat' dir='ltr'>ex</span> <span class='ocrx_word' id='word_1_584' title='bbox 2517 4142 2649 4199; x_wconf 86' lang='lat' dir='ltr'>aliis</span> <span class='ocrx_word' id='word_1_585' title='bbox 2692 4144 2922 4200; x_wconf 89' lang='lat' dir='ltr'>duobus</span> <span class='ocrx_word' id='word_1_586' title='bbox 2970 4145 3251 4217; x_wconf 88' lang='lat' dir='ltr'>exemplis</span> <span class='ocrx_word' id='word_1_587' title='bbox 3283 4151 3530 4216; x_wconf 90' lang='lat' dir='ltr'>constat,</span> <span class='ocrx_word' id='word_1_588' title='bbox 3563 4150 3619 4202; x_wconf 91' lang='lat' dir='ltr'>et</span> <span class='ocrx_word' id='word_1_589' title='bbox 3646 4146 3757 4217; x_wconf 86' lang='lat' dir='ltr'>ejus</span> 
     </span>
    </p>
   </div>
   <div class='ocr_carea' id='block_1_90' title="bbox 2125 4233 3760 4305">
    <p class='ocr_par' dir='ltr' id='par_1_90' title="bbox 2125 4233 3760 4305">
     <span class='ocr_line' id='line_1_90' title="bbox 2125 4233 3760 4305; baseline -0.001 -17"><span class='ocrx_word' id='word_1_590' title='bbox 2125 4233 2255 4288; x_wconf 79' lang='lat' dir='ltr'>data</span> <span class='ocrx_word' id='word_1_591' title='bbox 2281 4233 2496 4287; x_wconf 78' lang='lat' dir='ltr'>Privati</span> <span class='ocrx_word' id='word_1_592' title='bbox 2538 4233 2657 4287; x_wconf 81' lang='lat' dir='ltr'>Kal.</span> <span class='ocrx_word' id='word_1_593' title='bbox 2699 4233 2852 4298; x_wconf 83' lang='lat' dir='ltr'>Maii,</span> <span class='ocrx_word' id='word_1_594' title='bbox 2885 4250 3012 4305; x_wconf 67' lang='lat' dir='ltr'>quae</span> <span class='ocrx_word' id='word_1_595' title='bbox 3049 4233 3282 4290; x_wconf 88' lang='lat' dir='ltr'>Urbano</span> <span class='ocrx_word' id='word_1_596' title='bbox 3331 4234 3634 4291; x_wconf 84' lang='lat' dir='ltr'>convenire</span> <span class='ocrx_word' id='word_1_597' title='bbox 3677 4247 3760 4287; x_wconf 86' lang='lat' dir='ltr'>ne-</span> 
     </span>
    </p>
   </div>
   <div class='ocr_carea' id='block_1_91' title="bbox 2129 4317 3760 4396">
    <p class='ocr_par' dir='ltr' id='par_1_91' title="bbox 2129 4317 3760 4396">
     <span class='ocr_line' id='line_1_91' title="bbox 2129 4317 3760 4396; baseline -0.001 -20"><span class='ocrx_word' id='word_1_598' title='bbox 2129 4319 2275 4394; x_wconf 88' lang='lat' dir='ltr'>quit.</span> <span class='ocrx_word' id='word_1_599' title='bbox 2302 4319 2613 4376; x_wconf 88' lang='lat' dir='ltr'>Gratianus</span> <span class='ocrx_word' id='word_1_600' title='bbox 2633 4321 2721 4388; x_wconf 87' lang='lat'>35,</span> <span class='ocrx_word' id='word_1_601' title='bbox 2747 4336 2802 4392; x_wconf 91' lang='lat' dir='ltr'>q.</span> <span class='ocrx_word' id='word_1_602' title='bbox 2828 4323 2862 4376; x_wconf 85' lang='lat'><strong><em>2</em></strong></span> <span class='ocrx_word' id='word_1_603' title='bbox 2890 4323 2947 4376; x_wconf 90' lang='lat' dir='ltr'>et</span> <span class='ocrx_word' id='word_1_604' title='bbox 2968 4321 3022 4388; x_wconf 89' lang='lat'>3,</span> <span class='ocrx_word' id='word_1_605' title='bbox 3045 4321 3247 4378; x_wconf 89' lang='lat' dir='ltr'>laudat</span> <span class='ocrx_word' id='word_1_606' title='bbox 3279 4322 3666 4396; x_wconf 85' lang='lat' dir='ltr'>fragmentum</span> <span class='ocrx_word' id='word_1_607' title='bbox 3694 4317 3760 4375; x_wconf 84' lang='lat' dir='ltr'>al-</span> 
     </span>
    </p>
   </div>
   <div class='ocr_carea' id='block_1_92' title="bbox 2127 4407 3760 4487">
    <p class='ocr_par' dir='ltr' id='par_1_92' title="bbox 2127 4407 3760 4487">
     <span class='ocr_line' id='line_1_92' title="bbox 2127 4407 3760 4487; baseline -0.002 -21"><span class='ocrx_word' id='word_1_608' title='bbox 2127 4409 2316 4466; x_wconf 88' lang='lat' dir='ltr'>terius</span> <span class='ocrx_word' id='word_1_609' title='bbox 2363 4407 2627 4480; x_wconf 86' lang='lat' dir='ltr'>rescripti</span> <span class='ocrx_word' id='word_1_610' title='bbox 2657 4407 2874 4464; x_wconf 91' lang='lat' dir='ltr'>Urbani</span> <span class='ocrx_word' id='word_1_611' title='bbox 2927 4409 3000 4464; x_wconf 89' lang='lat' dir='ltr'>ad</span> <span class='ocrx_word' id='word_1_612' title='bbox 3048 4411 3318 4467; x_wconf 89' lang='lat' dir='ltr'>eumdem</span> <span class='ocrx_word' id='word_1_613' title='bbox 3376 4408 3760 4487; x_wconf 84' lang='lat' dir='ltr'>Hugonemde</span> 
     </span>
    </p>
   </div>
   <div class='ocr_carea' id='block_1_93' title="bbox 2130 4496 3760 4572">
    <p class='ocr_par' dir='ltr' id='par_1_93' title="bbox 2130 4496 3760 4572">
     <span class='ocr_line' id='line_1_93' title="bbox 2130 4496 3760 4572; baseline -0.002 -18"><span class='ocrx_word' id='word_1_614' title='bbox 2130 4496 2591 4554; x_wconf 88' lang='lat' dir='ltr'>extraordinaria</span> <span class='ocrx_word' id='word_1_615' title='bbox 2620 4496 2962 4569; x_wconf 88' lang='lat' dir='ltr'>pollutione,</span> <span class='ocrx_word' id='word_1_616' title='bbox 2996 4499 3151 4572; x_wconf 90' lang='lat' dir='ltr'>quod</span> <span class='ocrx_word' id='word_1_617' title='bbox 3191 4517 3297 4556; x_wconf 89' lang='lat' dir='ltr'>suo</span> <span class='ocrx_word' id='word_1_618' title='bbox 3323 4499 3449 4557; x_wconf 92' lang='lat' dir='ltr'>loco</span> <span class='ocrx_word' id='word_1_619' title='bbox 3481 4500 3626 4556; x_wconf 85' lang='lat' dir='ltr'>inter</span> <span class='ocrx_word' id='word_1_620' title='bbox 3647 4497 3760 4569; x_wconf 85' lang='lat' dir='ltr'>ejus</span> 
     </span>
    </p>
   </div>
   <div class='ocr_carea' id='block_1_94' title="bbox 369 4582 2734 4665">
    <p class='ocr_par' dir='ltr' id='par_1_94' title="bbox 369 4582 2734 4665">
     <span class='ocr_line' id='line_1_94' title="bbox 369 4582 2734 4665; baseline -0.003 -18"><span class='ocrx_word' id='word_1_621' title='bbox 369 4603 574 4647; x_wconf 84' lang='lat' dir='ltr'>mense</span> <span class='ocrx_word' id='word_1_622' title='bbox 603 4588 773 4654; x_wconf 85' lang='lat' dir='ltr'>Maio,</span> <span class='ocrx_word' id='word_1_623' title='bbox 806 4603 934 4660; x_wconf 70' lang='lat' dir='ltr'>quas</span> <span class='ocrx_word' id='word_1_624' title='bbox 983 4590 1130 4642; x_wconf 74' lang='lat' dir='ltr'>note</span> <span class='ocrx_word' id='word_1_625' title='bbox 1178 4585 1292 4641; x_wconf 87' lang='lat' dir='ltr'>sibi</span> <span class='ocrx_word' id='word_1_626' title='bbox 1322 4601 1438 4642; x_wconf 90' lang='lat' dir='ltr'>non</span> <span class='ocrx_word' id='word_1_627' title='bbox 1471 4584 1764 4641; x_wconf 88' lang='lat' dir='ltr'>coherent.</span> <span class='ocrx_word' id='word_1_628' title='bbox 1795 4585 1865 4639; x_wconf 87' lang='lat' dir='ltr'>Et</span> <span class='ocrx_word' id='word_1_629' title='bbox 1894 4582 2022 4655; x_wconf 91' lang='lat' dir='ltr'>qui-</span> <span class='ocrx_word' id='word_1_630' title='bbox 2055 4599 2101 4665; x_wconf 74' lang='grc' dir='ltr'>ι)</span> <span class='ocrx_word' id='word_1_631' title='bbox 2131 4587 2364 4643; x_wconf 88' lang='lat' dir='ltr'>decreta</span> <span class='ocrx_word' id='word_1_632' title='bbox 2393 4586 2734 4658; x_wconf 89' lang='lat' dir='ltr'>proferetur.</span> 
     </span>
    </p>
   </div>
   <div class='ocr_carea' id='block_1_95' title="bbox 369 4673 2028 4748">
    <p class='ocr_par' dir='ltr' id='par_1_95' title="bbox 369 4673 2028 4748">
     <span class='ocr_line' id='line_1_95' title="bbox 369 4673 2028 4748; baseline -0.005 -11"><span class='ocrx_word' id='word_1_633' title='bbox 369 4681 504 4737; x_wconf 75' lang='lat' dir='ltr'>dem</span> <span class='ocrx_word' id='word_1_634' title='bbox 536 4695 690 4735; x_wconf 84' lang='lat' dir='ltr'>anno</span> <span class='ocrx_word' id='word_1_635' title='bbox 725 4677 885 4744; x_wconf 83' lang='grc'><strong>1098,</strong></span> <span class='ocrx_word' id='word_1_636' title='bbox 920 4692 1123 4733; x_wconf 86' lang='lat' dir='ltr'>mense</span> <span class='ocrx_word' id='word_1_637' title='bbox 1155 4675 1326 4744; x_wconf 88' lang='lat' dir='ltr'>Maio,</span> <span class='ocrx_word' id='word_1_638' title='bbox 1348 4677 1475 4748; x_wconf 88' lang='lat' dir='ltr'>jam</span> <span class='ocrx_word' id='word_1_639' title='bbox 1505 4678 1572 4731; x_wconf 90' lang='lat' dir='ltr'>ut</span> <span class='ocrx_word' id='word_1_640' title='bbox 1601 4673 1842 4746; x_wconf 89' lang='lat' dir='ltr'>quidem</span> <span class='ocrx_word' id='word_1_641' title='bbox 1869 4673 2028 4729; x_wconf 89' lang='lat' dir='ltr'>vide-</span> 
     </span>
    </p>
   </div>
   <div class='ocr_carea' id='block_1_96' title="bbox 372 4764 2028 4842">
    <p class='ocr_par' dir='ltr' id='par_1_96' title="bbox 372 4764 2028 4842">
     <span class='ocr_line' id='line_1_96' title="bbox 372 4764 2028 4842; baseline -0.005 -15"><span class='ocrx_word' id='word_1_642' title='bbox 372 4774 491 4839; x_wconf 80' lang='lat' dir='ltr'>tur,</span> <span class='ocrx_word' id='word_1_643' title='bbox 523 4768 818 4842; x_wconf 83' lang='lat' dir='ltr'>profectus</span> <span class='ocrx_word' id='word_1_644' title='bbox 847 4765 907 4821; x_wconf 86' lang='lat' dir='ltr'>in</span> <span class='ocrx_word' id='word_1_645' title='bbox 934 4764 1205 4838; x_wconf 80' lang='lat' dir='ltr'>Apuliam</span> <span class='ocrx_word' id='word_1_646' title='bbox 1235 4769 1360 4820; x_wconf 92' lang='lat' dir='ltr'>erat</span> <span class='ocrx_word' id='word_1_647' title='bbox 1387 4764 1682 4834; x_wconf 84' lang='lat' dir='ltr'>Urbanus,</span> <span class='ocrx_word' id='word_1_648' title='bbox 1715 4779 1895 4835; x_wconf 91' lang='lat' dir='ltr'>quare</span> <span class='ocrx_word' id='word_1_649' title='bbox 1926 4779 2028 4834; x_wconf 91' lang='lat' dir='ltr'>po-</span> 
     </span>
    </p>
   </div>
   <div class='ocr_carea' id='block_1_97' title="bbox 371 4850 2026 4932">
    <p class='ocr_par' dir='ltr' id='par_1_97' title="bbox 371 4850 2026 4932">
     <span class='ocr_line' id='line_1_97' title="bbox 371 4850 2026 4932; baseline -0.005 -17"><span class='ocrx_word' id='word_1_650' title='bbox 371 4859 490 4915; x_wconf 83' lang='lat' dir='ltr'>tius</span> <span class='ocrx_word' id='word_1_651' title='bbox 519 4859 710 4915; x_wconf 87' lang='lat' dir='ltr'>vieum</span> <span class='ocrx_word' id='word_1_652' title='bbox 739 4860 829 4913; x_wconf 88' lang='lat' dir='ltr'>est</span> <span class='ocrx_word' id='word_1_653' title='bbox 861 4855 1116 4932; x_wconf 79' lang='lat' dir='ltr'>illudad</span> <span class='ocrx_word' id='word_1_654' title='bbox 1156 4856 1502 4926; x_wconf 65' lang='lat' dir='ltr'>presentem</span> <span class='ocrx_word' id='word_1_655' title='bbox 1533 4869 1777 4921; x_wconf 88' lang='lat' dir='ltr'>annum,</span> <span class='ocrx_word' id='word_1_656' title='bbox 1814 4851 1907 4907; x_wconf 91' lang='lat' dir='ltr'>cui</span> <span class='ocrx_word' id='word_1_657' title='bbox 1937 4850 2026 4906; x_wconf 89' lang='lat' dir='ltr'>in-</span> 
     </span>
    </p>
   </div>
   <div class='ocr_carea' id='block_1_98' title="bbox 370 4939 2026 5012">
    <p class='ocr_par' dir='ltr' id='par_1_98' title="bbox 370 4939 2026 5012">
     <span class='ocr_line' id='line_1_98' title="bbox 370 4939 2026 5012; baseline -0.005 -8"><span class='ocrx_word' id='word_1_658' title='bbox 370 4947 553 5004; x_wconf 74' lang='lat' dir='ltr'>dietio</span> <span class='ocrx_word' id='word_1_659' title='bbox 577 4963 654 5001; x_wconf 84' lang='lat' dir='ltr'>vn</span> <span class='ocrx_word' id='word_1_660' title='bbox 685 4945 972 5012; x_wconf 86' lang='lat' dir='ltr'>convenit,</span> <span class='ocrx_word' id='word_1_661' title='bbox 1024 4957 1310 4998; x_wconf 88' lang='lat' dir='ltr'>revocare.</span> <span class='ocrx_word' id='word_1_662' title='bbox 1336 4943 1546 4998; x_wconf 87' lang='lat' dir='ltr'>Mirum</span> <span class='ocrx_word' id='word_1_663' title='bbox 1592 4944 1683 4997; x_wconf 87' lang='lat' dir='ltr'>est</span> <span class='ocrx_word' id='word_1_664' title='bbox 1725 4945 1940 5008; x_wconf 89' lang='lat' dir='ltr'>autem,</span> <span class='ocrx_word' id='word_1_665' title='bbox 1974 4939 2026 4996; x_wconf 91' lang='lat' dir='ltr'>si</span> 
     </span>
    </p>
   </div>
   <div class='ocr_carea' id='block_1_99' title="bbox 377 5028 2028 5106">
    <p class='ocr_par' dir='ltr' id='par_1_99' title="bbox 377 5028 2028 5106">
     <span class='ocr_line' id='line_1_99' title="bbox 377 5028 2028 5106; baseline -0.004 -14"><span class='ocrx_word' id='word_1_666' title='bbox 377 5032 725 5106; x_wconf 85' lang='lat' dir='ltr'>rescriptum</span> <span class='ocrx_word' id='word_1_667' title='bbox 747 5033 856 5087; x_wconf 89' lang='lat' dir='ltr'>hoc</span> <span class='ocrx_word' id='word_1_668' title='bbox 881 5032 1175 5088; x_wconf 88' lang='lat' dir='ltr'>sincerum</span> <span class='ocrx_word' id='word_1_669' title='bbox 1198 5032 1294 5096; x_wconf 87' lang='lat' dir='ltr'>sit,</span> <span class='ocrx_word' id='word_1_670' title='bbox 1320 5031 1617 5088; x_wconf 79' lang='lat' dir='ltr'>Urbanum</span> <span class='ocrx_word' id='word_1_671' title='bbox 1641 5029 1702 5084; x_wconf 89' lang='lat' dir='ltr'>in</span> <span class='ocrx_word' id='word_1_672' title='bbox 1723 5046 1791 5085; x_wconf 88' lang='lat' dir='ltr'>ea</span> <span class='ocrx_word' id='word_1_673' title='bbox 1811 5028 2028 5085; x_wconf 82' lang='lat' dir='ltr'>dixisse</span> 
     </span>
    </p>
   </div>
   <div class='ocr_carea' id='block_1_100' title="bbox 377 5118 2031 5191">
    <p class='ocr_par' dir='ltr' id='par_1_100' title="bbox 377 5118 2031 5191">
     <span class='ocr_line' id='line_1_100' title="bbox 377 5118 2031 5191; baseline -0.004 -12"><span class='ocrx_word' id='word_1_674' title='bbox 377 5123 494 5180; x_wconf 79' lang='lat' dir='ltr'>sibi</span> <span class='ocrx_word' id='word_1_675' title='bbox 524 5122 872 5191; x_wconf 83' lang='lat' dir='ltr'>subreptum</span> <span class='ocrx_word' id='word_1_676' title='bbox 905 5137 1090 5191; x_wconf 89' lang='lat' dir='ltr'>usque</span> <span class='ocrx_word' id='word_1_677' title='bbox 1119 5125 1258 5175; x_wconf 91' lang='lat' dir='ltr'>tunc</span> <span class='ocrx_word' id='word_1_678' title='bbox 1289 5120 1471 5175; x_wconf 90' lang='lat' dir='ltr'>fuisse</span> <span class='ocrx_word' id='word_1_679' title='bbox 1501 5136 1570 5176; x_wconf 87' lang='lat' dir='ltr'>ea</span> <span class='ocrx_word' id='word_1_680' title='bbox 1597 5120 1659 5175; x_wconf 90' lang='lat' dir='ltr'>in</span> <span class='ocrx_word' id='word_1_681' title='bbox 1689 5135 1770 5182; x_wconf 91' lang='lat' dir='ltr'>re,</span> <span class='ocrx_word' id='word_1_682' title='bbox 1803 5121 1860 5173; x_wconf 89' lang='lat' dir='ltr'>et</span> <span class='ocrx_word' id='word_1_683' title='bbox 1888 5118 2031 5173; x_wconf 90' lang='lat' dir='ltr'>visis</span> 
     </span>
    </p>
   </div>
   <div class='ocr_carea' id='block_1_101' title="bbox 379 5205 2032 5282">
    <p class='ocr_par' dir='ltr' id='par_1_101' title="bbox 379 5205 2032 5282">
     <span class='ocr_line' id='line_1_101' title="bbox 379 5205 2032 5282; baseline -0.007 -13"><span class='ocrx_word' id='word_1_684' title='bbox 379 5217 523 5268; x_wconf 89' lang='lat' dir='ltr'>tunc</span> <span class='ocrx_word' id='word_1_685' title='bbox 551 5209 811 5282; x_wconf 85' lang='lat' dir='ltr'>primum</span> <span class='ocrx_word' id='word_1_686' title='bbox 847 5209 1038 5263; x_wconf 70' lang='lat' dir='ltr'>Romae</span> <span class='ocrx_word' id='word_1_687' title='bbox 1073 5207 1684 5282; x_wconf 69' lang='lat' dir='ltr'>privilegiisEcclesize</span> <span class='ocrx_word' id='word_1_688' title='bbox 1718 5205 2032 5262; x_wconf 85' lang='lat' dir='ltr'>Salernita-</span> 
     </span>
    </p>
   </div>
   <div class='ocr_carea' id='block_1_102' title="bbox 383 5277 2034 5375">
    <p class='ocr_par' dir='ltr' id='par_1_102' title="bbox 383 5277 2034 5375">
     <span class='ocr_line' id='line_1_102' title="bbox 383 5277 2034 5375; baseline -0.006 -18"><span class='ocrx_word' id='word_1_689' title='bbox 383 5319 491 5368; x_wconf 77' lang='lat' dir='ltr'>me,</span> <span class='ocrx_word' id='word_1_690' title='bbox 515 5315 643 5372; x_wconf 77' lang='lat' dir='ltr'>quas</span> <span class='ocrx_word' id='word_1_691' title='bbox 673 5297 960 5352; x_wconf 84' lang='lat' dir='ltr'>hactenus</span> <span class='ocrx_word' id='word_1_692' title='bbox 998 5296 1114 5351; x_wconf 90' lang='lat' dir='ltr'>sibi</span> <span class='ocrx_word' id='word_1_693' title='bbox 1155 5277 1520 5375; x_wconf 72' lang='lat' dir='ltr'>incomperta</span> <span class='ocrx_word' id='word_1_694' title='bbox 1556 5296 1807 5361; x_wconf 88' lang='lat' dir='ltr'>fuerant,</span> <span class='ocrx_word' id='word_1_695' title='bbox 1831 5309 2034 5349; x_wconf 87' lang='lat' dir='ltr'>emen-</span> 
     </span>
    </p>
   </div>
   <div class='ocr_carea' id='block_1_103' title="bbox 371 5379 2034 5460">
    <p class='ocr_par' dir='ltr' id='par_1_103' title="bbox 371 5379 2034 5460">
     <span class='ocr_line' id='line_1_103' title="bbox 371 5379 2034 5460; baseline -0.005 -13"><span class='ocrx_word' id='word_1_696' title='bbox 371 5391 557 5446; x_wconf 88' lang='lat' dir='ltr'>dasse</span> <span class='ocrx_word' id='word_1_697' title='bbox 587 5384 960 5452; x_wconf 84' lang='lat' dir='ltr'>sententiam,</span> <span class='ocrx_word' id='word_1_698' title='bbox 993 5401 1128 5441; x_wconf 90' lang='lat' dir='ltr'>cum</span> <span class='ocrx_word' id='word_1_699' title='bbox 1158 5379 1484 5460; x_wconf 81' lang='lat' dir='ltr'>Salernum.</span> <span class='ocrx_word' id='word_1_700' title='bbox 1504 5388 1678 5460; x_wconf 79' lang='lat' dir='ltr'>antea</span> <span class='ocrx_word' id='word_1_701' title='bbox 1707 5398 1823 5437; x_wconf 91' lang='lat' dir='ltr'>non</span> <span class='ocrx_word' id='word_1_702' title='bbox 1854 5382 2034 5439; x_wconf 87' lang='lat' dir='ltr'>semel</span> 
     </span>
    </p>
   </div>
   <div class='ocr_carea' id='block_1_104' title="bbox 385 5456 2040 5550">
    <p class='ocr_par' dir='ltr' id='par_1_104' title="bbox 385 5456 2040 5550">
     <span class='ocr_line' id='line_1_104' title="bbox 385 5456 2040 5550; baseline -0.005 -15"><span class='ocrx_word' id='word_1_703' title='bbox 385 5478 630 5536; x_wconf 75' lang='lat' dir='ltr'>adiisset</span> <span class='ocrx_word' id='word_1_704' title='bbox 647 5478 782 5548; x_wconf 86' lang='lat' dir='ltr'>post</span> <span class='ocrx_word' id='word_1_705' title='bbox 802 5490 1077 5530; x_wconf 87' lang='lat' dir='ltr'>concessa</span> <span class='ocrx_word' id='word_1_706' title='bbox 1095 5473 1336 5531; x_wconf 87' lang='lat' dir='ltr'>Cavensi</span> <span class='ocrx_word' id='word_1_707' title='bbox 1357 5456 1713 5550; x_wconf 73' lang='lat' dir='ltr'>monasterio</span> <span class='ocrx_word' id='word_1_708' title='bbox 1733 5469 2040 5544; x_wconf 87' lang='lat' dir='ltr'>privilegia</span> 
     </span>
    </p>
   </div>
   <div class='ocr_carea' id='block_1_105' title="bbox 375 5559 2037 5642">
    <p class='ocr_par' dir='ltr' id='par_1_105' title="bbox 375 5559 2037 5642">
     <span class='ocr_line' id='line_1_105' title="bbox 375 5559 2037 5642; baseline -0.007 -18"><span class='ocrx_word' id='word_1_709' title='bbox 375 5573 440 5625; x_wconf 78' lang='lat' dir='ltr'>et</span> <span class='ocrx_word' id='word_1_710' title='bbox 466 5567 603 5637; x_wconf 84' lang='lat' dir='ltr'>jura</span> <span class='ocrx_word' id='word_1_711' title='bbox 645 5581 798 5619; x_wconf 83' lang='lat' dir='ltr'>anno</span> <span class='ocrx_word' id='word_1_712' title='bbox 838 5563 1176 5635; x_wconf 64' lang='lat' dir='ltr'>praecedenti</span> <span class='ocrx_word' id='word_1_713' title='bbox 1211 5563 1268 5617; x_wconf 91' lang='lat' dir='ltr'>in</span> <span class='ocrx_word' id='word_1_714' title='bbox 1304 5562 1414 5617; x_wconf 91' lang='lat' dir='ltr'>hac</span> <span class='ocrx_word' id='word_1_715' title='bbox 1466 5560 1720 5642; x_wconf 78' lang='lat' dir='ltr'>ipsumet</span> <span class='ocrx_word' id='word_1_716' title='bbox 1773 5559 2037 5614; x_wconf 87' lang='lat' dir='ltr'>residens</span> 
     </span>
    </p>
   </div>
   <div class='ocr_carea' id='block_1_106' title="bbox 383 5648 2036 5722">
    <p class='ocr_par' dir='ltr' id='par_1_106' title="bbox 383 5648 2036 5722">
     <span class='ocr_line' id='line_1_106' title="bbox 383 5648 2036 5722; baseline -0.007 -7"><span class='ocrx_word' id='word_1_717' title='bbox 383 5654 812 5719; x_wconf 70' lang='lat' dir='ltr'>conﬁrmasset,</span> <span class='ocrx_word' id='word_1_718' title='bbox 837 5649 998 5707; x_wconf 88' lang='lat' dir='ltr'>nulla</span> <span class='ocrx_word' id='word_1_719' title='bbox 1028 5651 1206 5722; x_wconf 81' lang='lat' dir='ltr'>hujus</span> <span class='ocrx_word' id='word_1_720' title='bbox 1237 5648 1634 5719; x_wconf 88' lang='lat' dir='ltr'>subreptionis</span> <span class='ocrx_word' id='word_1_721' title='bbox 1677 5649 1832 5705; x_wconf 84' lang='lat' dir='ltr'>facta</span> <span class='ocrx_word' id='word_1_722' title='bbox 1873 5661 2036 5704; x_wconf 84' lang='lat' dir='ltr'>men-</span> 
     </span>
    </p>
   </div>
   <div class='ocr_carea' id='block_1_107' title="bbox 1611 5772 1706 5828">
    <p class='ocr_par' dir='ltr' id='par_1_107' title="bbox 1611 5772 1706 5828">
     <span class='ocr_line' id='line_1_107' title="bbox 1611 5772 1706 5828; baseline 0 -30"><span class='ocrx_word' id='word_1_723' title='bbox 1611 5772 1706 5828; x_wconf 43' lang='grc' dir='ltr'>..λς</span> 
     </span>
    </p>
   </div>
   <div class='ocr_carea' id='block_1_108' title="bbox 2387 4674 3532 4750">
    <p class='ocr_par' dir='ltr' id='par_1_108' title="bbox 2387 4674 3532 4750">
     <span class='ocr_line' id='line_1_108' title="bbox 2387 4674 3532 4750; baseline 0.001 -20"><span class='ocrx_word' id='word_1_724' title='bbox 2387 4674 2649 4730; x_wconf 82' lang='lat' dir='ltr'>CGCXLI.</span> <span class='ocrx_word' id='word_1_725' title='bbox 2685 4677 3027 4749; x_wconf 79' lang='lat' dir='ltr'>Rcscriptum</span> <span class='ocrx_word' id='word_1_726' title='bbox 3061 4693 3163 4750; x_wconf 87' lang='lat' dir='ltr'>pro</span> <span class='ocrx_word' id='word_1_727' title='bbox 3193 4679 3532 4734; x_wconf 85' lang='lat' dir='ltr'>Corbiniaco.</span> 
     </span>
    </p>
   </div>
   <div class='ocr_carea' id='block_1_109' title="bbox 2208 4765 3765 4838">
    <p class='ocr_par' dir='ltr' id='par_1_109' title="bbox 2208 4765 3765 4838">
     <span class='ocr_line' id='line_1_109' title="bbox 2208 4765 3765 4838; baseline -0.003 -18"><span class='ocrx_word' id='word_1_728' title='bbox 2208 4765 2292 4820; x_wconf 84' lang='lat' dir='ltr'>Ad</span> <span class='ocrx_word' id='word_1_729' title='bbox 2324 4768 2584 4820; x_wconf 84' lang='lat' dir='ltr'>extrema</span> <span class='ocrx_word' id='word_1_730' title='bbox 2613 4781 2842 4837; x_wconf 90' lang='lat' dir='ltr'>quoque</span> <span class='ocrx_word' id='word_1_731' title='bbox 2874 4765 3088 4822; x_wconf 88' lang='lat' dir='ltr'>Urbani</span> <span class='ocrx_word' id='word_1_732' title='bbox 3121 4766 3496 4838; x_wconf 76' lang='lat' dir='ltr'>pontificatus</span> <span class='ocrx_word' id='word_1_733' title='bbox 3525 4770 3765 4836; x_wconf 80' lang='lat' dir='ltr'>tempore</span> 
     </span>
    </p>
   </div>
   <div class='ocr_carea' id='block_1_110' title="bbox 2137 4853 3767 4929">
    <p class='ocr_par' dir='ltr' id='par_1_110' title="bbox 2137 4853 3767 4929">
     <span class='ocr_line' id='line_1_110' title="bbox 2137 4853 3767 4929; baseline -0.004 -19"><span class='ocrx_word' id='word_1_734' title='bbox 2137 4853 2528 4910; x_wconf 90' lang='lat' dir='ltr'>revocandum</span> <span class='ocrx_word' id='word_1_735' title='bbox 2559 4869 2687 4909; x_wconf 90' lang='lat' dir='ltr'>esse</span> <span class='ocrx_word' id='word_1_736' title='bbox 2717 4853 3012 4910; x_wconf 90' lang='lat' dir='ltr'>credimus</span> <span class='ocrx_word' id='word_1_737' title='bbox 3045 4856 3172 4927; x_wconf 86' lang='lat' dir='ltr'>ejus</span> <span class='ocrx_word' id='word_1_738' title='bbox 3193 4856 3541 4929; x_wconf 88' lang='lat' dir='ltr'>rescriptum</span> <span class='ocrx_word' id='word_1_739' title='bbox 3573 4854 3628 4909; x_wconf 92' lang='lat' dir='ltr'>in</span> <span class='ocrx_word' id='word_1_740' title='bbox 3657 4866 3767 4926; x_wconf 85' lang='lat' dir='ltr'>gra-</span> 
     </span>
    </p>
   </div>
   <div class='ocr_carea' id='block_1_111' title="bbox 2138 4941 3764 5018">
    <p class='ocr_par' dir='ltr' id='par_1_111' title="bbox 2138 4941 3764 5018">
     <span class='ocr_line' id='line_1_111' title="bbox 2138 4941 3764 5018; baseline -0.001 -19"><span class='ocrx_word' id='word_1_741' title='bbox 2138 4943 2282 4999; x_wconf 90' lang='lat' dir='ltr'>tiam</span> <span class='ocrx_word' id='word_1_742' title='bbox 2315 4941 2735 4998; x_wconf 90' lang='lat' dir='ltr'>monachorum</span> <span class='ocrx_word' id='word_1_743' title='bbox 2769 4943 2968 5000; x_wconf 90' lang='lat' dir='ltr'>Sancti</span> <span class='ocrx_word' id='word_1_744' title='bbox 3001 4943 3249 5018; x_wconf 84' lang='lat' dir='ltr'>Remigii</span> <span class='ocrx_word' id='word_1_745' title='bbox 3282 4943 3603 5006; x_wconf 82' lang='lat' dir='ltr'>Remensis.</span> <span class='ocrx_word' id='word_1_746' title='bbox 3634 4953 3764 5013; x_wconf 85' lang='lat' dir='ltr'>quos</span> 
     </span>
    </p>
   </div>
   <div class='ocr_carea' id='block_1_112' title="bbox 2139 5028 3766 5105">
    <p class='ocr_par' dir='ltr' id='par_1_112' title="bbox 2139 5028 3766 5105">
     <span class='ocr_line' id='line_1_112' title="bbox 2139 5028 3766 5105; baseline -0.006 -16"><span class='ocrx_word' id='word_1_747' title='bbox 2139 5029 2546 5105; x_wconf 85' lang='lat' dir='ltr'>lngelramnus</span> <span class='ocrx_word' id='word_1_748' title='bbox 2598 5030 2843 5088; x_wconf 91' lang='lat' dir='ltr'>Laudini</span> <span class='ocrx_word' id='word_1_749' title='bbox 2892 5033 3137 5089; x_wconf 87' lang='lat' dir='ltr'>antistes</span> <span class='ocrx_word' id='word_1_750' title='bbox 3193 5033 3438 5089; x_wconf 86' lang='lat' dir='ltr'>vexabat</span> <span class='ocrx_word' id='word_1_751' title='bbox 3489 5028 3766 5088; x_wconf 86' lang='lat' dir='ltr'>occasione</span> 
     </span>
    </p>
   </div>
   <div class='ocr_carea' id='block_1_113' title="bbox 2140 5119 3762 5192">
    <p class='ocr_par' dir='ltr' id='par_1_113' title="bbox 2140 5119 3762 5192">
     <span class='ocr_line' id='line_1_113' title="bbox 2140 5119 3762 5192; baseline -0.003 -17"><span class='ocrx_word' id='word_1_752' title='bbox 2140 5120 2343 5176; x_wconf 87' lang='lat' dir='ltr'>altaris</span> <span class='ocrx_word' id='word_1_753' title='bbox 2391 5119 2736 5175; x_wconf 86' lang='lat' dir='ltr'>Corbiniaci.</span> <span class='ocrx_word' id='word_1_754' title='bbox 2770 5121 2840 5176; x_wconf 87' lang='lat' dir='ltr'>Et</span> <span class='ocrx_word' id='word_1_755' title='bbox 2869 5121 3105 5192; x_wconf 88' lang='lat' dir='ltr'>quidem</span> <span class='ocrx_word' id='word_1_756' title='bbox 3158 5139 3291 5177; x_wconf 89' lang='lat' dir='ltr'>cum</span> <span class='ocrx_word' id='word_1_757' title='bbox 3351 5137 3503 5177; x_wconf 89' lang='lat' dir='ltr'>anno</span> <span class='ocrx_word' id='word_1_758' title='bbox 3555 5120 3762 5175; x_wconf 89' lang='lat' dir='ltr'>tantum</span> 
     </span>
    </p>
   </div>
   <div class='ocr_carea' id='block_1_114' title="bbox 2148 5204 3763 5279">
    <p class='ocr_par' dir='ltr' id='par_1_114' title="bbox 2148 5204 3763 5279">
     <span class='ocr_line' id='line_1_114' title="bbox 2148 5204 3763 5279; baseline -0.004 -15"><span class='ocrx_word' id='word_1_759' title='bbox 2148 5207 2718 5279; x_wconf 85' lang='lat' dir='ltr'>10981ngelramnus</span> <span class='ocrx_word' id='word_1_760' title='bbox 2769 5208 2920 5264; x_wconf 89' lang='lat' dir='ltr'>hanc</span> <span class='ocrx_word' id='word_1_761' title='bbox 2975 5210 3177 5266; x_wconf 88' lang='lat' dir='ltr'>sedem</span> <span class='ocrx_word' id='word_1_762' title='bbox 3236 5210 3459 5278; x_wconf 89' lang='lat' dir='ltr'>iniisse,</span> <span class='ocrx_word' id='word_1_763' title='bbox 3489 5204 3763 5266; x_wconf 87' lang='lat' dir='ltr'>Elinando,</span> 
     </span>
    </p>
   </div>
   <div class='ocr_carea' id='block_1_115' title="bbox 2138 5288 3765 5370">
    <p class='ocr_par' dir='ltr' id='par_1_115' title="bbox 2138 5288 3765 5370">
     <span class='ocr_line' id='line_1_115' title="bbox 2138 5288 3765 5370; baseline -0.002 -19"><span class='ocrx_word' id='word_1_764' title='bbox 2138 5295 2243 5370; x_wconf 83' lang='lat' dir='ltr'>qui</span> <span class='ocrx_word' id='word_1_765' title='bbox 2275 5295 2564 5352; x_wconf 85' lang='lat' dir='ltr'>Manassis</span> <span class='ocrx_word' id='word_1_766' title='bbox 2609 5295 3042 5369; x_wconf 84' lang='lat' dir='ltr'>metropolitani</span> <span class='ocrx_word' id='word_1_767' title='bbox 3074 5297 3428 5355; x_wconf 86' lang='lat' dir='ltr'>ordinationi</span> <span class='ocrx_word' id='word_1_768' title='bbox 3472 5313 3619 5354; x_wconf 91' lang='lat' dir='ltr'>anno</span> <span class='ocrx_word' id='word_1_769' title='bbox 3649 5288 3765 5350; x_wconf 83' lang='grc'><strong>1096</strong></span> 
     </span>
    </p>
   </div>
   <div class='ocr_carea' id='block_1_116' title="bbox 2143 5382 3787 5455">
    <p class='ocr_par' dir='ltr' id='par_1_116' title="bbox 2143 5382 3787 5455">
     <span class='ocr_line' id='line_1_116' title="bbox 2143 5382 3787 5455; baseline -0.002 -15"><span class='ocrx_word' id='word_1_770' title='bbox 2143 5383 2508 5452; x_wconf 89' lang='lat' dir='ltr'>interfuerat,</span> <span class='ocrx_word' id='word_1_771' title='bbox 2543 5385 2815 5443; x_wconf 88' lang='lat' dir='ltr'>defuncto</span> <span class='ocrx_word' id='word_1_772' title='bbox 2865 5385 3114 5455; x_wconf 87' lang='lat' dir='ltr'>dicatur,</span> <span class='ocrx_word' id='word_1_773' title='bbox 3158 5385 3316 5443; x_wconf 92' lang='lat' dir='ltr'>haud</span> <span class='ocrx_word' id='word_1_774' title='bbox 3367 5386 3562 5442; x_wconf 90' lang='lat' dir='ltr'>minus</span> <span class='ocrx_word' id='word_1_775' title='bbox 3612 5382 3787 5454; x_wconf 86' lang='lat' dir='ltr'>quam&#39;</span> 
     </span>
    </p>
   </div>
   <div class='ocr_carea' id='block_1_117' title="bbox 2145 5470 3762 5549">
    <p class='ocr_par' dir='ltr' id='par_1_117' title="bbox 2145 5470 3762 5549">
     <span class='ocr_line' id='line_1_117' title="bbox 2145 5470 3762 5549; baseline -0.005 -21"><span class='ocrx_word' id='word_1_776' title='bbox 2145 5471 2323 5528; x_wconf 88' lang='lat' dir='ltr'>unius</span> <span class='ocrx_word' id='word_1_777' title='bbox 2353 5472 2584 5529; x_wconf 85' lang='lat' dir='ltr'>circiter</span> <span class='ocrx_word' id='word_1_778' title='bbox 2604 5475 2740 5530; x_wconf 86' lang='lat' dir='ltr'>anni</span> <span class='ocrx_word' id='word_1_779' title='bbox 2763 5474 3021 5547; x_wconf 89' lang='lat' dir='ltr'>spatium</span> <span class='ocrx_word' id='word_1_780' title='bbox 3042 5475 3396 5549; x_wconf 85' lang='lat' dir='ltr'>exigitur,ut</span> <span class='ocrx_word' id='word_1_781' title='bbox 3425 5473 3519 5530; x_wconf 88' lang='lat' dir='ltr'>ille</span> <span class='ocrx_word' id='word_1_782' title='bbox 3547 5470 3762 5533; x_wconf 83' lang='lat' dir='ltr'>antistes</span> 
     </span>
    </p>
   </div>
   <div class='ocr_carea' id='block_1_118' title="bbox 2147 5560 3761 5639">
    <p class='ocr_par' dir='ltr' id='par_1_118' title="bbox 2147 5560 3761 5639">
     <span class='ocr_line' id='line_1_118' title="bbox 2147 5560 3761 5639; baseline -0.004 -21"><span class='ocrx_word' id='word_1_783' title='bbox 2147 5560 2452 5618; x_wconf 87' lang='lat' dir='ltr'>monachis</span> <span class='ocrx_word' id='word_1_784' title='bbox 2474 5563 2772 5636; x_wconf 85' lang='lat' dir='ltr'>negotium</span> <span class='ocrx_word' id='word_1_785' title='bbox 2804 5564 3144 5633; x_wconf 89' lang='lat' dir='ltr'>facessierit,</span> <span class='ocrx_word' id='word_1_786' title='bbox 3161 5569 3217 5620; x_wconf 89' lang='lat' dir='ltr'>et</span> <span class='ocrx_word' id='word_1_787' title='bbox 3245 5564 3358 5639; x_wconf 90' lang='lat' dir='ltr'>ipsi</span> <span class='ocrx_word' id='word_1_788' title='bbox 3387 5565 3460 5620; x_wconf 91' lang='lat' dir='ltr'>ad</span> <span class='ocrx_word' id='word_1_789' title='bbox 3493 5561 3761 5620; x_wconf 85' lang='lat' dir='ltr'>Urbanum</span> 
     </span>
    </p>
   </div>
   <div class='ocr_carea' id='block_1_119' title="bbox 2147 5645 3756 5726">
    <p class='ocr_par' dir='ltr' id='par_1_119' title="bbox 2147 5645 3756 5726">
     <span class='ocr_line' id='line_1_119' title="bbox 2147 5645 3756 5726; baseline -0.001 -20"><span class='ocrx_word' id='word_1_790' title='bbox 2147 5649 2500 5706; x_wconf 85' lang='lat' dir='ltr'>recurrerint</span> <span class='ocrx_word' id='word_1_791' title='bbox 2529 5655 2703 5723; x_wconf 89' lang='lat' dir='ltr'>atque</span> <span class='ocrx_word' id='word_1_792' title='bbox 2732 5652 3102 5726; x_wconf 86' lang='lat' dir='ltr'>impetrarint</span> <span class='ocrx_word' id='word_1_793' title='bbox 3131 5653 3274 5710; x_wconf 90' lang='lat' dir='ltr'>illud</span> <span class='ocrx_word' id='word_1_794' title='bbox 3307 5653 3662 5726; x_wconf 81' lang='lat' dir='ltr'>rescriptum.</span> <span class='ocrx_word' id='word_1_795' title='bbox 3748 5645 3756 5652; x_wconf 81' lang='grc'><strong>’</strong></span> 
     </span>
    </p>
   </div>
  </div>
