3950 6218
187 377 300 434 257

417 504 705 563 CCCXL“.
739 505 1059 562 Adalbertus
1087 505 1254 562 abbas
1281 505 1594 578 ScM/Tum.

251 595 404 652 Inter
432 595 553 650 hac
582 595 678 650 die
707 596 782 652 24
806 594 988 664 Junii,
1019 594 1330 650 Nativitate
1361 595 1545 650 sancti
1577 594 1833 650 Joannis

183 684 473 756 Baptistae,
506 683 884 740 Gebehardus
917 684 1134 740 Urbani
1165 685 1223 740 in
1259 684 1572 740 Germania
1600 683 1834 756 legatus

183 772 560 829 Adalbertum
600 774 661 828 in
713 773 1144 830 Schatl‘usensis
1189 772 1524 829 monasterii
1557 773 1832 828 abbatem

186 861 425 916 solemni
455 861 575 916 ritu
606 861 902 916 benedixit
931 862 1054 918 loco
1086 861 1366 918 Gerhardi
1393 860 1515 932 qui,
1541 863 1834 916 annuente

186 950 546 1022 pontiﬁce,ut
567 965 636 1006 ex
658 949 927 1007 Bertoldo
958 950 1235 1018 diximus,
1269 948 1607 1005 monasterii
1631 965 1830 1004 curam

188 1039 502 1095 dimiserat.

253 1129 310 1184 Si
341 1127 744 1195 Theobaldu,
777 1132 842 1184 ut
868 1128 1088 1201 vulgati
1137 1127 1387 1199 catologi
1437 1127 1672 1193 habent,
1725 1125 1834 1180 hoc

187 1219 406 1272 tantum
419 1231 582 1272 anno
595 1216 934 1273 monasterii
947 1214 1348 1272 Malleacensis
1361 1214 1618 1287 regimen
1646 1231 1712 1269 su
1720 1229 1837 1268 sce-

186 1303 402 1378 pit,huc
416 1321 660 1378 quoque
674 1305 1144 1378 consignandum
1164 1308 1254 1360 est
1275 1303 1491 1360 Urbani
1513 1304 1807 1358 decretum
1819 1345 1833 1371 ,

187 1411 297 1466 quo
316 1395 505 1466 jussit
538 1399 603 1449 ut
637 1393 730 1450 ille
767 1395 950 1450 abbas
981 1394 1209 1467 Hugoni
1239 1391 1627 1457 Cluniacensi,
1659 1407 1836 1464 quem

186 1481 377 1556 procul
403 1483 596 1538 dubio
626 1483 965 1550 oﬂ'enderat,
999 1481 1378 1538 satisfaceret.
1411 1480 1560 1544 Quid
1593 1481 1670 1536 rei
1703 1495 1835 1552 age-

185 1576 339 1627 retur
383 1571 546 1628 haud
591 1575 798 1626 notum
845 1575 954 1627 est.
986 1573 1057 1626 At
1109 1569 1328 1626 Urbani
1373 1570 1722 1626 sententiam
1771 1584 1840 1624 ex

188 1659 477 1717 Paschalis
510 1660 560 1715 II
593 1661 726 1731 ejus
744 1660 1102 1716 successoris
1123 1658 1372 1731 epistola
1394 1659 1581 1714 ms.ad
1605 1663 1838 1714 Petrum

190 1748 607 1806 Pictaviensem
639 1747 912 1816 dicimus,
938 1748 997 1804 in
1023 1764 1140 1819 qua
1173 1753 1303 1820 post
1333 1746 1616 1802 nonnulla
1633 1748 1705 1802 de
1727 1763 1844 1802 mo-

189 1839 436 1894 nasterio
467 1837 676 1894 Sancti
707 1837 977 1909 Cypriani
1007 1837 1314 1910 praemissa
1345 1835 1469 1892 haec
1511 1836 1747 1891 subdit:
1772 1837 1844 1893 De

191 1926 524 1982 Halleacensi
576 1941 788 1998 quoque
832 1927 1026 1982 abbate
1066 1926 1427 1998 preci-pimus
1456 1929 1515 1979 ut
1535 1926 1702 1996 juxta
1747 1925 1841 1979 do-

190 2017 324 2069 mini
354 2015 566 2072 Urbani
609 2019 940 2086 praceptum
984 2014 1173 2069 abbati
1221 2014 1580 2069 Cluniacensi
1622 2015 1842 2084 satisfa-

188 2106 289 2158 ciat
315 2121 334 2157 :
362 2105 624 2174 alioquin
652 2103 772 2158 vide
797 2119 869 2158 ne
898 2111 958 2158 tu
980 2118 1080 2174 pro
1110 2104 1188 2158 eis
1212 2102 1354 2158 sedis
1370 2103 1682 2174 apostolicae
1702 2101 1844 2156 indi-

190 2194 499 2262 gnationem
538 2193 876 2265 experieris,
910 2196 964 2248 et
1007 2194 1119 2264 ipsi
1163 2191 1492 2260 condignam
1521 2192 1842 2246 sententiam

191 2296 291 2336 non
319 2281 616 2353 eﬁ‘ugiant.
652 2281 817 2336 Forte
848 2279 943 2335 ille
975 2281 1178 2347 abbas,
1213 2279 1367 2335 sicut
1397 2284 1454 2334 et
1485 2278 1844 2352 Cyprianen-

194 2369 290 2438 sis,
319 2369 608 2426 Cluniaco
638 2368 851 2440 subjici
884 2369 1211 2425 recusabat.
1548 2407 1550 2409 ›

257 2458 578 2515 CCCXLIII.
606 2459 1010 2529 lagalonensis
1034 2459 1286 2512 Ecclesiae
1307 2458 1444 2529 jura
1471 2456 1773 2513 vindicata.

260 2547 419 2604 Circa
444 2549 661 2605 eadem
691 2552 954 2619 tempora
985 2547 1368 2618 Raymundus
1399 2561 1592 2602 comes
1632 2545 1846 2618 Melgo-

199 2636 399 2693 riensis
425 2654 460 2693 a
487 2636 810 2693 Gotofredo
832 2635 1101 2708 episcopo
1123 2634 1700 2708 Magalonensi,quod
1720 2636 1848 2706 ejus

199 2725 451 2782 Ecclesiae
474 2727 627 2797 jura
660 2725 973 2781 invasisset
1008 2724 1571 2790 excommunicatus,
1603 2724 1846 2778 Romam

199 2816 468 2886 perrexit;
503 2813 914 2879 Gotofredum,
950 2813 1048 2885 qui
1076 2813 1249 2885 paulo
1281 2817 1414 2868 ante
1444 2811 1848 2884 illum,proeul

200 2901 365 2958 dubio
393 2908 460 2958 ut
487 2901 746 2960 concilio
773 2901 1103 2964 interesset,
1136 2900 1428 2973 profectus
1459 2901 1668 2967 fuerat,
1684 2917 1848 2956 secu-

200 2993 304 3046 tus.
335 2991 481 3048 Cum
509 3005 658 3045 vero
688 2990 860 3046 ambo
891 3005 1088 3045 coram
1119 2990 1392 3062 pontiﬁce
1421 3006 1658 3044 causam
1682 3006 1850 3045 suam

201 3079 467 3149 egissent,
525 3095 731 3135 comes
781 3079 1005 3150 paterni
1063 3078 1398 3134 testamenti
1451 3077 1648 3133 violati
1715 3095 1852 3134 reus

201 3168 489 3223 convictus
520 3171 622 3223 est
651 3167 724 3221 ab
755 3166 1045 3239 episcopo;
1079 3181 1258 3239 quare
1289 3183 1357 3222 ea
1385 3183 1514 3238 quae
1558 3167 1853 3222 invaserat

1779 368 1956 434 Vl'l‘A
1974 420 1987 432 .

1859 508 1910 575 Α
1941 510 2066 560 tum
2099 506 2276 562 etiam
2307 507 2380 562 ob
2409 507 2538 577 eius
2570 505 2828 563 auctoris
2844 507 3253 562 famamﬂunc
3277 507 3433 562 enim
3456 523 3592 564 esse

3467 371 3588 435 9'58

1939 595 2338 650 Hildebertum
2367 595 2572 653 multis
2603 595 2734 652 aliis
2767 596 3000 668 scriptis
3034 595 3413 663 oelebrem,et
3437 602 3585 651 tem-

1937 700 2142 756 porum
2174 684 2710 753 circumstantim,et
2739 684 2894 757 styli,
2924 685 2972 740 si
3007 701 3138 740 mea
3168 700 3259 739 me
3290 702 3404 739 non
3438 684 3588 740 fallit

1940 773 2695 844 conjectura,conformita-s,
2727 774 2821 829 vix
2851 771 3160 829 dubitandi
3181 772 3374 828 locum
3413 773 3587 828 relin-

1942 867 2150 934 quunt.
2182 865 2267 917 An
2297 879 2432 918 vero
2463 861 2682 934 aliquid
2705 879 2772 919 ea
2803 864 2873 917 de
2906 879 2964 917 re
2995 862 3267 917 statuerit
3299 861 3587 928 Urbanus,

1942 952 2252 1018 incertum,
2285 955 2344 1006 et
2371 952 2518 1007 forte
2549 954 2735 1006 morte
2760 951 3116 1023 interceptus
3147 951 3204 1005 id
3237 967 3352 1006 non
3384 951 3589 1022 pot-uit,

1944 1045 2000 1095 at
2031 1040 2090 1094 in
2121 1041 2385 1111 ejusdem
2417 1040 2756 1096 monasterii
2789 1039 3088 1095 Chartario
3111 1040 3362 1095 habetur
3379 1055 3597 1096 concor-

1941 1129 2032 1184 dia
2059 1130 2210 1184 inter
2239 1129 2549 1184 canonicos
2579 1135 2636 1184 et
2663 1129 2791 1200 ejus
2821 1128 2930 1184 loci
2963 1128 3282 1185 monachos
3329 1133 3594 1201 tempore

1943 1217 2260 1272 Hildeberti
2301 1217 2560 1289 episcopi
2605 1221 2664 1272 et
2707 1217 2958 1272 Ramnlﬁ
3009 1217 3237 1273 abbatis
3282 1217 3446 1286 inita,
3479 1233 3597 1290 qua

1945 1310 2291 1361 conventum
2341 1305 2470 1375 fuit,
2503 1311 2568 1360 ut
2615 1305 2877 1361 canonici
2927 1305 3314 1378 sepelirentur
3353 1306 3594 1378 quidem

1945 1395 2003 1450 in
2035 1395 2365 1451 ccemeterio
2395 1395 2797 1460 Vincentian-o,
2837 1395 2939 1449 sed
2974 1394 3033 1448 in
3078 1393 3202 1449 loco
3252 1393 3594 1460 bonestiori,

1946 1489 2121 1555 atque
2151 1501 2185 1539 a
2215 1483 2491 1539 laicorum
2518 1483 2838 1556 sepulturis
2860 1483 3331 1554 sejuncto,quam
3353 1497 3598 1538 conven-

1947 1573 2167 1628 tionem
2199 1573 2378 1644 hujus
2409 1572 2714 1628 occasione
2744 1572 2974 1627 discidii
2998 1572 3208 1626 factam
3236 1570 3418 1627 fuisse
3439 1571 3596 1627 haud

1952 1661 2317 1717 dubitamus.

2287 1749 2571 1805 CCCXLV.
2609 1749 2815 1806 Urbani
2843 1749 3020 1804 obitus
3051 1749 3252 1805 Romae.

2025 1840 2147 1894 Huc
2178 1839 2428 1910 denique
2476 1838 2727 1893 revocari
2780 1842 2968 1909 potest
3006 1836 3222 1892 Urbani
3254 1835 3502 1909 epistola
3525 1835 3602 1892 ad

1954 1927 2251 1984 Albertum
2282 1927 2621 1999 episcopum
2654 1927 2992 1994 Metensem,
3019 1926 3343 1981 aGratiano
3374 1925 3425 1993 4,
3460 1940 3514 1997 q.
3547 1926 3602 1992 5,

1952 2033 2002 2071 c.
2035 2017 2088 2083 3,
2121 2014 2321 2082 relata,
2352 2016 2422 2070 de
2454 2016 2705 2086 quodam
2753 2015 2852 2086 qui
2905 2013 3100 2069 oblata
3138 2015 3384 2086 pecunia
3412 2029 3607 2070 sacer-

1953 2105 2177 2159 dotium
2212 2105 2400 2158 fuerat
2426 2104 2696 2175 adeptus.
2729 2103 2831 2157 Hic
2865 2119 3074 2175 nempe
3101 2102 3387 2172 Albertus,
3407 2103 3458 2158 is
3481 2102 3608 2175 ipse

1953 2198 2042 2246 est
2073 2193 2356 2247 Adalbero
2402 2208 2506 2246 seu
2555 2192 2782 2260 Albero,
2817 2191 2916 2262 qui
2950 2194 3082 2262 post
3131 2190 3448 2246 Hermanni
3482 2189 3607 2245 obi-

1954 2286 2080 2336 tum
2113 2282 2184 2336 ab
2215 2280 2461 2335 Henrico
2504 2279 2646 2350 imp.
2683 2279 2738 2333 in
2790 2280 2988 2334 sedem
3038 2279 3352 2335 Metensem
3405 2283 3613 2334 contra

1956 2370 2286 2441 Popponem
2346 2369 2535 2424 fuerat
2589 2368 2879 2422 intrusus.
2939 2367 3088 2439 (Vide
3134 2367 3463 2423 Chronicon
3520 2366 3610 2423 Si-

1955 2457 2203 2524 thiense,
2271 2475 2327 2529 p.
2397 2457 2548 2526 600.)
2610 2456 2773 2511 Certe
2849 2473 2916 2511 ex
2988 2455 3120 2510 Vita
3173 2455 3367 2511 Sancti
3425 2455 3610 2511 Theo-

1957 2546 2099 2618 geri,
2135 2563 2313 2617 quam
2346 2561 2475 2600 sec.
2509 2545 2608 2600 XII
2640 2544 2698 2598 in
2734 2544 2894 2599 Actis
2926 2544 3025 2600 SS.
3061 2544 3185 2598 0rd.
3219 2544 3406 2600 sancti
3427 2543 3613 2599 Bene-

1958 2635 2096 2690 dicti
2129 2633 2590 2699 dabimus,sicut
2621 2638 2676 2687 et
2707 2632 2815 2688 hac
2860 2631 3078 2688 Urbani
3117 2631 3383 2703 epistola»,
3406 2631 3614 2704 colligi

1959 2728 2152 2796 potest
2177 2723 2332 2778 hunc
2362 2723 2665 2778 Albertum
2681 2737 2784 2777 seu
2800 2721 3146 2777 Alberonem
3176 2720 3490 2792 aliquando
3508 2735 3614 2791 pro

1958 2813 2231 2885 episcopo
2263 2810 2528 2866 habitum
2563 2809 2850 2866 fuisse.De
2879 2810 2987 2865 hoc
3018 2811 3147 2865 fuse
3179 2809 3299 2881 agit
3327 2808 3615 2882 prmdicte

1958 2901 2101 2956 Vitae
2133 2903 2336 2956 auctor
2365 2900 2612 2971 ejusque
2642 2899 3068 2972 depositionem
3107 2897 3168 2953 in
3218 2897 3464 2954 concilio
3501 2897 3612 2953 Re-

1959 2990 2147 3045 mensi
2182 3005 2334 3044 anno
2365 2989 2507 3044 1M5
2530 2988 2879 3060 praesidente
2928 2988 3158 3044 Conone
3195 2987 3385 3060 legato
3415 2987 3614 3042 decre-

1960 3084 2080 3133 tam
2131 3083 2349 3142 narrat,
2401 3077 2496 3132 cui
2545 3077 2670 3148 ipse
2711 3076 3047 3149 Theogerus
3097 3076 3453 3132 substitutus
3501 3079 3613 3131 est.

1964 3167 2247 3222 Caeterum
2299 3170 2431 3238 post
2478 3166 2628 3221 hanc
2677 3166 2984 3238 epistolam
3017 3165 3139 3220 alite
3198 3164 3515 3231 nonnullis,
3563 3169 3620 3222 et

201 3256 258 3310 in
302 3258 608 3328 presentia
653 3254 1025 3311 cardinalium
1071 3260 1129 3310 et
1174 3255 1425 3311 aliorum
1471 3256 1730 3310 virorum
1781 3255 1850 3310 il-
1883 3241 1925 3306 C
1965 3255 2189 3328 aliquot
2217 3255 2432 3311 Urbani
2451 3255 3149 3326 decretasubjungentur,
3169 3271 3298 3326 quis
3329 3270 3464 3310 cum
3487 3253 3620 3309 nul-

203 3341 471 3400 lustrium
503 3346 791 3416 guerpivit
817 3345 878 3398 in
907 3361 1076 3399 manu
1106 3343 1317 3399 domini
1339 3361 1561 3416 papm,a
1589 3361 1705 3417 quo
1727 3349 1858 3416 post

201 3433 411 3490 factum
437 3433 558 3507 ipsi
595 3432 951 3501 hominium,
982 3433 1325 3488 comitatum
1357 3433 1594 3506 recepit,
1622 3451 1690 3489 ea
1719 3451 1855 3490 con-

202 3521 411 3579 ditione
447 3527 518 3578 ut
550 3522 818 3577 Romano
879 3521 1136 3592 pontifici
1195 3521 1445 3594 singulis
1503 3524 1673 3578 annis
1730 3522 1857 3577 auri

203 3610 429 3667 unciam
461 3609 840 3684 persolveret.
873 3610 1003 3664 Haec
1052 3613 1246 3665 autem
1285 3611 1484 3665 omnia
1514 3611 1573 3665 in
1606 3611 1856 3683 patriam

203 3713 461 3756 reversus
488 3699 588 3755 die
618 3698 953 3754 Nativitatis
1000 3699 1222 3754 Sanctae
1273 3698 1465 3754 Maria:
1513 3700 1573 3754 in
1624 3700 1856 3772 publico

204 3785 406 3858 placito
437 3801 641 3844 comes
671 3785 1118 3854 confirmavit,et
1147 3787 1347 3842 statim
1379 3789 1451 3843 ad
1474 3793 1742 3844 sanctum
1765 3789 1858 3844 Ja-

203 3876 404 3932 cobum
437 3878 741 3948 profectus
771 3879 879 3931 est.
910 3875 1378 3931 Instrumentum
1421 3891 1490 3932 ea
1537 3878 1608 3932 de
1658 3894 1717 3932 re
1750 3879 1856 3934 hoc

204 3980 348 4020 anno
377 3966 516 4020 1099
546 3964 877 4020 confectum
910 3964 1167 4018 referunt
1198 3963 1487 4020 Arnaldus
1519 3966 1590 4020 de
1610 3966 1860 4024 Verdala

202 4058 354 4109 tomo
387 4054 408 4110 Ι
441 4051 816 4109 Bibliotheca
875 4068 1035 4107 nova:
1097 4053 1438 4121 Labbeanae,
1487 4055 1547 4109 in
1605 4055 1859 4111 Historia

207 4142 455 4215 episcop.
489 4141 999 4213 Magalonensium
1033 4140 1245 4207 Gariel,
1280 4147 1337 4196 et
1369 4159 1446 4198 ex
1499 4148 1660 4215 parte
1692 4145 1856 4200 Sam~

211 4229 500 4284 marthani
533 4235 696 4284 torno
729 4229 775 4284 Il
806 4226 1000 4284 Gallize
1031 4227 1394 4285 Christianae.

274 4333 588 4391 CCCXLIV.
627 4335 1004 4391 Cwmeteriu-m
1036 4335 1089 4389 S.
1116 4337 1386 4392 Vincentio
1422 4337 1788 4395 Cenomannis

895 4411 1181 4462 assertum.

277 4495 488 4551 Exorta
516 4499 612 4550 est
645 4495 798 4550 circa
850 4496 1004 4550 idem
1052 4499 1286 4568 tempus
1339 4498 1532 4569 gravis
1563 4500 1856 4556 contentio

1963 3344 2081 3399 lam
2131 3348 2235 3399 aut
2283 3348 2438 3398 certe
2482 3343 2995 3398 indeterminatam
3047 3347 3245 3397 notam
3289 3342 3618 3414 praeferant,

1966 3431 2137 3488 alicui
2170 3437 2325 3487 certo
2356 3449 2509 3487 anno
2540 3431 2887 3503 consignare
2924 3431 3013 3487 fas
3045 3448 3159 3486 non
3193 3431 3321 3486 fuit.

2036 3521 2306 3577 Urbanus
2341 3525 2473 3592 post
2505 3519 2767 3574 inﬁnitos
2793 3519 3020 3576 labores
3051 3505 3158 3591 pro
3177 3518 3432 3575 Ecclesia
3451 3535 3621 3590 supe-

1965 3615 2142 3677 ratos,
2172 3610 2346 3664 rebus
2387 3610 2514 3681 jam
2567 3608 2810 3664 omnino
2861 3609 3100 3675 sedatis,
3146 3607 3623 3680 recuperatisque

1965 3715 2112 3770 quas
2143 3699 2202 3752 in
2243 3699 2392 3754 Urbe
2425 3699 2553 3771 ipsa
2586 3697 2946 3753 schismatici
2969 3697 3171 3752 tandiu
3195 3699 3622 3768 occupaverant

1967 3787 2418 3854 munitionibus,
2442 3803 2507 3842 ac
2532 3786 2812 3841 Romanis
2843 3785 3119 3841 omnibus
3149 3784 3262 3840 sibi
3293 3783 3623 3841 conciliatis

1964 3876 2209 3948 ipsaque
2241 3874 2554 3930 universali
2589 3873 2844 3929 Ecclesia
2872 3873 2932 3929 in
2955 3873 3444 3946 tranquilliorem,
3468 3871 3622 3928 ultra

1966 3980 2144 4036 quam
2175 3963 2346 4036 longe
2378 3967 2551 4018 antea
2579 3963 2788 4019 fuisset
2818 3968 2873 4018 et
2905 3965 3126 4035 sperari
3160 3967 3375 4035 posset,
3399 3965 3620 4018 statum

1967 4054 2490 4118 revocata,tandem
2524 4051 2865 4107 meritorum
2892 4052 3076 4107 multo
3101 4051 3287 4124 magis
3309 4067 3486 4122 quam
3503 4050 3625 4106 die-

1968 4157 2097 4196 rum
2132 4141 2558 4213 plenus,morte
2588 4141 2810 4211 ejus,ut
2844 4140 3110 4196 nonnulli
3143 4143 3410 4195 auctores
3427 4139 3622 4196 obser-

1965 4229 2402 4301 varunt,eclipsi
2430 4230 2677 4300 aliisque
2696 4230 2839 4285 visis
2856 4229 3186 4285 caelestibus
3202 4229 3622 4301 praenuntiata,

1967 4321 2038 4374 ad
2106 4335 2348 4391 superos
2409 4318 2655 4374 evolavit
2720 4335 2786 4374 eo
2854 4319 2980 4391 ipso
3047 4323 3328 4390 tempore,
3389 4334 3502 4390 quo
3558 4317 3620 4373 in

1966 4409 2197 4464 Oriente
2229 4424 2393 4464 sacra
2420 4407 2919 4479 Jerosolymorum
2965 4407 3169 4461 civitas
3200 4423 3234 4460 a
3261 4405 3624 4461 Christiano-

1967 4514 2098 4552 rum
2144 4496 2421 4562 exercitu,
2465 4513 2643 4569 quam
2689 4497 2758 4550 ad
2815 4496 2965 4550 hanc
3009 4494 3434 4567 expeditionem
3486 4495 3621 4566 pius

209 4584 358 4654 apud
401 4583 812 4638 Cenomannos
852 4584 1004 4639 inter
1033 4583 1345 4640 canonicos
1375 4587 1627 4642 ecclesiae
1661 4588 1855 4643 cathe-
1888 4608 1933 4673 D
1967 4585 2224 4657 pontifex
2265 4600 2638 4656 summopere
2685 4584 3046 4649 incitaverat,
3079 4587 3249 4655 capta
3294 4586 3400 4638 est.
3434 4587 3622 4639 Rome

207 4670 386 4727 dralis
442 4677 500 4728 et
556 4673 756 4728 Sancti
810 4671 1100 4728 Vincentii
1170 4675 1487 4730 monachos
1555 4678 1857 4732 occasione

210 4758 380 4816 unius
409 4760 677 4816 canonici
719 4761 1000 4830 defuncti,
1051 4762 1221 4832 cujus
1272 4778 1483 4834 corpus
1533 4764 1772 4835 quidam
1827 4783 1857 4822 e

209 4847 622 4904 canonicorum
669 4863 843 4921 grege
892 4849 1120 4905 factiosi
1174 4849 1233 4903 in
1285 4854 1440 4906 terra
1486 4852 1730 4924 profana
1761 4870 1856 4910 se-

208 4936 661 5007 pelierant;cum
691 4943 888 4993 tamen
911 4938 1014 5009 jus
1041 4942 1196 4993 esset
1223 4939 1641 4996 monachorum
1663 4942 1857 4998 Sancti

209 5025 520 5092 Vincentii,
554 5026 745 5097 prisca
771 5026 1191 5082 consuetudine
1221 5027 1397 5082 simul
1428 5034 1484 5083 et
1510 5028 1636 5102 lege
1660 5031 1856 5086 ﬁrma~

207 5116 352 5180 tum,
385 5118 454 5169 ut
482 5113 745 5186 episcOpi
776 5118 834 5169 et
864 5113 1126 5169 canonici
1175 5114 1233 5168 in
1284 5130 1485 5170 eorum
1530 5118 1858 5173 cremeterio

207 5199 615 5272 sepelirentur.
651 5201 786 5256 Post
814 5200 1029 5257 multas
1073 5201 1250 5268 rixas,
1282 5217 1416 5258 cum
1470 5203 1590 5260 haec
1637 5211 1860 5262 contro-

207 5289 395 5345 versia
423 5289 686 5362 episcOpi
736 5289 1077 5346 auctoritate
1121 5291 1393 5364 componi
1427 5309 1541 5348 non
1571 5295 1860 5366 potuisset

211 5393 330 5432 rem
358 5376 637 5434 monachi
671 5379 745 5433 ad
776 5377 1071 5435 Urbanum
1103 5378 1382 5451 detulere,
1426 5383 1499 5438 ad
1529 5399 1704 5454 quem
1736 5385 1857 5456 epi-

211 5480 421 5537 scOpus
452 5466 513 5520 in
549 5479 753 5521 eorum
785 5467 1029 5537 gratiam
1061 5467 1369 5539 epistolam
1409 5471 1664 5543 scripsit.
1695 5477 1858 5531 Hanc

210 5551 268 5607 in
292 5553 632 5626 Appendice
663 5569 699 5609 a
727 5553 1018 5612 Chartario
1042 5556 1421 5613 Vincentiano
1467 5559 1737 5618 exhibere
1771 5563 1857 5620 vi-

211 5656 345 5703 Ium
375 5647 488 5716 est,
519 5645 650 5699 tum
683 5642 837 5718 quod
868 5643 924 5703 in
954 5660 1021 5705 ea
1043 5649 1166 5704 tota
1194 5645 1276 5704 rei
1306 5647 1483 5708 series
1514 5656 1856 5728 exponetur,

1967 4676 2025 4730 in
2075 4675 2348 4730 morbum
2403 4674 2626 4742 incidit,
2681 4678 2745 4728 ut
2775 4677 3028 4729 testatur
3056 4670 3366 4728 Ordericus
3411 4669 3620 4727 Vitalis

1968 4764 2115 4819 libro
2145 4782 2198 4830 χ,
2233 4763 2417 4828 initio,
2452 4762 2552 4817 ubi
2586 4763 2882 4818 mercedem
2911 4779 2945 4816 a
2973 4763 3076 4817 Deo
3119 4763 3471 4833 percepturus
3515 4776 3621 4832 pro

1969 4853 2123 4908 bonis
2150 4851 2571 4921 studiis,quibus
2601 4854 2849 4923 apprime
2875 4853 3082 4924 ﬂoruit,
3116 4866 3185 4905 ea:
3212 4850 3314 4904 hac
3349 4851 3464 4904 vita
3509 4851 3619 4904 mi-

1966 4943 2145 5009 gravit
2173 4959 2223 4995 IV
2259 4940 2525 4995 Kalendas
2573 4942 2821 5010 Augusti.
2869 4945 3032 4996 Certe
3078 4955 3212 4994 eum
3263 4939 3458 4994 Rom
3505 4938 3620 4994 hac

1968 5031 2060 5085 die
2115 5030 2330 5084 obiisso
2387 5045 2536 5083 anno
2592 5028 2732 5082 1099
2778 5034 3005 5084 constat
3047 5047 3115 5085 ex
3161 5027 3456 5085 Paschalis
3488 5028 3621 5100 ejus

1968 5118 2324 5175 successoris
2353 5116 2597 5189 epistola
2641 5133 2710 5171 ea
2751 5117 2820 5173 de
2869 5134 2930 5173 re
2966 5119 3184 5190 scripta
3208 5119 3280 5173 ad
3313 5116 3617 5190 Hugonem

1967 5207 2238 5263 abbatem
2268 5205 2733 5272 Cluniacensem,
2767 5222 2944 5278 quam
2976 5206 3032 5262 in
3066 5206 3395 5281 Appendice
3416 5209 3617 5262 nostra

1966 5297 2304 5352 referemus.
2359 5294 2764 5350 Pontiﬁcatum
2823 5295 3012 5351 tenuit
3063 5311 3250 5351 annos
3306 5307 3412 5364 xI,‘
3444 5309 3615 5347 men—

1967 5401 2062 5440 ses
2093 5402 2164 5448 IV,
2197 5383 2322 5438 dies
2351 5399 2506 5438 xvm.
2542 5383 2846 5440 Bertoldus
2870 5401 3113 5440 numero
3135 5384 3384 5439 rotundo
3404 5395 3617 5436 menses

1966 5475 2207 5545 quinque
2232 5471 2668 5545 scripsit,atque
2700 5473 2770 5528 de
2800 5472 2894 5528 his
2926 5472 3087 5528 nulla
3106 5477 3195 5528 est
3215 5471 3371 5544 apud
3393 5474 3614 5525 veteres

1966 5565 2067 5618 aut
2107 5560 2456 5617 recentiores
2511 5560 2821 5630 dissensio,
2855 5561 2961 5618 etsi
2992 5557 3260 5616 nonnulli
3304 5558 3377 5614 ob
3422 5555 3615 5614 varias

1968 5648 2345 5724 computandi
2366 5648 2624 5707 rationes
2652 5649 2781 5722 ejus
2813 5648 3019 5707 mortis
3049 5662 3271 5708 annum
3304 5644 3472 5706 aliter
3514 5659 3612 5703 0:-
