  <div class='ocr_page' id='page_1' title='image "/cluster/home/n/w/nwhite01/storage/ocr_20150623/151/uva.x000829795/153.png"; bbox 0 0 3950 6218; ppageno 0'>
   <div class='ocr_carea' id='block_1_1' title="bbox 369 349 490 407">
    <p class='ocr_par' dir='ltr' id='par_1_1' title="bbox 369 349 490 407">
     <span class='ocr_line' id='line_1_1' title="bbox 369 349 490 407; baseline 0.008 -1"><span class='ocrx_word' id='word_1_1' title='bbox 369 349 490 407; x_wconf 78' lang='lat'><strong>259</strong></span> 
     </span>
    </p>
   </div>
   <div class='ocr_carea' id='block_1_2' title="bbox 1668 324 2474 410">
    <p class='ocr_par' dir='ltr' id='par_1_2' title="bbox 1668 324 2474 410">
     <span class='ocr_line' id='line_1_2' title="bbox 1668 324 2474 410; baseline -0.006 -2"><span class='ocrx_word' id='word_1_2' title='bbox 1668 343 1736 408; x_wconf 90' lang='lat' dir='ltr'><strong>B.</strong></span> <span class='ocrx_word' id='word_1_3' title='bbox 1785 345 2074 410; x_wconf 79' lang='lat' dir='ltr'><strong>URBANI</strong></span> <span class='ocrx_word' id='word_1_4' title='bbox 2121 344 2173 406; x_wconf 90' lang='lat' dir='ltr'><strong>Il</strong></span> <span class='ocrx_word' id='word_1_5' title='bbox 2219 324 2474 406; x_wconf 63' lang='grc' dir='ltr'><strong>ΡΑἱικιι.</strong></span> 
     </span>
    </p>
   </div>
   <div class='ocr_carea' id='block_1_3' title="bbox 3651 341 3760 404">
    <p class='ocr_par' dir='ltr' id='par_1_3' title="bbox 3651 341 3760 404">
     <span class='ocr_line' id='line_1_3' title="bbox 3651 341 3760 404; baseline 0 0"><span class='ocrx_word' id='word_1_6' title='bbox 3651 341 3760 404; x_wconf 64' lang='lat'><strong>960</strong></span> 
     </span>
    </p>
   </div>
   <div class='ocr_carea' id='block_1_4' title="bbox 370 477 3762 550">
    <p class='ocr_par' dir='ltr' id='par_1_4' title="bbox 370 477 3762 550">
     <span class='ocr_line' id='line_1_4' title="bbox 370 477 3762 550; baseline -0.001 -16"><span class='ocrx_word' id='word_1_7' title='bbox 370 479 709 550; x_wconf 79' lang='lat' dir='ltr'><strong>presserint.</strong></span> <span class='ocrx_word' id='word_1_8' title='bbox 744 479 908 536; x_wconf 86' lang='lat' dir='ltr'><strong>Hunc</strong></span> <span class='ocrx_word' id='word_1_9' title='bbox 953 484 1151 536; x_wconf 88' lang='lat' dir='ltr'><strong>tamen</strong></span> <span class='ocrx_word' id='word_1_10' title='bbox 1195 481 1288 536; x_wconf 91' lang='lat' dir='ltr'><strong>die</strong></span> <span class='ocrx_word' id='word_1_11' title='bbox 1332 498 1392 536; x_wconf 89' lang='grc' dir='ltr'><strong>ιιι</strong></span> <span class='ocrx_word' id='word_1_12' title='bbox 1440 479 1731 536; x_wconf 89' lang='lat' dir='ltr'><strong>Kalendas</strong></span> <span class='ocrx_word' id='word_1_13' title='bbox 1771 479 2020 550; x_wconf 81' lang='lat' dir='ltr'><strong>Augusti</strong></span> <span class='ocrx_word' id='word_1_14' title='bbox 2055 485 2106 550; x_wconf 79' lang='grc' dir='ltr'>Α</span> <span class='ocrx_word' id='word_1_15' title='bbox 2137 496 2300 550; x_wconf 86' lang='lat' dir='ltr'><strong>quam</strong></span> <span class='ocrx_word' id='word_1_16' title='bbox 2350 477 2656 532; x_wconf 73' lang='lat' dir='ltr'><strong>laudabilia</strong></span> <span class='ocrx_word' id='word_1_17' title='bbox 2698 477 2941 547; x_wconf 81' lang='lat' dir='ltr'><strong>fuerunt,</strong></span> <span class='ocrx_word' id='word_1_18' title='bbox 2983 477 3160 531; x_wconf 81' lang='lat' dir='ltr'><strong>nitore</strong></span> <span class='ocrx_word' id='word_1_19' title='bbox 3203 477 3456 548; x_wconf 77' lang='lat' dir='ltr'><strong>famaque</strong></span> <span class='ocrx_word' id='word_1_20' title='bbox 3501 478 3762 548; x_wconf 83' lang='lat' dir='ltr'><strong>magnitu-</strong></span> 
     </span>
    </p>
   </div>
   <div class='ocr_carea' id='block_1_5' title="bbox 365 567 2018 642">
    <p class='ocr_par' dir='ltr' id='par_1_5' title="bbox 365 567 2018 642">
     <span class='ocr_line' id='line_1_5' title="bbox 365 567 2018 642; baseline 0.001 -20"><span class='ocrx_word' id='word_1_21' title='bbox 365 567 512 624; x_wconf 77' lang='lat' dir='ltr'><strong>forte</strong></span> <span class='ocrx_word' id='word_1_22' title='bbox 541 585 735 625; x_wconf 88' lang='lat' dir='ltr'><strong>errore</strong></span> <span class='ocrx_word' id='word_1_23' title='bbox 766 567 1010 636; x_wconf 80' lang='lat' dir='ltr'><strong>librarii,</strong></span> <span class='ocrx_word' id='word_1_24' title='bbox 1040 569 1219 625; x_wconf 88' lang='lat' dir='ltr'><strong>vitam</strong></span> <span class='ocrx_word' id='word_1_25' title='bbox 1251 569 1476 626; x_wconf 77' lang='lat' dir='ltr'><strong>[iniisse</strong></span> <span class='ocrx_word' id='word_1_26' title='bbox 1499 569 1711 642; x_wconf 79' lang='lat' dir='ltr'><strong>legitur</strong></span> <span class='ocrx_word' id='word_1_27' title='bbox 1739 570 1794 624; x_wconf 89' lang='lat' dir='ltr'><strong>in</strong></span> <span class='ocrx_word' id='word_1_28' title='bbox 1843 570 2018 624; x_wconf 82' lang='lat' dir='ltr'><strong>Chro-</strong></span> 
     </span>
    </p>
   </div>
   <div class='ocr_carea' id='block_1_6' title="bbox 367 655 2014 730">
    <p class='ocr_par' dir='ltr' id='par_1_6' title="bbox 367 655 2014 730">
     <span class='ocr_line' id='line_1_6' title="bbox 367 655 2014 730; baseline 0 -18"><span class='ocrx_word' id='word_1_29' title='bbox 367 655 496 712; x_wconf 92' lang='lat' dir='ltr'><strong>nico</strong></span> <span class='ocrx_word' id='word_1_30' title='bbox 520 657 1012 730; x_wconf 88' lang='lat' dir='ltr'><strong>Kemperlegiensi</strong></span> <span class='ocrx_word' id='word_1_31' title='bbox 1037 663 1194 714; x_wconf 89' lang='lat' dir='ltr'><strong>tomo</strong></span> <span class='ocrx_word' id='word_1_32' title='bbox 1216 658 1466 714; x_wconf 88' lang='lat' dir='ltr'><strong>lBaluzii</strong></span> <span class='ocrx_word' id='word_1_33' title='bbox 1493 658 2014 714; x_wconf 88' lang='lat' dir='ltr'><strong>Miscellaneorum.</strong></span> 
     </span>
    </p>
   </div>
   <div class='ocr_carea' id='block_1_7' title="bbox 367 745 2019 818">
    <p class='ocr_par' dir='ltr' id='par_1_7' title="bbox 367 745 2019 818">
     <span class='ocr_line' id='line_1_7' title="bbox 367 745 2019 818; baseline 0 -17"><span class='ocrx_word' id='word_1_34' title='bbox 367 745 567 802; x_wconf 79' lang='lat' dir='ltr'><strong>Cateri</strong></span> <span class='ocrx_word' id='word_1_35' title='bbox 599 746 821 818; x_wconf 90' lang='lat' dir='ltr'><strong>passim</strong></span> <span class='ocrx_word' id='word_1_36' title='bbox 847 752 1114 803; x_wconf 82' lang='lat' dir='ltr'><strong>auctores</strong></span> <span class='ocrx_word' id='word_1_37' title='bbox 1145 747 1564 804; x_wconf 73' lang='lat' dir='ltr'><strong>Chronieorum</strong></span> <span class='ocrx_word' id='word_1_38' title='bbox 1594 747 1749 802; x_wconf 90' lang='lat' dir='ltr'><strong>diem</strong></span> <span class='ocrx_word' id='word_1_39' title='bbox 1786 764 1842 801; x_wconf 78' lang='grc' dir='ltr'><strong>ιν</strong></span> <span class='ocrx_word' id='word_1_40' title='bbox 1871 745 2019 802; x_wconf 90' lang='lat' dir='ltr'><strong>assi-</strong></span> 
     </span>
    </p>
   </div>
   <div class='ocr_carea' id='block_1_8' title="bbox 367 835 2020 908">
    <p class='ocr_par' dir='ltr' id='par_1_8' title="bbox 367 835 2020 908">
     <span class='ocr_line' id='line_1_8' title="bbox 367 835 2020 908; baseline 0 -18"><span class='ocrx_word' id='word_1_41' title='bbox 367 838 571 908; x_wconf 83' lang='lat' dir='ltr'><strong>gnant,</strong></span> <span class='ocrx_word' id='word_1_42' title='bbox 604 835 822 907; x_wconf 83' lang='lat' dir='ltr'><strong>quibus</strong></span> <span class='ocrx_word' id='word_1_43' title='bbox 853 837 1349 892; x_wconf 80' lang='lat' dir='ltr'><strong>monasteriorum</strong></span> <span class='ocrx_word' id='word_1_44' title='bbox 1383 841 1440 892; x_wconf 89' lang='lat' dir='ltr'><strong>et</strong></span> <span class='ocrx_word' id='word_1_45' title='bbox 1469 835 1716 891; x_wconf 89' lang='lat' dir='ltr'><strong>aliarum</strong></span> <span class='ocrx_word' id='word_1_46' title='bbox 1749 835 2020 890; x_wconf 90' lang='lat' dir='ltr'><strong>ecclesia-</strong></span> 
     </span>
    </p>
   </div>
   <div class='ocr_carea' id='block_1_9' title="bbox 366 921 2019 997">
    <p class='ocr_par' dir='ltr' id='par_1_9' title="bbox 366 921 2019 997">
     <span class='ocr_line' id='line_1_9' title="bbox 366 921 2019 997; baseline 0 -19"><span class='ocrx_word' id='word_1_47' title='bbox 366 939 500 978; x_wconf 88' lang='lat' dir='ltr'><strong>rum</strong></span> <span class='ocrx_word' id='word_1_48' title='bbox 547 921 889 997; x_wconf 85' lang='lat' dir='ltr'><strong>Necrologia</strong></span> <span class='ocrx_word' id='word_1_49' title='bbox 937 923 1330 991; x_wconf 89' lang='lat' dir='ltr'><strong>consentiunt,</strong></span> <span class='ocrx_word' id='word_1_50' title='bbox 1363 928 1602 996; x_wconf 87' lang='lat' dir='ltr'><strong>excepto</strong></span> <span class='ocrx_word' id='word_1_51' title='bbox 1633 922 2019 992; x_wconf 90' lang='lat' dir='ltr'><strong>Molismensi,</strong></span> 
     </span>
    </p>
   </div>
   <div class='ocr_carea' id='block_1_10' title="bbox 366 1011 2022 1084">
    <p class='ocr_par' dir='ltr' id='par_1_10' title="bbox 366 1011 2022 1084">
     <span class='ocr_line' id='line_1_10' title="bbox 366 1011 2022 1084; baseline 0 -18"><span class='ocrx_word' id='word_1_52' title='bbox 366 1011 426 1066; x_wconf 91' lang='lat' dir='ltr'><strong>in</strong></span> <span class='ocrx_word' id='word_1_53' title='bbox 469 1028 586 1084; x_wconf 91' lang='lat' dir='ltr'><strong>quo</strong></span> <span class='ocrx_word' id='word_1_54' title='bbox 614 1011 710 1068; x_wconf 89' lang='lat' dir='ltr'><strong>die</strong></span> <span class='ocrx_word' id='word_1_55' title='bbox 741 1029 804 1068; x_wconf 85' lang='grc' dir='ltr'><strong>ιιι</strong></span> <span class='ocrx_word' id='word_1_56' title='bbox 832 1018 1212 1078; x_wconf 83' lang='lat' dir='ltr'><strong>memoratur,</strong></span> <span class='ocrx_word' id='word_1_57' title='bbox 1255 1014 1384 1083; x_wconf 87' lang='lat' dir='ltr'><strong>ejus</strong></span> <span class='ocrx_word' id='word_1_58' title='bbox 1432 1013 1536 1068; x_wconf 84' lang='lat' dir='ltr'><strong>loci</strong></span> <span class='ocrx_word' id='word_1_59' title='bbox 1581 1013 2022 1082; x_wconf 75' lang='lat' dir='ltr'><strong>congregationis</strong></span> 
     </span>
    </p>
   </div>
   <div class='ocr_carea' id='block_1_11' title="bbox 365 1099 2022 1172">
    <p class='ocr_par' dir='ltr' id='par_1_11' title="bbox 365 1099 2022 1172">
     <span class='ocr_line' id='line_1_11' title="bbox 365 1099 2022 1172; baseline 0 -17"><span class='ocrx_word' id='word_1_60' title='bbox 365 1100 580 1156; x_wconf 90' lang='lat' dir='ltr'><strong>dictus.</strong></span> <span class='ocrx_word' id='word_1_61' title='bbox 633 1099 886 1158; x_wconf 80' lang='lat' dir='ltr'><strong>Celebris</strong></span> <span class='ocrx_word' id='word_1_62' title='bbox 933 1117 1068 1156; x_wconf 91' lang='lat' dir='ltr'><strong>vero</strong></span> <span class='ocrx_word' id='word_1_63' title='bbox 1117 1100 1395 1172; x_wconf 82' lang='lat' dir='ltr'><strong>deinceps</strong></span> <span class='ocrx_word' id='word_1_64' title='bbox 1445 1100 1556 1156; x_wconf 88' lang='lat' dir='ltr'><strong>fuit</strong></span> <span class='ocrx_word' id='word_1_65' title='bbox 1607 1100 1667 1156; x_wconf 91' lang='lat' dir='ltr'><strong>in</strong></span> <span class='ocrx_word' id='word_1_66' title='bbox 1728 1100 2022 1172; x_wconf 85' lang='lat' dir='ltr'><strong>plerisque</strong></span> 
     </span>
    </p>
   </div>
   <div class='ocr_carea' id='block_1_12' title="bbox 365 1186 2024 1260">
    <p class='ocr_par' dir='ltr' id='par_1_12' title="bbox 365 1186 2024 1260">
     <span class='ocr_line' id='line_1_12' title="bbox 365 1186 2024 1260; baseline -0.001 -17"><span class='ocrx_word' id='word_1_67' title='bbox 365 1187 508 1244; x_wconf 90' lang='lat' dir='ltr'><strong>locis</strong></span> <span class='ocrx_word' id='word_1_68' title='bbox 537 1189 665 1260; x_wconf 89' lang='lat' dir='ltr'><strong>ejus</strong></span> <span class='ocrx_word' id='word_1_69' title='bbox 697 1189 1000 1256; x_wconf 85' lang='lat' dir='ltr'><strong>memoria,</strong></span> <span class='ocrx_word' id='word_1_70' title='bbox 1034 1189 1108 1244; x_wconf 91' lang='lat' dir='ltr'><strong>ob</strong></span> <span class='ocrx_word' id='word_1_71' title='bbox 1141 1192 1375 1260; x_wconf 89' lang='lat' dir='ltr'><strong>recepta</strong></span> <span class='ocrx_word' id='word_1_72' title='bbox 1401 1189 1474 1243; x_wconf 87' lang='lat' dir='ltr'><strong>ab</strong></span> <span class='ocrx_word' id='word_1_73' title='bbox 1503 1204 1570 1244; x_wconf 90' lang='lat' dir='ltr'><strong>eo</strong></span> <span class='ocrx_word' id='word_1_74' title='bbox 1604 1186 2024 1254; x_wconf 84' lang='lat' dir='ltr'><strong>beneﬁcia,vel-</strong></span> 
     </span>
    </p>
   </div>
   <div class='ocr_carea' id='block_1_13' title="bbox 365 1275 2018 1348">
    <p class='ocr_par' dir='ltr' id='par_1_13' title="bbox 365 1275 2018 1348">
     <span class='ocr_line' id='line_1_13' title="bbox 365 1275 2018 1348; baseline 0.001 -17"><span class='ocrx_word' id='word_1_75' title='bbox 365 1277 449 1332; x_wconf 92' lang='lat' dir='ltr'><strong>uti</strong></span> <span class='ocrx_word' id='word_1_76' title='bbox 477 1276 538 1332; x_wconf 89' lang='lat' dir='ltr'><strong>in</strong></span> <span class='ocrx_word' id='word_1_77' title='bbox 565 1276 952 1344; x_wconf 83' lang='lat' dir='ltr'><strong>Cluniacensi,</strong></span> <span class='ocrx_word' id='word_1_78' title='bbox 987 1277 1047 1332; x_wconf 90' lang='lat' dir='ltr'><strong>in</strong></span> <span class='ocrx_word' id='word_1_79' title='bbox 1079 1280 1234 1334; x_wconf 86' lang='lat' dir='ltr'><strong>Casa</strong></span> <span class='ocrx_word' id='word_1_80' title='bbox 1269 1277 1477 1332; x_wconf 89' lang='lat' dir='ltr'><strong>Deensi</strong></span> <span class='ocrx_word' id='word_1_81' title='bbox 1525 1277 1683 1348; x_wconf 89' lang='lat' dir='ltr'><strong>apud</strong></span> <span class='ocrx_word' id='word_1_82' title='bbox 1726 1275 2018 1332; x_wconf 89' lang='lat' dir='ltr'><strong>Cornelio-</strong></span> 
     </span>
    </p>
   </div>
   <div class='ocr_carea' id='block_1_14' title="bbox 365 1363 2021 1439">
    <p class='ocr_par' dir='ltr' id='par_1_14' title="bbox 365 1363 2021 1439">
     <span class='ocr_line' id='line_1_14' title="bbox 365 1363 2021 1439; baseline 0 -19"><span class='ocrx_word' id='word_1_83' title='bbox 365 1381 519 1433; x_wconf 91' lang='lat' dir='ltr'><strong>nem,</strong></span> <span class='ocrx_word' id='word_1_84' title='bbox 554 1365 614 1420; x_wconf 91' lang='lat' dir='ltr'><strong>in</strong></span> <span class='ocrx_word' id='word_1_85' title='bbox 642 1365 1009 1421; x_wconf 83' lang='lat' dir='ltr'><strong>Flavianensi</strong></span> <span class='ocrx_word' id='word_1_86' title='bbox 1041 1366 1240 1422; x_wconf 87' lang='lat' dir='ltr'><strong>Sancti</strong></span> <span class='ocrx_word' id='word_1_87' title='bbox 1273 1364 1504 1439; x_wconf 69' lang='lat' dir='ltr'><strong>Egidii,</strong></span> <span class='ocrx_word' id='word_1_88' title='bbox 1531 1365 1591 1420; x_wconf 92' lang='lat' dir='ltr'><strong>in</strong></span> <span class='ocrx_word' id='word_1_89' title='bbox 1625 1363 2021 1421; x_wconf 89' lang='lat' dir='ltr'><strong>Lemovicensi</strong></span> 
     </span>
    </p>
   </div>
   <div class='ocr_carea' id='block_1_15' title="bbox 362 1452 2022 1520">
    <p class='ocr_par' dir='ltr' id='par_1_15' title="bbox 362 1452 2022 1520">
     <span class='ocr_line' id='line_1_15' title="bbox 362 1452 2022 1520; baseline 0 -12"><span class='ocrx_word' id='word_1_90' title='bbox 362 1454 558 1510; x_wconf 80' lang='lat' dir='ltr'><strong>Sancti</strong></span> <span class='ocrx_word' id='word_1_91' title='bbox 591 1453 904 1520; x_wconf 79' lang='lat' dir='ltr'><strong>Martialis,</strong></span> <span class='ocrx_word' id='word_1_92' title='bbox 935 1454 994 1508; x_wconf 91' lang='lat' dir='ltr'><strong>in</strong></span> <span class='ocrx_word' id='word_1_93' title='bbox 1026 1454 1351 1510; x_wconf 85' lang='lat' dir='ltr'><strong>Pictavensi</strong></span> <span class='ocrx_word' id='word_1_94' title='bbox 1387 1453 1724 1509; x_wconf 88' lang='lat' dir='ltr'><strong>Monasterii</strong></span> <span class='ocrx_word' id='word_1_95' title='bbox 1765 1452 1928 1520; x_wconf 90' lang='lat' dir='ltr'><strong>Novi,</strong></span> <span class='ocrx_word' id='word_1_96' title='bbox 1961 1452 2022 1508; x_wconf 92' lang='lat' dir='ltr'><strong>in</strong></span> 
     </span>
    </p>
   </div>
   <div class='ocr_carea' id='block_1_16' title="bbox 361 1539 2024 1614">
    <p class='ocr_par' dir='ltr' id='par_1_16' title="bbox 361 1539 2024 1614">
     <span class='ocr_line' id='line_1_16' title="bbox 361 1539 2024 1614; baseline -0.001 -17"><span class='ocrx_word' id='word_1_97' title='bbox 361 1541 842 1608; x_wconf 88' lang='lat' dir='ltr'><strong>Nantuacensi,in</strong></span> <span class='ocrx_word' id='word_1_98' title='bbox 873 1542 1206 1598; x_wconf 87' lang='lat' dir='ltr'><strong>Divionensi</strong></span> <span class='ocrx_word' id='word_1_99' title='bbox 1230 1541 1422 1597; x_wconf 81' lang='lat' dir='ltr'><strong>Sancti</strong></span> <span class='ocrx_word' id='word_1_100' title='bbox 1449 1539 1776 1614; x_wconf 89' lang='lat' dir='ltr'><strong>Benigni,et</strong></span> <span class='ocrx_word' id='word_1_101' title='bbox 1795 1541 1853 1596; x_wconf 90' lang='lat' dir='ltr'><strong>in</strong></span> <span class='ocrx_word' id='word_1_102' title='bbox 1890 1540 2024 1596; x_wconf 89' lang='lat' dir='ltr'><strong>aliis</strong></span> 
     </span>
    </p>
   </div>
   <div class='ocr_carea' id='block_1_17' title="bbox 363 1629 2020 1702">
    <p class='ocr_par' dir='ltr' id='par_1_17' title="bbox 363 1629 2020 1702">
     <span class='ocr_line' id='line_1_17' title="bbox 363 1629 2020 1702; baseline -0.001 -16"><span class='ocrx_word' id='word_1_103' title='bbox 363 1629 614 1686; x_wconf 88' lang='lat' dir='ltr'><strong>aliarum</strong></span> <span class='ocrx_word' id='word_1_104' title='bbox 645 1629 1035 1686; x_wconf 87' lang='lat' dir='ltr'><strong>Ecclesiarum</strong></span> <span class='ocrx_word' id='word_1_105' title='bbox 1065 1629 1423 1702; x_wconf 86' lang='lat' dir='ltr'><strong>Necrologiis</strong></span> <span class='ocrx_word' id='word_1_106' title='bbox 1468 1647 1618 1702; x_wconf 89' lang='lat' dir='ltr'><strong>quas</strong></span> <span class='ocrx_word' id='word_1_107' title='bbox 1667 1630 1791 1702; x_wconf 88' lang='lat' dir='ltr'><strong>ipse</strong></span> <span class='ocrx_word' id='word_1_108' title='bbox 1820 1646 2020 1685; x_wconf 88' lang='lat' dir='ltr'><strong>sacra-</strong></span> 
     </span>
    </p>
   </div>
   <div class='ocr_carea' id='block_1_18' title="bbox 365 1717 1378 1790">
    <p class='ocr_par' dir='ltr' id='par_1_18' title="bbox 365 1717 1378 1790">
     <span class='ocr_line' id='line_1_18' title="bbox 365 1717 1378 1790; baseline -0.002 -15"><span class='ocrx_word' id='word_1_109' title='bbox 365 1723 546 1786; x_wconf 87' lang='lat' dir='ltr'><strong>verat,</strong></span> <span class='ocrx_word' id='word_1_110' title='bbox 579 1723 681 1774; x_wconf 91' lang='lat' dir='ltr'><strong>aut</strong></span> <span class='ocrx_word' id='word_1_111' title='bbox 709 1717 1030 1790; x_wconf 83' lang='lat' dir='ltr'><strong>privilegiis</strong></span> <span class='ocrx_word' id='word_1_112' title='bbox 1059 1718 1378 1774; x_wconf 84' lang='lat' dir='ltr'><strong>munierat.</strong></span> 
     </span>
    </p>
   </div>
   <div class='ocr_carea' id='block_1_19' title="bbox 431 1806 2016 1880">
    <p class='ocr_par' dir='ltr' id='par_1_19' title="bbox 431 1806 2016 1880">
     <span class='ocr_line' id='line_1_19' title="bbox 431 1806 2016 1880; baseline 0 -18"><span class='ocrx_word' id='word_1_113' title='bbox 431 1807 655 1880; x_wconf 89' lang='lat' dir='ltr'><strong>Corpus</strong></span> <span class='ocrx_word' id='word_1_114' title='bbox 675 1808 808 1878; x_wconf 82' lang='lat' dir='ltr'><strong>ejus</strong></span> <span class='ocrx_word' id='word_1_115' title='bbox 821 1823 890 1862; x_wconf 88' lang='lat' dir='ltr'><strong>ex</strong></span> <span class='ocrx_word' id='word_1_116' title='bbox 905 1806 1292 1862; x_wconf 84' lang='lat' dir='ltr'><strong>adibusPetri</strong></span> <span class='ocrx_word' id='word_1_117' title='bbox 1326 1807 1536 1862; x_wconf 86' lang='lat' dir='ltr'><strong>Leonis</strong></span> <span class='ocrx_word' id='word_1_118' title='bbox 1567 1807 1723 1879; x_wconf 90' lang='lat' dir='ltr'><strong>apud</strong></span> <span class='ocrx_word' id='word_1_119' title='bbox 1747 1811 2016 1862; x_wconf 88' lang='lat' dir='ltr'><strong>sanctum</strong></span> 
     </span>
    </p>
   </div>
   <div class='ocr_carea' id='block_1_20' title="bbox 363 1893 2018 1967">
    <p class='ocr_par' dir='ltr' id='par_1_20' title="bbox 363 1893 2018 1967">
     <span class='ocr_line' id='line_1_20' title="bbox 363 1893 2018 1967; baseline 0 -17"><span class='ocrx_word' id='word_1_120' title='bbox 363 1893 664 1951; x_wconf 85' lang='lat' dir='ltr'><strong>Nicolaum</strong></span> <span class='ocrx_word' id='word_1_121' title='bbox 692 1895 750 1948; x_wconf 91' lang='lat' dir='ltr'><strong>in</strong></span> <span class='ocrx_word' id='word_1_122' title='bbox 783 1911 1014 1951; x_wconf 82' lang='lat' dir='ltr'><strong>carcere</strong></span> <span class='ocrx_word' id='word_1_123' title='bbox 1043 1893 1339 1962; x_wconf 91' lang='lat' dir='ltr'><strong>Tulliano,</strong></span> <span class='ocrx_word' id='word_1_124' title='bbox 1365 1895 1465 1950; x_wconf 92' lang='lat' dir='ltr'><strong>ubi</strong></span> <span class='ocrx_word' id='word_1_125' title='bbox 1495 1911 1840 1967; x_wconf 89' lang='lat' dir='ltr'><strong>supremum</strong></span> <span class='ocrx_word' id='word_1_126' title='bbox 1864 1893 2018 1950; x_wconf 90' lang='lat' dir='ltr'><strong>diem</strong></span> 
     </span>
    </p>
   </div>
   <div class='ocr_carea' id='block_1_21' title="bbox 362 1981 2023 2056">
    <p class='ocr_par' dir='ltr' id='par_1_21' title="bbox 362 1981 2023 2056">
     <span class='ocr_line' id='line_1_21' title="bbox 362 1981 2023 2056; baseline -0.001 -16"><span class='ocrx_word' id='word_1_127' title='bbox 362 1984 604 2050; x_wconf 87' lang='lat' dir='ltr'><strong>obierat,</strong></span> <span class='ocrx_word' id='word_1_128' title='bbox 639 2000 743 2056; x_wconf 91' lang='lat' dir='ltr'><strong>per</strong></span> <span class='ocrx_word' id='word_1_129' title='bbox 770 1982 1067 2056; x_wconf 78' lang='lat' dir='ltr'><strong>regionem</strong></span> <span class='ocrx_word' id='word_1_130' title='bbox 1098 1982 1596 2038; x_wconf 89' lang='lat' dir='ltr'><strong>Transtiberinam</strong></span> <span class='ocrx_word' id='word_1_131' title='bbox 1629 1981 1889 2038; x_wconf 90' lang='lat' dir='ltr'><strong>delatum</strong></span> <span class='ocrx_word' id='word_1_132' title='bbox 1934 1987 2023 2039; x_wconf 90' lang='lat' dir='ltr'><strong>est</strong></span> 
     </span>
    </p>
   </div>
   <div class='ocr_carea' id='block_1_22' title="bbox 359 2071 2016 2143">
    <p class='ocr_par' dir='ltr' id='par_1_22' title="bbox 359 2071 2016 2143">
     <span class='ocr_line' id='line_1_22' title="bbox 359 2071 2016 2143; baseline -0.001 -15"><span class='ocrx_word' id='word_1_133' title='bbox 359 2071 421 2128; x_wconf 91' lang='lat' dir='ltr'><strong>in</strong></span> <span class='ocrx_word' id='word_1_134' title='bbox 451 2071 751 2128; x_wconf 80' lang='lat' dir='ltr'><strong>basilicam</strong></span> <span class='ocrx_word' id='word_1_135' title='bbox 783 2071 1211 2139; x_wconf 86' lang='lat' dir='ltr'><strong>Vaticanam,in</strong></span> <span class='ocrx_word' id='word_1_136' title='bbox 1245 2088 1362 2143; x_wconf 89' lang='lat' dir='ltr'><strong>qua</strong></span> <span class='ocrx_word' id='word_1_137' title='bbox 1382 2071 1701 2128; x_wconf 83' lang='lat' dir='ltr'><strong>honorifice</strong></span> <span class='ocrx_word' id='word_1_138' title='bbox 1723 2071 2016 2143; x_wconf 88' lang='lat' dir='ltr'><strong>sepultum</strong></span> 
     </span>
    </p>
   </div>
   <div class='ocr_carea' id='block_1_23' title="bbox 360 2159 2018 2233">
    <p class='ocr_par' dir='ltr' id='par_1_23' title="bbox 360 2159 2018 2233">
     <span class='ocr_line' id='line_1_23' title="bbox 360 2159 2018 2233; baseline -0.001 -16"><span class='ocrx_word' id='word_1_139' title='bbox 360 2165 472 2217; x_wconf 88' lang='lat' dir='ltr'><strong>est.</strong></span> <span class='ocrx_word' id='word_1_140' title='bbox 504 2161 567 2216; x_wconf 90' lang='lat' dir='ltr'><strong>In</strong></span> <span class='ocrx_word' id='word_1_141' title='bbox 612 2161 808 2217; x_wconf 90' lang='lat' dir='ltr'><strong>Gestis</strong></span> <span class='ocrx_word' id='word_1_142' title='bbox 857 2161 1146 2216; x_wconf 83' lang='lat' dir='ltr'><strong>Lamberti</strong></span> <span class='ocrx_word' id='word_1_143' title='bbox 1176 2160 1578 2217; x_wconf 81' lang='lat' dir='ltr'><strong>Atrebatensis</strong></span> <span class='ocrx_word' id='word_1_144' title='bbox 1623 2159 1904 2233; x_wconf 85' lang='lat' dir='ltr'><strong>episcopi,</strong></span> <span class='ocrx_word' id='word_1_145' title='bbox 1933 2161 2018 2216; x_wconf 85' lang='lat' dir='ltr'><strong>di-</strong></span> 
     </span>
    </p>
   </div>
   <div class='ocr_carea' id='block_1_24' title="bbox 359 2249 2018 2322">
    <p class='ocr_par' dir='ltr' id='par_1_24' title="bbox 359 2249 2018 2322">
     <span class='ocr_line' id='line_1_24' title="bbox 359 2249 2018 2322; baseline 0 -17"><span class='ocrx_word' id='word_1_146' title='bbox 359 2265 487 2322; x_wconf 73' lang='lat' dir='ltr'><strong>gnae</strong></span> <span class='ocrx_word' id='word_1_147' title='bbox 511 2251 786 2305; x_wconf 76' lang='lat' dir='ltr'><strong>memoria</strong></span> <span class='ocrx_word' id='word_1_148' title='bbox 811 2249 1106 2317; x_wconf 82' lang='lat' dir='ltr'><strong>religiosus</strong></span> <span class='ocrx_word' id='word_1_149' title='bbox 1133 2266 1278 2320; x_wconf 90' lang='lat' dir='ltr'><strong>papa</strong></span> <span class='ocrx_word' id='word_1_150' title='bbox 1311 2249 1560 2305; x_wconf 78' lang='lat' dir='ltr'><strong>Urbanus</strong></span> <span class='ocrx_word' id='word_1_151' title='bbox 1607 2249 1826 2304; x_wconf 91' lang='lat' dir='ltr'><strong>dicitur</strong></span> <span class='ocrx_word' id='word_1_152' title='bbox 1872 2265 2018 2306; x_wconf 88' lang='lat' dir='ltr'><strong>anno</strong></span> 
     </span>
    </p>
   </div>
   <div class='ocr_carea' id='block_1_25' title="bbox 362 2337 2018 2410">
    <p class='ocr_par' dir='ltr' id='par_1_25' title="bbox 362 2337 2018 2410">
     <span class='ocr_line' id='line_1_25' title="bbox 362 2337 2018 2410; baseline 0 -16"><span class='ocrx_word' id='word_1_153' title='bbox 362 2338 521 2404; x_wconf 85' lang='grc'>1099,</span> <span class='ocrx_word' id='word_1_154' title='bbox 574 2355 631 2393; x_wconf 77' lang='lat' dir='ltr'><strong>1v</strong></span> <span class='ocrx_word' id='word_1_155' title='bbox 683 2337 949 2394; x_wconf 82' lang='lat' dir='ltr'><strong>lialendas</strong></span> <span class='ocrx_word' id='word_1_156' title='bbox 999 2339 1254 2406; x_wconf 84' lang='lat' dir='ltr'><strong>Augusti,</strong></span> <span class='ocrx_word' id='word_1_157' title='bbox 1300 2338 1601 2394; x_wconf 75' lang='lat' dir='ltr'><strong>indictione</strong></span> <span class='ocrx_word' id='word_1_158' title='bbox 1628 2355 1707 2394; x_wconf 84' lang='lat' dir='ltr'><strong>vu</strong></span> <span class='ocrx_word' id='word_1_159' title='bbox 1742 2339 2018 2410; x_wconf 83' lang='lat' dir='ltr'><strong>ingressus</strong></span> 
     </span>
    </p>
   </div>
   <div class='ocr_carea' id='block_1_26' title="bbox 355 2427 2020 2497">
    <p class='ocr_par' dir='ltr' id='par_1_26' title="bbox 355 2427 2020 2497">
     <span class='ocr_line' id='line_1_26' title="bbox 355 2427 2020 2497; baseline -0.001 -14"><span class='ocrx_word' id='word_1_160' title='bbox 355 2429 508 2484; x_wconf 84' lang='lat' dir='ltr'><strong>viam</strong></span> <span class='ocrx_word' id='word_1_161' title='bbox 553 2428 823 2483; x_wconf 76' lang='lat' dir='ltr'><strong>universa:</strong></span> <span class='ocrx_word' id='word_1_162' title='bbox 872 2428 1063 2482; x_wconf 86' lang='lat' dir='ltr'><strong>carnis</strong></span> <span class='ocrx_word' id='word_1_163' title='bbox 1109 2430 1160 2481; x_wconf 88' lang='lat' dir='ltr'><strong>et</strong></span> <span class='ocrx_word' id='word_1_164' title='bbox 1207 2427 1453 2497; x_wconf 88' lang='lat' dir='ltr'><strong>sepultus</strong></span> <span class='ocrx_word' id='word_1_165' title='bbox 1500 2429 1560 2480; x_wconf 84' lang='lat' dir='ltr'><strong>in</strong></span> <span class='ocrx_word' id='word_1_166' title='bbox 1604 2428 1828 2482; x_wconf 85' lang='lat' dir='ltr'><strong>ecclesia</strong></span> <span class='ocrx_word' id='word_1_167' title='bbox 1877 2427 2020 2482; x_wconf 88' lang='lat' dir='ltr'><strong>beati</strong></span> 
     </span>
    </p>
   </div>
   <div class='ocr_carea' id='block_1_27' title="bbox 355 2515 2016 2588">
    <p class='ocr_par' dir='ltr' id='par_1_27' title="bbox 355 2515 2016 2588">
     <span class='ocr_line' id='line_1_27' title="bbox 355 2515 2016 2588; baseline -0.002 -14"><span class='ocrx_word' id='word_1_168' title='bbox 355 2517 513 2574; x_wconf 84' lang='lat' dir='ltr'><strong>Petri</strong></span> <span class='ocrx_word' id='word_1_169' title='bbox 535 2517 768 2588; x_wconf 72' lang='lat' dir='ltr'><strong>apostoli</strong></span> <span class='ocrx_word' id='word_1_170' title='bbox 786 2517 954 2588; x_wconf 73' lang='lat' dir='ltr'><strong>juxta</strong></span> <span class='ocrx_word' id='word_1_171' title='bbox 981 2523 1231 2572; x_wconf 82' lang='lat' dir='ltr'><strong>sanctum</strong></span> <span class='ocrx_word' id='word_1_172' title='bbox 1258 2517 1492 2571; x_wconf 90' lang='lat' dir='ltr'><strong>Leonem</strong></span> <span class='ocrx_word' id='word_1_173' title='bbox 1515 2531 1719 2586; x_wconf 85' lang='lat' dir='ltr'><strong>papam</strong></span> <span class='ocrx_word' id='word_1_174' title='bbox 1747 2519 1799 2570; x_wconf 90' lang='lat' dir='ltr'><strong>et</strong></span> <span class='ocrx_word' id='word_1_175' title='bbox 1833 2515 2016 2588; x_wconf 81' lang='lat' dir='ltr'><strong>Ephe-</strong></span> 
     </span>
    </p>
   </div>
   <div class='ocr_carea' id='block_1_28' title="bbox 357 2602 2017 2676">
    <p class='ocr_par' dir='ltr' id='par_1_28' title="bbox 357 2602 2017 2676">
     <span class='ocr_line' id='line_1_28' title="bbox 357 2602 2017 2676; baseline -0.004 -16"><span class='ocrx_word' id='word_1_176' title='bbox 357 2607 470 2662; x_wconf 88' lang='lat' dir='ltr'><strong>sini</strong></span> <span class='ocrx_word' id='word_1_177' title='bbox 496 2607 718 2662; x_wconf 87' lang='lat' dir='ltr'><strong>concilii</strong></span> <span class='ocrx_word' id='word_1_178' title='bbox 745 2609 1038 2661; x_wconf 84' lang='lat' dir='ltr'><strong>auctorem.</strong></span> <span class='ocrx_word' id='word_1_179' title='bbox 1072 2604 1328 2660; x_wconf 88' lang='lat' dir='ltr'><strong>Manlius</strong></span> <span class='ocrx_word' id='word_1_180' title='bbox 1357 2609 1416 2659; x_wconf 91' lang='lat' dir='ltr'><strong>et</strong></span> <span class='ocrx_word' id='word_1_181' title='bbox 1444 2602 1543 2658; x_wconf 89' lang='lat' dir='ltr'><strong>alii</strong></span> <span class='ocrx_word' id='word_1_182' title='bbox 1594 2604 1697 2676; x_wconf 88' lang='lat' dir='ltr'><strong>qui</strong></span> <span class='ocrx_word' id='word_1_183' title='bbox 1746 2603 1818 2660; x_wconf 90' lang='lat' dir='ltr'><strong>de</strong></span> <span class='ocrx_word' id='word_1_184' title='bbox 1863 2603 2017 2658; x_wconf 84' lang='lat' dir='ltr'><strong>Vati-</strong></span> 
     </span>
    </p>
   </div>
   <div class='ocr_carea' id='block_1_29' title="bbox 359 2691 2014 2765">
    <p class='ocr_par' dir='ltr' id='par_1_29' title="bbox 359 2691 2014 2765">
     <span class='ocr_line' id='line_1_29' title="bbox 359 2691 2014 2765; baseline -0.002 -15"><span class='ocrx_word' id='word_1_185' title='bbox 359 2711 506 2750; x_wconf 85' lang='lat' dir='ltr'><strong>cana</strong></span> <span class='ocrx_word' id='word_1_186' title='bbox 533 2693 775 2759; x_wconf 82' lang='lat' dir='ltr'><strong>basilica</strong></span> <span class='ocrx_word' id='word_1_187' title='bbox 803 2693 1112 2765; x_wconf 87' lang='lat' dir='ltr'><strong>scripsere,</strong></span> <span class='ocrx_word' id='word_1_188' title='bbox 1147 2695 1479 2747; x_wconf 86' lang='lat' dir='ltr'><strong>memorant</strong></span> <span class='ocrx_word' id='word_1_189' title='bbox 1508 2691 1726 2746; x_wconf 89' lang='lat' dir='ltr'><strong>Urbani</strong></span> <span class='ocrx_word' id='word_1_190' title='bbox 1771 2693 2014 2764; x_wconf 87' lang='lat' dir='ltr'><strong>sepultu-</strong></span> 
     </span>
    </p>
   </div>
   <div class='ocr_carea' id='block_1_30' title="bbox 358 2780 2014 2853">
    <p class='ocr_par' dir='ltr' id='par_1_30' title="bbox 358 2780 2014 2853">
     <span class='ocr_line' id='line_1_30' title="bbox 358 2780 2014 2853; baseline -0.002 -15"><span class='ocrx_word' id='word_1_191' title='bbox 358 2799 482 2838; x_wconf 88' lang='lat' dir='ltr'><strong>ram</strong></span> <span class='ocrx_word' id='word_1_192' title='bbox 507 2783 640 2838; x_wconf 89' lang='lat' dir='ltr'><strong>satis</strong></span> <span class='ocrx_word' id='word_1_193' title='bbox 668 2781 895 2853; x_wconf 84' lang='lat' dir='ltr'><strong>pulchro</strong></span> <span class='ocrx_word' id='word_1_194' title='bbox 937 2780 1208 2835; x_wconf 85' lang='lat' dir='ltr'><strong>schemate</strong></span> <span class='ocrx_word' id='word_1_195' title='bbox 1253 2782 1619 2835; x_wconf 78' lang='lat' dir='ltr'><strong>constructam</strong></span> <span class='ocrx_word' id='word_1_196' title='bbox 1660 2782 1853 2849; x_wconf 78' lang='lat' dir='ltr'><strong>fuisse,</strong></span> <span class='ocrx_word' id='word_1_197' title='bbox 1886 2797 2014 2851; x_wconf 83' lang='lat' dir='ltr'><strong>qua</strong></span> 
     </span>
    </p>
   </div>
   <div class='ocr_carea' id='block_1_31' title="bbox 359 2866 2015 2941">
    <p class='ocr_par' dir='ltr' id='par_1_31' title="bbox 359 2866 2015 2941">
     <span class='ocr_line' id='line_1_31' title="bbox 359 2866 2015 2941; baseline -0.001 -16"><span class='ocrx_word' id='word_1_198' title='bbox 359 2869 649 2941; x_wconf 88' lang='lat' dir='ltr'><strong>hodieque</strong></span> <span class='ocrx_word' id='word_1_199' title='bbox 681 2885 858 2941; x_wconf 88' lang='lat' dir='ltr'><strong>prope</strong></span> <span class='ocrx_word' id='word_1_200' title='bbox 887 2868 1208 2928; x_wconf 78' lang='lat' dir='ltr'><strong>oratorium</strong></span> <span class='ocrx_word' id='word_1_201' title='bbox 1235 2867 1476 2925; x_wconf 84' lang='lat' dir='ltr'><strong>Adriani</strong></span> <span class='ocrx_word' id='word_1_202' title='bbox 1508 2867 1682 2939; x_wconf 90' lang='lat' dir='ltr'><strong>primi</strong></span> <span class='ocrx_word' id='word_1_203' title='bbox 1711 2866 1939 2935; x_wconf 89' lang='lat' dir='ltr'><strong>visitur,</strong></span> <span class='ocrx_word' id='word_1_204' title='bbox 1981 2886 2015 2924; x_wconf 90' lang='lat' dir='ltr'><strong>a</strong></span> 
     </span>
    </p>
   </div>
   <div class='ocr_carea' id='block_1_32' title="bbox 362 2955 2016 3028">
    <p class='ocr_par' dir='ltr' id='par_1_32' title="bbox 362 2955 2016 3028">
     <span class='ocr_line' id='line_1_32' title="bbox 362 2955 2016 3028; baseline -0.001 -15"><span class='ocrx_word' id='word_1_205' title='bbox 362 2957 636 3014; x_wconf 83' lang='lat' dir='ltr'><strong>fidelibus</strong></span> <span class='ocrx_word' id='word_1_206' title='bbox 667 2957 1038 3028; x_wconf 82' lang='lat' dir='ltr'><strong>frequentata</strong></span> <span class='ocrx_word' id='word_1_207' title='bbox 1063 2955 1137 3010; x_wconf 94' lang='lat' dir='ltr'><strong>ob</strong></span> <span class='ocrx_word' id='word_1_208' title='bbox 1169 2955 1629 3021; x_wconf 85' lang='lat' dir='ltr'><strong>memoriam,uti</strong></span> <span class='ocrx_word' id='word_1_209' title='bbox 1651 2955 1827 3010; x_wconf 86' lang='lat' dir='ltr'><strong>refert</strong></span> <span class='ocrx_word' id='word_1_210' title='bbox 1846 2956 2016 3012; x_wconf 88' lang='lat' dir='ltr'><strong>Baro-</strong></span> 
     </span>
    </p>
   </div>
   <div class='ocr_carea' id='block_1_33' title="bbox 362 3043 2012 3118">
    <p class='ocr_par' dir='ltr' id='par_1_33' title="bbox 362 3043 2012 3118">
     <span class='ocr_line' id='line_1_33' title="bbox 362 3043 2012 3118; baseline -0.001 -16"><span class='ocrx_word' id='word_1_211' title='bbox 362 3047 518 3113; x_wconf 89' lang='lat' dir='ltr'><strong>nius,</strong></span> <span class='ocrx_word' id='word_1_212' title='bbox 554 3045 701 3100; x_wconf 87' lang='lat' dir='ltr'><strong>tanti</strong></span> <span class='ocrx_word' id='word_1_213' title='bbox 725 3043 1043 3118; x_wconf 81' lang='lat' dir='ltr'><strong>pontiﬁcis,</strong></span> <span class='ocrx_word' id='word_1_214' title='bbox 1077 3044 1219 3100; x_wconf 89' lang='lat' dir='ltr'><strong>adeo</strong></span> <span class='ocrx_word' id='word_1_215' title='bbox 1249 3044 1320 3100; x_wconf 89' lang='lat' dir='ltr'><strong>de</strong></span> <span class='ocrx_word' id='word_1_216' title='bbox 1353 3043 1624 3100; x_wconf 80' lang='lat' dir='ltr'><strong>universa</strong></span> <span class='ocrx_word' id='word_1_217' title='bbox 1660 3050 1862 3100; x_wconf 87' lang='lat' dir='ltr'><strong>sancta</strong></span> <span class='ocrx_word' id='word_1_218' title='bbox 1907 3046 2012 3101; x_wconf 87' lang='lat' dir='ltr'><strong>Ec-</strong></span> 
     </span>
    </p>
   </div>
   <div class='ocr_carea' id='block_1_34' title="bbox 361 3131 2012 3205">
    <p class='ocr_par' dir='ltr' id='par_1_34' title="bbox 361 3131 2012 3205">
     <span class='ocr_line' id='line_1_34' title="bbox 361 3131 2012 3205; baseline -0.001 -14"><span class='ocrx_word' id='word_1_219' title='bbox 361 3134 538 3192; x_wconf 89' lang='lat' dir='ltr'><strong>clesia</strong></span> <span class='ocrx_word' id='word_1_220' title='bbox 563 3135 714 3190; x_wconf 86' lang='lat' dir='ltr'><strong>bene</strong></span> <span class='ocrx_word' id='word_1_221' title='bbox 744 3132 958 3189; x_wconf 89' lang='lat' dir='ltr'><strong>meriti.</strong></span> <span class='ocrx_word' id='word_1_222' title='bbox 987 3132 1312 3205; x_wconf 85' lang='lat' dir='ltr'><strong>Exsequias</strong></span> <span class='ocrx_word' id='word_1_223' title='bbox 1359 3133 1488 3204; x_wconf 87' lang='lat' dir='ltr'><strong>ejus</strong></span> <span class='ocrx_word' id='word_1_224' title='bbox 1537 3131 1792 3189; x_wconf 88' lang='lat' dir='ltr'><strong>celebres</strong></span> <span class='ocrx_word' id='word_1_225' title='bbox 1834 3132 2012 3189; x_wconf 78' lang='lat' dir='ltr'><strong>fuisse</strong></span> 
     </span>
    </p>
   </div>
   <div class='ocr_carea' id='block_1_35' title="bbox 2051 1850 2098 1914">
    <p class='ocr_par' dir='ltr' id='par_1_35' title="bbox 2051 1850 2098 1914">
     <span class='ocr_line' id='line_1_35' title="bbox 2051 1850 2098 1914; baseline 0 0"><span class='ocrx_word' id='word_1_226' title='bbox 2051 1850 2098 1914; x_wconf 91' lang='lat' dir='ltr'><strong>B</strong></span> 
     </span>
    </p>
   </div>
   <div class='ocr_carea' id='block_1_36' title="bbox 2131 565 3765 639">
    <p class='ocr_par' dir='ltr' id='par_1_36' title="bbox 2131 565 3765 639">
     <span class='ocr_line' id='line_1_36' title="bbox 2131 565 3765 639; baseline 0 -17"><span class='ocrx_word' id='word_1_227' title='bbox 2131 568 2280 624; x_wconf 64' lang='lat' dir='ltr'><strong>dini:</strong></span> <span class='ocrx_word' id='word_1_228' title='bbox 2308 582 2426 624; x_wconf 68' lang='lat' dir='ltr'><strong>suae</strong></span> <span class='ocrx_word' id='word_1_229' title='bbox 2443 583 2544 639; x_wconf 84' lang='lat' dir='ltr'><strong>per</strong></span> <span class='ocrx_word' id='word_1_230' title='bbox 2571 566 2754 622; x_wconf 88' lang='lat' dir='ltr'><strong>orbem</strong></span> <span class='ocrx_word' id='word_1_231' title='bbox 2783 565 2890 620; x_wconf 84' lang='lat' dir='ltr'><strong>late</strong></span> <span class='ocrx_word' id='word_1_232' title='bbox 2923 565 3208 635; x_wconf 82' lang='lat' dir='ltr'><strong>divulgata</strong></span> <span class='ocrx_word' id='word_1_233' title='bbox 3249 573 3396 633; x_wconf 85' lang='lat' dir='ltr'><strong>sunt,</strong></span> <span class='ocrx_word' id='word_1_234' title='bbox 3426 566 3765 622; x_wconf 83' lang='lat' dir='ltr'><strong>inimicorum</strong></span> 
     </span>
    </p>
   </div>
   <div class='ocr_carea' id='block_1_37' title="bbox 2129 653 3760 726">
    <p class='ocr_par' dir='ltr' id='par_1_37' title="bbox 2129 653 3760 726">
     <span class='ocr_line' id='line_1_37' title="bbox 2129 653 3760 726; baseline -0.001 -15"><span class='ocrx_word' id='word_1_235' title='bbox 2129 659 2296 712; x_wconf 87' lang='lat' dir='ltr'><strong>etiam</strong></span> <span class='ocrx_word' id='word_1_236' title='bbox 2325 657 2566 711; x_wconf 78' lang='lat' dir='ltr'><strong>lamenta</strong></span> <span class='ocrx_word' id='word_1_237' title='bbox 2593 671 2654 710; x_wconf 91' lang='lat' dir='ltr'><strong>eo</strong></span> <span class='ocrx_word' id='word_1_238' title='bbox 2682 655 2936 726; x_wconf 83' lang='lat' dir='ltr'><strong>defuncto</strong></span> <span class='ocrx_word' id='word_1_239' title='bbox 2965 657 3262 710; x_wconf 83' lang='lat' dir='ltr'><strong>contestata</strong></span> <span class='ocrx_word' id='word_1_240' title='bbox 3305 661 3452 709; x_wconf 89' lang='lat' dir='ltr'><strong>sunt.</strong></span> <span class='ocrx_word' id='word_1_241' title='bbox 3485 654 3555 708; x_wconf 88' lang='lat' dir='ltr'><strong>Et</strong></span> <span class='ocrx_word' id='word_1_242' title='bbox 3600 653 3760 725; x_wconf 89' lang='lat' dir='ltr'><strong>paulo</strong></span> 
     </span>
    </p>
   </div>
   <div class='ocr_carea' id='block_1_38' title="bbox 2129 742 3763 814">
    <p class='ocr_par' dir='ltr' id='par_1_38' title="bbox 2129 742 3763 814">
     <span class='ocr_line' id='line_1_38' title="bbox 2129 742 3763 814; baseline 0 -15"><span class='ocrx_word' id='word_1_243' title='bbox 2129 745 2376 800; x_wconf 77' lang='lat' dir='ltr'><strong>inferius</strong></span> <span class='ocrx_word' id='word_1_244' title='bbox 2401 743 2546 800; x_wconf 89' lang='lat' dir='ltr'><strong>dicit</strong></span> <span class='ocrx_word' id='word_1_245' title='bbox 2578 761 2590 799; x_wconf 93' lang='lat'><strong>:</strong></span> <span class='ocrx_word' id='word_1_246' title='bbox 2628 743 2840 800; x_wconf 89' lang='lat' dir='ltr'><strong>Urbano</strong></span> <span class='ocrx_word' id='word_1_247' title='bbox 2865 760 3014 814; x_wconf 89' lang='lat' dir='ltr'><strong>papa</strong></span> <span class='ocrx_word' id='word_1_248' title='bbox 3037 744 3095 798; x_wconf 85' lang='lat' dir='ltr'><strong>in</strong></span> <span class='ocrx_word' id='word_1_249' title='bbox 3126 742 3282 798; x_wconf 86' lang='lat' dir='ltr'><strong>domo</strong></span> <span class='ocrx_word' id='word_1_250' title='bbox 3311 743 3532 798; x_wconf 83' lang='lat' dir='ltr'><strong>Domini</strong></span> <span class='ocrx_word' id='word_1_251' title='bbox 3549 743 3763 809; x_wconf 87' lang='lat' dir='ltr'><strong>lucente,</strong></span> 
     </span>
    </p>
   </div>
   <div class='ocr_carea' id='block_1_39' title="bbox 2129 831 3767 903">
    <p class='ocr_par' dir='ltr' id='par_1_39' title="bbox 2129 831 3767 903">
     <span class='ocr_line' id='line_1_39' title="bbox 2129 831 3767 903; baseline -0.002 -14"><span class='ocrx_word' id='word_1_252' title='bbox 2129 836 2191 889; x_wconf 87' lang='lat' dir='ltr'><strong>in</strong></span> <span class='ocrx_word' id='word_1_253' title='bbox 2225 833 2473 888; x_wconf 84' lang='lat' dir='ltr'><strong>tenebras</strong></span> <span class='ocrx_word' id='word_1_254' title='bbox 2499 832 2566 888; x_wconf 88' lang='lat' dir='ltr'><strong>de</strong></span> <span class='ocrx_word' id='word_1_255' title='bbox 2591 831 2843 888; x_wconf 80' lang='lat' dir='ltr'><strong>cordibus</strong></span> <span class='ocrx_word' id='word_1_256' title='bbox 2870 831 3190 888; x_wconf 83' lang='lat' dir='ltr'><strong>mortalium</strong></span> <span class='ocrx_word' id='word_1_257' title='bbox 3222 831 3697 903; x_wconf 75' lang='lat' dir='ltr'><strong>pradication&#39;ibus</strong></span> <span class='ocrx_word' id='word_1_258' title='bbox 3719 835 3767 888; x_wconf 87' lang='lat' dir='ltr'><strong>et</strong></span> 
     </span>
    </p>
   </div>
   <div class='ocr_carea' id='block_1_40' title="bbox 2127 919 3764 993">
    <p class='ocr_par' dir='ltr' id='par_1_40' title="bbox 2127 919 3764 993">
     <span class='ocr_line' id='line_1_40' title="bbox 2127 919 3764 993; baseline 0 -16"><span class='ocrx_word' id='word_1_259' title='bbox 2127 923 2391 993; x_wconf 71' lang='lat' dir='ltr'><strong>exemplis</strong></span> <span class='ocrx_word' id='word_1_260' title='bbox 2419 921 2688 991; x_wconf 83' lang='lat' dir='ltr'><strong>dignitate</strong></span> <span class='ocrx_word' id='word_1_261' title='bbox 2715 922 3013 993; x_wconf 70' lang='lat' dir='ltr'><strong>e/fugante,</strong></span> <span class='ocrx_word' id='word_1_262' title='bbox 3045 919 3310 976; x_wconf 89' lang='lat' dir='ltr'><strong>Guiberti</strong></span> <span class='ocrx_word' id='word_1_263' title='bbox 3322 923 3570 976; x_wconf 87' lang='lat' dir='ltr'><strong>conatus</strong></span> <span class='ocrx_word' id='word_1_264' title='bbox 3599 919 3764 977; x_wconf 84' lang='lat' dir='ltr'><strong>fuisse</strong></span> 
     </span>
    </p>
   </div>
   <div class='ocr_carea' id='block_1_41' title="bbox 2129 1007 3766 1082">
    <p class='ocr_par' dir='ltr' id='par_1_41' title="bbox 2129 1007 3766 1082">
     <span class='ocr_line' id='line_1_41' title="bbox 2129 1007 3766 1082; baseline -0.002 -15"><span class='ocrx_word' id='word_1_265' title='bbox 2129 1011 2344 1067; x_wconf 90' lang='lat' dir='ltr'><strong>irritos.</strong></span> <span class='ocrx_word' id='word_1_266' title='bbox 2381 1010 2581 1082; x_wconf 91' lang='lat' dir='ltr'><strong>Ipsum</strong></span> <span class='ocrx_word' id='word_1_267' title='bbox 2621 1009 2874 1081; x_wconf 90' lang='lat' dir='ltr'><strong>denique</strong></span> <span class='ocrx_word' id='word_1_268' title='bbox 2921 1018 3104 1065; x_wconf 88' lang='lat' dir='ltr'><strong>sancte</strong></span> <span class='ocrx_word' id='word_1_269' title='bbox 3151 1007 3548 1080; x_wconf 83' lang='lat' dir='ltr'><strong>tripudiantem</strong></span> <span class='ocrx_word' id='word_1_270' title='bbox 3585 1009 3766 1064; x_wconf 85' lang='lat' dir='ltr'><strong>abiisse</strong></span> 
     </span>
    </p>
   </div>
   <div class='ocr_carea' id='block_1_42' title="bbox 2130 1095 3762 1170">
    <p class='ocr_par' dir='ltr' id='par_1_42' title="bbox 2130 1095 3762 1170">
     <span class='ocr_line' id='line_1_42' title="bbox 2130 1095 3762 1170; baseline -0.001 -16"><span class='ocrx_word' id='word_1_271' title='bbox 2130 1103 2447 1165; x_wconf 84' lang='lat' dir='ltr'><strong>asseverat,</strong></span> <span class='ocrx_word' id='word_1_272' title='bbox 2507 1102 2669 1154; x_wconf 87' lang='lat' dir='ltr'><strong>tanta</strong></span> <span class='ocrx_word' id='word_1_273' title='bbox 2714 1101 2838 1154; x_wconf 90' lang='lat' dir='ltr'><strong>erat</strong></span> <span class='ocrx_word' id='word_1_274' title='bbox 2885 1099 3015 1170; x_wconf 87' lang='lat' dir='ltr'><strong>ejus</strong></span> <span class='ocrx_word' id='word_1_275' title='bbox 3063 1097 3122 1152; x_wconf 91' lang='lat' dir='ltr'><strong>in</strong></span> <span class='ocrx_word' id='word_1_276' title='bbox 3169 1096 3271 1154; x_wconf 89' lang='lat' dir='ltr'><strong>Dei</strong></span> <span class='ocrx_word' id='word_1_277' title='bbox 3319 1095 3762 1153; x_wconf 84' lang='lat' dir='ltr'><strong>misericordiam</strong></span> 
     </span>
    </p>
   </div>
   <div class='ocr_carea' id='block_1_43' title="bbox 2129 1185 3758 1258">
    <p class='ocr_par' dir='ltr' id='par_1_43' title="bbox 2129 1185 3758 1258">
     <span class='ocr_line' id='line_1_43' title="bbox 2129 1185 3758 1258; baseline 0.001 -18"><span class='ocrx_word' id='word_1_278' title='bbox 2129 1185 2373 1242; x_wconf 81' lang='lat' dir='ltr'><strong>ﬁducia!</strong></span> <span class='ocrx_word' id='word_1_279' title='bbox 2411 1187 2693 1242; x_wconf 87' lang='lat' dir='ltr'><strong>Eumdem</strong></span> <span class='ocrx_word' id='word_1_280' title='bbox 2726 1185 2898 1241; x_wconf 92' lang='lat' dir='ltr'><strong>morti</strong></span> <span class='ocrx_word' id='word_1_281' title='bbox 2925 1185 3256 1258; x_wconf 81' lang='lat' dir='ltr'><strong>proximum</strong></span> <span class='ocrx_word' id='word_1_282' title='bbox 3279 1187 3548 1240; x_wconf 85' lang='lat' dir='ltr'><strong>instinctu</strong></span> <span class='ocrx_word' id='word_1_283' title='bbox 3565 1185 3758 1252; x_wconf 82' lang='lat' dir='ltr'><strong>divine,</strong></span> 
     </span>
    </p>
   </div>
   <div class='ocr_carea' id='block_1_44' title="bbox 2130 1273 3762 1331">
    <p class='ocr_par' dir='ltr' id='par_1_44' title="bbox 2130 1273 3762 1331">
     <span class='ocr_line' id='line_1_44' title="bbox 2130 1273 3762 1331; baseline -0.001 -1"><span class='ocrx_word' id='word_1_284' title='bbox 2130 1273 2484 1331; x_wconf 86' lang='lat' dir='ltr'><strong>cardinalem</strong></span> <span class='ocrx_word' id='word_1_285' title='bbox 2553 1275 2889 1331; x_wconf 83' lang='lat' dir='ltr'><strong>Reimerum</strong></span> <span class='ocrx_word' id='word_1_286' title='bbox 2942 1274 3215 1330; x_wconf 88' lang='lat' dir='ltr'><strong>abbatem</strong></span> <span class='ocrx_word' id='word_1_287' title='bbox 3281 1274 3611 1330; x_wconf 81' lang='lat' dir='ltr'><strong>Romanum</strong></span> <span class='ocrx_word' id='word_1_288' title='bbox 3663 1273 3762 1330; x_wconf 88' lang='lat' dir='ltr'><strong>sibi</strong></span> 
     </span>
    </p>
   </div>
   <div class='ocr_carea' id='block_1_45' title="bbox 2131 1361 3761 1436">
    <p class='ocr_par' dir='ltr' id='par_1_45' title="bbox 2131 1361 3761 1436">
     <span class='ocr_line' id='line_1_45' title="bbox 2131 1361 3761 1436; baseline -0.001 -17"><span class='ocrx_word' id='word_1_289' title='bbox 2131 1380 2529 1420; x_wconf 87' lang='lat' dir='ltr'><strong>successorem</strong></span> <span class='ocrx_word' id='word_1_290' title='bbox 2569 1362 2911 1436; x_wconf 83' lang='lat' dir='ltr'><strong>designasse</strong></span> <span class='ocrx_word' id='word_1_291' title='bbox 2942 1364 3118 1418; x_wconf 87' lang='lat' dir='ltr'><strong>refert</strong></span> <span class='ocrx_word' id='word_1_292' title='bbox 3143 1361 3418 1418; x_wconf 85' lang='lat' dir='ltr'><strong>Albertus</strong></span> <span class='ocrx_word' id='word_1_293' title='bbox 3457 1361 3761 1428; x_wconf 89' lang='lat' dir='ltr'><strong>Stadensis,</strong></span> 
     </span>
    </p>
   </div>
   <div class='ocr_carea' id='block_1_46' title="bbox 2131 1450 3764 1526">
    <p class='ocr_par' dir='ltr' id='par_1_46' title="bbox 2131 1450 3764 1526">
     <span class='ocr_line' id='line_1_46' title="bbox 2131 1450 3764 1526; baseline 0 -20"><span class='ocrx_word' id='word_1_294' title='bbox 2131 1454 2286 1526; x_wconf 91' lang='lat' dir='ltr'><strong>quod</strong></span> <span class='ocrx_word' id='word_1_295' title='bbox 2321 1453 2419 1509; x_wconf 90' lang='lat' dir='ltr'><strong>alii</strong></span> <span class='ocrx_word' id='word_1_296' title='bbox 2452 1453 2627 1508; x_wconf 89' lang='lat' dir='ltr'><strong>etiam</strong></span> <span class='ocrx_word' id='word_1_297' title='bbox 2659 1453 2971 1524; x_wconf 88' lang='lat' dir='ltr'><strong>scriptores</strong></span> <span class='ocrx_word' id='word_1_298' title='bbox 2999 1453 3514 1509; x_wconf 81' lang='lat' dir='ltr'><strong>observarunt.&#39;At</strong></span> <span class='ocrx_word' id='word_1_299' title='bbox 3543 1450 3764 1507; x_wconf 75' lang='lat' dir='ltr'><strong>Pulche-</strong></span> 
     </span>
    </p>
   </div>
   <div class='ocr_carea' id='block_1_47' title="bbox 2131 1537 3768 1614">
    <p class='ocr_par' dir='ltr' id='par_1_47' title="bbox 2131 1537 3768 1614">
     <span class='ocr_line' id='line_1_47' title="bbox 2131 1537 3768 1614; baseline -0.002 -18"><span class='ocrx_word' id='word_1_300' title='bbox 2131 1542 2255 1598; x_wconf 91' lang='lat' dir='ltr'><strong>rius</strong></span> <span class='ocrx_word' id='word_1_301' title='bbox 2315 1541 2688 1598; x_wconf 84' lang='lat' dir='ltr'><strong>Carnotensis</strong></span> <span class='ocrx_word' id='word_1_302' title='bbox 2757 1540 3024 1597; x_wconf 90' lang='lat' dir='ltr'><strong>Balduini</strong></span> <span class='ocrx_word' id='word_1_303' title='bbox 3091 1541 3246 1614; x_wconf 88' lang='lat' dir='ltr'><strong>regis</strong></span> <span class='ocrx_word' id='word_1_304' title='bbox 3309 1537 3768 1612; x_wconf 79' lang='lat' dir='ltr'><strong>Jerosolymitani</strong></span> 
     </span>
    </p>
   </div>
   <div class='ocr_carea' id='block_1_48' title="bbox 2129 1627 3762 1702">
    <p class='ocr_par' dir='ltr' id='par_1_48' title="bbox 2129 1627 3762 1702">
     <span class='ocr_line' id='line_1_48' title="bbox 2129 1627 3762 1702; baseline -0.001 -16"><span class='ocrx_word' id='word_1_305' title='bbox 2129 1630 2470 1702; x_wconf 90' lang='lat' dir='ltr'><strong>capellanus</strong></span> <span class='ocrx_word' id='word_1_306' title='bbox 2502 1632 2560 1686; x_wconf 89' lang='lat' dir='ltr'><strong>in</strong></span> <span class='ocrx_word' id='word_1_307' title='bbox 2594 1630 2740 1686; x_wconf 88' lang='lat' dir='ltr'><strong>libro</strong></span> <span class='ocrx_word' id='word_1_308' title='bbox 2770 1630 2851 1686; x_wconf 90' lang='lat' dir='ltr'><strong>De</strong></span> <span class='ocrx_word' id='word_1_309' title='bbox 2879 1631 3248 1702; x_wconf 83' lang='lat' dir='ltr'><strong>expeditione</strong></span> <span class='ocrx_word' id='word_1_310' title='bbox 3267 1627 3762 1700; x_wconf 79' lang='lat' dir='ltr'><strong>Jerosolymitana,</strong></span> 
     </span>
    </p>
   </div>
   <div class='ocr_carea' id='block_1_49' title="bbox 2129 1717 3763 1788">
    <p class='ocr_par' dir='ltr' id='par_1_49' title="bbox 2129 1717 3763 1788">
     <span class='ocr_line' id='line_1_49' title="bbox 2129 1717 3763 1788; baseline -0.001 -14"><span class='ocrx_word' id='word_1_311' title='bbox 2129 1719 2213 1774; x_wconf 89' lang='lat' dir='ltr'><strong>ait</strong></span> <span class='ocrx_word' id='word_1_312' title='bbox 2244 1719 2522 1775; x_wconf 85' lang='lat' dir='ltr'><strong>Urbanum</strong></span> <span class='ocrx_word' id='word_1_313' title='bbox 2549 1721 2732 1774; x_wconf 82' lang='lat' dir='ltr'><strong>virum</strong></span> <span class='ocrx_word' id='word_1_314' title='bbox 2762 1720 3046 1788; x_wconf 86' lang='lat' dir='ltr'><strong>egregium</strong></span> <span class='ocrx_word' id='word_1_315' title='bbox 3091 1719 3205 1773; x_wconf 85' lang='lat' dir='ltr'><strong>vita</strong></span> <span class='ocrx_word' id='word_1_316' title='bbox 3234 1723 3286 1774; x_wconf 90' lang='lat' dir='ltr'><strong>et</strong></span> <span class='ocrx_word' id='word_1_317' title='bbox 3309 1717 3556 1773; x_wconf 83' lang='lat' dir='ltr'><strong>moribus</strong></span> <span class='ocrx_word' id='word_1_318' title='bbox 3595 1718 3763 1788; x_wconf 79' lang='lat' dir='ltr'><strong>fuisse,</strong></span> 
     </span>
    </p>
   </div>
   <div class='ocr_carea' id='block_1_50' title="bbox 2128 1807 3768 1880">
    <p class='ocr_par' dir='ltr' id='par_1_50' title="bbox 2128 1807 3768 1880">
     <span class='ocr_line' id='line_1_50' title="bbox 2128 1807 3768 1880; baseline -0.002 -17"><span class='ocrx_word' id='word_1_319' title='bbox 2128 1809 2226 1878; x_wconf 86' lang='lat' dir='ltr'><strong>qui</strong></span> <span class='ocrx_word' id='word_1_320' title='bbox 2253 1824 2464 1880; x_wconf 86' lang='lat' dir='ltr'><strong>semper</strong></span> <span class='ocrx_word' id='word_1_321' title='bbox 2491 1809 2744 1864; x_wconf 70' lang='lat' dir='ltr'><strong>Ecclesia</strong></span> <span class='ocrx_word' id='word_1_322' title='bbox 2772 1812 2978 1864; x_wconf 69' lang='lat' dir='ltr'><strong>sanctae</strong></span> <span class='ocrx_word' id='word_1_323' title='bbox 3004 1811 3209 1862; x_wconf 86' lang='lat' dir='ltr'><strong>statum</strong></span> <span class='ocrx_word' id='word_1_324' title='bbox 3239 1807 3539 1862; x_wconf 86' lang='lat' dir='ltr'><strong>sublimius</strong></span> <span class='ocrx_word' id='word_1_325' title='bbox 3578 1819 3768 1878; x_wconf 84' lang='lat' dir='ltr'><strong>promo-</strong></span> 
     </span>
    </p>
   </div>
   <div class='ocr_carea' id='block_1_51' title="bbox 2128 1893 3767 1968">
    <p class='ocr_par' dir='ltr' id='par_1_51' title="bbox 2128 1893 3767 1968">
     <span class='ocr_line' id='line_1_51' title="bbox 2128 1893 3767 1968; baseline -0.002 -16"><span class='ocrx_word' id='word_1_326' title='bbox 2128 1897 2362 1952; x_wconf 85' lang='lat' dir='ltr'><strong>vendum</strong></span> <span class='ocrx_word' id='word_1_327' title='bbox 2409 1913 2574 1968; x_wconf 85' lang='lat' dir='ltr'><strong>super</strong></span> <span class='ocrx_word' id='word_1_328' title='bbox 2622 1897 2811 1952; x_wconf 82' lang='lat' dir='ltr'><strong>omnia</strong></span> <span class='ocrx_word' id='word_1_329' title='bbox 2859 1897 3100 1952; x_wconf 84' lang='lat' dir='ltr'><strong>consulte</strong></span> <span class='ocrx_word' id='word_1_330' title='bbox 3145 1912 3211 1950; x_wconf 87' lang='lat' dir='ltr'><strong>ac</strong></span> <span class='ocrx_word' id='word_1_331' title='bbox 3251 1899 3474 1952; x_wconf 82' lang='lat' dir='ltr'><strong>strenue</strong></span> <span class='ocrx_word' id='word_1_332' title='bbox 3513 1893 3767 1950; x_wconf 86' lang='lat' dir='ltr'><strong>moderari</strong></span> 
     </span>
    </p>
   </div>
   <div class='ocr_carea' id='block_1_52' title="bbox 2126 1981 3760 2056">
    <p class='ocr_par' dir='ltr' id='par_1_52' title="bbox 2126 1981 3760 2056">
     <span class='ocr_line' id='line_1_52' title="bbox 2126 1981 3760 2056; baseline -0.002 -15"><span class='ocrx_word' id='word_1_333' title='bbox 2126 1987 2340 2055; x_wconf 88' lang='lat' dir='ltr'><strong>sategit.</strong></span> <span class='ocrx_word' id='word_1_334' title='bbox 2375 1985 2583 2040; x_wconf 89' lang='lat' dir='ltr'><strong>Postea</strong></span> <span class='ocrx_word' id='word_1_335' title='bbox 2613 2001 2748 2040; x_wconf 87' lang='lat' dir='ltr'><strong>eum</strong></span> <span class='ocrx_word' id='word_1_336' title='bbox 2781 2001 2914 2039; x_wconf 90' lang='lat' dir='ltr'><strong>cum</strong></span> <span class='ocrx_word' id='word_1_337' title='bbox 2943 1983 3220 2040; x_wconf 91' lang='lat' dir='ltr'><strong>Guiberto</strong></span> <span class='ocrx_word' id='word_1_338' title='bbox 3250 1999 3620 2056; x_wconf 90' lang='lat' dir='ltr'><strong>comparans,</strong></span> <span class='ocrx_word' id='word_1_339' title='bbox 3649 1981 3724 2038; x_wconf 86' lang='lat' dir='ltr'><strong>ait</strong></span> <span class='ocrx_word' id='word_1_340' title='bbox 3749 1999 3760 2038; x_wconf 91' lang='lat'><strong>:</strong></span> 
     </span>
    </p>
   </div>
   <div class='ocr_carea' id='block_1_53' title="bbox 2131 2071 3762 2144">
    <p class='ocr_par' dir='ltr' id='par_1_53' title="bbox 2131 2071 3762 2144">
     <span class='ocr_line' id='line_1_53' title="bbox 2131 2071 3762 2144; baseline 0 -18"><span class='ocrx_word' id='word_1_341' title='bbox 2131 2075 2469 2130; x_wconf 79' lang='lat' dir='ltr'><strong>«Urbanum</strong></span> <span class='ocrx_word' id='word_1_342' title='bbox 2500 2073 2689 2129; x_wconf 89' lang='lat' dir='ltr'><strong>virum</strong></span> <span class='ocrx_word' id='word_1_343' title='bbox 2713 2074 3056 2144; x_wconf 89' lang='lat' dir='ltr'><strong>prudentem</strong></span> <span class='ocrx_word' id='word_1_344' title='bbox 3079 2076 3138 2128; x_wconf 90' lang='lat' dir='ltr'><strong>et</strong></span> <span class='ocrx_word' id='word_1_345' title='bbox 3156 2071 3557 2127; x_wconf 88' lang='lat' dir='ltr'><strong>venerandum</strong></span> <span class='ocrx_word' id='word_1_346' title='bbox 3578 2087 3762 2144; x_wconf 86' lang='lat' dir='ltr'><strong>pacem</strong></span> 
     </span>
    </p>
   </div>
   <div class='ocr_carea' id='block_1_54' title="bbox 2130 2157 3763 2232">
    <p class='ocr_par' dir='ltr' id='par_1_54' title="bbox 2130 2157 3763 2232">
     <span class='ocr_line' id='line_1_54' title="bbox 2130 2157 3763 2232; baseline -0.003 -14"><span class='ocrx_word' id='word_1_347' title='bbox 2130 2179 2435 2218; x_wconf 89' lang='lat' dir='ltr'><strong>renovasse</strong></span> <span class='ocrx_word' id='word_1_348' title='bbox 2447 2161 2831 2232; x_wconf 83' lang='lat' dir='ltr'><strong>Ecclesiaque</strong></span> <span class='ocrx_word' id='word_1_349' title='bbox 2861 2162 2992 2232; x_wconf 83' lang='lat' dir='ltr'><strong>jura</strong></span> <span class='ocrx_word' id='word_1_350' title='bbox 3017 2159 3298 2216; x_wconf 87' lang='lat' dir='ltr'><strong>modosin</strong></span> <span class='ocrx_word' id='word_1_351' title='bbox 3313 2158 3594 2230; x_wconf 87' lang='lat' dir='ltr'><strong>pristinos</strong></span> <span class='ocrx_word' id='word_1_352' title='bbox 3618 2157 3763 2214; x_wconf 87' lang='lat' dir='ltr'><strong>resti-</strong></span> 
     </span>
    </p>
   </div>
   <div class='ocr_carea' id='block_1_55' title="bbox 2129 2245 3762 2324">
    <p class='ocr_par' dir='ltr' id='par_1_55' title="bbox 2129 2245 3762 2324">
     <span class='ocr_line' id='line_1_55' title="bbox 2129 2245 3762 2324; baseline -0.004 -18"><span class='ocrx_word' id='word_1_353' title='bbox 2129 2251 2394 2317; x_wconf 87' lang='lat' dir='ltr'><strong>tuisse,et</strong></span> <span class='ocrx_word' id='word_1_354' title='bbox 2422 2267 2526 2324; x_wconf 90' lang='lat' dir='ltr'><strong>per</strong></span> <span class='ocrx_word' id='word_1_355' title='bbox 2555 2249 2820 2322; x_wconf 88' lang='lat' dir='ltr'><strong>regiones</strong></span> <span class='ocrx_word' id='word_1_356' title='bbox 2851 2249 3238 2316; x_wconf 89' lang='lat' dir='ltr'><strong>incedentem,</strong></span> <span class='ocrx_word' id='word_1_357' title='bbox 3270 2247 3524 2320; x_wconf 89' lang='lat' dir='ltr'><strong>populos</strong></span> <span class='ocrx_word' id='word_1_358' title='bbox 3569 2247 3626 2304; x_wconf 91' lang='lat' dir='ltr'><strong>in</strong></span> <span class='ocrx_word' id='word_1_359' title='bbox 3674 2245 3762 2303; x_wconf 88' lang='lat' dir='ltr'><strong>ali-</strong></span> 
     </span>
    </p>
   </div>
   <div class='ocr_carea' id='block_1_56' title="bbox 2128 2335 3761 2413">
    <p class='ocr_par' dir='ltr' id='par_1_56' title="bbox 2128 2335 3761 2413">
     <span class='ocr_line' id='line_1_56' title="bbox 2128 2335 3761 2413; baseline -0.003 -18"><span class='ocrx_word' id='word_1_360' title='bbox 2128 2341 2365 2413; x_wconf 89' lang='lat' dir='ltr'><strong>quantis</strong></span> <span class='ocrx_word' id='word_1_361' title='bbox 2393 2339 2594 2394; x_wconf 85' lang='lat' dir='ltr'><strong>devios</strong></span> <span class='ocrx_word' id='word_1_362' title='bbox 2623 2338 2738 2394; x_wconf 92' lang='lat' dir='ltr'><strong>Deo</strong></span> <span class='ocrx_word' id='word_1_363' title='bbox 2764 2337 3135 2406; x_wconf 89' lang='lat' dir='ltr'><strong>conciliasse;</strong></span> <span class='ocrx_word' id='word_1_364' title='bbox 3172 2339 3253 2392; x_wconf 75' lang='lat' dir='ltr'><strong>net</strong></span> <span class='ocrx_word' id='word_1_365' title='bbox 3281 2335 3761 2408; x_wconf 83' lang='lat' dir='ltr'><strong>quoniam,inquit,</strong></span> 
     </span>
    </p>
   </div>
   <div class='ocr_carea' id='block_1_57' title="bbox 2123 2425 3764 2498">
    <p class='ocr_par' dir='ltr' id='par_1_57' title="bbox 2123 2425 3764 2498">
     <span class='ocr_line' id='line_1_57' title="bbox 2123 2425 3764 2498; baseline -0.003 -15"><span class='ocrx_word' id='word_1_366' title='bbox 2123 2433 2319 2484; x_wconf 88' lang='lat' dir='ltr'><strong>cuncta</strong></span> <span class='ocrx_word' id='word_1_367' title='bbox 2349 2443 2477 2498; x_wconf 67' lang='lat' dir='ltr'><strong>quae</strong></span> <span class='ocrx_word' id='word_1_368' title='bbox 2505 2429 2604 2482; x_wconf 87' lang='lat' dir='ltr'><strong>Dei</strong></span> <span class='ocrx_word' id='word_1_369' title='bbox 2629 2429 2758 2482; x_wconf 86' lang='lat' dir='ltr'><strong>sunt</strong></span> <span class='ocrx_word' id='word_1_370' title='bbox 2788 2426 3033 2482; x_wconf 71' lang='lat' dir='ltr'><strong>exaltare</strong></span> <span class='ocrx_word' id='word_1_371' title='bbox 3061 2427 3282 2481; x_wconf 85' lang='lat' dir='ltr'><strong>omnino</strong></span> <span class='ocrx_word' id='word_1_372' title='bbox 3310 2425 3580 2494; x_wconf 86' lang='lat' dir='ltr'><strong>studebat,</strong></span> <span class='ocrx_word' id='word_1_373' title='bbox 3602 2439 3764 2480; x_wconf 82' lang='lat' dir='ltr'><strong>omnes</strong></span> 
     </span>
    </p>
   </div>
   <div class='ocr_carea' id='block_1_58' title="bbox 2123 2514 3766 2588">
    <p class='ocr_par' dir='ltr' id='par_1_58' title="bbox 2123 2514 3766 2588">
     <span class='ocr_line' id='line_1_58' title="bbox 2123 2514 3766 2588; baseline -0.005 -14"><span class='ocrx_word' id='word_1_374' title='bbox 2123 2520 2238 2588; x_wconf 77' lang='lat' dir='ltr'><strong>fere</strong></span> <span class='ocrx_word' id='word_1_375' title='bbox 2263 2519 2588 2588; x_wconf 86' lang='lat' dir='ltr'><strong>paternitati</strong></span> <span class='ocrx_word' id='word_1_376' title='bbox 2631 2531 2750 2573; x_wconf 74' lang='lat' dir='ltr'><strong>suae</strong></span> <span class='ocrx_word' id='word_1_377' title='bbox 2775 2515 2874 2571; x_wconf 86' lang='lat' dir='ltr'><strong>sub</strong></span> <span class='ocrx_word' id='word_1_378' title='bbox 2905 2516 3020 2586; x_wconf 87' lang='lat' dir='ltr'><strong>ejus</strong></span> <span class='ocrx_word' id='word_1_379' title='bbox 3063 2514 3372 2570; x_wconf 88' lang='lat' dir='ltr'><strong>obedientia</strong></span> <span class='ocrx_word' id='word_1_380' title='bbox 3404 2515 3635 2570; x_wconf 85' lang='lat' dir='ltr'><strong>libenter</strong></span> <span class='ocrx_word' id='word_1_381' title='bbox 3668 2527 3766 2569; x_wconf 83' lang='lat' dir='ltr'><strong>sese</strong></span> 
     </span>
    </p>
   </div>
   <div class='ocr_carea' id='block_1_59' title="bbox 2125 2601 3763 2662">
    <p class='ocr_par' dir='ltr' id='par_1_59' title="bbox 2125 2601 3763 2662">
     <span class='ocr_line' id='line_1_59' title="bbox 2125 2601 3763 2662; baseline -0.003 -2"><span class='ocrx_word' id='word_1_382' title='bbox 2125 2605 2472 2662; x_wconf 86' lang='lat' dir='ltr'><strong>dediderunt.</strong></span> <span class='ocrx_word' id='word_1_383' title='bbox 2505 2605 2655 2659; x_wconf 88' lang='lat' dir='ltr'><strong>Tum</strong></span> <span class='ocrx_word' id='word_1_384' title='bbox 2681 2604 2846 2659; x_wconf 90' lang='lat' dir='ltr'><strong>addit</strong></span> <span class='ocrx_word' id='word_1_385' title='bbox 2877 2620 2924 2658; x_wconf 88' lang='grc'><strong>;‹‹</strong></span> <span class='ocrx_word' id='word_1_386' title='bbox 2949 2603 3232 2658; x_wconf 90' lang='lat' dir='ltr'><strong>Eumdem</strong></span> <span class='ocrx_word' id='word_1_387' title='bbox 3264 2605 3421 2658; x_wconf 88' lang='lat' dir='ltr'><strong>recte</strong></span> <span class='ocrx_word' id='word_1_388' title='bbox 3450 2601 3694 2658; x_wconf 90' lang='lat' dir='ltr'><strong>electum</strong></span> <span class='ocrx_word' id='word_1_389' title='bbox 3714 2603 3763 2656; x_wconf 84' lang='lat' dir='ltr'><strong>et</strong></span> 
     </span>
    </p>
   </div>
   <div class='ocr_carea' id='block_1_60' title="bbox 2124 2687 3760 2763">
    <p class='ocr_par' dir='ltr' id='par_1_60' title="bbox 2124 2687 3760 2763">
     <span class='ocr_line' id='line_1_60' title="bbox 2124 2687 3760 2763; baseline -0.002 -17"><span class='ocrx_word' id='word_1_390' title='bbox 2124 2692 2198 2746; x_wconf 92' lang='lat' dir='ltr'><strong>ab</strong></span> <span class='ocrx_word' id='word_1_391' title='bbox 2223 2690 2512 2763; x_wconf 85' lang='lat' dir='ltr'><strong>episcopis</strong></span> <span class='ocrx_word' id='word_1_392' title='bbox 2538 2687 2935 2745; x_wconf 87' lang='lat' dir='ltr'><strong>cardinalibus</strong></span> <span class='ocrx_word' id='word_1_393' title='bbox 2965 2693 3392 2758; x_wconf 89' lang='lat' dir='ltr'><strong>consecratum,</strong></span> <span class='ocrx_word' id='word_1_394' title='bbox 3419 2706 3455 2744; x_wconf 92' lang='lat' dir='ltr'><strong>a</strong></span> <span class='ocrx_word' id='word_1_395' title='bbox 3489 2687 3687 2760; x_wconf 88' lang='lat' dir='ltr'><strong>majori</strong></span> <span class='ocrx_word' id='word_1_396' title='bbox 3711 2691 3760 2743; x_wconf 89' lang='lat' dir='ltr'><strong>et</strong></span> 
     </span>
    </p>
   </div>
   <div class='ocr_carea' id='block_1_61' title="bbox 2125 2776 3757 2850">
    <p class='ocr_par' dir='ltr' id='par_1_61' title="bbox 2125 2776 3757 2850">
     <span class='ocr_line' id='line_1_61' title="bbox 2125 2776 3757 2850; baseline -0.004 -14"><span class='ocrx_word' id='word_1_397' title='bbox 2125 2779 2400 2836; x_wconf 90' lang='lat' dir='ltr'><strong>sanctiori</strong></span> <span class='ocrx_word' id='word_1_398' title='bbox 2431 2776 2632 2850; x_wconf 90' lang='lat' dir='ltr'><strong>populi</strong></span> <span class='ocrx_word' id='word_1_399' title='bbox 2665 2780 2828 2849; x_wconf 88' lang='lat' dir='ltr'><strong>parte</strong></span> <span class='ocrx_word' id='word_1_400' title='bbox 2857 2781 3221 2848; x_wconf 88' lang='lat' dir='ltr'><strong>acceptatum</strong></span> <span class='ocrx_word' id='word_1_401' title='bbox 3242 2777 3460 2846; x_wconf 83' lang='lat' dir='ltr'><strong>fuisse;</strong></span> <span class='ocrx_word' id='word_1_402' title='bbox 3495 2776 3630 2832; x_wconf 89' lang='lat' dir='ltr'><strong>licet</strong></span> <span class='ocrx_word' id='word_1_403' title='bbox 3644 2777 3757 2847; x_wconf 88' lang='lat' dir='ltr'><strong>ejus</strong></span> 
     </span>
    </p>
   </div>
   <div class='ocr_carea' id='block_1_62' title="bbox 2123 2865 3756 2940">
    <p class='ocr_par' dir='ltr' id='par_1_62' title="bbox 2123 2865 3756 2940">
     <span class='ocr_line' id='line_1_62' title="bbox 2123 2865 3756 2940; baseline -0.003 -16"><span class='ocrx_word' id='word_1_404' title='bbox 2123 2884 2299 2940; x_wconf 91' lang='lat' dir='ltr'><strong>opera</strong></span> <span class='ocrx_word' id='word_1_405' title='bbox 2329 2865 2643 2922; x_wconf 83' lang='lat' dir='ltr'><strong>adversarii</strong></span> <span class='ocrx_word' id='word_1_406' title='bbox 2667 2865 2854 2938; x_wconf 87' lang='lat' dir='ltr'><strong>ipsius</strong></span> <span class='ocrx_word' id='word_1_407' title='bbox 2883 2865 3040 2921; x_wconf 89' lang='lat' dir='ltr'><strong>velut</strong></span> <span class='ocrx_word' id='word_1_408' title='bbox 3058 2865 3226 2922; x_wconf 87' lang='lat' dir='ltr'><strong>irrita</strong></span> <span class='ocrx_word' id='word_1_409' title='bbox 3253 2871 3312 2922; x_wconf 88' lang='lat' dir='ltr'><strong>et</strong></span> <span class='ocrx_word' id='word_1_410' title='bbox 3343 2865 3510 2922; x_wconf 87' lang='lat' dir='ltr'><strong>nulla</strong></span> <span class='ocrx_word' id='word_1_411' title='bbox 3531 2865 3756 2938; x_wconf 87' lang='lat' dir='ltr'><strong>vilipen-</strong></span> 
     </span>
    </p>
   </div>
   <div class='ocr_carea' id='block_1_63' title="bbox 2121 2953 3755 3026">
    <p class='ocr_par' dir='ltr' id='par_1_63' title="bbox 2121 2953 3755 3026">
     <span class='ocr_line' id='line_1_63' title="bbox 2121 2953 3755 3026; baseline -0.004 -13"><span class='ocrx_word' id='word_1_412' title='bbox 2121 2959 2343 3013; x_wconf 87' lang='lat' dir='ltr'><strong>derent.</strong></span> <span class='ocrx_word' id='word_1_413' title='bbox 2377 2978 2404 3007; x_wconf 82' lang='lat'>»</span> <span class='ocrx_word' id='word_1_414' title='bbox 2439 2955 2700 3026; x_wconf 90' lang='lat' dir='ltr'><strong>Denique</strong></span> <span class='ocrx_word' id='word_1_415' title='bbox 2729 2953 2809 3010; x_wconf 88' lang='lat' dir='ltr'><strong>ait</strong></span> <span class='ocrx_word' id='word_1_416' title='bbox 2843 2972 2856 3010; x_wconf 88' lang='lat'><strong>:</strong></span> <span class='ocrx_word' id='word_1_417' title='bbox 2894 2954 3139 3010; x_wconf 87' lang='lat' dir='ltr'><strong>Urbanus</strong></span> <span class='ocrx_word' id='word_1_418' title='bbox 3163 2955 3482 3026; x_wconf 85' lang='lat' dir='ltr'><strong>prosperior</strong></span> <span class='ocrx_word' id='word_1_419' title='bbox 3507 2959 3557 3011; x_wconf 86' lang='lat' dir='ltr'><strong>et</strong></span> <span class='ocrx_word' id='word_1_420' title='bbox 3567 2955 3755 3026; x_wconf 84' lang='lat' dir='ltr'><strong>justior</strong></span> 
     </span>
    </p>
   </div>
   <div class='ocr_carea' id='block_1_64' title="bbox 2118 3043 3755 3115">
    <p class='ocr_par' dir='ltr' id='par_1_64' title="bbox 2118 3043 3755 3115">
     <span class='ocr_line' id='line_1_64' title="bbox 2118 3043 3755 3115; baseline -0.003 -14"><span class='ocrx_word' id='word_1_421' title='bbox 2118 3053 2255 3112; x_wconf 85' lang='lat' dir='ltr'><strong>erat,</strong></span> <span class='ocrx_word' id='word_1_422' title='bbox 2283 3044 2402 3100; x_wconf 90' lang='lat' dir='ltr'><strong>imo</strong></span> <span class='ocrx_word' id='word_1_423' title='bbox 2430 3048 2481 3100; x_wconf 89' lang='lat' dir='ltr'><strong>et</strong></span> <span class='ocrx_word' id='word_1_424' title='bbox 2507 3045 2723 3115; x_wconf 77' lang='lat' dir='ltr'><strong>fortior,</strong></span> <span class='ocrx_word' id='word_1_425' title='bbox 2773 3050 2952 3114; x_wconf 80' lang='lat' dir='ltr'><strong>utpote</strong></span> <span class='ocrx_word' id='word_1_426' title='bbox 3000 3045 3096 3113; x_wconf 87' lang='lat' dir='ltr'><strong>qui</strong></span> <span class='ocrx_word' id='word_1_427' title='bbox 3140 3043 3468 3113; x_wconf 75' lang='lat' dir='ltr'><strong>cupiditates</strong></span> <span class='ocrx_word' id='word_1_428' title='bbox 3513 3047 3755 3114; x_wconf 82' lang='lat' dir='ltr'><strong>tanquam</strong></span> 
     </span>
    </p>
   </div>
   <div class='ocr_carea' id='block_1_65' title="bbox 2119 3130 3752 3206">
    <p class='ocr_par' dir='ltr' id='par_1_65' title="bbox 2119 3130 3752 3206">
     <span class='ocr_line' id='line_1_65' title="bbox 2119 3130 3752 3206; baseline -0.003 -16"><span class='ocrx_word' id='word_1_429' title='bbox 2119 3134 2292 3190; x_wconf 84' lang='lat' dir='ltr'><strong>hostes</strong></span> <span class='ocrx_word' id='word_1_430' title='bbox 2315 3133 2560 3206; x_wconf 87' lang='lat' dir='ltr'><strong>subjecit.</strong></span> <span class='ocrx_word' id='word_1_431' title='bbox 2585 3133 2664 3187; x_wconf 85' lang='lat' dir='ltr'><strong>Ex</strong></span> <span class='ocrx_word' id='word_1_432' title='bbox 2696 3130 2806 3186; x_wconf 88' lang='lat' dir='ltr'><strong>alia</strong></span> <span class='ocrx_word' id='word_1_433' title='bbox 2836 3147 2968 3187; x_wconf 89' lang='lat' dir='ltr'><strong>vero</strong></span> <span class='ocrx_word' id='word_1_434' title='bbox 2999 3135 3162 3203; x_wconf 80' lang='lat' dir='ltr'><strong>parte</strong></span> <span class='ocrx_word' id='word_1_435' title='bbox 3207 3153 3237 3182; x_wconf 84' lang='lat'><strong>«</strong></span> <span class='ocrx_word' id='word_1_436' title='bbox 3285 3131 3633 3188; x_wconf 89' lang='lat' dir='ltr'><strong>Guibertum</strong></span> <span class='ocrx_word' id='word_1_437' title='bbox 3675 3145 3752 3185; x_wconf 89' lang='lat' dir='ltr'><strong>re-</strong></span> 
     </span>
    </p>
   </div>
   <div class='ocr_carea' id='block_1_66' title="bbox 360 3210 3754 3296">
    <p class='ocr_par' dir='ltr' id='par_1_66' title="bbox 360 3210 3754 3296">
     <span class='ocr_line' id='line_1_66' title="bbox 360 3210 3754 3296; baseline -0.002 -16"><span class='ocrx_word' id='word_1_438' title='bbox 360 3228 609 3280; x_wconf 85' lang='lat' dir='ltr'><strong>testatus</strong></span> <span class='ocrx_word' id='word_1_439' title='bbox 639 3227 730 3280; x_wconf 85' lang='lat' dir='ltr'><strong>est</strong></span> <span class='ocrx_word' id='word_1_440' title='bbox 759 3222 884 3295; x_wconf 90' lang='lat' dir='ltr'><strong>ipse</strong></span> <span class='ocrx_word' id='word_1_441' title='bbox 911 3222 1040 3293; x_wconf 86' lang='lat' dir='ltr'><strong>ejus</strong></span> <span class='ocrx_word' id='word_1_442' title='bbox 1067 3221 1318 3289; x_wconf 83' lang='lat' dir='ltr'><strong>amicus,</strong></span> <span class='ocrx_word' id='word_1_443' title='bbox 1349 3221 1452 3292; x_wconf 91' lang='lat' dir='ltr'><strong>qui</strong></span> <span class='ocrx_word' id='word_1_444' title='bbox 1482 3238 1578 3276; x_wconf 87' lang='lat' dir='ltr'><strong>eas</strong></span> <span class='ocrx_word' id='word_1_445' title='bbox 1608 3216 1848 3288; x_wconf 80' lang='lat' dir='ltr'><strong>curavit,</strong></span> <span class='ocrx_word' id='word_1_446' title='bbox 1857 3237 2012 3293; x_wconf 70' lang='lat' dir='ltr'><strong>prae-</strong></span> <span class='ocrx_word' id='word_1_447' title='bbox 2043 3210 2086 3276; x_wconf 84' lang='lat' dir='ltr'><strong>C</strong></span> <span class='ocrx_word' id='word_1_448' title='bbox 2125 3226 2440 3296; x_wconf 82' lang='lat' dir='ltr'><strong>prasentat</strong></span> <span class='ocrx_word' id='word_1_449' title='bbox 2465 3221 2741 3292; x_wconf 68' lang='lat' dir='ltr'><strong>superbia</strong></span> <span class='ocrx_word' id='word_1_450' title='bbox 2767 3221 2990 3276; x_wconf 88' lang='lat' dir='ltr'><strong>stimulo</strong></span> <span class='ocrx_word' id='word_1_451' title='bbox 3022 3221 3326 3288; x_wconf 87' lang='lat' dir='ltr'><strong>irritatum,</strong></span> <span class='ocrx_word' id='word_1_452' title='bbox 3358 3221 3462 3292; x_wconf 87' lang='lat' dir='ltr'><strong>qui</strong></span> <span class='ocrx_word' id='word_1_453' title='bbox 3493 3219 3754 3293; x_wconf 86' lang='lat' dir='ltr'><strong>populum</strong></span> 
     </span>
    </p>
   </div>
   <div class='ocr_carea' id='block_1_67' title="bbox 357 3311 2009 3386">
    <p class='ocr_par' dir='ltr' id='par_1_67' title="bbox 357 3311 2009 3386">
     <span class='ocr_line' id='line_1_67' title="bbox 357 3311 2009 3386; baseline -0.002 -17"><span class='ocrx_word' id='word_1_454' title='bbox 357 3314 551 3386; x_wconf 82' lang='lat' dir='ltr'><strong>eipuus</strong></span> <span class='ocrx_word' id='word_1_455' title='bbox 613 3315 813 3368; x_wconf 80' lang='lat' dir='ltr'><strong>saneta</strong></span> <span class='ocrx_word' id='word_1_456' title='bbox 873 3311 1127 3368; x_wconf 72' lang='lat' dir='ltr'><strong>Romanae</strong></span> <span class='ocrx_word' id='word_1_457' title='bbox 1183 3311 1442 3368; x_wconf 62' lang='lat' dir='ltr'><strong>Ecclesiae</strong></span> <span class='ocrx_word' id='word_1_458' title='bbox 1495 3311 1668 3380; x_wconf 76' lang='lat' dir='ltr'><strong>ﬁlius,</strong></span> <span class='ocrx_word' id='word_1_459' title='bbox 1728 3311 1813 3365; x_wconf 89' lang='lat' dir='ltr'><strong>uti</strong></span> <span class='ocrx_word' id='word_1_460' title='bbox 1875 3328 2009 3367; x_wconf 88' lang='lat' dir='ltr'><strong>eum</strong></span> 
     </span>
    </p>
   </div>
   <div class='ocr_carea' id='block_1_68' title="bbox 357 3398 2012 3474">
    <p class='ocr_par' dir='ltr' id='par_1_68' title="bbox 357 3398 2012 3474">
     <span class='ocr_line' id='line_1_68' title="bbox 357 3398 2012 3474; baseline -0.002 -17"><span class='ocrx_word' id='word_1_461' title='bbox 357 3399 614 3474; x_wconf 87' lang='lat' dir='ltr'><strong>appellat</strong></span> <span class='ocrx_word' id='word_1_462' title='bbox 660 3399 934 3455; x_wconf 81' lang='lat' dir='ltr'><strong>Gofridus</strong></span> <span class='ocrx_word' id='word_1_463' title='bbox 993 3398 1301 3454; x_wconf 87' lang='lat' dir='ltr'><strong>Vindocini</strong></span> <span class='ocrx_word' id='word_1_464' title='bbox 1359 3399 1541 3454; x_wconf 89' lang='lat' dir='ltr'><strong>abbas</strong></span> <span class='ocrx_word' id='word_1_465' title='bbox 1599 3398 1700 3454; x_wconf 91' lang='lat' dir='ltr'><strong>lib.</strong></span> <span class='ocrx_word' id='word_1_466' title='bbox 1751 3416 1808 3465; x_wconf 82' lang='grc' dir='ltr'><strong>ν,</strong></span> <span class='ocrx_word' id='word_1_467' title='bbox 1852 3416 1940 3472; x_wconf 88' lang='lat' dir='ltr'><strong>ep.</strong></span> <span class='ocrx_word' id='word_1_468' title='bbox 1975 3400 2012 3454; x_wconf 89' lang='lat'>9</span> 
     </span>
    </p>
   </div>
   <div class='ocr_carea' id='block_1_69' title="bbox 356 3487 2012 3560">
    <p class='ocr_par' dir='ltr' id='par_1_69' title="bbox 356 3487 2012 3560">
     <span class='ocr_line' id='line_1_69' title="bbox 356 3487 2012 3560; baseline -0.002 -15"><span class='ocrx_word' id='word_1_469' title='bbox 356 3489 564 3547; x_wconf 85' lang='lat' dir='ltr'><strong>Petrus</strong></span> <span class='ocrx_word' id='word_1_470' title='bbox 594 3489 706 3546; x_wconf 85' lang='lat' dir='ltr'><strong>Leo</strong></span> <span class='ocrx_word' id='word_1_471' title='bbox 738 3488 796 3546; x_wconf 87' lang='lat' dir='ltr'><strong>in</strong></span> <span class='ocrx_word' id='word_1_472' title='bbox 827 3487 958 3558; x_wconf 87' lang='lat' dir='ltr'><strong>ejus</strong></span> <span class='ocrx_word' id='word_1_473' title='bbox 986 3487 1468 3560; x_wconf 88' lang='lat' dir='ltr'><strong>epitaphio,quod</strong></span> <span class='ocrx_word' id='word_1_474' title='bbox 1498 3487 1557 3542; x_wconf 91' lang='lat' dir='ltr'><strong>in</strong></span> <span class='ocrx_word' id='word_1_475' title='bbox 1588 3487 1920 3560; x_wconf 83' lang='lat' dir='ltr'><strong>Appendice</strong></span> <span class='ocrx_word' id='word_1_476' title='bbox 1942 3504 2012 3542; x_wconf 90' lang='lat' dir='ltr'><strong>ex</strong></span> 
     </span>
    </p>
   </div>
   <div class='ocr_carea' id='block_1_70' title="bbox 357 3575 2012 3635">
    <p class='ocr_par' dir='ltr' id='par_1_70' title="bbox 357 3575 2012 3635">
     <span class='ocr_line' id='line_1_70' title="bbox 357 3575 2012 3635; baseline -0.001 -1"><span class='ocrx_word' id='word_1_477' title='bbox 357 3577 626 3635; x_wconf 86' lang='lat' dir='ltr'><strong>Orderico</strong></span> <span class='ocrx_word' id='word_1_478' title='bbox 652 3576 828 3632; x_wconf 86' lang='lat' dir='ltr'><strong>Vitali</strong></span> <span class='ocrx_word' id='word_1_479' title='bbox 859 3577 1182 3634; x_wconf 81' lang='lat' dir='ltr'><strong>referemus</strong></span> <span class='ocrx_word' id='word_1_480' title='bbox 1211 3593 1346 3632; x_wconf 90' lang='lat' dir='ltr'><strong>cum</strong></span> <span class='ocrx_word' id='word_1_481' title='bbox 1378 3575 1510 3632; x_wconf 89' lang='lat' dir='ltr'><strong>aliis</strong></span> <span class='ocrx_word' id='word_1_482' title='bbox 1555 3575 1917 3632; x_wconf 89' lang='lat' dir='ltr'><strong>carminibus</strong></span> <span class='ocrx_word' id='word_1_483' title='bbox 1955 3581 2012 3633; x_wconf 91' lang='lat' dir='ltr'><strong>et</strong></span> 
     </span>
    </p>
   </div>
   <div class='ocr_carea' id='block_1_71' title="bbox 357 3663 2011 3740">
    <p class='ocr_par' dir='ltr' id='par_1_71' title="bbox 357 3663 2011 3740">
     <span class='ocr_line' id='line_1_71' title="bbox 357 3663 2011 3740; baseline -0.003 -16"><span class='ocrx_word' id='word_1_484' title='bbox 357 3666 582 3740; x_wconf 82' lang='lat' dir='ltr'><strong>elogiis,</strong></span> <span class='ocrx_word' id='word_1_485' title='bbox 607 3683 735 3739; x_wconf 85' lang='lat' dir='ltr'><strong>qua</strong></span> <span class='ocrx_word' id='word_1_486' title='bbox 772 3681 909 3720; x_wconf 91' lang='lat' dir='ltr'><strong>cum</strong></span> <span class='ocrx_word' id='word_1_487' title='bbox 959 3665 1088 3735; x_wconf 90' lang='lat' dir='ltr'><strong>ejus</strong></span> <span class='ocrx_word' id='word_1_488' title='bbox 1134 3664 1272 3720; x_wconf 89' lang='lat' dir='ltr'><strong>Vita</strong></span> <span class='ocrx_word' id='word_1_489' title='bbox 1315 3681 1384 3719; x_wconf 85' lang='lat' dir='ltr'><strong>ex</strong></span> <span class='ocrx_word' id='word_1_490' title='bbox 1432 3663 1736 3730; x_wconf 84' lang='lat' dir='ltr'><strong>Pandulfo,</strong></span> <span class='ocrx_word' id='word_1_491' title='bbox 1770 3664 2011 3720; x_wconf 89' lang='lat' dir='ltr'><strong>Domni-</strong></span> 
     </span>
    </p>
   </div>
   <div class='ocr_carea' id='block_1_72' title="bbox 356 3751 2012 3824">
    <p class='ocr_par' dir='ltr' id='par_1_72' title="bbox 356 3751 2012 3824">
     <span class='ocr_line' id='line_1_72' title="bbox 356 3751 2012 3824; baseline -0.001 -13"><span class='ocrx_word' id='word_1_492' title='bbox 356 3755 520 3815; x_wconf 88' lang='lat' dir='ltr'><strong>zonis</strong></span> <span class='ocrx_word' id='word_1_493' title='bbox 549 3755 820 3810; x_wconf 87' lang='lat' dir='ltr'><strong>versibus</strong></span> <span class='ocrx_word' id='word_1_494' title='bbox 848 3757 907 3810; x_wconf 89' lang='lat' dir='ltr'><strong>et</strong></span> <span class='ocrx_word' id='word_1_495' title='bbox 937 3751 1071 3808; x_wconf 90' lang='lat' dir='ltr'><strong>aliis</strong></span> <span class='ocrx_word' id='word_1_496' title='bbox 1091 3751 1375 3810; x_wconf 87' lang='lat' dir='ltr'><strong>analectis</strong></span> <span class='ocrx_word' id='word_1_497' title='bbox 1404 3751 1521 3808; x_wconf 86' lang='lat' dir='ltr'><strong>huc</strong></span> <span class='ocrx_word' id='word_1_498' title='bbox 1551 3753 1744 3824; x_wconf 88' lang='lat' dir='ltr'><strong>potius</strong></span> <span class='ocrx_word' id='word_1_499' title='bbox 1775 3753 2012 3824; x_wconf 90' lang='lat' dir='ltr'><strong>rejicere</strong></span> 
     </span>
    </p>
   </div>
   <div class='ocr_carea' id='block_1_73' title="bbox 355 3837 2012 3912">
    <p class='ocr_par' dir='ltr' id='par_1_73' title="bbox 355 3837 2012 3912">
     <span class='ocr_line' id='line_1_73' title="bbox 355 3837 2012 3912; baseline -0.001 -16"><span class='ocrx_word' id='word_1_500' title='bbox 355 3842 574 3906; x_wconf 86' lang='lat' dir='ltr'><strong>visum,</strong></span> <span class='ocrx_word' id='word_1_501' title='bbox 603 3856 782 3912; x_wconf 87' lang='lat' dir='ltr'><strong>quam</strong></span> <span class='ocrx_word' id='word_1_502' title='bbox 815 3839 908 3894; x_wconf 86' lang='lat' dir='ltr'><strong>hic</strong></span> <span class='ocrx_word' id='word_1_503' title='bbox 940 3837 1318 3904; x_wconf 82' lang='lat' dir='ltr'><strong>exhibere,ne</strong></span> <span class='ocrx_word' id='word_1_504' title='bbox 1343 3838 1592 3894; x_wconf 90' lang='lat' dir='ltr'><strong>nimium</strong></span> <span class='ocrx_word' id='word_1_505' title='bbox 1621 3839 2012 3912; x_wconf 85' lang='lat' dir='ltr'><strong>interrumpa-</strong></span> 
     </span>
    </p>
   </div>
   <div class='ocr_carea' id='block_1_74' title="bbox 357 3923 2012 3998">
    <p class='ocr_par' dir='ltr' id='par_1_74' title="bbox 357 3923 2012 3998">
     <span class='ocr_line' id='line_1_74' title="bbox 357 3923 2012 3998; baseline -0.001 -14"><span class='ocrx_word' id='word_1_506' title='bbox 357 3934 455 3984; x_wconf 90' lang='lat' dir='ltr'><strong>tur</strong></span> <span class='ocrx_word' id='word_1_507' title='bbox 481 3925 836 3982; x_wconf 89' lang='lat' dir='ltr'><strong>narrationis</strong></span> <span class='ocrx_word' id='word_1_508' title='bbox 867 3923 1069 3981; x_wconf 88' lang='lat' dir='ltr'><strong>series.</strong></span> <span class='ocrx_word' id='word_1_509' title='bbox 1123 3926 1268 3997; x_wconf 89' lang='lat' dir='ltr'><strong>Ejus</strong></span> <span class='ocrx_word' id='word_1_510' title='bbox 1306 3941 1373 3980; x_wconf 83' lang='lat' dir='ltr'><strong>ex</strong></span> <span class='ocrx_word' id='word_1_511' title='bbox 1395 3926 1632 3998; x_wconf 88' lang='lat' dir='ltr'><strong>sequias</strong></span> <span class='ocrx_word' id='word_1_512' title='bbox 1652 3929 1813 3983; x_wconf 86' lang='lat' dir='ltr'><strong>totius</strong></span> <span class='ocrx_word' id='word_1_513' title='bbox 1859 3929 2012 3984; x_wconf 83' lang='lat' dir='ltr'><strong>urbis</strong></span> 
     </span>
    </p>
   </div>
   <div class='ocr_carea' id='block_1_75' title="bbox 355 4013 2014 4074">
    <p class='ocr_par' dir='ltr' id='par_1_75' title="bbox 355 4013 2014 4074">
     <span class='ocr_line' id='line_1_75' title="bbox 355 4013 2014 4074; baseline -0.001 0"><span class='ocrx_word' id='word_1_514' title='bbox 355 4017 618 4074; x_wconf 65' lang='lat' dir='ltr'><strong>Romanae</strong></span> <span class='ocrx_word' id='word_1_515' title='bbox 647 4015 796 4069; x_wconf 87' lang='lat' dir='ltr'><strong>luctu</strong></span> <span class='ocrx_word' id='word_1_516' title='bbox 823 4015 874 4068; x_wconf 88' lang='lat' dir='ltr'><strong>et</strong></span> <span class='ocrx_word' id='word_1_517' title='bbox 905 4015 1134 4069; x_wconf 87' lang='lat' dir='ltr'><strong>tristitia</strong></span> <span class='ocrx_word' id='word_1_518' title='bbox 1181 4013 1506 4070; x_wconf 90' lang='lat' dir='ltr'><strong>celebratas</strong></span> <span class='ocrx_word' id='word_1_519' title='bbox 1565 4015 1748 4070; x_wconf 79' lang='lat' dir='ltr'><strong>fuisse</strong></span> <span class='ocrx_word' id='word_1_520' title='bbox 1803 4017 2014 4072; x_wconf 88' lang='lat' dir='ltr'><strong>asserit</strong></span> 
     </span>
    </p>
   </div>
   <div class='ocr_carea' id='block_1_76' title="bbox 359 4101 2009 4175">
    <p class='ocr_par' dir='ltr' id='par_1_76' title="bbox 359 4101 2009 4175">
     <span class='ocr_line' id='line_1_76' title="bbox 359 4101 2009 4175; baseline -0.001 -13"><span class='ocrx_word' id='word_1_521' title='bbox 359 4103 660 4162; x_wconf 84' lang='lat' dir='ltr'><strong>Paschalis</strong></span> <span class='ocrx_word' id='word_1_522' title='bbox 687 4103 820 4172; x_wconf 86' lang='lat' dir='ltr'><strong>eius</strong></span> <span class='ocrx_word' id='word_1_523' title='bbox 851 4118 1159 4158; x_wconf 88' lang='lat' dir='ltr'><strong>successor</strong></span> <span class='ocrx_word' id='word_1_524' title='bbox 1206 4103 1265 4158; x_wconf 92' lang='lat' dir='ltr'><strong>in</strong></span> <span class='ocrx_word' id='word_1_525' title='bbox 1311 4101 1560 4174; x_wconf 87' lang='lat' dir='ltr'><strong>epistola</strong></span> <span class='ocrx_word' id='word_1_526' title='bbox 1595 4105 1723 4175; x_wconf 86' lang='lat' dir='ltr'><strong>jam</strong></span> <span class='ocrx_word' id='word_1_527' title='bbox 1753 4104 2009 4174; x_wconf 88' lang='lat' dir='ltr'><strong>laudata,</strong></span> 
     </span>
    </p>
   </div>
   <div class='ocr_carea' id='block_1_77' title="bbox 357 4190 2014 4264">
    <p class='ocr_par' dir='ltr' id='par_1_77' title="bbox 357 4190 2014 4264">
     <span class='ocr_line' id='line_1_77' title="bbox 357 4190 2014 4264; baseline 0.002 -16"><span class='ocrx_word' id='word_1_528' title='bbox 357 4194 432 4248; x_wconf 93' lang='lat' dir='ltr'><strong>ob</strong></span> <span class='ocrx_word' id='word_1_529' title='bbox 459 4192 684 4252; x_wconf 85' lang='lat' dir='ltr'><strong>scilicet</strong></span> <span class='ocrx_word' id='word_1_530' title='bbox 713 4190 1002 4248; x_wconf 87' lang='lat' dir='ltr'><strong>amissum</strong></span> <span class='ocrx_word' id='word_1_531' title='bbox 1050 4194 1282 4247; x_wconf 91' lang='lat' dir='ltr'><strong>tantum</strong></span> <span class='ocrx_word' id='word_1_532' title='bbox 1313 4191 1646 4264; x_wconf 83' lang='lat' dir='ltr'><strong>pontiﬁcem</strong></span> <span class='ocrx_word' id='word_1_533' title='bbox 1685 4193 1932 4250; x_wconf 84' lang='lat' dir='ltr'><strong>doctrina</strong></span> <span class='ocrx_word' id='word_1_534' title='bbox 1962 4198 2014 4251; x_wconf 88' lang='lat' dir='ltr'><strong>et</strong></span> 
     </span>
    </p>
   </div>
   <div class='ocr_carea' id='block_1_78' title="bbox 355 4279 899 4337">
    <p class='ocr_par' dir='ltr' id='par_1_78' title="bbox 355 4279 899 4337">
     <span class='ocr_line' id='line_1_78' title="bbox 355 4279 899 4337; baseline -0.006 0"><span class='ocrx_word' id='word_1_535' title='bbox 355 4283 470 4337; x_wconf 81' lang='lat' dir='ltr'><strong>vita</strong></span> <span class='ocrx_word' id='word_1_536' title='bbox 499 4285 620 4336; x_wconf 88' lang='lat' dir='ltr'><strong>tam</strong></span> <span class='ocrx_word' id='word_1_537' title='bbox 653 4279 899 4336; x_wconf 89' lang='lat' dir='ltr'><strong>clarum.</strong></span> 
     </span>
    </p>
   </div>
   <div class='ocr_carea' id='block_1_79' title="bbox 427 4368 2014 4428">
    <p class='ocr_par' dir='ltr' id='par_1_79' title="bbox 427 4368 2014 4428">
     <span class='ocr_line' id='line_1_79' title="bbox 427 4368 2014 4428; baseline 0.002 -2"><span class='ocrx_word' id='word_1_538' title='bbox 427 4370 596 4427; x_wconf 88' lang='lat' dir='ltr'><strong>Hunc</strong></span> <span class='ocrx_word' id='word_1_539' title='bbox 623 4369 684 4426; x_wconf 86' lang='lat' dir='ltr'><strong>in</strong></span> <span class='ocrx_word' id='word_1_540' title='bbox 716 4368 945 4425; x_wconf 87' lang='lat' dir='ltr'><strong>ﬂorenti</strong></span> <span class='ocrx_word' id='word_1_541' title='bbox 979 4368 1170 4425; x_wconf 87' lang='lat' dir='ltr'><strong>adhuc</strong></span> <span class='ocrx_word' id='word_1_542' title='bbox 1201 4373 1366 4426; x_wconf 81' lang='lat' dir='ltr'><strong>atate</strong></span> <span class='ocrx_word' id='word_1_543' title='bbox 1409 4387 1480 4426; x_wconf 82' lang='lat' dir='ltr'><strong>ex</strong></span> <span class='ocrx_word' id='word_1_544' title='bbox 1524 4369 1635 4427; x_wconf 90' lang='lat' dir='ltr'><strong>hac</strong></span> <span class='ocrx_word' id='word_1_545' title='bbox 1671 4370 1800 4428; x_wconf 91' lang='lat' dir='ltr'><strong>luce</strong></span> <span class='ocrx_word' id='word_1_546' title='bbox 1830 4372 2014 4428; x_wconf 79' lang='lat' dir='ltr'><strong>fuisse</strong></span> 
     </span>
    </p>
   </div>
   <div class='ocr_carea' id='block_1_80' title="bbox 355 4457 2011 4533">
    <p class='ocr_par' dir='ltr' id='par_1_80' title="bbox 355 4457 2011 4533">
     <span class='ocr_line' id='line_1_80' title="bbox 355 4457 2011 4533; baseline 0.002 -18"><span class='ocrx_word' id='word_1_547' title='bbox 355 4463 625 4532; x_wconf 90' lang='lat' dir='ltr'><strong>ereptum</strong></span> <span class='ocrx_word' id='word_1_548' title='bbox 685 4457 900 4533; x_wconf 86' lang='lat' dir='ltr'><strong>legitur</strong></span> <span class='ocrx_word' id='word_1_549' title='bbox 956 4457 1014 4512; x_wconf 92' lang='lat' dir='ltr'><strong>in</strong></span> <span class='ocrx_word' id='word_1_550' title='bbox 1067 4457 1251 4514; x_wconf 89' lang='lat' dir='ltr'><strong>altero</strong></span> <span class='ocrx_word' id='word_1_551' title='bbox 1305 4459 1434 4530; x_wconf 91' lang='lat' dir='ltr'><strong>ejus</strong></span> <span class='ocrx_word' id='word_1_552' title='bbox 1491 4458 1805 4533; x_wconf 89' lang='lat' dir='ltr'><strong>epitaphio,</strong></span> <span class='ocrx_word' id='word_1_553' title='bbox 1855 4462 2011 4533; x_wconf 90' lang='lat' dir='ltr'><strong>quod</strong></span> 
     </span>
    </p>
   </div>
   <div class='ocr_carea' id='block_1_81' title="bbox 2120 3307 3756 3380">
    <p class='ocr_par' dir='ltr' id='par_1_81' title="bbox 2120 3307 3756 3380">
     <span class='ocr_line' id='line_1_81' title="bbox 2120 3307 3756 3380; baseline -0.004 -12"><span class='ocrx_word' id='word_1_554' title='bbox 2120 3313 2191 3367; x_wconf 87' lang='lat' dir='ltr'><strong>ad</strong></span> <span class='ocrx_word' id='word_1_555' title='bbox 2223 3310 2622 3368; x_wconf 88' lang='lat' dir='ltr'><strong>confusionem</strong></span> <span class='ocrx_word' id='word_1_556' title='bbox 2653 3307 2866 3364; x_wconf 86' lang='lat' dir='ltr'><strong>auxilio</strong></span> <span class='ocrx_word' id='word_1_557' title='bbox 2899 3307 3272 3380; x_wconf 84' lang='lat' dir='ltr'><strong>imperatoris</strong></span> <span class='ocrx_word' id='word_1_558' title='bbox 3310 3308 3590 3365; x_wconf 81' lang='lat' dir='ltr'><strong>suil&#39;ultus</strong></span> <span class='ocrx_word' id='word_1_559' title='bbox 3633 3325 3756 3364; x_wconf 89' lang='lat' dir='ltr'><strong>con-</strong></span> 
     </span>
    </p>
   </div>
   <div class='ocr_carea' id='block_1_82' title="bbox 2119 3396 3755 3470">
    <p class='ocr_par' dir='ltr' id='par_1_82' title="bbox 2119 3396 3755 3470">
     <span class='ocr_line' id='line_1_82' title="bbox 2119 3396 3755 3470; baseline -0.003 -15"><span class='ocrx_word' id='word_1_560' title='bbox 2119 3399 2352 3466; x_wconf 86' lang='lat' dir='ltr'><strong>citabat,</strong></span> <span class='ocrx_word' id='word_1_561' title='bbox 2387 3415 2560 3470; x_wconf 90' lang='lat' dir='ltr'><strong>quem</strong></span> <span class='ocrx_word' id='word_1_562' title='bbox 2593 3397 2727 3453; x_wconf 89' lang='lat' dir='ltr'><strong>licet</strong></span> <span class='ocrx_word' id='word_1_563' title='bbox 2755 3413 2925 3452; x_wconf 89' lang='lat' dir='ltr'><strong>suam</strong></span> <span class='ocrx_word' id='word_1_564' title='bbox 2976 3397 3126 3452; x_wconf 89' lang='lat' dir='ltr'><strong>inter</strong></span> <span class='ocrx_word' id='word_1_565' title='bbox 3181 3396 3294 3453; x_wconf 86' lang='lat' dir='ltr'><strong>sibi</strong></span> <span class='ocrx_word' id='word_1_566' title='bbox 3337 3397 3755 3454; x_wconf 82' lang='lat' dir='ltr'><strong>consentientes</strong></span> 
     </span>
    </p>
   </div>
   <div class='ocr_carea' id='block_1_83' title="bbox 2117 3485 3754 3561">
    <p class='ocr_par' dir='ltr' id='par_1_83' title="bbox 2117 3485 3754 3561">
     <span class='ocr_line' id='line_1_83' title="bbox 2117 3485 3754 3561; baseline -0.004 -16"><span class='ocrx_word' id='word_1_567' title='bbox 2117 3492 2465 3561; x_wconf 90' lang='lat' dir='ltr'><strong>potestatem</strong></span> <span class='ocrx_word' id='word_1_568' title='bbox 2498 3490 2810 3556; x_wconf 80' lang='lat' dir='ltr'><strong>exerceret,</strong></span> <span class='ocrx_word' id='word_1_569' title='bbox 2839 3491 2896 3541; x_wconf 88' lang='lat' dir='ltr'><strong>et</strong></span> <span class='ocrx_word' id='word_1_570' title='bbox 2925 3486 3183 3557; x_wconf 88' lang='lat' dir='ltr'><strong>potentia</strong></span> <span class='ocrx_word' id='word_1_571' title='bbox 3210 3503 3278 3542; x_wconf 88' lang='lat' dir='ltr'><strong>ac</strong></span> <span class='ocrx_word' id='word_1_572' title='bbox 3308 3485 3528 3543; x_wconf 88' lang='lat' dir='ltr'><strong>divitiis</strong></span> <span class='ocrx_word' id='word_1_573' title='bbox 3567 3485 3754 3542; x_wconf 84' lang='lat' dir='ltr'><strong>afﬂue-</strong></span> 
     </span>
    </p>
   </div>
   <div class='ocr_carea' id='block_1_84' title="bbox 2118 3572 3752 3648">
    <p class='ocr_par' dir='ltr' id='par_1_84' title="bbox 2118 3572 3752 3648">
     <span class='ocr_line' id='line_1_84' title="bbox 2118 3572 3752 3648; baseline -0.004 -15"><span class='ocrx_word' id='word_1_574' title='bbox 2118 3582 2227 3642; x_wconf 89' lang='lat' dir='ltr'><strong>ret,</strong></span> <span class='ocrx_word' id='word_1_575' title='bbox 2257 3599 2284 3626; x_wconf 87' lang='lat'><strong>»</strong></span> <span class='ocrx_word' id='word_1_576' title='bbox 2315 3592 2618 3647; x_wconf 89' lang='lat' dir='ltr'><strong>nunquam</strong></span> <span class='ocrx_word' id='word_1_577' title='bbox 2651 3579 2848 3630; x_wconf 89' lang='lat' dir='ltr'><strong>tamen</strong></span> <span class='ocrx_word' id='word_1_578' title='bbox 2875 3575 3108 3646; x_wconf 89' lang='lat' dir='ltr'><strong>populus</strong></span> <span class='ocrx_word' id='word_1_579' title='bbox 3135 3575 3332 3630; x_wconf 87' lang='lat' dir='ltr'><strong>melior</strong></span> <span class='ocrx_word' id='word_1_580' title='bbox 3361 3575 3530 3648; x_wconf 89' lang='lat' dir='ltr'><strong>sequi</strong></span> <span class='ocrx_word' id='word_1_581' title='bbox 3571 3572 3752 3630; x_wconf 89' lang='lat' dir='ltr'><strong>voluit.</strong></span> 
     </span>
    </p>
   </div>
   <div class='ocr_carea' id='block_1_85' title="bbox 2119 3662 3756 3736">
    <p class='ocr_par' dir='ltr' id='par_1_85' title="bbox 2119 3662 3756 3736">
     <span class='ocr_line' id='line_1_85' title="bbox 2119 3662 3756 3736; baseline -0.004 -14"><span class='ocrx_word' id='word_1_582' title='bbox 2119 3665 2418 3721; x_wconf 89' lang='lat' dir='ltr'><strong>Consentit</strong></span> <span class='ocrx_word' id='word_1_583' title='bbox 2483 3663 2761 3736; x_wconf 84' lang='lat' dir='ltr'><strong>antiquus</strong></span> <span class='ocrx_word' id='word_1_584' title='bbox 2827 3667 3028 3719; x_wconf 88' lang='lat' dir='ltr'><strong>auctor</strong></span> <span class='ocrx_word' id='word_1_585' title='bbox 3103 3662 3384 3719; x_wconf 87' lang='lat' dir='ltr'><strong>Gestorum</strong></span> <span class='ocrx_word' id='word_1_586' title='bbox 3443 3666 3756 3720; x_wconf 82' lang='lat' dir='ltr'><strong>Francorum</strong></span> 
     </span>
    </p>
   </div>
   <div class='ocr_carea' id='block_1_86' title="bbox 2118 3751 3753 3826">
    <p class='ocr_par' dir='ltr' id='par_1_86' title="bbox 2118 3751 3753 3826">
     <span class='ocr_line' id='line_1_86' title="bbox 2118 3751 3753 3826; baseline -0.004 -16"><span class='ocrx_word' id='word_1_587' title='bbox 2118 3756 2558 3826; x_wconf 69' lang='lat' dir='ltr'><strong>expugnantium</strong></span> <span class='ocrx_word' id='word_1_588' title='bbox 2600 3752 2923 3820; x_wconf 77' lang='lat' dir='ltr'><strong>Jerusalem,</strong></span> <span class='ocrx_word' id='word_1_589' title='bbox 2966 3751 3064 3823; x_wconf 92' lang='lat' dir='ltr'><strong>qui</strong></span> <span class='ocrx_word' id='word_1_590' title='bbox 3119 3752 3394 3808; x_wconf 88' lang='lat' dir='ltr'><strong>eumdem</strong></span> <span class='ocrx_word' id='word_1_591' title='bbox 3438 3751 3753 3826; x_wconf 85' lang='lat' dir='ltr'><strong>pontificem</strong></span> 
     </span>
    </p>
   </div>
   <div class='ocr_carea' id='block_1_87' title="bbox 2120 3841 3755 3912">
    <p class='ocr_par' dir='ltr' id='par_1_87' title="bbox 2120 3841 3755 3912">
     <span class='ocr_line' id='line_1_87' title="bbox 2120 3841 3755 3912; baseline -0.003 -14"><span class='ocrx_word' id='word_1_592' title='bbox 2120 3844 2301 3899; x_wconf 87' lang='lat' dir='ltr'><strong>fuisse</strong></span> <span class='ocrx_word' id='word_1_593' title='bbox 2333 3842 2414 3898; x_wconf 89' lang='lat' dir='ltr'><strong>ait</strong></span> <span class='ocrx_word' id='word_1_594' title='bbox 2442 3844 2624 3896; x_wconf 84' lang='lat' dir='ltr'><strong>virum</strong></span> <span class='ocrx_word' id='word_1_595' title='bbox 2651 3842 2946 3912; x_wconf 85' lang='lat' dir='ltr'><strong>egregium,</strong></span> <span class='ocrx_word' id='word_1_596' title='bbox 2984 3844 3098 3896; x_wconf 78' lang='lat' dir='ltr'><strong>mla</strong></span> <span class='ocrx_word' id='word_1_597' title='bbox 3133 3845 3185 3896; x_wconf 91' lang='lat' dir='ltr'><strong>et</strong></span> <span class='ocrx_word' id='word_1_598' title='bbox 3231 3841 3476 3897; x_wconf 87' lang='lat' dir='ltr'><strong>moribus</strong></span> <span class='ocrx_word' id='word_1_599' title='bbox 3522 3842 3755 3910; x_wconf 83' lang='lat' dir='ltr'><strong>omnique</strong></span> 
     </span>
    </p>
   </div>
   <div class='ocr_carea' id='block_1_88' title="bbox 2114 3925 3752 4005">
    <p class='ocr_par' dir='ltr' id='par_1_88' title="bbox 2114 3925 3752 4005">
     <span class='ocr_line' id='line_1_88' title="bbox 2114 3925 3752 4005; baseline -0.005 -18"><span class='ocrx_word' id='word_1_600' title='bbox 2114 3931 2412 4005; x_wconf 79' lang='lat' dir='ltr'><strong>prudentia</strong></span> <span class='ocrx_word' id='word_1_601' title='bbox 2438 3931 2774 4000; x_wconf 85' lang='lat' dir='ltr'><strong>scientiaque</strong></span> <span class='ocrx_word' id='word_1_602' title='bbox 2817 3927 3082 3993; x_wconf 88' lang='lat' dir='ltr'><strong>edoctum,</strong></span> <span class='ocrx_word' id='word_1_603' title='bbox 3115 3935 3223 3984; x_wconf 89' lang='lat' dir='ltr'><strong>etc.</strong></span> <span class='ocrx_word' id='word_1_604' title='bbox 3270 3935 3417 3984; x_wconf 88' lang='lat' dir='ltr'><strong>Eum</strong></span> <span class='ocrx_word' id='word_1_605' title='bbox 3467 3929 3656 3984; x_wconf 88' lang='lat' dir='ltr'><strong>adhuc</strong></span> <span class='ocrx_word' id='word_1_606' title='bbox 3681 3925 3752 3982; x_wconf 89' lang='lat' dir='ltr'><strong>vi-</strong></span> 
     </span>
    </p>
   </div>
   <div class='ocr_carea' id='block_1_89' title="bbox 2121 4017 3753 4090">
    <p class='ocr_par' dir='ltr' id='par_1_89' title="bbox 2121 4017 3753 4090">
     <span class='ocr_line' id='line_1_89' title="bbox 2121 4017 3753 4090; baseline -0.006 -14"><span class='ocrx_word' id='word_1_607' title='bbox 2121 4024 2348 4076; x_wconf 89' lang='lat' dir='ltr'><strong>ventem</strong></span> <span class='ocrx_word' id='word_1_608' title='bbox 2397 4021 2574 4074; x_wconf 87' lang='lat' dir='ltr'><strong>viru-m</strong></span> <span class='ocrx_word' id='word_1_609' title='bbox 2619 4019 2846 4073; x_wconf 85' lang='lat' dir='ltr'><strong>scientia</strong></span> <span class='ocrx_word' id='word_1_610' title='bbox 2877 4021 2928 4070; x_wconf 92' lang='lat' dir='ltr'><strong>et</strong></span> <span class='ocrx_word' id='word_1_611' title='bbox 2956 4017 3226 4085; x_wconf 86' lang='lat' dir='ltr'><strong>religione</strong></span> <span class='ocrx_word' id='word_1_612' title='bbox 3249 4019 3753 4090; x_wconf 67' lang='lat' dir='ltr'><strong>prastantissimum</strong></span> 
     </span>
    </p>
   </div>
   <div class='ocr_carea' id='block_1_90' title="bbox 2120 4100 3751 4182">
    <p class='ocr_par' dir='ltr' id='par_1_90' title="bbox 2120 4100 3751 4182">
     <span class='ocr_line' id='line_1_90' title="bbox 2120 4100 3751 4182; baseline -0.006 -17"><span class='ocrx_word' id='word_1_613' title='bbox 2120 4106 2434 4182; x_wconf 91' lang='lat' dir='ltr'><strong>appellavit</strong></span> <span class='ocrx_word' id='word_1_614' title='bbox 2446 4107 2764 4164; x_wconf 89' lang='lat' dir='ltr'><strong>Deusdedit</strong></span> <span class='ocrx_word' id='word_1_615' title='bbox 2778 4111 2918 4161; x_wconf 90' lang='lat' dir='ltr'><strong>tunc</strong></span> <span class='ocrx_word' id='word_1_616' title='bbox 2932 4105 3088 4161; x_wconf 90' lang='lat' dir='ltr'><strong>cardi</strong></span> <span class='ocrx_word' id='word_1_617' title='bbox 3099 4106 3249 4162; x_wconf 91' lang='lat' dir='ltr'><strong>nalis</strong></span> <span class='ocrx_word' id='word_1_618' title='bbox 3262 4107 3567 4180; x_wconf 83' lang='lat' dir='ltr'><strong>presbyter</strong></span> <span class='ocrx_word' id='word_1_619' title='bbox 3575 4100 3751 4161; x_wconf 80' lang='lat' dir='ltr'><strong>Sancti</strong></span> 
     </span>
    </p>
   </div>
   <div class='ocr_carea' id='block_1_91' title="bbox 2121 4193 3751 4267">
    <p class='ocr_par' dir='ltr' id='par_1_91' title="bbox 2121 4193 3751 4267">
     <span class='ocr_line' id='line_1_91' title="bbox 2121 4193 3751 4267; baseline -0.003 -15"><span class='ocrx_word' id='word_1_620' title='bbox 2121 4196 2272 4253; x_wconf 91' lang='lat' dir='ltr'><strong>Petri</strong></span> <span class='ocrx_word' id='word_1_621' title='bbox 2303 4197 2376 4252; x_wconf 91' lang='lat' dir='ltr'><strong>ad</strong></span> <span class='ocrx_word' id='word_1_622' title='bbox 2405 4194 2653 4252; x_wconf 87' lang='lat' dir='ltr'><strong>Vincula</strong></span> <span class='ocrx_word' id='word_1_623' title='bbox 2685 4193 2836 4249; x_wconf 87' lang='lat' dir='ltr'><strong>tituli</strong></span> <span class='ocrx_word' id='word_1_624' title='bbox 2868 4193 3158 4262; x_wconf 81' lang='lat' dir='ltr'><strong>Eudoxia,</strong></span> <span class='ocrx_word' id='word_1_625' title='bbox 3191 4195 3290 4267; x_wconf 90' lang='lat' dir='ltr'><strong>qui</strong></span> <span class='ocrx_word' id='word_1_626' title='bbox 3325 4194 3568 4251; x_wconf 88' lang='lat' dir='ltr'><strong>alteram</strong></span> <span class='ocrx_word' id='word_1_627' title='bbox 3599 4207 3751 4249; x_wconf 92' lang='lat' dir='ltr'><strong>cano-</strong></span> 
     </span>
    </p>
   </div>
   <div class='ocr_carea' id='block_1_92' title="bbox 2121 4277 3754 4356">
    <p class='ocr_par' dir='ltr' id='par_1_92' title="bbox 2121 4277 3754 4356">
     <span class='ocr_line' id='line_1_92' title="bbox 2121 4277 3754 4356; baseline -0.004 -15"><span class='ocrx_word' id='word_1_628' title='bbox 2121 4301 2264 4341; x_wconf 90' lang='lat' dir='ltr'><strong>num</strong></span> <span class='ocrx_word' id='word_1_629' title='bbox 2293 4284 2690 4341; x_wconf 90' lang='lat' dir='ltr'><strong>collectionem</strong></span> <span class='ocrx_word' id='word_1_630' title='bbox 2723 4283 2833 4339; x_wconf 89' lang='lat' dir='ltr'><strong>sub</strong></span> <span class='ocrx_word' id='word_1_631' title='bbox 2863 4284 2992 4355; x_wconf 87' lang='lat' dir='ltr'><strong>ejus</strong></span> <span class='ocrx_word' id='word_1_632' title='bbox 3023 4283 3362 4356; x_wconf 81' lang='lat' dir='ltr'><strong>pontiﬁcatu</strong></span> <span class='ocrx_word' id='word_1_633' title='bbox 3397 4277 3754 4340; x_wconf 78' lang='lat' dir='ltr'><strong>edidiLAdel-</strong></span> 
     </span>
    </p>
   </div>
   <div class='ocr_carea' id='block_1_93' title="bbox 2120 4365 3755 4444">
    <p class='ocr_par' dir='ltr' id='par_1_93' title="bbox 2120 4365 3755 4444">
     <span class='ocr_line' id='line_1_93' title="bbox 2120 4365 3755 4444; baseline -0.006 -14"><span class='ocrx_word' id='word_1_634' title='bbox 2120 4372 2302 4430; x_wconf 86' lang='lat' dir='ltr'><strong>ferius</strong></span> <span class='ocrx_word' id='word_1_635' title='bbox 2329 4389 2463 4429; x_wconf 90' lang='lat' dir='ltr'><strong>vero</strong></span> <span class='ocrx_word' id='word_1_636' title='bbox 2503 4377 2706 4428; x_wconf 91' lang='lat' dir='ltr'><strong>auctor</strong></span> <span class='ocrx_word' id='word_1_637' title='bbox 2747 4372 2924 4427; x_wconf 90' lang='lat' dir='ltr'><strong>etiam</strong></span> <span class='ocrx_word' id='word_1_638' title='bbox 2973 4371 3218 4444; x_wconf 89' lang='lat' dir='ltr'><strong>aqualis</strong></span> <span class='ocrx_word' id='word_1_639' title='bbox 3265 4373 3323 4427; x_wconf 91' lang='lat' dir='ltr'><strong>in</strong></span> <span class='ocrx_word' id='word_1_640' title='bbox 3373 4371 3531 4428; x_wconf 89' lang='lat' dir='ltr'><strong>Actis</strong></span> <span class='ocrx_word' id='word_1_641' title='bbox 3577 4365 3755 4426; x_wconf 89' lang='lat' dir='ltr'><strong>Sancti</strong></span> 
     </span>
    </p>
   </div>
   <div class='ocr_carea' id='block_1_94' title="bbox 2122 4459 3754 4534">
    <p class='ocr_par' dir='ltr' id='par_1_94' title="bbox 2122 4459 3754 4534">
     <span class='ocr_line' id='line_1_94' title="bbox 2122 4459 3754 4534; baseline -0.005 -17"><span class='ocrx_word' id='word_1_642' title='bbox 2122 4461 2340 4518; x_wconf 89' lang='lat' dir='ltr'><strong>Nicolai</strong></span> <span class='ocrx_word' id='word_1_643' title='bbox 2375 4459 2670 4534; x_wconf 87' lang='lat' dir='ltr'><strong>Peregrini</strong></span> <span class='ocrx_word' id='word_1_644' title='bbox 2703 4465 2865 4532; x_wconf 88' lang='lat' dir='ltr'><strong>parte</strong></span> <span class='ocrx_word' id='word_1_645' title='bbox 2895 4477 2956 4526; x_wconf 87' lang='grc' dir='ltr'><strong>ιι,</strong></span> <span class='ocrx_word' id='word_1_646' title='bbox 2989 4463 3153 4532; x_wconf 78' lang='lat' dir='ltr'><strong>cap.l</strong></span> <span class='ocrx_word' id='word_1_647' title='bbox 3178 4461 3334 4532; x_wconf 89' lang='lat' dir='ltr'><strong>apud</strong></span> <span class='ocrx_word' id='word_1_648' title='bbox 3365 4459 3754 4517; x_wconf 89' lang='lat' dir='ltr'><strong>Bollandianos</strong></span> 
     </span>
    </p>
   </div>
   <div class='ocr_carea' id='block_1_95' title="bbox 355 4545 3757 4636">
    <p class='ocr_par' dir='ltr' id='par_1_95' title="bbox 355 4545 3757 4636">
     <span class='ocr_line' id='line_1_95' title="bbox 355 4545 3757 4636; baseline -0.001 -32"><span class='ocrx_word' id='word_1_649' title='bbox 355 4547 622 4621; x_wconf 89' lang='lat' dir='ltr'><strong>Philippo</strong></span> <span class='ocrx_word' id='word_1_650' title='bbox 653 4546 822 4636; x_wconf 78' lang='lat' dir='ltr'><strong>Bona</strong></span> <span class='ocrx_word' id='word_1_651' title='bbox 853 4545 989 4636; x_wconf 87' lang='lat' dir='ltr'><strong>Spei</strong></span> <span class='ocrx_word' id='word_1_652' title='bbox 1019 4547 1214 4636; x_wconf 85' lang='lat' dir='ltr'><strong>abbati</strong></span> <span class='ocrx_word' id='word_1_653' title='bbox 1246 4547 1536 4606; x_wconf 87' lang='lat' dir='ltr'><strong>tributum</strong></span> <span class='ocrx_word' id='word_1_654' title='bbox 1567 4548 1704 4604; x_wconf 89' lang='lat' dir='ltr'><strong>item</strong></span> <span class='ocrx_word' id='word_1_655' title='bbox 1737 4566 1806 4605; x_wconf 87' lang='lat' dir='ltr'><strong>ex</strong></span> <span class='ocrx_word' id='word_1_656' title='bbox 1833 4548 2010 4606; x_wconf 89' lang='lat' dir='ltr'><strong>0rde-</strong></span> <span class='ocrx_word' id='word_1_657' title='bbox 2046 4571 2090 4636; x_wconf 75' lang='grc' dir='ltr'><strong>ι)</strong></span> <span class='ocrx_word' id='word_1_658' title='bbox 2121 4550 2215 4606; x_wconf 92' lang='lat' dir='ltr'><strong>die</strong></span> <span class='ocrx_word' id='word_1_659' title='bbox 2241 4567 2281 4606; x_wconf 90' lang='grc' dir='ltr'><strong>ιι</strong></span> <span class='ocrx_word' id='word_1_660' title='bbox 2301 4548 2482 4616; x_wconf 85' lang='lat' dir='ltr'><strong>Junii,</strong></span> <span class='ocrx_word' id='word_1_661' title='bbox 2517 4549 2601 4604; x_wconf 93' lang='lat' dir='ltr'><strong>sic</strong></span> <span class='ocrx_word' id='word_1_662' title='bbox 2633 4547 2806 4604; x_wconf 89' lang='lat' dir='ltr'><strong>habet</strong></span> <span class='ocrx_word' id='word_1_663' title='bbox 2829 4565 2879 4604; x_wconf 84' lang='lat'><strong>:«</strong></span> <span class='ocrx_word' id='word_1_664' title='bbox 2913 4547 3056 4604; x_wconf 88' lang='lat' dir='ltr'><strong>Cum</strong></span> <span class='ocrx_word' id='word_1_665' title='bbox 3090 4549 3364 4605; x_wconf 83' lang='lat' dir='ltr'><strong>Romana</strong></span> <span class='ocrx_word' id='word_1_666' title='bbox 3395 4547 3552 4605; x_wconf 87' lang='lat' dir='ltr'><strong>sedis</strong></span> <span class='ocrx_word' id='word_1_667' title='bbox 3571 4560 3757 4604; x_wconf 85' lang='lat' dir='ltr'><strong>secun-</strong></span> 
     </span>
    </p>
   </div>
   <div class='ocr_carea' id='block_1_96' title="bbox 356 4635 3756 4710">
    <p class='ocr_par' dir='ltr' id='par_1_96' title="bbox 356 4635 3756 4710">
     <span class='ocr_line' id='line_1_96' title="bbox 356 4635 3756 4710; baseline -0.001 -18"><span class='ocrx_word' id='word_1_668' title='bbox 356 4637 477 4693; x_wconf 89' lang='lat' dir='ltr'><strong>rico</strong></span> <span class='ocrx_word' id='word_1_669' title='bbox 510 4637 582 4693; x_wconf 88' lang='lat' dir='ltr'><strong>ad</strong></span> <span class='ocrx_word' id='word_1_670' title='bbox 621 4635 840 4694; x_wconf 89' lang='lat' dir='ltr'><strong>calcem</strong></span> <span class='ocrx_word' id='word_1_671' title='bbox 902 4635 1200 4692; x_wconf 89' lang='lat' dir='ltr'><strong>dabimus.</strong></span> <span class='ocrx_word' id='word_1_672' title='bbox 1258 4636 1327 4691; x_wconf 89' lang='lat' dir='ltr'><strong>Et</strong></span> <span class='ocrx_word' id='word_1_673' title='bbox 1383 4636 1620 4708; x_wconf 89' lang='lat' dir='ltr'><strong>quidem</strong></span> <span class='ocrx_word' id='word_1_674' title='bbox 1679 4637 2013 4710; x_wconf 89' lang='lat' dir='ltr'><strong>gravissimi</strong></span> <span class='ocrx_word' id='word_1_675' title='bbox 2048 4635 2061 4636; x_wconf 28' lang='grc' dir='ltr'>ί</span> <span class='ocrx_word' id='word_1_676' title='bbox 2123 4639 2256 4704; x_wconf 90' lang='lat' dir='ltr'><strong>dus,</strong></span> <span class='ocrx_word' id='word_1_677' title='bbox 2300 4639 2447 4693; x_wconf 86' lang='lat' dir='ltr'><strong>forte</strong></span> <span class='ocrx_word' id='word_1_678' title='bbox 2477 4641 2736 4704; x_wconf 87' lang='lat' dir='ltr'><strong>sanctus,</strong></span> <span class='ocrx_word' id='word_1_679' title='bbox 2770 4636 3236 4708; x_wconf 81' lang='lat' dir='ltr'><strong>gloriosissimus</strong></span> <span class='ocrx_word' id='word_1_680' title='bbox 3279 4637 3570 4705; x_wconf 90' lang='lat' dir='ltr'><strong>Urbanus,</strong></span> <span class='ocrx_word' id='word_1_681' title='bbox 3599 4647 3756 4708; x_wconf 81' lang='lat' dir='ltr'><strong>opere</strong></span> 
     </span>
    </p>
   </div>
   <div class='ocr_carea' id='block_1_97' title="bbox 353 4723 2006 4798">
    <p class='ocr_par' dir='ltr' id='par_1_97' title="bbox 353 4723 2006 4798">
     <span class='ocr_line' id='line_1_97' title="bbox 353 4723 2006 4798; baseline 0.001 -18"><span class='ocrx_word' id='word_1_682' title='bbox 353 4723 760 4798; x_wconf 87' lang='lat' dir='ltr'><strong>labores,quos</strong></span> <span class='ocrx_word' id='word_1_683' title='bbox 792 4729 910 4781; x_wconf 71' lang='lat' dir='ltr'><strong>toto</strong></span> <span class='ocrx_word' id='word_1_684' title='bbox 940 4723 1034 4780; x_wconf 91' lang='lat' dir='ltr'><strong>sui</strong></span> <span class='ocrx_word' id='word_1_685' title='bbox 1065 4724 1445 4796; x_wconf 76' lang='lat' dir='ltr'><strong>pontificatus</strong></span> <span class='ocrx_word' id='word_1_686' title='bbox 1468 4730 1728 4796; x_wconf 90' lang='lat' dir='ltr'><strong>tempore</strong></span> <span class='ocrx_word' id='word_1_687' title='bbox 1744 4727 2006 4798; x_wconf 84' lang='lat' dir='ltr'><strong>pertulit,</strong></span> 
     </span>
    </p>
   </div>
   <div class='ocr_carea' id='block_1_98' title="bbox 353 4812 2010 4886">
    <p class='ocr_par' dir='ltr' id='par_1_98' title="bbox 353 4812 2010 4886">
     <span class='ocr_line' id='line_1_98' title="bbox 353 4812 2010 4886; baseline 0.001 -16"><span class='ocrx_word' id='word_1_688' title='bbox 353 4814 628 4886; x_wconf 80' lang='lat' dir='ltr'><strong>variaque</strong></span> <span class='ocrx_word' id='word_1_689' title='bbox 660 4815 872 4870; x_wconf 86' lang='lat' dir='ltr'><strong>itinera</strong></span> <span class='ocrx_word' id='word_1_690' title='bbox 893 4813 954 4869; x_wconf 92' lang='lat' dir='ltr'><strong>in</strong></span> <span class='ocrx_word' id='word_1_691' title='bbox 977 4812 1254 4870; x_wconf 87' lang='lat' dir='ltr'><strong>extremis</strong></span> <span class='ocrx_word' id='word_1_692' title='bbox 1270 4813 1399 4868; x_wconf 82' lang='lat' dir='ltr'><strong>vita</strong></span> <span class='ocrx_word' id='word_1_693' title='bbox 1417 4829 1536 4868; x_wconf 81' lang='lat' dir='ltr'><strong>sua</strong></span> <span class='ocrx_word' id='word_1_694' title='bbox 1558 4815 1728 4870; x_wconf 90' lang='lat' dir='ltr'><strong>annis</strong></span> <span class='ocrx_word' id='word_1_695' title='bbox 1750 4815 2010 4872; x_wconf 88' lang='lat' dir='ltr'><strong>confecta</strong></span> 
     </span>
    </p>
   </div>
   <div class='ocr_carea' id='block_1_99' title="bbox 353 4900 2008 4974">
    <p class='ocr_par' dir='ltr' id='par_1_99' title="bbox 353 4900 2008 4974">
     <span class='ocr_line' id='line_1_99' title="bbox 353 4900 2008 4974; baseline 0.001 -16"><span class='ocrx_word' id='word_1_696' title='bbox 353 4902 499 4958; x_wconf 85' lang='lat' dir='ltr'><strong>satis</strong></span> <span class='ocrx_word' id='word_1_697' title='bbox 537 4902 799 4958; x_wconf 86' lang='lat' dir='ltr'><strong>indicant</strong></span> <span class='ocrx_word' id='word_1_698' title='bbox 843 4918 978 4958; x_wconf 89' lang='lat' dir='ltr'><strong>eum</strong></span> <span class='ocrx_word' id='word_1_699' title='bbox 1027 4906 1167 4957; x_wconf 93' lang='lat' dir='ltr'><strong>tunc</strong></span> <span class='ocrx_word' id='word_1_700' title='bbox 1214 4900 1496 4974; x_wconf 89' lang='lat' dir='ltr'><strong>temporis</strong></span> <span class='ocrx_word' id='word_1_701' title='bbox 1547 4901 1710 4958; x_wconf 89' lang='lat' dir='ltr'><strong>senio</strong></span> <span class='ocrx_word' id='word_1_702' title='bbox 1759 4903 2008 4960; x_wconf 87' lang='lat' dir='ltr'><strong>fractum</strong></span> 
     </span>
    </p>
   </div>
   <div class='ocr_carea' id='block_1_100' title="bbox 357 4978 2009 5064">
    <p class='ocr_par' dir='ltr' id='par_1_100' title="bbox 357 4978 2009 5064">
     <span class='ocr_line' id='line_1_100' title="bbox 357 4978 2009 5064; baseline 0.001 -18"><span class='ocrx_word' id='word_1_703' title='bbox 357 4978 473 5046; x_wconf 84' lang='lat' dir='ltr'><strong>non</strong></span> <span class='ocrx_word' id='word_1_704' title='bbox 505 4989 993 5060; x_wconf 70' lang='lat' dir='ltr'><strong>fuisse.Ejusdem</strong></span> <span class='ocrx_word' id='word_1_705' title='bbox 1025 4990 1285 5060; x_wconf 80' lang='lat' dir='ltr'><strong>corporis</strong></span> <span class='ocrx_word' id='word_1_706' title='bbox 1305 4995 1364 5044; x_wconf 90' lang='lat' dir='ltr'><strong>et</strong></span> <span class='ocrx_word' id='word_1_707' title='bbox 1383 4989 1594 5044; x_wconf 85' lang='lat' dir='ltr'><strong>anima</strong></span> <span class='ocrx_word' id='word_1_708' title='bbox 1619 4990 1785 5046; x_wconf 88' lang='lat' dir='ltr'><strong>dotes</strong></span> <span class='ocrx_word' id='word_1_709' title='bbox 1807 4993 2009 5064; x_wconf 87' lang='lat' dir='ltr'><strong>paucis</strong></span> 
     </span>
    </p>
   </div>
   <div class='ocr_carea' id='block_1_101' title="bbox 353 5076 2012 5150">
    <p class='ocr_par' dir='ltr' id='par_1_101' title="bbox 353 5076 2012 5150">
     <span class='ocr_line' id='line_1_101' title="bbox 353 5076 2012 5150; baseline 0.001 -15"><span class='ocrx_word' id='word_1_710' title='bbox 353 5076 615 5150; x_wconf 85' lang='lat' dir='ltr'><strong>exponit,</strong></span> <span class='ocrx_word' id='word_1_711' title='bbox 646 5081 714 5134; x_wconf 89' lang='lat' dir='ltr'><strong>ut</strong></span> <span class='ocrx_word' id='word_1_712' title='bbox 733 5077 862 5148; x_wconf 89' lang='lat' dir='ltr'><strong>jam</strong></span> <span class='ocrx_word' id='word_1_713' title='bbox 893 5076 1458 5142; x_wconf 86' lang='lat' dir='ltr'><strong>diximus,0dericus</strong></span> <span class='ocrx_word' id='word_1_714' title='bbox 1489 5076 1694 5133; x_wconf 85' lang='lat' dir='ltr'><strong>Vitalis</strong></span> <span class='ocrx_word' id='word_1_715' title='bbox 1727 5079 1874 5136; x_wconf 90' lang='lat' dir='ltr'><strong>libro</strong></span> <span class='ocrx_word' id='word_1_716' title='bbox 1911 5098 2012 5136; x_wconf 87' lang='lat' dir='ltr'><strong>vm</strong></span> 
     </span>
    </p>
   </div>
   <div class='ocr_carea' id='block_1_102' title="bbox 355 5163 2012 5238">
    <p class='ocr_par' dir='ltr' id='par_1_102' title="bbox 355 5163 2012 5238">
     <span class='ocr_line' id='line_1_102' title="bbox 355 5163 2012 5238; baseline 0.001 -16"><span class='ocrx_word' id='word_1_717' title='bbox 355 5165 458 5222; x_wconf 90' lang='lat' dir='ltr'><strong>ubi</strong></span> <span class='ocrx_word' id='word_1_718' title='bbox 488 5163 694 5219; x_wconf 87' lang='lat' dir='ltr'><strong>scribit</strong></span> <span class='ocrx_word' id='word_1_719' title='bbox 725 5181 739 5218; x_wconf 90' lang='lat'>:</span> <span class='ocrx_word' id='word_1_720' title='bbox 775 5164 917 5220; x_wconf 89' lang='lat' dir='ltr'><strong>Eum</strong></span> <span class='ocrx_word' id='word_1_721' title='bbox 948 5180 1170 5236; x_wconf 88' lang='lat' dir='ltr'><strong>corpore</strong></span> <span class='ocrx_word' id='word_1_722' title='bbox 1205 5182 1468 5238; x_wconf 89' lang='lat' dir='ltr'><strong>magnum</strong></span> <span class='ocrx_word' id='word_1_723' title='bbox 1517 5165 1720 5232; x_wconf 82' lang='lat' dir='ltr'><strong>fuisse,</strong></span> <span class='ocrx_word' id='word_1_724' title='bbox 1749 5167 2012 5224; x_wconf 77' lang='lat' dir='ltr'><strong>modestia</strong></span> 
     </span>
    </p>
   </div>
   <div class='ocr_carea' id='block_1_103' title="bbox 353 5252 2011 5324">
    <p class='ocr_par' dir='ltr' id='par_1_103' title="bbox 353 5252 2011 5324">
     <span class='ocr_line' id='line_1_103' title="bbox 353 5252 2011 5324; baseline 0 -14"><span class='ocrx_word' id='word_1_725' title='bbox 353 5254 668 5317; x_wconf 83' lang='lat' dir='ltr'><strong>discretum,</strong></span> <span class='ocrx_word' id='word_1_726' title='bbox 700 5252 968 5323; x_wconf 77' lang='lat' dir='ltr'><strong>religione</strong></span> <span class='ocrx_word' id='word_1_727' title='bbox 993 5254 1318 5322; x_wconf 68' lang='lat' dir='ltr'><strong>maximum,</strong></span> <span class='ocrx_word' id='word_1_728' title='bbox 1371 5254 1648 5324; x_wconf 88' lang='lat' dir='ltr'><strong>sapientia</strong></span> <span class='ocrx_word' id='word_1_729' title='bbox 1673 5257 1725 5308; x_wconf 90' lang='lat' dir='ltr'><strong>et</strong></span> <span class='ocrx_word' id='word_1_730' title='bbox 1754 5255 2011 5324; x_wconf 88' lang='lat' dir='ltr'><strong>eloquen-</strong></span> 
     </span>
    </p>
   </div>
   <div class='ocr_carea' id='block_1_104' title="bbox 353 5339 2010 5412">
    <p class='ocr_par' dir='ltr' id='par_1_104' title="bbox 353 5339 2010 5412">
     <span class='ocr_line' id='line_1_104' title="bbox 353 5339 2010 5412; baseline 0 -14"><span class='ocrx_word' id='word_1_731' title='bbox 353 5343 435 5398; x_wconf 85' lang='lat' dir='ltr'><strong>tia</strong></span> <span class='ocrx_word' id='word_1_732' title='bbox 451 5340 1012 5412; x_wconf 68' lang='lat' dir='ltr'><strong>pracipuum,quem</strong></span> <span class='ocrx_word' id='word_1_733' title='bbox 1043 5341 1396 5412; x_wconf 88' lang='lat' dir='ltr'><strong>apostolicam</strong></span> <span class='ocrx_word' id='word_1_734' title='bbox 1421 5339 1606 5394; x_wconf 88' lang='lat' dir='ltr'><strong>sedem</strong></span> <span class='ocrx_word' id='word_1_735' title='bbox 1633 5347 1855 5395; x_wconf 87' lang='lat' dir='ltr'><strong>strenue</strong></span> <span class='ocrx_word' id='word_1_736' title='bbox 1873 5345 2010 5398; x_wconf 85' lang='lat' dir='ltr'><strong>viri-</strong></span> 
     </span>
    </p>
   </div>
   <div class='ocr_carea' id='block_1_105' title="bbox 357 5425 2014 5500">
    <p class='ocr_par' dir='ltr' id='par_1_105' title="bbox 357 5425 2014 5500">
     <span class='ocr_line' id='line_1_105' title="bbox 357 5425 2014 5500; baseline 0 -14"><span class='ocrx_word' id='word_1_737' title='bbox 357 5431 592 5500; x_wconf 87' lang='lat' dir='ltr'><strong>literque</strong></span> <span class='ocrx_word' id='word_1_738' title='bbox 618 5429 846 5496; x_wconf 73' lang='lat' dir='ltr'><strong>rexisse,</strong></span> <span class='ocrx_word' id='word_1_739' title='bbox 877 5425 958 5484; x_wconf 90' lang='lat' dir='ltr'><strong>ait</strong></span> <span class='ocrx_word' id='word_1_740' title='bbox 1001 5427 1169 5484; x_wconf 90' lang='lat' dir='ltr'><strong>initio</strong></span> <span class='ocrx_word' id='word_1_741' title='bbox 1215 5427 1350 5482; x_wconf 88' lang='lat' dir='ltr'><strong>libri</strong></span> <span class='ocrx_word' id='word_1_742' title='bbox 1379 5444 1413 5481; x_wconf 75' lang='grc' dir='ltr'><strong><em>κ</em></strong></span> <span class='ocrx_word' id='word_1_743' title='bbox 1445 5433 1498 5480; x_wconf 88' lang='lat' dir='ltr'><strong>et</strong></span> <span class='ocrx_word' id='word_1_744' title='bbox 1524 5425 1826 5482; x_wconf 84' lang='lat' dir='ltr'><strong>mercedem</strong></span> <span class='ocrx_word' id='word_1_745' title='bbox 1847 5445 1881 5482; x_wconf 91' lang='lat' dir='ltr'><strong>a</strong></span> <span class='ocrx_word' id='word_1_746' title='bbox 1909 5429 2014 5486; x_wconf 89' lang='lat' dir='ltr'><strong>Deo</strong></span> 
     </span>
    </p>
   </div>
   <div class='ocr_carea' id='block_1_106' title="bbox 351 5513 2015 5592">
    <p class='ocr_par' dir='ltr' id='par_1_106' title="bbox 351 5513 2015 5592">
     <span class='ocr_line' id='line_1_106' title="bbox 351 5513 2015 5592; baseline -0.007 -18"><span class='ocrx_word' id='word_1_747' title='bbox 351 5518 737 5592; x_wconf 80' lang='lat' dir='ltr'><strong>perceptarum</strong></span> <span class='ocrx_word' id='word_1_748' title='bbox 762 5531 862 5590; x_wconf 89' lang='lat' dir='ltr'><strong>pro</strong></span> <span class='ocrx_word' id='word_1_749' title='bbox 892 5517 1047 5572; x_wconf 87' lang='lat' dir='ltr'><strong>bonis</strong></span> <span class='ocrx_word' id='word_1_750' title='bbox 1074 5513 1495 5587; x_wconf 85' lang='lat' dir='ltr'><strong>studiis,quibus</strong></span> <span class='ocrx_word' id='word_1_751' title='bbox 1522 5514 1772 5584; x_wconf 84' lang='lat' dir='ltr'><strong>apprime</strong></span> <span class='ocrx_word' id='word_1_752' title='bbox 1810 5516 2015 5586; x_wconf 60' lang='lat' dir='ltr'><strong>ﬂama-</strong></span> 
     </span>
    </p>
   </div>
   <div class='ocr_carea' id='block_1_107' title="bbox 357 5597 2016 5683">
    <p class='ocr_par' dir='ltr' id='par_1_107' title="bbox 357 5597 2016 5683">
     <span class='ocr_line' id='line_1_107' title="bbox 357 5597 2016 5683; baseline -0.02 3"><span class='ocrx_word' id='word_1_753' title='bbox 357 5612 466 5683; x_wconf 60' lang='grc' dir='ltr'><strong>δαίμ</strong></span> <span class='ocrx_word' id='word_1_754' title='bbox 507 5619 577 5664; x_wconf 54' lang='grc' dir='ltr'><strong>οδε</strong></span> <span class='ocrx_word' id='word_1_755' title='bbox 625 5603 722 5666; x_wconf 81' lang='lat' dir='ltr'><strong>hoc</strong></span> <span class='ocrx_word' id='word_1_756' title='bbox 761 5602 966 5664; x_wconf 86' lang='lat' dir='ltr'><strong>mundo</strong></span> <span class='ocrx_word' id='word_1_757' title='bbox 1013 5605 1298 5681; x_wconf 82' lang='lat' dir='ltr'><strong>migrasse.</strong></span> <span class='ocrx_word' id='word_1_758' title='bbox 1351 5599 1538 5674; x_wconf 80' lang='lat' dir='ltr'><strong>Cujus,</strong></span> <span class='ocrx_word' id='word_1_759' title='bbox 1587 5597 1801 5681; x_wconf 86' lang='lat' dir='ltr'><strong>inquit,</strong></span> <span class='ocrx_word' id='word_1_760' title='bbox 1852 5620 2016 5679; x_wconf 74' lang='grc' dir='ltr'><strong>ορθνα</strong></span> 
     </span>
    </p>
   </div>
   <div class='ocr_carea' id='block_1_108' title="bbox 2118 4723 3753 4797">
    <p class='ocr_par' dir='ltr' id='par_1_108' title="bbox 2118 4723 3753 4797">
     <span class='ocr_line' id='line_1_108' title="bbox 2118 4723 3753 4797; baseline -0.006 -14"><span class='ocrx_word' id='word_1_761' title='bbox 2118 4733 2176 4783; x_wconf 89' lang='lat' dir='ltr'><strong>et</strong></span> <span class='ocrx_word' id='word_1_762' title='bbox 2208 4725 2472 4782; x_wconf 88' lang='lat' dir='ltr'><strong>doctrina</strong></span> <span class='ocrx_word' id='word_1_763' title='bbox 2501 4728 2849 4797; x_wconf 83' lang='lat' dir='ltr'><strong>prapotens,</strong></span> <span class='ocrx_word' id='word_1_764' title='bbox 2881 4729 2939 4779; x_wconf 92' lang='lat' dir='ltr'><strong>et</strong></span> <span class='ocrx_word' id='word_1_765' title='bbox 2968 4724 3314 4796; x_wconf 87' lang='lat' dir='ltr'><strong>eloquentia</strong></span> <span class='ocrx_word' id='word_1_766' title='bbox 3359 4727 3518 4782; x_wconf 86' lang='lat' dir='ltr'><strong>fonte</strong></span> <span class='ocrx_word' id='word_1_767' title='bbox 3561 4723 3753 4780; x_wconf 89' lang='lat' dir='ltr'><strong>redun-</strong></span> 
     </span>
    </p>
   </div>
   <div class='ocr_carea' id='block_1_109' title="bbox 2121 4812 3752 4888">
    <p class='ocr_par' dir='ltr' id='par_1_109' title="bbox 2121 4812 3752 4888">
     <span class='ocr_line' id='line_1_109' title="bbox 2121 4812 3752 4888; baseline -0.004 -17"><span class='ocrx_word' id='word_1_768' title='bbox 2121 4817 2266 4871; x_wconf 88' lang='lat' dir='ltr'><strong>dans</strong></span> <span class='ocrx_word' id='word_1_769' title='bbox 2295 4813 2696 4887; x_wconf 88' lang='lat' dir='ltr'><strong>apostolorum</strong></span> <span class='ocrx_word' id='word_1_770' title='bbox 2725 4818 2783 4869; x_wconf 89' lang='lat' dir='ltr'><strong>et</strong></span> <span class='ocrx_word' id='word_1_771' title='bbox 2811 4812 3266 4884; x_wconf 88' lang='lat' dir='ltr'><strong>apostolicorum</strong></span> <span class='ocrx_word' id='word_1_772' title='bbox 3295 4814 3546 4888; x_wconf 89' lang='lat' dir='ltr'><strong>vestigia</strong></span> <span class='ocrx_word' id='word_1_773' title='bbox 3573 4825 3752 4885; x_wconf 85' lang='lat' dir='ltr'><strong>prose-</strong></span> 
     </span>
    </p>
   </div>
   <div class='ocr_carea' id='block_1_110' title="bbox 2121 4894 3752 4976">
    <p class='ocr_par' dir='ltr' id='par_1_110' title="bbox 2121 4894 3752 4976">
     <span class='ocr_line' id='line_1_110' title="bbox 2121 4894 3752 4976; baseline -0.006 -18"><span class='ocrx_word' id='word_1_774' title='bbox 2121 4919 2328 4976; x_wconf 87' lang='lat' dir='ltr'><strong>quens,</strong></span> <span class='ocrx_word' id='word_1_775' title='bbox 2361 4920 2427 4958; x_wconf 91' lang='lat' dir='ltr'><strong>ac</strong></span> <span class='ocrx_word' id='word_1_776' title='bbox 2457 4901 2735 4974; x_wconf 89' lang='lat' dir='ltr'><strong>pastorali</strong></span> <span class='ocrx_word' id='word_1_777' title='bbox 2765 4919 2905 4957; x_wconf 90' lang='lat' dir='ltr'><strong>cura</strong></span> <span class='ocrx_word' id='word_1_778' title='bbox 2935 4902 3194 4958; x_wconf 85' lang='lat' dir='ltr'><strong>intentus</strong></span> <span class='ocrx_word' id='word_1_779' title='bbox 3223 4901 3602 4960; x_wconf 87' lang='lat' dir='ltr'><strong>ecclesiarum</strong></span> <span class='ocrx_word' id='word_1_780' title='bbox 3642 4894 3752 4953; x_wconf 85' lang='lat' dir='ltr'><strong>feli-</strong></span> 
     </span>
    </p>
   </div>
   <div class='ocr_carea' id='block_1_111' title="bbox 2118 4989 3750 5064">
    <p class='ocr_par' dir='ltr' id='par_1_111' title="bbox 2118 4989 3750 5064">
     <span class='ocr_line' id='line_1_111' title="bbox 2118 4989 3750 5064; baseline -0.006 -17"><span class='ocrx_word' id='word_1_781' title='bbox 2118 4992 2264 5048; x_wconf 90' lang='lat' dir='ltr'><strong>citer</strong></span> <span class='ocrx_word' id='word_1_782' title='bbox 2293 4991 2644 5064; x_wconf 86' lang='lat' dir='ltr'><strong>gubernaret</strong></span> <span class='ocrx_word' id='word_1_783' title='bbox 2689 4989 2994 5064; x_wconf 90' lang='lat' dir='ltr'><strong>regimina,</strong></span> <span class='ocrx_word' id='word_1_784' title='bbox 3028 5013 3056 5040; x_wconf 87' lang='lat'>»</span> <span class='ocrx_word' id='word_1_785' title='bbox 3089 4994 3198 5046; x_wconf 90' lang='lat' dir='ltr'><strong>etc.</strong></span> <span class='ocrx_word' id='word_1_786' title='bbox 3243 4991 3614 5048; x_wconf 88' lang='lat' dir='ltr'><strong>Paucioribus</strong></span> <span class='ocrx_word' id='word_1_787' title='bbox 3639 5001 3750 5040; x_wconf 82' lang='lat' dir='ltr'><strong>ver-</strong></span> 
     </span>
    </p>
   </div>
   <div class='ocr_carea' id='block_1_112' title="bbox 2121 5074 3750 5152">
    <p class='ocr_par' dir='ltr' id='par_1_112' title="bbox 2121 5074 3750 5152">
     <span class='ocr_line' id='line_1_112' title="bbox 2121 5074 3750 5152; baseline -0.004 -18"><span class='ocrx_word' id='word_1_788' title='bbox 2121 5081 2212 5136; x_wconf 89' lang='lat' dir='ltr'><strong>bis</strong></span> <span class='ocrx_word' id='word_1_789' title='bbox 2241 5079 2441 5134; x_wconf 90' lang='lat' dir='ltr'><strong>omnia</strong></span> <span class='ocrx_word' id='word_1_790' title='bbox 2469 5077 2762 5134; x_wconf 89' lang='lat' dir='ltr'><strong>concludit</strong></span> <span class='ocrx_word' id='word_1_791' title='bbox 2788 5077 2974 5150; x_wconf 86' lang='lat' dir='ltr'><strong>elogia</strong></span> <span class='ocrx_word' id='word_1_792' title='bbox 3015 5077 3283 5136; x_wconf 89' lang='lat' dir='ltr'><strong>Gerohus</strong></span> <span class='ocrx_word' id='word_1_793' title='bbox 3310 5079 3371 5134; x_wconf 89' lang='lat' dir='ltr'><strong>in</strong></span> <span class='ocrx_word' id='word_1_794' title='bbox 3401 5074 3750 5152; x_wconf 77' lang='lat' dir='ltr'><strong>Syntagmate</strong></span> 
     </span>
    </p>
   </div>
   <div class='ocr_carea' id='block_1_113' title="bbox 2119 5159 3752 5240">
    <p class='ocr_par' dir='ltr' id='par_1_113' title="bbox 2119 5159 3752 5240">
     <span class='ocr_line' id='line_1_113' title="bbox 2119 5159 3752 5240; baseline -0.003 -18"><span class='ocrx_word' id='word_1_795' title='bbox 2119 5168 2320 5238; x_wconf 79' lang='lat' dir='ltr'><strong>cap.l6</strong></span> <span class='ocrx_word' id='word_1_796' title='bbox 2349 5167 2503 5240; x_wconf 90' lang='lat' dir='ltr'><strong>apud</strong></span> <span class='ocrx_word' id='word_1_797' title='bbox 2535 5165 3308 5239; x_wconf 71' lang='lat' dir='ltr'><strong>TegnagellummUrbanus</strong></span> <span class='ocrx_word' id='word_1_798' title='bbox 3329 5167 3559 5226; x_wconf 73' lang='lat' dir='ltr'><strong>sicutin</strong></span> <span class='ocrx_word' id='word_1_799' title='bbox 3579 5159 3752 5235; x_wconf 79' lang='lat' dir='ltr'><strong>digni-</strong></span> 
     </span>
    </p>
   </div>
   <div class='ocr_carea' id='block_1_114' title="bbox 2121 5249 3748 5326">
    <p class='ocr_par' dir='ltr' id='par_1_114' title="bbox 2121 5249 3748 5326">
     <span class='ocr_line' id='line_1_114' title="bbox 2121 5249 3748 5326; baseline -0.004 -16"><span class='ocrx_word' id='word_1_800' title='bbox 2121 5260 2260 5319; x_wconf 88' lang='lat' dir='ltr'><strong>tate,</strong></span> <span class='ocrx_word' id='word_1_801' title='bbox 2291 5255 2373 5310; x_wconf 92' lang='lat' dir='ltr'><strong>ita</strong></span> <span class='ocrx_word' id='word_1_802' title='bbox 2401 5271 2636 5326; x_wconf 90' lang='lat' dir='ltr'><strong>quoque</strong></span> <span class='ocrx_word' id='word_1_803' title='bbox 2664 5254 2874 5310; x_wconf 90' lang='lat' dir='ltr'><strong>virtute</strong></span> <span class='ocrx_word' id='word_1_804' title='bbox 2903 5254 3163 5326; x_wconf 87' lang='lat' dir='ltr'><strong>Gregorii</strong></span> <span class='ocrx_word' id='word_1_805' title='bbox 3196 5255 3316 5322; x_wconf 85' lang='lat' dir='ltr'><strong>VII,</strong></span> <span class='ocrx_word' id='word_1_806' title='bbox 3350 5256 3468 5312; x_wconf 90' lang='lat' dir='ltr'><strong>imo</strong></span> <span class='ocrx_word' id='word_1_807' title='bbox 3498 5258 3554 5312; x_wconf 85' lang='lat' dir='ltr'><strong>et</strong></span> <span class='ocrx_word' id='word_1_808' title='bbox 3581 5249 3748 5324; x_wconf 80' lang='lat' dir='ltr'><strong>ipsius</strong></span> 
     </span>
    </p>
   </div>
   <div class='ocr_carea' id='block_1_115' title="bbox 2123 5335 3747 5416">
    <p class='ocr_par' dir='ltr' id='par_1_115' title="bbox 2123 5335 3747 5416">
     <span class='ocr_line' id='line_1_115' title="bbox 2123 5335 3747 5416; baseline -0.001 -18"><span class='ocrx_word' id='word_1_809' title='bbox 2123 5343 2274 5399; x_wconf 89' lang='lat' dir='ltr'><strong>Petri</strong></span> <span class='ocrx_word' id='word_1_810' title='bbox 2329 5343 2658 5416; x_wconf 85' lang='lat' dir='ltr'><strong>legitimum</strong></span> <span class='ocrx_word' id='word_1_811' title='bbox 2705 5359 2769 5398; x_wconf 88' lang='lat' dir='ltr'><strong>se</strong></span> <span class='ocrx_word' id='word_1_812' title='bbox 2825 5358 3227 5399; x_wconf 89' lang='lat' dir='ltr'><strong>successorem</strong></span> <span class='ocrx_word' id='word_1_813' title='bbox 3289 5344 3567 5401; x_wconf 87' lang='lat' dir='ltr'><strong>exhibuit.</strong></span> <span class='ocrx_word' id='word_1_814' title='bbox 3619 5364 3645 5390; x_wconf 91' lang='grc'><strong>‹‹</strong></span> <span class='ocrx_word' id='word_1_815' title='bbox 3690 5335 3747 5392; x_wconf 63' lang='lat' dir='ltr'><strong>Et</strong></span> 
     </span>
    </p>
   </div>
   <div class='ocr_carea' id='block_1_116' title="bbox 2120 5420 3746 5504">
    <p class='ocr_par' dir='ltr' id='par_1_116' title="bbox 2120 5420 3746 5504">
     <span class='ocr_line' id='line_1_116' title="bbox 2120 5420 3746 5504; baseline -0.002 -18"><span class='ocrx_word' id='word_1_816' title='bbox 2120 5431 2416 5487; x_wconf 88' lang='lat' dir='ltr'><strong>Berardus</strong></span> <span class='ocrx_word' id='word_1_817' title='bbox 2447 5429 2715 5486; x_wconf 90' lang='lat' dir='ltr'><strong>Chronici</strong></span> <span class='ocrx_word' id='word_1_818' title='bbox 2747 5429 3128 5489; x_wconf 85' lang='lat' dir='ltr'><strong>Casaurensis</strong></span> <span class='ocrx_word' id='word_1_819' title='bbox 3159 5431 3567 5504; x_wconf 87' lang='lat' dir='ltr'><strong>scriptor,eum</strong></span> <span class='ocrx_word' id='word_1_820' title='bbox 3595 5420 3746 5486; x_wconf 76' lang='lat' dir='ltr'><strong>sicuti</strong></span> 
     </span>
    </p>
   </div>
   <div class='ocr_carea' id='block_1_117' title="bbox 2125 5517 3749 5590">
    <p class='ocr_par' dir='ltr' id='par_1_117' title="bbox 2125 5517 3749 5590">
     <span class='ocr_line' id='line_1_117' title="bbox 2125 5517 3749 5590; baseline -0.002 -12"><span class='ocrx_word' id='word_1_821' title='bbox 2125 5518 2222 5578; x_wconf 88' lang='lat' dir='ltr'><strong>alii</strong></span> <span class='ocrx_word' id='word_1_822' title='bbox 2251 5523 2518 5574; x_wconf 86' lang='lat' dir='ltr'><strong>auctores</strong></span> <span class='ocrx_word' id='word_1_823' title='bbox 2548 5517 2768 5590; x_wconf 86' lang='lat' dir='ltr'><strong>passim</strong></span> <span class='ocrx_word' id='word_1_824' title='bbox 2797 5521 3051 5574; x_wconf 86' lang='lat' dir='ltr'><strong>sanctum</strong></span> <span class='ocrx_word' id='word_1_825' title='bbox 3097 5523 3156 5576; x_wconf 91' lang='lat' dir='ltr'><strong>et</strong></span> <span class='ocrx_word' id='word_1_826' title='bbox 3201 5525 3412 5580; x_wconf 68' lang='lat' dir='ltr'><strong>sancta</strong></span> <span class='ocrx_word' id='word_1_827' title='bbox 3452 5537 3553 5580; x_wconf 76' lang='lat' dir='ltr'><strong>seu</strong></span> <span class='ocrx_word' id='word_1_828' title='bbox 3600 5519 3749 5574; x_wconf 69' lang='lat' dir='ltr'><strong>beata!</strong></span> 
     </span>
    </p>
   </div>
   <div class='ocr_carea' id='block_1_118' title="bbox 2123 5603 3748 5686">
    <p class='ocr_par' dir='ltr' id='par_1_118' title="bbox 2123 5603 3748 5686">
     <span class='ocr_line' id='line_1_118' title="bbox 2123 5603 3748 5686; baseline -0.007 -18"><span class='ocrx_word' id='word_1_829' title='bbox 2123 5606 2514 5668; x_wconf 84' lang='lat' dir='ltr'><strong>recordationis</strong></span> <span class='ocrx_word' id='word_1_830' title='bbox 2543 5608 2724 5668; x_wconf 84' lang='lat' dir='ltr'><strong>virum</strong></span> <span class='ocrx_word' id='word_1_831' title='bbox 2753 5605 3030 5684; x_wconf 84' lang='lat' dir='ltr'><strong>appellat,</strong></span> <span class='ocrx_word' id='word_1_832' title='bbox 3052 5606 3112 5667; x_wconf 89' lang='lat' dir='ltr'><strong>in</strong></span> <span class='ocrx_word' id='word_1_833' title='bbox 3143 5624 3260 5686; x_wconf 86' lang='lat' dir='ltr'><strong>quo</strong></span> <span class='ocrx_word' id='word_1_834' title='bbox 3291 5609 3550 5672; x_wconf 84' lang='lat' dir='ltr'><strong>Ecclesia</strong></span> <span class='ocrx_word' id='word_1_835' title='bbox 3566 5603 3748 5668; x_wconf 70' lang='lat' dir='ltr'><strong>habuit</strong></span> 
     </span>
    </p>
   </div>
  </div>
