3950 6218
145 299 249 359 261
277 354 283 359 .

1734 290 1941 357 νιτΑ.

3427 290 3547 357 262

146 434 339 488 bonum
382 436 662 504 pastorem
714 429 1149 486 Christianitatis
1196 436 1374 485 amato
1399 444 1495 485 'e-m
1550 437 1601 485 et
1665 430 1795 500 ﬁdei
1822 432 1874 497 Α
1907 432 2121 500 ptores,
2150 428 2250 484 sed
2282 427 2457 484 etiam
2488 428 2792 501 pontiﬁces
2823 428 3069 484 Romani
3102 427 3161 483 in
3185 429 3310 486 suis
3330 429 3544 502 episto-

141 520 491 591 defensorem.
526 519 689 576 Unde
719 537 837 576 sua
864 519 1017 575 atati
1047 517 1375 592 gratulatur
1412 518 1670 574 Joannes
1717 518 1788 573 de

142 606 289 663 Colle
318 607 510 664 Medio
542 611 745 664 auctor
767 607 911 663 Vita
940 606 1095 663 beati
1116 606 1362 663 Joannis
1381 605 1789 672 Tervanensis,

142 696 289 769 quod
322 697 433 753 sub
482 696 726 765 Urbani,
778 713 953 770 quem
996 694 1172 768 paulo
1221 700 1392 752 antea
1444 696 1793 767 fortissimun

142 786 466 843 Simoniaca
489 787 655 858 pestis
685 787 1124 858 impugnatorem
1154 783 1563 857 appellaverat,
1607 782 1795 856 ponti-

144 873 307 931 ficatu
336 872 587 930 ecclesia
632 874 1009 947 potissimum
1057 872 1359 930 Gallicana
1400 871 1678 945 religione
1738 875 1833 926 et.

143 962 379 1019 scientia
398 966 750 1035 prastantes
774 963 1079 1036 episcopos
1099 960 1427 1017 habuerit.»
1441 961 1485 1017 Ο
1507 965 1792 1033 tempora,

143 1050 345 1125 inquit,
377 1050 596 1121 felicia,
627 1052 843 1125 quibus
881 1067 1134 1125 superne
1182 1049 1415 1106 iudulta
1473 1050 1797 1121 probantur

144 1139 443 1196 beneﬁcia!
479 1141 626 1197 Ecce
652 1141 885 1197 Urbano
914 1140 1283 1212 prasidente,
1317 1137 1550 1194 Urbano
1598 1143 1795 1211 pasto-

144 1226 354 1284 ralibus
387 1245 573 1301 supra
606 1245 841 1302 gregem
863 1228 1238 1285 Dominicum
1280 1225 1539 1284 excubiis
1586 1225 1795 1300 invigi-

142 1315 311 1383 lante,
359 1321 420 1373 et
469 1334 578 1389 per
617 1317 851 1390 singula
892 1315 1061 1372 ovilis
1106 1316 1198 1372 sui
1247 1314 1365 1371 late
1412 1313 1797 1371 sollicitorum

143 1405 432 1461 custodias
483 1405 891 1462 excubitorum
943 1406 1262 1478 prudenter
1336 1403 1660 1472 ordinante,
1724 1404 1796 1460 ab

145 1493 360 1563 ovibus,
405 1511 564 1567 quas
613 1494 742 1559 tibi,
800 1494 1052 1561 Christe,
1123 1492 1423 1550 redemisti
1498 1493 1800 1565 rapacium

146 1598 367 1638 morsus
390 1580 677 1655 luporum
709 1582 975 1655 prohibet
995 1581 1327 1637 efﬁcaciter.
1358 1603 1384 1630 »
1407 1581 1572 1636 Hunc
1606 1581 1799 1653 ipsum

145 1669 419 1744 privilegii
449 1670 839 1728 ecclesiastici
892 1669 1373 1726 ardentissimum
1434 1670 1799 1725 defensorem

147 1758 286 1815 felici
313 1758 478 1816 obitu
513 1764 841 1817 excessisse
870 1757 1076 1816 scribit
1105 1757 1457 1814 Laurentius
1496 1758 1567 1813 de
1591 1758 1801 1813 Leodio

151 1847 204 1904 in
217 1847 888 1922 Historiaepiscoporum
903 1846 1387 1913 Virdunensium,
1403 1847 1531 1918 ejus
1553 1850 1800 1902 mortem

150 1936 202 1991 in
225 1942 543 2011 conspectu
580 1936 813 1993 Domini
847 1936 1161 2009 pretiosam
1195 1935 1377 1991 fuisse
1405 1938 1657 1990 testatur
1696 1935 1800 1990 Pa-

150 2024 353 2082 schalis
381 2027 514 2098 ejus
546 2041 859 2081 successor
881 2024 939 2080 in
990 2040 1142 2096 sape
1172 2022 1409 2079 laudata
1428 2022 1676 2096 epistola
1708 2022 1802 2078 his

149 2114 357 2171 verbis:
392 2116 632 2181 Urbani,
661 2113 873 2186 inquit,
904 2114 1154 2170 doctrina
1177 2121 1230 2169 et
1250 2114 1378 2178 vita,
1398 2129 1560 2185 quam
1590 2115 1799 2179 sancta,

151 2220 303 2277 quam
344 2213 508 2276 grata
559 2208 674 2260 Deo
718 2204 1013 2269 exstiterit,
1068 2204 1246 2258 exitus
1306 2205 1544 2273 profecto
1607 2202 1805 2256 melior

156 2294 441 2366 approbat.
474 2294 650 2350 Unde
679 2292 796 2348 Deo
824 2309 892 2349 ea
911 2293 983 2348 de
1016 2307 1077 2347 re
1097 2290 1317 2364 gratias
1368 2290 1625 2363 agendas
1674 2305 1805 2346 esse

153 2380 451 2438 concludit.
488 2382 756 2454 Denique
786 2381 1126 2454 Aymericus
1156 2380 1227 2435 de
1252 2379 1426 2435 Perac
1450 2378 1631 2434 abbas
1668 2378 1805 2434 Μοί-

156 2470 420 2528 siacensis
432 2476 577 2544 post
588 2471 961 2527 enarratasin
994 2468 1279 2525 Chronico
1302 2466 1519 2523 multas
1537 2468 1803 2539 ejusdem

161 2559 437 2631 pontificis
456 2559 751 2628 actiones,
775 2558 944 2631 plura
962 2559 1166 2631 paucis
1187 2557 1380 2613 verbis
1401 2555 1805 2612 concludenda

161 2664 276 2705 esse
303 2649 444 2705 dicit
480 2672 502 2700 ι
539 2666 682 2705 eum
714 2647 941 2703 felicem
974 2645 1341 2719 pradicando
1372 2645 1444 2701 ob
1475 2644 1802 2717 impensam

163 2737 278 2807 ejus
300 2738 358 2794 in
377 2755 469 2795 res
491 2754 702 2795 sacras
724 2741 782 2793 et
802 2735 929 2792 loca
949 2736 1064 2792 Deo
1087 2735 1277 2791 dicata
1297 2750 1520 2802 curam,
1535 2734 1607 2789 ob
1623 2734 1807 2790 schis-

165 2826 320 2883 matis
347 2826 858 2901 exstirpationcm,
883 2841 1084 2898 regum
1107 2822 1646 2897 potentissimorum
1685 2838 1807 2878 cor-

164 2915 497 2984 rectionem;
542 2932 616 2971 ac
664 2913 849 2970 multo
898 2915 971 2969 ob
1022 2930 1162 2969 suas
1205 2914 1450 2968 virtutes
1497 2917 1555 2967 et
1599 2911 1808 2967 merita

167 3002 463 3061 feliciorem
495 3021 633 3077 qua
677 3003 726 3059 ei
776 3002 1025 3059 ccclesiis
1077 3001 1273 3075 gloria
1321 2999 1656 3057 fruitionem
1704 2998 1806 3055 Dei

167 3091 559 3151 misericordia
583 3092 1008 3165 acquisierunt;
1039 3106 1219 3163 quare
1233 3088 1597 3161 amplissimo
1614 3087 1807 3145 studio

1898 517 1973 572 Iis
2003 534 2067 572 ac
2098 516 2344 574 decretis
2373 518 2595 590 passim
2625 516 2941 591 appellant,
2967 534 3000 573 a
3018 518 3177 589 cujus
3192 520 3383 575 semita
3409 536 3552 575 nun-

1900 623 2065 679 quam
2092 622 2428 662 recessurum
2452 605 2751 663 Paschalis
2781 607 2909 678 ejus
2940 622 3242 663 successor
3280 608 3456 664 variis
3489 609 3549 664 in

1901 694 2305 751 occasionibus
2335 699 2692 768 protestatus
2723 701 2830 762 est,
2864 712 2930 751 ac
2960 694 3335 768 potissimum
3377 696 3435 750 in
3483 712 3553 752 ea

1902 783 2035 838 ﬁdei
2054 783 2435 855 professione,
2460 800 2635 856 quam
2657 784 2716 840 in
2735 784 2981 840 concilio
2999 783 3375 840 Lateranensi
3398 800 3551 841 anno

1902 871 2043 926 Hi2
2072 871 2287 937 emisit,
2317 888 2493 944 quam
2520 871 2775 928 universi
2807 873 3007 928 Patres
3034 873 3159 928 suis
3188 871 3557 929 acclamatio-

1903 959 2079 1016 nibus
2109 961 2595 1033 approbaverunt.
2630 960 2843 1016 Eodem
2874 963 3055 1016 sancti
3081 960 3188 1015 viri
3237 960 3406 1017 titulo
3452 962 3556 1016 do-

1905 1052 2079 1103 natur
2108 1066 2141 1103 a
2161 1048 2415 1104 Gotl‘rido
2436 1047 2875 1113 Vindocinensi,
2901 1050 2974 1103 ab
2996 1053 3232 1105 auctore
3253 1048 3396 1105 Vita
3420 1066 3554 1105 san-

1905 1136 1981 1191 cti
2017 1136 2165 1192 Petri
2196 1137 2468 1193 Cavensis
2498 1137 2728 1192 abbatis
2749 1143 2806 1191 et
2834 1139 2905 1193 ab
2932 1138 3068 1193 aliis
3091 1136 3559 1211 passim.Sancta

1903 1227 2187 1282 meritoria:
2211 1242 2416 1297 papam
2448 1226 2724 1283 Urbanum
2757 1225 3085 1297 pandentem
3124 1227 3292 1298 plane
3337 1230 3389 1281 et
3430 1241 3559 1281 vere

1906 1314 2262 1386 apostolicum
2289 1316 2472 1369 virum
2503 1314 2759 1386 appellat
2788 1315 2995 1370 Petrus
3016 1315 3305 1370 Diaconus
3326 1314 3474 1370 libro
3497 1331 3554 1371 ιν

1908 1402 2173 1458 Chronici
2208 1402 2563 1467 Casinensis,
2600 1402 2775 1458 Plura
2802 1402 2978 1458 habet
3010 1404 3285 1459 Domnizo
3317 1404 3376 1459 in
3427 1403 3554 1459 suis

1906 1492 2174 1547 versibus
2206 1507 2353 1563 quos
2383 1491 2565 1547 habes
2598 1492 2666 1547 ad
2701 1491 2939 1547 calcem.
2982 1492 3245 1546 Sanctum
3278 1492 3557 1549 Urbanum
3596 1564 3607 1571 .

1910 1578 2173 1636 absolute
2188 1578 2701 1651 appellantBerard
2710 1597 2779 1635 us
2794 1581 2909 1650 iam
2925 1579 3201 1635 laudatus
3214 1580 3559 1637 inChronico

1909 1668 2256 1724 Casaurensi
2282 1673 2338 1723 et
2358 1667 2796 1724 vetustissimus
2816 1672 3021 1723 auctor
3042 1667 3307 1724 Historia
3328 1669 3559 1725 Jeroso-

1912 1755 2206 1828 lymitana
2236 1760 2395 1812 tomo
2426 1756 2447 1811 Ι
2479 1755 2665 1812 Musei
2694 1755 2873 1811 Italici
2905 1755 3306 1812 Mabilloniani
3338 1756 3557 1813 editus.

1910 1845 2170 1916 Denique
2185 1844 2504 1900 Pandulfus
2518 1846 2575 1900 in
2598 1846 2726 1915 ejus
2742 1844 2874 1900 Vita
2892 1844 3096 1901 scribit
3117 1845 3410 1914 eumdem,
3430 1861 3559 1902 con-

1908 1936 2166 2005 fessorem
2220 1941 2272 1989 et
2328 1934 2527 1989 bonum
2578 1933 2783 1989 Christi
2837 1935 3093 1990 athletam
3150 1938 3261 1992 Deo
3314 1935 3567 1991 animam

1910 2022 2236 2078 reddidisse:
2269 2038 2443 2094 quem
2475 2022 2532 2077 in
2556 2022 2671 2077 vita
2694 2021 2994 2079 Paschalis
3022 2023 3152 2095 ejus
3183 2024 3561 2092 successoris,

1909 2113 2168 2167 solemnis
2197 2114 2478 2167 memoria
2507 2111 2789 2167 dominum
2817 2112 3098 2170 Urbanum
3112 2131 3315 2186 papam
3332 2131 3563 2186 magna-

1909 2201 2126 2255 nimum
2155 2199 2315 2254 dicit.

1982 2287 2106 2342 Non
2139 2287 2335 2359 itaque
2368 2288 2583 2342 mirum
2607 2288 2785 2342 videri
2810 2288 3000 2355 debet,
3029 2289 3076 2344 si
3109 2289 3326 2347 Urbani
3351 2308 3564 2347 nomen

1913 2375 1971 2429 in
2009 2373 2301 2447 plerisque
2331 2374 2761 2447 Martyrologiis
2792 2381 2895 2431 aut
2926 2382 3261 2433 sanctorum
3284 2379 3564 2454 catalogis

1912 2463 2006 2519 die
2033 2464 2103 2517 29
2131 2463 2295 2530 Julii,
2329 2480 2445 2536 quo
2464 2463 2711 2519 excessit
2740 2480 2771 2519 e
2801 2465 2921 2521 vita
2941 2464 3289 2539 inscriptum
3316 2469 3565 2541 reperia-

1912 2556 2029 2620 tur;
2051 2552 2320 2624 quamvis
2342 2554 2470 2624 ejus
2494 2552 2864 2609 festivitatem
2894 2571 3198 2627 nunquam
3223 2556 3281 2611 in
3304 2556 3566 2613 Ecclesia

1912 2640 2262 2697 celebratam
2298 2640 2478 2697 fuisse
2510 2641 2811 2697 fatendum
2834 2644 2930 2699 sit.
2954 2643 3054 2699 His
3077 2644 3267 2700 verbis
3285 2645 3415 2717 ejus
3439 2662 3568 2702 me-

1913 2730 2099 2785 moria
2127 2730 2185 2785 in
2219 2730 2629 2803 Martyrologio
2659 2730 3035 2788 Benedictino
3064 2732 3304 2789 Arnoldi
3333 2732 3565 2791 Wionis

1913 2822 1971 2873 et
2000 2818 2262 2891 Hugonis
2293 2818 2553 2875 Menardi
2587 2820 2852 2876 habetur:
2888 2822 3072 2879 Romae
3112 2821 3375 2894 depositio
3423 2824 3568 2881 beati

1918 2907 2124 2962 Urbani
2145 2923 2302 2979 papa
2329 2908 2573 2976 secundi,
2607 2909 2880 2980 quondam
2906 2911 3164 2966 monachi
3194 2910 3568 2969 Cluniacensi:

1917 2996 2188 3054 Cruciata
2234 2996 2305 3051 ad
2360 3000 2827 3069 recuperationem
2877 3006 3036 3055 terra
3084 3004 3284 3056 sancta
3332 3003 3570 3057 auctoris

1917 3086 2290 3155 libertatisque
2307 3086 2687 3142 ecclesiastica
2700 3086 3004 3161 defensoris
3022 3090 3303 3157 acerrimi;
3332 3092 3434 3162 qui
3446 3093 3571 3161 post

167 3196 282 3239 esse
300 3162 839 3252 latanduquuod
872 3182 1001 3251 ejus
1034 3162 1376 3235 sanctissimi
1398 3179 1509 3233 viri
1535 3177 1806 3250 precibus
1837 3162 1879 3227 C
1915 3176 2115 3230 multas
2138 3175 2213 3229 ab
2252 3176 2481 3230 Henrico
2526 3176 2857 3247 imperatore
2902 3178 2971 3231 IV
3014 3186 3260 3249 acceptas
3303 3180 3577 3250 injurias,

167 3271 385 3327 sublato
412 3270 697 3343 pestifero
728 3268 1069 3339 schismate,
1116 3267 1331 3324 ulceris
1374 3266 1673 3323 inveterati
1723 3266 1813 3321 fo-

167 3365 438 3430 mentum,
471 3364 532 3416 et
568 3358 677 3415 sub
709 3358 947 3414 obtentu
970 3359 1146 3413 unius
1166 3355 1554 3413 valentissimi
1587 3354 1812 3411 domini

165 3464 347 3504 veram
377 3448 544 3521 pacis
580 3452 637 3503 et
680 3445 1189 3520 redintegrationis
1245 3445 1519 3501 unionem
1570 3443 1816 3500 ecclesia

165 3537 456 3611 acceperit.
489 3559 519 3589 »
562 3536 781 3591 (latera
824 3536 952 3607 ejus
981 3534 1190 3607 elogia,
1240 3551 1367 3606 qua
1386 3533 1608 3606 passim
1658 3533 1812 3606 apud

167 3631 418 3683 auctores
441 3629 785 3694 occurrunt,
818 3639 1117 3679 recensere
1147 3622 1227 3678 nil
1264 3624 1453 3693 juvat,
1502 3639 1637 3678 cum
1692 3622 1814 3677 hac

169 3729 288 3786 qua
306 3714 680 3788 protulimus
710 3714 779 3769 ad
814 3712 1186 3768 asserendam
1219 3714 1348 3784 ejus
1379 3700 1707 3768 sanctitatis
1730 3710 1813 3766 fa-

172 3820 317 3860 mam
350 3803 593 3861 abunde
626 3801 943 3858 sufﬁciant.

237 3892 512 3949 Eumdem
549 3908 686 3947 vero
735 3895 866 3963 post
907 3890 1132 3946 obitum
1183 3889 1465 3945 claruisse
1513 3887 1815 3944 miraculis

172 3982 328 4038 testis
354 3988 443 4038 est
470 3980 795 4039 Guibertus
831 3978 1135 4052 Novigenti
1183 3979 1389 4044 abbas,
1437 3978 1524 4033 vir
1572 3977 1816 4034 minime

171 4070 453 4139 credulus,
486 4077 549 4127 et
578 4088 615 4126 a
673 4068 955 4142 religione
980 4066 1252 4124 muliebri
1285 4066 1540 4124 multum
1565 4065 1811 4122 alienus.

169 4157 253 4213 Sic
280 4163 471 4215 autem
504 4160 576 4214 de
610 4174 678 4214 eo
709 4156 914 4213 scribit
942 4155 1109 4212 initio
1135 4154 1269 4211 libri
1297 4172 1337 4211 ιι
1368 4155 1631 4211 Historia
1661 4154 1810 4211 Jero~

171 4245 541 4319 solymitana.
577 4270 607 4297 ‹‹
641 4248 967 4301 Attestatur
1012 4243 1193 4300 statui
1245 4244 1458 4300 mentis
1507 4242 1643 4299 ﬁnis
1689 4244 1817 4315 ejus

169 4334 473 4408 splendens
501 4334 825 4393 miraculis.
858 4334 1141 4390 Defuncto
1178 4333 1335 4389 enim
1358 4349 1424 4388 ac
1470 4332 1698 4404 sepulto
1728 4348 1816 4399 eo,

169 4423 313 4482 sicut
327 4426 650 4483 succedens
670 4425 718 4480 ei
743 4422 1031 4480 Ostiensis
1052 4422 1386 4495 episcopus,
1408 4437 1542 4476 cum
1558 4419 1816 4492 plurima

1917 3268 2035 3335 post
2063 3264 2327 3319 exsilium
2355 3267 2405 3318 et
2449 3280 2639 3334 graves
2683 3279 2987 3330 aerumnas,
3032 3266 3253 3337 aliaque
3300 3266 3358 3321 id
3398 3280 3588 3337 genus

1922 3352 2140 3408 tandem
2195 3353 2480 3406 sanctitate
2525 3351 2707 3405 clarus
2768 3353 3041 3422 confessor
3086 3355 3354 3410 occubuit.
3408 3355 3566 3412 Idem

1918 3443 2201 3496 sanctitate
2229 3440 2370 3495 clari
2397 3438 2651 3511 elogium
2683 3439 2734 3495 ei
2769 3440 3052 3495 tribuitur
3077 3441 3135 3495 in
3158 3442 3433 3516 Dorganii
3456 3444 3565 3499 Ka-

1922 3528 2203 3594 lendario,
2226 3528 2325 3583 ubi
2339 3531 2614 3599 praterea
2624 3527 2808 3583 Officii
2836 3528 3017 3584 beata
3034 3529 3226 3585 Maria
3248 3529 3568 3600 institutor,

1922 3623 1980 3675 et
2013 3616 2221 3691 pulsus
2237 3632 2534 3689 campana
2548 3632 2720 3671 mane
2731 3621 2787 3671 et
2810 3633 3049 3689 vespere
3060 3619 3129 3674 ad
3147 3618 3571 3677 Salutationem

1922 3704 2243 3779 angelicam
2275 3708 2525 3761 inventor
2551 3704 2731 3761 fuisse
2754 3705 2985 3761 dicitur.
3012 3707 3371 3763 Memoratur
3389 3709 3567 3765 etiam

1921 3813 2055 3852 cum
2089 3796 2232 3851 beati
2261 3794 2431 3850 titulo
2463 3794 2615 3866 apud
2646 3793 2983 3867 Philippum
3018 3795 3349 3853 Ferrarium
3381 3797 3438 3854 in
3472 3815 3568 3854 ca-

1921 3883 2113 3957 talogo
2136 3887 2495 3950 sanctorum,
2511 3882 2610 3954 qui
2631 3899 2742 3939 non
2764 3882 3058 3940 habentur
3077 3885 3136 3941 in
3160 3885 3572 3960 Martyrologio

1924 3973 2206 4028 Romano.
2240 3971 2414 4027 Plura
2443 3971 2661 4028 habent
2693 3972 3003 4030 Bucelinus
3042 3973 3099 4028 in
3122 3974 3445 4049 Meuologio
3471 3976 3578 4033 Be-

1924 4061 2238 4125 nedictino,
2289 4062 2621 4133 Saussayus
2668 4061 2728 4116 in
2778 4061 3188 4137 Martyrologio
3251 4063 3572 4135 Gallicana,

1921 4150 2212 4207 Arnoldus
2242 4150 2417 4205 Wion
2448 4149 2506 4205 in
2539 4149 2719 4223 Ligno
2749 4149 2898 4205 vita.
2926 4151 3028 4208 His
3047 4153 3299 4209 addendi
3320 4153 3569 4211 Vincen-

1923 4239 2041 4295 tius
2072 4238 2515 4305 Bellovacensis,
2546 4244 2785 4295 sanctus
2812 4241 3162 4310 Antoninus,
3186 4242 3569 4313 Trithemius,

1924 4327 2171 4394 Platina,
2204 4326 2448 4383 Michael
2480 4327 2880 4400 Buchingerus
2924 4329 3358 4399 Colmariensis,
3411 4332 3571 4389 Onu-

1925 4414 2437 4482 frius-Panvinius,
2469 4416 2775 4473 Ciaconius
2803 4422 2861 4473 ct
2890 4415 3013 4487 alii,
3044 4418 3144 4490 qui
3177 4418 3248 4473 de
3266 4418 3408 4475 viris
3429 4436 3572 4476 san-

169 4513 328 4587 signa
347 4515 469 4588 jam
504 4515 733 4580 fierent,
768 4511 953 4568 astitit
981 4511 1226 4584 quidam
1252 4508 1518 4581 sepulcro
1538 4508 1699 4565 illius
1712 4510 1817 4581 ju-
1847 4526 1893 4591 Ι)
1924 4505 2035 4561 etis
2058 4504 2240 4561 autde
2252 4504 2630 4575 pontificibus
2643 4505 2925 4561 Romanis
2941 4506 3165 4578 aliquid
3182 4507 3572 4580 scripserunt,

168 4602 340 4671 venis,
372 4608 430 4660 et
449 4602 854 4659 membrorum
877 4601 1162 4656 damnum
1185 4598 1293 4655 sibi
1338 4598 1695 4670 imprecatus
1726 4603 1816 4653 est

171 4691 216 4745 si
245 4707 341 4763 per
364 4691 586 4748 Urbani
638 4690 867 4757 merita,
918 4688 1018 4762 qui
1069 4687 1191 4743 Odo
1245 4686 1532 4744 diceretur
1577 4686 1813 4759 signum

172 4795 421 4853 unquam
453 4781 675 4836 factum
706 4779 903 4845 fuerit,
932 4795 998 4834 ac
1030 4778 1215 4834 fieret.
1249 4775 1507 4832 Necdum
1540 4774 1745 4847 pedem
1785 4790 1817 4831 e

172 4864 287 4923 loco
312 4867 624 4934 extulerat,
647 4883 781 4922 cum
808 4866 998 4922 officio
1028 4863 1319 4922 sermonis
1359 4863 1596 4928 amisso,
1630 4866 1688 4917 et
1734 4861 1817 4917 al-

171 4959 284 5013 tero
312 4956 565 5013 laterum
601 4954 855 5028 paralysi
879 4954 1299 5011 intercurrente
1318 4952 1819 5025 correpto,postri-

171 5042 259 5100 die
276 5043 492 5102 Urbani
513 5044 801 5100 virtutum
823 5042 1161 5100 testimonia
1184 5045 1461 5097 mortuus
1482 5039 1607 5111 ipse
1629 5040 1819 5112 perhi-

168 5131 308 5187 buit.
335 5156 362 5182 ››
385 5133 547 5189 Idem
570 5130 922 5188 miraculum
938 5135 1139 5188 auctor
1149 5130 1361 5187 veteris
1381 5128 1648 5185 Chronici
1661 5129 1816 5201 apud

171 5219 480 5277 Chesnium
511 5221 572 5277 in
604 5219 1046 5294 probationibus
1071 5219 1339 5277 Historia
1361 5219 1573 5275 domus
1595 5217 1815 5274 Castel-

173 5306 445 5366 lionensis
476 5326 603 5382 cap.
637 5311 673 5364 8
705 5313 919 5365 narrat.
969 5309 1113 5366 Hinc
1162 5325 1278 5365 non
1328 5306 1545 5363 mirum
1591 5306 1640 5363 si
1689 5307 1817 5377 ejus

173 5396 499 5470 sepulcrum
525 5415 561 5455 a
591 5396 864 5453 ﬁdelibus
894 5398 1323 5472 frequentatum
1346 5394 1486 5452 olim
1508 5396 1690 5452 fuisse
1724 5395 1817 5452 di-

174 5490 351 5544 catur.
381 5487 551 5545 Certe
581 5502 721 5544 eum
750 5491 952 5547 sancta
979 5491 1080 5546 aut
1108 5487 1281 5545 beata
1319 5486 1604 5544 memoria
1633 5486 1820 5544 virum

177 5580 230 5634 et
252 5577 566 5658 pontiﬁcem
597 5591 720 5635 non
751 5573 938 5636 solum
967 5581 1187 5641 veteres
1211 5592 1277 5638 ac
1299 5573 1651 5636 recentiores
1672 5574 1818 5637 scri-

982 5826 1039 5893 ρ.

1922 4595 2025 4650 sed
2056 4609 2203 4666 quos
2233 4592 2577 4666 singillatim
2622 4610 2923 4651 recensere
2968 4612 3073 4652 nec
3100 4601 3286 4662 vacat,
3331 4613 3437 4653 nec
3484 4601 3577 4654 est

1923 4699 2110 4755 Operae
2143 4682 2415 4753 pretium.
2452 4682 2573 4738 Uno
2622 4683 2817 4750 verbo,
2866 4683 3064 4741 nullus
3108 4684 3290 4741 ferme
3320 4686 3575 4741 occurrit

1925 4775 2128 4827 auctor
2184 4769 2621 4837 Chronicorum,
2682 4776 2785 4826 aut
2828 4772 3098 4829 Historia
3144 4772 3570 4844 ecclesiastica,

1925 4864 2092 4916 vetus
2122 4863 2225 4915 aut
2254 4875 2473 4928 recens,
2507 4860 2606 4931 qui
2638 4859 2776 4916 data
2803 4878 2999 4933 opera.
3031 4866 3133 4918 aut
3163 4867 3317 4919 certe
3346 4879 3451 4936 pro
3481 4880 3575 4920 oc-

1926 4950 2176 5014 casione,
2195 4952 2463 5003 nostrum
2482 4948 2777 5005 Urbanum
2796 4949 3072 5007 laudibus
3092 4956 3434 5023 prosecutus
3457 4969 3573 5010 non

1926 5037 2119 5094 fuerit.
2153 5037 2263 5092 Eos
2284 5035 2490 5091 saltem
2513 5036 2861 5109 pracipuos,
2886 5037 3257 5097 laudavimus
3279 5042 3406 5099 suis
3427 5041 3573 5098 locis

1926 5144 2058 5185 cum
2091 5143 2216 5183 sese
2245 5128 2571 5198 opportuna
2594 5126 2804 5183 obtulit
2832 5128 2888 5183 id
2923 5127 3171 5184 faciendi
3214 5129 3463 5186 occasio.

1996 5217 2211 5272 Locum
2241 5214 2417 5271 etiam
2446 5214 2598 5271 inter
2626 5216 2943 5289 scriptores
2973 5217 3400 5275 ecclesiasticos
3443 5233 3573 5273 me-

1926 5305 2044 5361 ruit
2066 5304 2358 5371 Urbanus,
2387 5304 2478 5359 cui
2510 5320 2628 5360 non
2660 5303 2850 5361 solum
2882 5308 3073 5362 varias
3114 5307 3418 5379 epistolas,
3469 5304 3571 5362 sed

1927 5393 2043 5450 alia
2070 5410 2302 5466 quoque
2322 5392 2605 5465 opuscula
2625 5394 2891 5450 nonnulli
2916 5395 3270 5463 tribuerunt,
3294 5400 3359 5450 ut
3376 5394 3574 5449 videre

1925 5488 2015 5540 est
2043 5483 2197 5558 apud
2232 5481 2535 5549 Plotinam,
2581 5482 2856 5540 Wionem
2904 5488 2962 5541 et
3005 5481 3229 5540 similes
3279 5485 3569 5540 auctores.

1925 5572 2164 5633 Carolus
2195 5588 2229 5631 α
2257 5574 2458 5636 sancto
2502 5570 2717 5633 Jacobo
2761 5572 2821 5631 in
2869 5570 3225 5633 bibliotheca
3273 5567 3583 5649 pontiﬁciu-
