3950 6218
394 321 512 384 263

1704 320 1770 381 Β.
1820 321 2111 383 UllBANl
2157 322 2207 382 ll
2251 319 2500 382 PAP/E.

3677 320 3785 382 264

394 455 745 512 rel’ertillum
765 457 1073 529 scripsisse
1093 461 1299 516 contra
1321 455 1723 511 haereticorum
1748 455 2040 527 dogmata,
2071 457 2127 524 Α
2157 455 2266 510 sub
2293 454 2506 509 Urbani
2533 454 2875 526 pontiﬁcatu
2895 454 3253 523 claruerunt,
3280 459 3380 512 aut
3393 456 3463 512 de
3483 454 3786 512 cardinali-

395 550 450 601 et
489 547 560 602 de
610 547 844 617 injuriis
893 547 1002 603 sibi
1052 547 1124 602 ab
1173 545 1418 602 Henrico
1468 545 1817 617 imperatore
1863 543 2040 598 illatis

2152 544 2262 598 bus
2293 560 2442 614 quos
2472 544 2544 599 ad
2577 544 2728 599 hanc
2744 543 3088 617 dignitatem
3108 544 3413 616 promovit.
3438 547 3540 602 Ast
3560 561 3693 602 cum
3722 545 3787 601 de

393 651 528 690 cum
591 635 851 707 Gregorii
908 635 1004 692 VII
1062 634 1349 708 legatione
1407 634 1774 706 fungeretur,
1833 636 2041 704 praeter
2149 631 2378 704 primis,
2410 649 2542 688 cum
2575 649 2703 688 sese
2733 632 2943 689 obtulit
2972 636 3220 701 occasio,
3245 634 3295 690 si
3317 635 3551 705 quando
3574 632 3801 705 aliquid-

392 723 684 782 orationes
714 724 1027 782 nonnullas
1049 729 1106 778 et
1126 724 1314 778 varias
1340 721 1637 794 epistolas.
1665 723 1804 793 Ejus
1827 721 2037 776 oratio-

391 828 496 868 nes
537 829 685 884 quas
735 814 793 870 in
841 812 1085 870 concilio
1134 811 1580 868 Claromontano
1629 809 2037 882 pronuntiasse

391 901 607 958 dicitur
626 918 760 958 cum
785 902 986 975 paucis
1003 901 1156 967 aliis,
1180 902 1485 968 habemus;
1514 915 1732 955 necnon
1758 897 2038 970 epistolas

391 989 534 1046 satis
561 1007 778 1062 magno
804 1007 1069 1056 numero;
1104 994 1162 1044 at
1183 994 1388 1044 cetera
1408 987 1692 1059 opuscula
1716 987 2032 1042 nescimus.

391 1078 520 1134 Haec
551 1078 696 1136 forte
725 1096 793 1134 ex
826 1078 1050 1134 Platina
1079 1077 1175 1132 ille
1202 1082 1403 1132 auctor
1433 1077 1729 1141 hauserat,
1765 1075 1865 1146 qui
1917 1075 2032 1130 ait:

392 1168 669 1224 Urbanum
695 1168 1102 1222 sanctissimum
1147 1167 1463 1238 pontiﬁcem
1509 1182 1620 1221 non
1661 1181 1817 1236 opere
1861 1165 2036 1219 solum

388 1264 438 1312 et
462 1257 728 1328 exemplo,
760 1272 948 1311 verum
981 1258 1149 1311 etiam
1177 1257 1415 1326 scriptis,
1447 1258 1636 1310 contra
1657 1253 2036 1309 hareticorum

387 1344 636 1415 dogmata
664 1345 957 1400 Ecclesiam
975 1346 1339 1416 conﬁrmasse.
1370 1342 1600 1399 Similia
1620 1343 1800 1398 ferme
1818 1342 2036 1396 habent

385 1433 789 1506 Bergomensis
820 1433 968 1488 libro
1007 1451 1086 1488 xu
1133 1437 1192 1489 et
1238 1431 1596 1488 Trithemius
1641 1432 1700 1486 in
1749 1428 2033 1485 Chronico

384 1519 785 1592 Hirsaugiensi
817 1521 885 1575 ad
931 1537 1151 1575 annum
1203 1520 1345 1575 1087
1395 1519 1494 1574 ubi
1547 1519 1618 1574 de
1671 1517 1902 1572 Urbano
1953 1517 2034 1571 ita

385 1608 602 1666 scribit:
644 1611 732 1666 Vir
758 1612 870 1680 fuit
899 1609 1148 1664 doctrina
1176 1612 1226 1663 et
1253 1608 1538 1663 sanctitate
1562 1607 1891 1678 praecipuus,
1938 1607 2034 1675 qui

383 1699 544 1753 verba
601 1701 652 1754 et
708 1713 865 1769 opere
919 1698 1087 1751 simul
1144 1713 1207 1751 ac
1255 1697 1476 1766 scriptis
1544 1705 1732 1751 contra
1797 1695 2032 1750 insultas

386 1786 769 1844 hereticorum
795 1788 1010 1856 fortiter
1036 1784 1335 1857 defcnsavit
1386 1785 1701 1851 Ecclesium,
1753 1784 2032 1854 multaque

383 1876 601 1947 scripsit
625 1883 785 1946 atque
810 1876 999 1930 statuit
1026 1874 1095 1928 ad
1142 1876 1438 1930 utilitatem
1481 1889 1846 1939 communem,
1903 1888 2029 1943 quae

385 1981 524 2021 sane
553 1963 782 2020 Urbano
811 1964 1028 2035 optime
1075 1962 1442 2030 conveniunt,
1488 1967 1547 2017 et
1597 1962 1645 2017 si
1695 1960 1864 2033 plura
1912 1976 2026 2014 non

385 2051 698 2126 scripserit,
727 2068 906 2123 quam
929 2069 1056 2123 quae
1087 2051 1256 2107 nobis
1282 2055 1616 2123 supersunt.
1641 2050 1857 2104 Verum
1881 2054 1946 2103 ut
1966 2052 2030 2103 ut

383 2141 560 2198 sitlde
590 2143 720 2212 ejus
749 2142 1000 2213 scriptis,
1037 2145 1191 2196 certo
1222 2144 1449 2196 constat
1478 2156 1612 2195 eum
1636 2139 1817 2194 fuisse
1837 2139 2026 2192 virum

381 2231 618 2286 doctum
648 2234 704 2285 et
733 2228 1047 2284 eruditum.
1083 2228 1364 2284 Rhetorem
1393 2227 1657 2282 absolute
1687 2243 1821 2282 eum
1856 2227 2026 2282 Dom-

383 2320 510 2376 nizo
540 2318 760 2391 passim
792 2315 1063 2389 appellat.
1098 2319 1585 2373 Litteratissimum
1633 2319 1684 2370 et
1729 2314 2027 2386 facundum

380 2407 700 2463 Pandulfus
733 2406 794 2460 in
853 2405 1064 2462 Gelasii
1123 2405 1170 2460 ΙΙ
1223 2405 1391 2470 Vita;
1451 2409 1509 2460 et
1564 2404 1852 2470 doctorem,
1911 2419 2026 2474 quo

381 2496 662 2553 moriente
687 2496 889 2552 diserta
919 2496 1112 2565 lingua
1141 2496 1288 2550 orbis
1320 2496 1431 2549 ruit
1463 2493 1796 2549 Baldericus
1818 2493 1875 2547 in
1899 2493 2027 2562 ejus

379 2584 674 2658 epitaphio
703 2585 761 2640 in
789 2584 1122 2656 Appendice
1153 2583 1356 2639 relato.
1392 2584 1549 2638 Idem
1592 2581 1917 2637 Pandulfus
1967 2580 2027 2635 in

382 2673 568 2746 ipsius
596 2673 746 2738 Vita,
779 2689 958 2744 quam
982 2673 1159 2728 etiam
1182 2672 1262 2730 ibi
1283 2672 1564 2742 invenies,
1588 2687 1722 2726 eum
1747 2670 1828 2726 ait
1846 2671 2030 2724 virum

381 2762 562 2818 fuisse
603 2769 906 2829 strenuum,
953 2761 1158 2815 divinis
1209 2761 1503 2830 Scripturis
1550 2759 1822 2815 eruditum
1869 2767 2029 2828 atque

379 2852 758 2920 ecclesiasticis
814 2850 1205 2906 traditionibus
1263 2850 1550 2917 imbutum,
1614 2853 1664 2904 et
1722 2853 1780 2904 in
1836 2866 2027 2904 earum

381 2940 755 2996 observatione
773 2940 1272 2994 constantissimum
1297 2942 1773 3008 perseveratorem.
1825 2938 2023 2993 Inﬁni-

382 3031 478 3082 tus
508 3027 644 3094 sim,
673 3026 720 3081 si
751 3043 818 3080 ea
848 3026 1047 3081 omnia
1076 3043 1203 3098 qua
1237 3025 1459 3098 passim
1487 3026 1641 3097 aqud
1667 3030 1932 3081 auctores
1953 3026 2023 3081 de

381 3116 430 3187 ej
442 3133 510 3171 us
541 3115 805 3173 doctrina
835 3120 892 3171 et
920 3113 1250 3186 eloquentia
1271 3115 1561 3170 habentur
1585 3116 1696 3169 huc
1713 3131 2021 3186 congerere

2149 722 2220 776 ad
2254 721 2514 777 Ecclesiae
2546 721 2855 778 utilitatem
2886 723 3280 787 contulerunt,
3325 723 3450 780 suis
3493 721 3636 778 locis
3680 723 3789 794 egi-

2149 826 2303 877 mus,
2355 815 2411 865 et
2449 809 2776 866 cardinales
2822 811 3299 878 memoravimus,
3352 827 3498 884 quos
3547 826 3620 868 ex
3665 827 3788 882 pro-

2146 897 2444 954 babilibus
2499 899 2706 956 saltem
2759 901 3120 973 argumentis
3179 901 3250 955 ab
3301 897 3531 956 Urbano
3573 903 3787 956 creatos

2146 987 2330 1044 fuisse
2361 987 2872 1060 deprehendimus,
2898 1005 3012 1044 non
3033 1005 3182 1060 opus
3204 993 3293 1044 est
3311 987 3407 1044 hic
3428 989 3499 1044 de
3533 987 3790 1059 utrisque

2147 1076 2335 1132 fusius
2357 1075 2586 1149 agendi.
2611 1077 2947 1134 Cardinales
2972 1077 3210 1133 omnino
3223 1077 3467 1150 triginta
3478 1081 3538 1132 et
3549 1079 3784 1148 septem:

2144 1170 2353 1236 praeter
2400 1165 2651 1237 ignotos,
2693 1165 2765 1222 ab
2829 1161 3059 1222 Urbano
3127 1170 3427 1238 promotos
3493 1169 3786 1222 recensent

2143 1252 2466 1318 Ciaconius,
2502 1253 2865 1326 Onuphrius,
2895 1259 2953 1310 et
2978 1272 3044 1310 ex
3089 1255 3162 1311 iis
3211 1254 3332 1310 alii.
3381 1255 3490 1311 Sed
3543 1270 3782 1326 quorum

2143 1339 2554 1414 plerarumque
2586 1343 2824 1399 nomina
2855 1344 3012 1399 nuda
3048 1345 3397 1399 referuntur.
3450 1343 3532 1398 Ex
3580 1343 3652 1400 iis
3701 1359 3786 1398 se-

2143 1435 2300 1500 ptem
2333 1431 2614 1503 episcopi,
2646 1448 2902 1502 quorum
2927 1432 3187 1503 quinque
3207 1430 3506 1487 Paschalis
3529 1430 3785 1488 electioni

2143 1519 2568 1575 interfuerunt:
2605 1520 2726 1576 Odo
2761 1520 2982 1576 scilicet
3013 1520 3320 1589 Ostiensis,
3355 1520 3574 1576 Urbani
3627 1520 3685 1576 in
3725 1536 3786 1575 ea

2141 1609 2277 1662 sede
2298 1625 2618 1676 successor,
2653 1608 2753 1680 qui
2788 1609 3123 1665 Paschalem
3158 1609 3537 1675 consecravit,
3573 1607 3788 1665 Gualte-

2141 1696 2264 1751 rius
2295 1696 2664 1764 Albanensis,
2696 1697 2846 1752 beati
2877 1698 3029 1753 Petri
3058 1698 3228 1770 lgniti
3277 1714 3606 1765 successor,
3661 1696 3786 1752 Milo

2140 1802 2208 1841 ex
2257 1785 2568 1841 Albiniano
2637 1787 2922 1843 monacho
2989 1787 3299 1860 episcopus
3376 1787 3784 1860 Praenestinus,

2139 1875 2454 1930 Mauricius
2489 1875 2588 1946 qui
2619 1875 2832 1930 Joanni
2865 1877 3166 1931 Portuensi
3214 1877 3273 1931 in
3300 1874 3492 1932 Gallia
3522 1875 3786 1933 defuncto

2138 1963 2438 2029 successit,
2475 1967 2531 2018 et
2553 1963 2922 2019 Crescentius
2941 1965 3303 2031 Sabinensis,
3329 1965 3502 2035 cujus
3527 1964 3788 2020 decessor

2136 2051 2394 2108 Ubaldus
2442 2053 2616 2108 etiam
2667 2053 2738 2108 ab
2791 2051 3022 2108 Urbano
3072 2056 3374 2125 promotus
3425 2052 3622 2110 fuerat
3667 2055 3797 2124 post:

2133 2140 2390 2212 Gregorii
2424 2145 2689 2196 mortem.
2725 2142 3022 2213 Septimus
3052 2159 3120 2196 ex
3168 2141 3282 2196 illis
3331 2141 3629 2214 episcopis
3677 2141 3790 2200 fuit

2134 2228 2388 2283 Joannes
2421 2228 2658 2284 Tusculi
2691 2228 3022 2301 episcopus,
3058 2230 3128 2286 de
3159 2247 3276 2301 quo
3310 2229 3506 2286 multa
3534 2229 3781 2288 diximus

2135 2333 2333 2389 supra.
2367 2317 2691 2390 Presbyteri
2723 2319 2790 2373 16
2821 2318 2979 2374 fuere
3011 2318 3315 2374 Oderisius
3360 2319 3563 2375 Casini
3621 2318 3786 2377 abbas

2135 2422 2203 2460 ex
2233 2406 2476 2462 diacono
2505 2407 2807 2477 presbyter
2837 2407 2910 2462 ab
2941 2407 3173 2463 Urbano
3205 2408 3541 2474 ordinatus,
3585 2407 3785 2464 Robor-

2136 2498 2231 2549 tus
2273 2494 2430 2548 tituli
2479 2494 2677 2550 Sancti
2735 2495 3070 2560 Clementis,
3129 2495 3401 2551 Albertus
3453 2500 3660 2567 postea
3711 2512 3788 2551 ar-

2137 2583 2542 2656 chiepiscopus
2593 2584 2968 2654 Sipontinus;
3019 2585 3343 2657 Raynerius
3404 2586 3511 2657 qui
3571 2583 3788 2640 Urbano

2137 2674 2246 2727 sub
2281 2672 2574 2728 Paschalis
2606 2674 2840 2728 nomine
2883 2674 3184 2740 successit,
3227 2673 3390 2729 tituli
3439 2673 3639 2730 Sancti
3677 2671 3789 2728 Cle-

2137 2761 2373 2816 mentis:
2410 2761 2733 2832 Rangerius
2764 2778 2833 2817 ex
2864 2761 3149 2817 monacho
3182 2762 3428 2832 Majoris
3465 2760 3788 2825 Monasterii

2137 2849 2610 2921 archiepiscopus
2634 2850 2978 2923 Rhegiensis
3002 2852 3073 2905 ab
3101 2851 3306 2906 eodem
3341 2851 3621 2923 pontiﬁce
3656 2850 3790 2908 ordi-

2135 2944 2345 3006 natus;
2389 2939 2693 2994 Alberious
2740 2939 2893 2993 tituli
2947 2939 3217 2994 Eudoxiie
3277 2940 3480 2996 Sancti
3532 2939 3682 2996 Petri
3724 2937 3789 2995 ad

2135 3027 2402 3094 Vincula,
2453 3027 2814 3099 proindeque
2865 3028 3183 3082 Deusdedit
3236 3027 3448 3084 celebri
3509 3041 3789 3086 canonum

2135 3115 2428 3170 collectori
2495 3116 2805 3184 suffectus;
2884 3115 3088 3171 Petrus
3158 3115 3316 3171 tituli
3386 3117 3642 3188 Equitii,
3691 3130 3785 3171 seu

380 3204 576 3275 velim,
623 3221 768 3275 quas
819 3204 1193 3276 potissimum
1243 3203 1302 3258 in
1351 3219 1418 3260 eo
1466 3203 1850 3258 laudaverunt
1898 3204 2026 3274 ejus
2061 3192 2102 3258 C
2141 3206 2486 3260 Sanctorum
2514 3205 2665 3259 Petri
2696 3210 2754 3260 et
2784 3204 3018 3260 Martini
3066 3204 3125 3258 in
3175 3205 3512 3273 Montibus;
3569 3205 3783 3261 amicus

381 3293 569 3353 sitatis
597 3299 884 3362 auctores,
912 3293 1012 3364 qui
1045 3294 1117 3348 de
1147 3293 1331 3348 sacris
1374 3292 1839 3364 expeditionibus
1885 3293 2026 3347 scri-

379 3399 566 3455 psere:
597 3399 778 3438 unum
813 3399 917 3454 pro
949 3381 1226 3438 omnibus
1257 3381 1460 3438 audire
1491 3383 1746 3436 sufliciat
1786 3381 2027 3436 Guiber-

380 3477 507 3528 tum
539 3472 841 3545 Novigenti
873 3473 1164 3539 abbatem,
1196 3471 1295 3542 qui
1336 3471 1407 3528 de
1456 3471 1548 3526 bis
1599 3471 1679 3525 ita
1724 3469 2026 3541 loquitur:

384 3583 414 3611 «
443 3562 583 3632 Ejus
611 3559 866 3617 scientias
915 3559 1174 3629 litterali,
1216 3559 1563 3631 eloquentia:
1611 3559 2032 3630 cooperabatur

382 3649 632 3722 agilitas.
664 3651 789 3706 Non
820 3650 977 3705 enim
1021 3650 1073 3704 ei
1125 3649 1317 3704 minor
1364 3647 1670 3703 videbatur
1707 3648 1768 3702 in
1817 3647 2030 3702 Latina:

381 3739 788 3810 prosecutione
818 3736 1130 3793 locutionis
1162 3735 1422 3804 libertas,
1457 3752 1636 3807 quam
1669 3736 1882 3793 forensi
1904 3735 2029 3790 cui-

383 3825 526 3882 libet
554 3831 745 3898 potest
782 3841 909 3882 esse
961 3826 1018 3879 in
1073 3829 1334 3882 materno
1382 3841 1649 3880 sermone
1695 3824 2028 3895 pernicitas.

384 3914 499 3969 Nec
519 3912 927 3970 altercantium
949 3911 1266 3967 multitudo
1288 3912 1660 3978 obtendebat,
1683 3912 2034 3969 concinnan-

386 4001 464 4058 tis
493 4000 796 4073 ingenium
828 4018 840 4067 ;
878 4001 1000 4067 sed,
1035 3999 1170 4056 licet
1199 4000 1661 4071 praedicabilium
1690 4002 2030 4073 grammati-

387 4106 591 4146 corum
663 4088 969 4161 elegantiis
1045 4089 1410 4158 ambiretur,
1492 4094 1550 4145 et
1625 4093 1852 4146 oratum
1933 4107 2031 4146 su-

386 4179 787 4250 perexundare
817 4178 1033 4250 capias,
1067 4195 1154 4242 ac,
1183 4193 1526 4252 sermonum.
1547 4195 2034 4250 quorumcunque

388 4268 625 4324 facetias
653 4266 1093 4340 superequitare
1132 4267 1367 4324 litterali
1421 4266 1741 4324 luculentia
1783 4268 2034 4339 putaba-

387 4361 502 4412 tur.
539 4379 566 4407 »
599 4356 876 4428 Ejusdem
905 4356 1182 4427 epistolas
1210 4373 1365 4412 succo
1394 4358 1582 4429 plenas
1607 4357 1808 4413 laudat
1827 4362 2034 4429 Bergo-

387 4446 629 4516 mensis,
663 4462 812 4518 quas
841 4446 986 4503 tanti
1019 4447 1153 4502 fecit
1186 4445 1496 4512 Baronius,
1529 4451 1594 4502 ut
1631 4463 1730 4502 eas
1765 4454 1840 4502 tot
1865 4448 2038 4517 fuisse

384 4551 624 4607 gemmas
677 4539 806 4605 quot
856 4537 1033 4606 apices
1088 4553 1203 4591 non
1253 4536 1606 4592 dubitaverit
1662 4551 2031 4591 asseverare:
2065 4560 2111 4623 Β

386 4641 638 4698 quarum
688 4640 912 4696 magnae
963 4625 1144 4696 partis
1197 4625 1493 4694 jacturam
1547 4624 1676 4679 ideo
1737 4622 2029 4695 deplorat,

385 4713 688 4778 referendo
745 4713 804 4770 in
855 4712 1150 4784 specimen
1195 4712 1420 4784 aliquot
1478 4712 1803 4784 fragmenta
1853 4711 2028 4779 illius,

385 4820 514 4876 quae
545 4803 616 4859 ad
652 4802 896 4858 Lucium
929 4801 1309 4873 praepositum
1339 4800 1527 4858 sancti
1553 4800 1806 4856 Juventii
1831 4799 2034 4855 inscri-

387 4896 488 4962 pta
533 4895 663 4958 est;
723 4890 784 4944 in
839 4890 1054 4960 quibus
1111 4907 1309 4947 revera
1361 4889 1619 4962 pontifex
1676 4888 2032 4944 reconditam

386 4996 665 5052 magnam
695 4978 1081 5034 eruditionem
1113 4978 1343 5034 exhibet
1376 4978 1434 5032 in
1467 4977 1828 5049 proferendis
1859 4994 2032 5032 sacra:

385 5067 701 5138 Scriptura:
752 5069 808 5119 et
863 5072 1199 5122 sanctorum
1261 5067 1496 5121 Patrum
1559 5066 1910 5122 testimoniis
1961 5065 2030 5119 ad

389 5153 806 5211 stabiliendum
839 5151 909 5206 dc
937 5153 1124 5208 valore
1156 5154 1433 5226 baptismi
1466 5158 1524 5209 et
1548 5153 1795 5209 aliorum
1843 5169 2034 5207 sacra-

390 5247 729 5299 mentorum
755 5237 1020 5294 Ecclesiaa
1051 5242 1344 5298 catholicae
1372 5242 1770 5298 traditionem.
1821 5240 2034 5294 Verum

389 5332 514 5388 haec
545 5326 796 5401 epistola
820 5328 1055 5384 omnino
1095 5330 1320 5402 integra
1370 5345 1506 5384 cum
1551 5327 1682 5382 aliis
1730 5325 2036 5397 permultis

389 5424 564 5476 antea
614 5414 829 5488 ignotis
879 5415 937 5471 in
987 5419 1191 5489 pontif.
1243 5419 1412 5488 epist.
1465 5414 1803 5470 collectione
1852 5415 2036 5486 profe-

393 5511 577 5564 retur.

465 5596 654 5654 Locus
688 5592 780 5649 hic
811 5598 963 5652 esset
993 5595 1063 5652 de
1095 5594 1234 5652 viris
1278 5590 1613 5651 illustribus
1657 5591 1886 5666 agendi,
1939 5593 2038 5667 qui

2134 3295 2314 3350 abbas
2338 3294 2737 3350 Witurnensis
2767 3293 2921 3350 tituli
2955 3295 3177 3350 Sanctae
3201 3294 3403 3350 Crucis
3445 3295 3511 3351 in
3563 3295 3785 3351 Jerusa-

2137 3383 2284 3450 lem;
2320 3382 2536 3438 Paulus
2573 3383 2726 3438 tituli
2769 3383 2962 3438 Sancti
3005 3383 3193 3450 Xisti;
3250 3384 3592 3441 Bonifacius
3640 3381 3780 3438 tituli

2139 3471 2335 3528 Sancti
2382 3471 2588 3540 Marci;
2641 3472 2896 3528 Joannes
2945 3471 3098 3527 tituli
3151 3472 3375 3528 Sanctis
3441 3472 3782 3536 Anastasius,

2140 3561 2425 3616 Robertus
2454 3559 2799 3616 Parisiensis
2822 3559 3037 3628 Callus,
3072 3559 3228 3616 tituli
3279 3562 3481 3616 Sancti
3533 3558 3778 3624 Eusebii;

2141 3648 2315 3705 Risus
2349 3648 2508 3703 tituli
2541 3649 2890 3704 Sanctorum
2930 3649 3224 3706 Laurentii
3287 3654 3345 3706 et
3389 3650 3652 3716 Damasi,
3699 3645 3784 3720 qui

2140 3737 2612 3809 archiepiscopus
2644 3737 2922 3794 Barensis
2954 3737 3094 3805 fuit;
3130 3738 3468 3794 Bernardus
3490 3738 3788 3795 Ubertinus

2141 3843 2209 3882 ex
2239 3825 2665 3882 Camaldulensi
2693 3827 2926 3891 ordine,
2960 3826 3110 3881 tituli
3165 3826 3364 3882 Sancti
3415 3824 3780 3899 Chrysogoni,

2141 3919 2268 3970 tum
2299 3915 2611 3987 episcopus
2646 3915 3008 3981 Parmensis;
3041 3915 3433 3970 Theodericus
3470 3917 3779 3974 Germanus

2142 4003 2297 4059 tituli
2358 4004 2703 4059 Sanctorum
2750 4003 2995 4060 Joannis
3044 4009 3103 4059 et
3158 4003 3345 4072 Pauli,
3422 4004 3783 4076 postmodum

2142 4092 2346 4147 multis
2377 4091 2766 4163 legationibus
2797 4092 2854 4146 in
2889 4092 3202 4147 Germania
3231 4090 3512 4160 celebris;
3545 4088 3781 4150 Landul-

2144 4183 2236 4236 ius
2267 4180 2420 4235 tituli
2454 4181 2683 4236 Lucinae
2728 4181 2922 4236 Sancti
2972 4180 3288 4237 Laurentii.
3343 4181 3448 4236 His
3495 4179 3783 4237 addenda-5

2143 4269 2438 4326 Goffridus
2469 4269 2774 4324 Vindocini
2809 4269 3012 4335 abbas,
3045 4274 3222 4340 atque
3253 4285 3321 4325 eo
3353 4269 3593 4326 nomine
3616 4265 3782 4323 cardi-

2144 4358 2294 4414 nalis
2319 4363 2538 4414 Sancta:
2572 4358 2797 4425 Priscae,
2833 4374 3004 4428 quem
3043 4357 3166 4428 ipse
3199 4356 3473 4414 Urbanus
3503 4355 3781 4428 presbyte-

2145 4464 2274 4503 rum
2317 4446 2623 4502 ordinavit.
2678 4445 2910 4501 Diaconi
2959 4450 3338 4501 recensentur
3389 4448 3489 4513 13;
3533 4445 3572 4499 ii
3622 4447 3779 4498 sunt:

2145 4536 2493 4601 Bernardus,
2543 4535 2856 4606 Gregorius
2917 4535 3100 4589 abbas
3166 4533 3570 4601 Sublacensis,
3643 4527 3782 4587 tituli

2143 4627 2366 4681 Sanctae
2399 4625 2584 4680 Lucis!
2612 4624 2684 4678 ad
2727 4627 2950 4694 septem
2999 4623 3176 4691 Solia,
3231 4623 3578 4689 Damianus,
3622 4620 3778 4675 Joan-

2142 4729 2266 4780 nes,
2298 4716 2432 4780 Azo,
2466 4712 2575 4767 Leo
2638 4710 3017 4778 Marsicanus,
3043 4711 3369 4767 monachus
3443 4705 3778 4770 Casinensis,

2143 4802 2246 4873 qui
2281 4800 2493 4856 Urbani
2530 4799 2764 4855 nomine
2793 4798 3124 4870 complures
3156 4799 3440 4870 epistolas
3491 4797 3780 4869 scripsisse

2144 4889 2388 4956 dicitur;
2422 4889 2493 4943 de
2523 4905 2588 4944 eo
2618 4887 2848 4959 egimus
2878 4887 2906 4957 ἕ
2933 4888 2996 4941 51
3021 4905 3033 4954 ;
3064 4888 3312 4943 Jonatas
3353 4887 3510 4943 tituli
3559 4887 3780 4942 Sancto-

2147 4995 2274 5032 rum
2325 4977 2546 5032 COSlIltB
2593 4982 2651 5030 et
2710 4975 3019 5041 Damiani;
3087 4976 3433 5032 Theodinus
3465 4969 3780 5031 Casinensis

2145 5065 2489 5131 monachus,
2522 5063 2677 5118 tituli
2709 5065 2930 5120 Sanctae
2963 5063 3156 5119 Mariae
3190 5064 3249 5118 in
3303 5064 3572 5130 Porticu;
3617 5060 3780 5118 Theo-

2145 5154 2356 5209 baldus
2404 5151 2558 5206 tituli
2605 5155 2827 5206 Sanctae
2873 5150 3063 5206 Maria
3112 5151 3322 5219 Novae;
3377 5169 3573 5208 comes
3639 5143 3771 5202 tituli

2144 5243 2370 5296 Sancta:
2398 5239 2588 5296 Maria:
2614 5239 2673 5295 in
2705 5239 2983 5310 Aquirio;
3033 5240 3352 5311 Gregorius
3401 5241 3559 5296 tituli
3605 5231 3775 5292 Sancti

2145 5327 2369 5401 Angeli,
2394 5329 2492 5399 qui
2517 5332 2716 5399 postea
2739 5327 2846 5382 sub
2871 5328 3106 5383 nomine
3131 5329 3458 5384 Innocentii
3485 5321 3774 5400 IIpontifex

2147 5416 2359 5483 evasit;
2389 5419 2643 5471 Joannes
2672 5414 2828 5471 tituli
2867 5414 3062 5470 Sancti
3112 5415 3382 5482 Adriani,
3435 5432 3502 5472 ac
3552 5411 3774 5480 denique

2145 5505 2404 5562 Joannes
2452 5504 2762 5576 Cajetanus
2801 5504 3020 5560 Sancta:
3080 5503 3278 5562 Mariis
3329 5505 3392 5562 in
3471 5497 3770 5562 Cosmedin.

2149 5591 2367 5649 Urbani
2397 5590 2800 5660 cancellarius,
2833 5595 2890 5650 et
2934 5592 3174 5652 tandem
3224 5594 3492 5667 pontifex
3538 5588 3772 5652 Gelasius
