3950 6218
373 353 491 416 283

1675 347 1746 410 B.
1792 347 2086 415 URBANI
2130 348 2186 413 ll
2231 348 2480 414 PAP/E.

3667 342 3787 407 284

373 498 3780 535 Wm

1339 625 1852 728 ERAT!
1934 625 2590 728 URBANI
2678 625 2810 727 II

1709 795 2105 851 PONTIFICIS
2156 796 2434 852 ROMANI

752 942 1744 1099 EPISTOIJE
1891 941 2128 1092 ET
2263 941 3383 1098 PRIVILEGIA

1867 1195 2266 1208 —————

1160 1285 1200 1340 Ι.

365 1396 658 1468 Epistotola
692 1393 901 1468 Urbani
923 1407 1086 1468 papa:
1113 1393 1167 1448 Il
1193 1391 1262 1446 ad
1290 1391 1739 1468 Salthurgensem
1771 1391 2013 1468 aliosque

433 1470 722 1539 episcopos.
772 1463 962 1519 —Eo.s
995 1463 1083 1539 de
1136 1480 1239 1539 sua
1288 1465 1342 1539 in
1395 1463 2012 1539 summumpontiﬁcem

433 1535 694 1595 electione
741 1545 908 1592 certos
939 1538 1094 1607 facit,
1127 1535 1477 1606 hortaturque
1531 1544 1589 1588 at
1648 1535 1886 1588 viriliter
1911 1551 2012 1606 pro

387 1659 389 1661 .
437 1611 675 1668 Ecclesia
703 1613 928 1663 certent.

968 1697 1156 1766 (Anno
1213 1693 1397 1763 l088.)

363 1807 530 1880 {Dom
562 1805 845 1862 Murram;
874 1803 1049 1880 Agnpl.
1081 1802 1287 1880 collect.
1323 1800 1521 1880 1,_5g9,
1550 1816 1619 1856 ea:
1667 1817 1765 1855 ms.
1819 1801 2011 1858 Sancti

897 1873 1152 1932 Germani
1179 1888 1212 1927 a
1232 1873 1459 1942 Pratis.)

433 2003 712 2058 URBANUS
743 1998 1075 2072 episcopus,
1109 2014 1311 2052 servus
1343 2012 1639 2052 servorum
1693 1995 1812 2061 Dei,
1837 2013 2006 2052 vene-

363 2091 530 2149 rabili
549 2089 991 2161 Salzeburgensi
1015 2085 1471 2157 archiepiscopo,
1491 2086 1751 2157 czeterisq
1765 2104 1833 2140 ue
1852 2103 2005 2141 reve-

362 2180 730 2238 rendissimis
781 2176 1092 2250 episcopis,
1126 2173 1476 2242 Pataviensi,
1508 2173 2002 2247 Wirceburgensi,

360 2267 796 2335 Wormatiensi,
837 2264 1213 2338 Augustensi,
1251 2261 1700 2328 Constantiensi,
1733 2268 1790 2318 et
1837 2281 2006 2320 vene-

361 2360 560 2416 randis
590 2356 920 2421 abbatibus,
951 2358 1007 2410 et
1034 2352 1478 2426 gloriosissimis
1516 2355 1828 2408 WELpuom
1854 2354 1914 2408 Β.
1949 2358 2007 2408 et

360 2451 420 2506 Β.
437 2454 614 2521 atque
634 2446 908 2503 omnibus
928 2443 1250 2515 majoribus
1264 2445 1321 2497 et
1339 2441 1662 2497 minoribus
1686 2443 1835 2497 beati
1855 2443 2005 2498 Petri

359 2539 651 2606 ﬁdelibus,
678 2535 925 2591 salutem
948 2537 1003 2587 et
1033 2531 1414 2602 apostolicam
1446 2529 1929 2586 benedictionem.

2042 1287 2096 1353 Α
2126 1287 2224 1341 τίω
2245 1287 2524 1360 Gregorio
2555 1304 2788 1360 semper
2817 1287 3155 1343 ostendistis
3203 1287 3482 1343 ﬁdelitate
3504 1290 3563 1342 et
3599 1287 3776 1343 devo-

2121 1377 2300 1441 tione,
2334 1383 2392 1432 et
2414 1378 2813 1434 benevolentia
2845 1377 3091 1432 ﬁrmiter
3134 1376 3440 1442 maneatis,
3474 1378 3777 1431 sanctam-

2122 1483 2235 1538 que
2287 1467 2609 1522 Romanam
2661 1467 2976 1522 Ecclesiam
3027 1471 3272 1522 matrem
3325 1471 3602 1531 vestram,
3645 1482 3772 1520 om-

2119 1557 2294 1612 nibus
2316 1557 2534 1627 quibus
2564 1556 2808 1612 valeatis
2840 1556 3077 1612 auxiliis
3103 1561 3158 1609 et
3175 1555 3436 1612 consiliis
3455 1556 3770 1624 adiuvetis.

2123 1645 2197 1700 De
2261 1663 2352 1700 me
2403 1663 2572 1716 porro
2630 1646 2706 1700 ita
2739 1645 2796 1699 in
2828 1645 3104 1700 omnibus
3135 1645 3430 1710 conﬁdite,
3463 1650 3522 1699 et
3551 1645 3774 1700 credite

2119 1734 2271 1790 sicut
2299 1736 2368 1790 de
2395 1734 2736 1790 beatissimo
2780 1734 2945 1789 Patre
2998 1737 3197 1789 nostro
3258 1751 3410 1805 papa
3466 1733 3773 1806 Gregorio,

2117 1824 2288 1893 cujus
2344 1839 2412 1878 ex
2469 1828 2589 1878 toto
2633 1823 2800 1894 sequi
2831 1822 3078 1894 vestigia
3110 1822 3373 1894 cupiens,
3407 1822 3608 1878 omnia
3638 1838 3772 1894 quas

2120 1911 2340 1983 respuit
2369 1928 2601 1983 respuo,
2634 1928 2760 1982 qua:
2801 1909 3102 1966 damnavit
3131 1911 3371 1974 damno,
3403 1928 3534 1983 qua
3564 1909 3774 1966 dilexit

2117 2017 2356 2073 prorsus
2375 1999 2711 2072 amplector,
2728 2017 2852 2071 quae
2877 2015 3006 2054 vero
3031 2003 3157 2054 rata
3181 2004 3236 2054 et
3266 1999 3558 2055 catholica
3585 1999 3772 2054 duxe-

2116 2088 2191 2144 rit
2221 2090 2502 2144 conﬁrmo
2520 2094 2576 2144 et
2597 2089 2944 2160 approbo,et
2961 2089 3033 2143 ad
3058 2093 3420 2160 postremum
3449 2088 3507 2143 in
3541 2093 3769 2144 utram-

2115 2194 2228 2250 que
2251 2183 2474 2250 partem
2498 2176 2884 2249 qualiteripse
2914 2176 3098 2233 sensit
3130 2177 3187 2231 in
3221 2177 3500 2233 omnibus
3522 2177 3768 2233 omnino

2116 2267 2302 2323 sentio
2359 2270 2535 2338 atque
2595 2265 2914 2321 consentio.
2945 2265 3110 2320 Nunc
3142 2282 3278 2336 ergo
3320 2283 3523 2338 precor
3551 2271 3609 2322 et
3639 2283 3768 2322 am-

2115 2355 2334 2428 plector
2391 2354 2813 2410 fraternitatem
2873 2358 3148 2418 vestram,
3183 2359 3249 2408 ut
3289 2355 3477 2425 agatis
3523 2354 3772 2411 viriliter

2115 2449 2288 2516 atque
2302 2448 2657 2513 constanter,
2678 2449 2733 2498 et
2751 2442 3154 2498 confortemini
3171 2442 3229 2496 in
3251 2443 3512 2515 potentia
3532 2443 3768 2499 virtutis

2115 2533 2214 2588 Dei
2249 2533 2632 2588 ascendentes
2661 2549 2728 2587 ex
2758 2533 2998 2586 adverso
3029 2537 3084 2586 et
3111 2538 3471 2604 opponentes
3527 2549 3769 2589 murum

429 2629 611 2683 Nosse
634 2624 905 2681 volumus
941 2620 1360 2676 beatitudinem
1393 2623 1814 2691 vestram,quze
1856 2619 2007 2675 circa
2037 2653 2084 2720 B
2115 2638 2220 2694 pro
2251 2622 2425 2676 domo
2450 2619 2728 2686 lsrael,ut
2749 2619 3142 2676 strenuissimi
3191 2620 3422 2676 Domini
3454 2620 3770 2678 bellatores

359 2735 466 2772 nos
495 2720 661 2788 gesta
689 2718 828 2769 sunt
876 2710 1097 2766 noviter
1129 2726 1142 2763 :
1181 2708 1650 2763 reverendissimi
1709 2707 2001 2780 siquidem

361 2805 568 2860 fratres
590 2802 770 2858 nostri
795 2798 1051 2871 episcopi
1073 2801 1130 2853 et
1153 2794 1500 2862 cardinales,
1525 2795 1815 2852 Saviensis
1843 2798 2001 2853 vide-

359 2893 514 2948 licet.
530 2887 1008 2953 Tusculanensis,
1028 2884 1401 2949 Albanensis,
1415 2884 1718 2955 Signensis
1731 2890 2004 2957 praeterea

359 2987 418 3038 et
447 2979 781 3038 Portuensis
803 2975 1177 3046 legationem,
1207 2977 1264 3027 et
1292 2989 1664 3038 consensum,
1697 2978 1752 3028 et
1783 2974 2004 3045 petitio-

360 3088 494 3127 nem
527 3069 717 3124 ferens
739 3064 1004 3121 omnium
1032 3062 1292 3118 ﬁdelium
1317 3061 1598 3116 laicorum
1628 3068 1838 3117 nostrae
1852 3065 2002 3134 parti

359 3159 678 3217 faventium
701 3154 1042 3211 clericorum
1067 3151 1260 3206 Roma
1283 3149 1649 3221 eligentium,
1685 3155 1740 3205 et
1771 3150 1999 3223 religio-

359 3247 629 3306 sissimus
655 3243 838 3300 abbas
865 3239 1196 3296 Casinensis
1230 3238 1498 3293 omnium
1527 3238 1930 3309 diaconorum,
1946 3247 2004 3296 et

359 3339 425 3394 lt.
458 3332 772 3392 cardinalis
801 3330 956 3386 tituli
987 3331 1044 3384 S.
1078 3327 1390 3384 Clementis
1443 3329 1708 3383 omnium
1733 3328 1997 3383 cardina-

356 3426 525 3489 lium,
561 3441 664 3480 nec
726 3438 841 3477 non
873 3424 930 3476 et
960 3419 1021 3491 B_.
1057 3417 1364 3489 praefectus
1415 3415 1680 3471 omnium
1739 3416 2000 3472 ﬁdelium

357 3515 662 3580 laicorum,
683 3527 802 3567 una
822 3526 956 3564 cum
976 3509 1042 3563 21
1078 3505 1366 3578 episcopis
1397 3509 1456 3560 et
1485 3510 1740 3576 quatuor
1769 3506 2000 3561 abbati-

358 3606 468 3661 bus
485 3601 640 3675 apud
656 3598 1029 3656 Terracinam
1053 3593 1448 3660 coadunati,et
1474 3592 1747 3648 triduano
1771 3594 2002 3664 jejunio

360 3710 493 3750 cum
518 3689 720 3746 multis
751 3685 1021 3759 precibus
1051 3681 1441 3737 communiter
1471 3679 1782 3748 celebrato,
1811 3683 2001 3737 Domi-

360 3782 490 3836 nico
513 3778 751 3835 tandem
776 3774 939 3829 dieiv
971 3772 1107 3827 ldus
1139 3768 1326 3824 Martii
1359 3767 1504 3822 mihi
1533 3768 1797 3824 omnium
1850 3769 2002 3824 indi-

360 3868 645 3942 gnissimo
677 3868 882 3920 contra
909 3875 1083 3916 omne
1112 3861 1312 3912 votum
1344 3862 1402 3910 et
1440 3856 1818 3928 desiderium,
1851 3863 2002 3914 Deus

363 3958 496 4022 scit,
512 3959 572 4012 et
589 3953 913 4026 plurimum
939 3945 1210 4003 renitenti
1223 3944 1482 4016 regimen
1499 3945 1656 4001 sedis
1675 3947 2002 4018 apostolica

365 4020 731 4107 commisere,
745 4043 804 4095 et
819 4036 1083 4092 omnium
1102 4039 1221 4089 tam
1237 4032 1612 4104 prtesentium
1627 4049 1805 4104 quam
1828 4041 1886 4091 et
1905 4036 2005 4090 ab-
2036 4020 2079 4086 C

364 4133 620 4192 sentium
652 4127 1065 4203 praedictorum
1089 4121 1350 4178 ﬁdelium
1373 4138 1661 4177 consensu
1688 4139 1781 4178 me
1800 4123 2013 4196 eligen-

358 4227 470 4292 tes,
501 4227 558 4278 et
587 4215 992 4276 auctoritatem
1015 4217 1189 4283 atque
1210 4209 1522 4282 imperium
1554 4215 1770 4266 sanctas
1797 4228 2012 4268 memo-

361 4311 459 4368 ria
511 4310 1004 4383 praedecessorum
1058 4316 1322 4356 meorum
1355 4299 1617 4372 Gregorii
1675 4305 1733 4354 et
1760 4300 2011 4357 Victoris

360 4401 574 4458 habere
591 4415 653 4454 se
677 4411 856 4468 super
876 4392 983 4448 hoc
1005 4393 1356 4450 asserentes,
1374 4387 1546 4460 longe
1575 4387 1768 4459 impar
1788 4389 2011 4445 viribus

363 4490 510 4546 meis
532 4487 941 4560 imposuerunt
966 4499 979 4547 ;
1001 4479 1102 4536 sed
1129 4477 1432 4550 quoniam,
1456 4480 1521 4531 ut
1551 4480 1685 4531 ante
1717 4481 1898 4534 Deum
1928 4478 2009 4534 lo-

361 4595 527 4651 quar,
563 4575 726 4634 nulla
773 4569 1013 4628 honoris
1044 4564 1382 4630 ambitione,
1403 4562 1568 4620 nulla
1596 4565 1836 4621 omnino
1867 4583 2012 4639 pras-

360 4666 717 4740 sumptione,
753 4661 854 4720 sed
889 4659 1012 4717 sola
1042 4660 1126 4714 tot
1158 4658 1573 4724 tantorumque
1601 4652 2013 4726 religiosorum

359 4757 618 4814 virorum
644 4771 761 4810 non
785 4753 1009 4823 absque
1031 4743 1291 4820 periculo
1309 4741 2015 4802 contemnendaobedien-

362 4844 460 4914 tia,
483 4845 785 4902 conﬁdens
816 4843 1061 4910 insuper
1081 4837 1152 4891 de
1177 4830 1580 4888 misericordia
1593 4831 2012 4903 omnipotentis

362 4934 740 5000 Dei,tantum
799 4946 952 4986 onus
996 4927 1055 4980 in
1089 4919 1359 4995 praesenti
1391 4918 1450 4974 in
1503 4924 1625 4975 tam
1685 4919 2012 4991 periculoso

363 5025 625 5094 tempore
655 5019 854 5074 subire
881 5033 1014 5072 sum
1045 5015 1300 5068 coactus.
1336 5008 1634 5079 Rogamus
1665 5011 1722 5062 et
1750 5009 2014 5068 obsecra-

363 5124 497 5164 mus
528 5109 585 5162 in
614 5104 854 5162 Domino
905 5103 1068 5166 Jesu,
1100 5105 1166 5156 ut
1197 5099 1259 5152 in
1302 5113 1370 5152 ea
1432 5113 1610 5167 quam
1669 5097 1927 5166 coepistis
1956 5105 2015 5156 et

365 5212 543 5268 quam
565 5193 805 5251 domino
824 5196 881 5247 et
901 5185 1313 5262 praedecessori
1351 5189 1550 5240 nostro
1584 5185 1760 5238 beatae
1793 5201 2011 5243 memo-

436 5337 511 5408 (3)
566 5335 820 5408 Crestus
863 5337 952 5408 est.
1011 5323 1603 5408 ευτηηῖιξξηρίλιξιίνεξξ
1663 5322 1932 5408 Urbanus
1964 5328 2011 5384 II

365 5386 1156 5480 quarto'ldusyartii,“anno
1181 5386 1366 5480 .4088."
1382 5391 1798 5480 piguit-671713131
1831 5400 1920 5478 est
1950 5414 2012 5480 ni
2046 5386 2091 5449 D

2116 2711 2284 2766 stetis
2304 2710 2364 2764 in
2385 2708 2659 2782 praalioin
2676 2710 2769 2764 die
2792 2709 2997 2780 ipsius.
3022 2709 3139 2765 Vos
3183 2726 3319 2782 ergo
3354 2709 3456 2781 qui
3486 2709 3767 2781 spiritua-

2111 2799 2246 2854 liter
2267 2799 2428 2865 estis,
2451 2815 2550 2853 eos
2567 2799 2666 2870 qui
2684 2798 2953 2854 instructi
2973 2815 3085 2854 non
3105 2803 3240 2854 sunt
3263 2800 3455 2854 verbis
3477 2805 3537 2856 et
3571 2816 3770 2855 exem-

2112 2888 2226 2960 plis
2248 2888 2539 2952 instruite,
2562 2891 2621 2941 et
2640 2886 3027 2942 exbortamini
3053 2886 3208 2942 sicut
3230 2887 3394 2942 scitis
3424 2891 3482 2942 et
3512 2888 3770 2944 necessi-

2110 2981 2202 3033 tas
2215 2977 2583 3048 exigitbujus
2602 2975 2911 3047 periculosi
2931 2976 3234 3047 temporis.
3251 2977 3394 3032 Cum
3412 2978 3568 3031 enim
3601 2979 3761 3050 apud

2110 3083 2211 3122 vos
2237 3081 2421 3130 eram,
2446 3064 2592 3119 tales
2623 3080 2726 3119 vos
2769 3081 2973 3119 omnes
3015 3063 3230 3131 inveni,
3267 3069 3331 3119 ut
3378 3082 3515 3120 voce
3569 3065 3766 3137 ipsius

2111 3153 2342 3210 Domini
2376 3169 2608 3225 possem
2642 3152 2892 3208 clamare
2925 3153 3132 3208 :Amen
3161 3155 3288 3209 dico
3325 3155 3491 3217 vobis,
3517 3169 3639 3210 non
3670 3157 3763 3210 in-

2110 3244 2236 3300 veni
2258 3251 2467 3298 tantam
2490 3242 2652 3311 ﬁdem
2668 3243 2726 3295 in
2751 3243 2920 3296 Israel
2935 3257 2955 3301 ,·
2975 3243 3073 3313 qui
3118 3249 3304 3296 autem
3330 3247 3767 3314 perseveraverit

2109 3336 2172 3388 in
2191 3333 2376 3401 ﬁnem,
2401 3331 2490 3385 hic
2515 3331 2698 3385 salvus
2725 3331 2848 3384 erit.
2885 3333 3128 3402 Insuper
3157 3332 3312 3402 apud
3341 3332 3767 3403 omnipotentis

2111 3421 2208 3476 Dei
2249 3419 2708 3474 misericordiam
2740 3417 3050 3474 continuas
3081 3433 3280 3490 preces
3309 3419 3613 3486 effundite,
3645 3437 3770 3493 qua

2110 3513 2284 3564 tenus
2314 3511 2371 3562 et
2401 3504 2718 3560 Ecclesiam
2751 3521 2918 3560 suam
2937 3510 3202 3561 sanctam
3217 3505 3278 3560 in
3298 3507 3550 3577 gradum
3571 3507 3767 3578 pristi-

2111 3613 2254 3654 num
2283 3593 2737 3651 misericorditer
2759 3599 3083 3648 restaurare
3096 3593 3390 3664 dignetur.
3409 3598 3542 3666 Ipse
3562 3599 3767 3651 autem

2111 3687 2266 3742 Deus
2297 3683 2457 3755 pacis
2474 3687 2734 3738 conterat
2747 3685 3020 3736 Satanam
3044 3682 3154 3737 sub
3178 3681 3306 3753 pedi
3317 3683 3425 3737 bus
3440 3683 3653 3738 vestris
3669 3701 3768 3738 ve-

2111 3774 2334 3830 lociter.
2374 3769 2572 3826 Gratia
2622 3768 2854 3825 Domini
2885 3768 3066 3824 nostri
3095 3770 3230 3824 Jesu
3270 3770 3484 3826 Christi
3518 3771 3599 3827 sit
3628 3788 3768 3829 cum

2113 3861 2388 3918 omnibus
2413 3858 2599 3922 vobis,
2631 3857 3000 3913 dilectissimi
3026 3855 3088 3912 in
3119 3857 3368 3914 Christo.

2185 3951 2396 4006 Datum
2432 3947 2584 4020 apud
2617 3946 2988 4002 Terracinam
3021 3963 3084 4002 III
3117 3947 3254 4002 ldus
3285 3949 3364 4019 (3)
3395 3948 3613 4004 Martii.

2901 4052 2969 4108 II.

2118 4145 2384 4217 Epistola.
2424 4142 2630 4200 Urbani
2661 4143 2710 4217 ῃ
2740 4155 2904 4217 Ριξρῶ
2931 4141 3002 4196 ad
3047 4144 3327 4217 Hagonem
3356 4144 3612 4199 abbatem
3642 4145 3774 4201 Clu-

2189 4217 2519 4270 niacensem.
2551 4243 2621 4254 —
2650 4214 3039 4283 Pontiﬁcatum
3083 4213 3190 4269 sibi
3216 4213 3458 4269 delatum
3521 4219 3774 4273 nuntiat.

2195 4290 2360 4358 Rogat
2388 4288 2445 4340 ut
2474 4285 2544 4340 ad
2571 4300 2626 4340 se
2653 4286 2858 4339 veniat.

2725 4374 2914 4444 (Anno
2942 4373 3124 4444 1088).

2419 4463 2711 4534 [ΜΑΒιιι.,
2741 4461 2943 4516 Annal.
2978 4461 3178 4518 Bened.
3211 4461 3279 4527 V,
3311 4463 3464 4534 251.]

2191 4570 2470 4626 UBBANUS
2501 4567 2832 4638 episcopus,
2852 4583 3053 4623 servus
3077 4584 3378 4624 servorum
3406 4569 3529 4635 Dei,
3548 4570 3780 4628 Hoeom

2121 4657 2607 4716 reverendissimo
2659 4654 2854 4710 abbati
2912 4654 3300 4724 Cluniacensi,
3334 4658 3616 4730 omnique
3646 4661 3784 4731 ejus

2121 4751 2322 4805 sancto
2347 4743 2652 4802 conventui
2677 4742 2926 4799 salutem
2947 4748 3005 4799 et
3025 4743 3406 4816 apostolicam
3427 4746 3786 4804 benedictio-

2122 4852 2279 4893 nem.
2617 4854 2620 4858 '

2193 4923 2478 4990 Quoniam
2502 4921 2872 4977 sanctitatem
2900 4925 3157 4977 vestram
3179 4921 3324 4978 satis
3356 4922 3590 4980 avidam
3621 4925 3789 4981 exal-

2120 5012 2359 5071 tationis
2373 5013 2647 5066 Romanis
2665 5008 2933 5065 Ecclesia;
2952 5009 3243 5076 novimus,
3262 5027 3332 5066 ea
3353 5012 3654 5084 quaciroa
3671 5030 3793 5071 nos

2121 5105 2251 5158 acta
2273 5103 2412 5156 sunt
2430 5097 2774 5170 compendio
2803 5097 2967 5152 vobis
2997 5097 3299 5155 notiﬁcare
3329 5117 3628 5156 curamus.
3663 5101 3791 5158 No-

2120 5193 2249 5244 tum
2261 5189 2460 5258 itaque
2473 5185 2721 5240 facimus
2733 5185 3033 5241 dilectioni
3047 5190 3271 5255 vestrae,
3284 5188 3441 5258 quod
3457 5189 3617 5261 apud
3631 5189 3791 5244 Ter-

2120 5331 2409 5411 decessori:
2434 5329 2550 5411 pia:
2577 5326 3345 5411 memoria'hqregoriifapw.
3366 5330 3792 5411 observaturum

2119 5395 2484 5458 denuntiavit.
2504 5399 2619 5453 Has
2642 5413 2812 5458 porro
2832 5395 3058 5454 litteras
3078 5416 3112 5454 a
3137 5395 3387 5456 Baronio
3417 5401 3792 5458 desideratas

367 5463 504 5535 fdus
525 5476 736 5544 Martii,
756 5475 949 5546 inquit
967 5463 1276 5546 Bertoldus
1297 5466 1369 5546 ad
1391 5463 1548 5518 hunc
1579 5468 2021 5546 annum,_niis:i:
2128 5489 2196 5546 eo
2227 5463 2901 5546 libentiusevulgamus,
2923 5486 3038 5546 quo
3068 5470 3240 5542 plura
3268 5472 3341 5529 de
3371 5472 3670 5530 creatione
3687 5473 3794 5530 υις,

369 5531 614 5605 ὶᾷῖεὶέέῖ
641 5531 891 5604 οῃὺιίὺίιδ
945 5539 1252 5617 catholicis,
1293 5539 1344 5589 et
1393 5549 1558 5617 suam
1611 5531 2019 5617 ordinationem
2127 5543 2266 5617 bani
2296 5531 2702 5617 licentinent‘,’
2729 5555 2857 5617 quas
2889 5531 2990 5597 aut
3010 5531 3289 5614 leguntur
3320 5561 3649 5617 nusquam,
3684 5549 3794 5602 aut

367 5603 620 5678 omnibus
648 5603 969 5682 declaravit,
992 5615 1043 5667 et
1072 5625 1128 5664 se
1160 5609 1219 5662 in
1249 5603 1501 5661 omnibus
1530 5603 1861 5672 vestigiasui
1878 5623 2016 5678 prae.

2127 5613 2301 5685 plane
2332 5610 2498 5666 aliter
2527 5610 2873 5665 referuntur.
