3950 6218
194 342 336 446 iis:
1403 368 1811 438 EPISTOL/E
1852 366 1951 432 er
1995 364 2469 432 pmvmscm.
3520 371 3639 432 sse

224 510 486 576 recinam
522 507 858 591 Campaniae
891 508 1181 571 civitatem
1216 515 1427 569 εαηοῐω
1458 508 1731 567 Romanae
1779 501 1883 565 Ec-
1912 512 1969 575 Α
1996 503 2529 578 Gratianopolitano
2560 498 2840 579 (Hugom'),
2872 505 3069 563 Diensi
3117 508 3382 581 (Ismioni)
3432 511 3492 567 et
3542 509 3637 565 Υἱ-

224 608 413 665 etesias
445 604 710 681 episcopi
760 609 818 661 et
847 599 1196 670 cardinales,
1230 598 1566 658 Portuensis
1594 596 1883 665 videlicet,
1964 593 2240 695 ‘variensi
2271 594 2532 701 (annrz'),
2566 598 2623 701 et
2653 595 2921 653 universo
2942 594 3172 701 clero‘et
3214 598 3427 701 populo
3460 600 3641 701 Yie'n-

227 696 601 767 Sabinensis,
634 693 1029 761 Tusculanus,
1061 690 1411 749 Albanensis
1464 693 1521 745 et
1558 686 1882 762 Signensis,
1993 683 2194 741 ncnsis
2224 683 2513 752 Ecclesiae,
2537 684 2787 742 salutem
2810 690 2868 743 et
2889 686 3271 760 apostolicam
3294 690 3644 748 benedictio-

227 804 365 843 cum
398 785 533 841 aliis
562 784 858 859 episcOpis
889 797 1131 839 numero
1162 779 1453 837 sexdecim
1484 783 1542 834 et
1573 776 1886 833 abbatibus
1994 790 2150 829 nem.

2064 861 2349 919 Nolumus
2380 861 2556 920 latere
2601 864 3022 924 fraternitatem
3073 872 3327 926 vestram
3358 886 3466 927 nos
3521 870 3648 928 sola

1996 952 2185 1026 gratia
2214 951 2336 1019 Dei,
2369 952 2545 1009 nullis
2576 954 2793 1011 nostris
2818 957 3278 1028 praecedentibus
3299 959 3544 1033 meritis,
3576 962 3648 1017 de

1999 1042 2261 1098 unanimi
2295 1047 2348 1097 et
2407 1043 2723 1099 universali
2780 1044 3198 1105 catholicorum
3252 1065 3542 1108 consensu
3572 1051 3647 1107 ad

2005 1133 2322 1188 Romanam
2349 1131 2667 1188 Ecclesiam
2684 1150 2750 1190 ac
2776 1133 3021 1191 Romani
3046 1137 3398 1210 pontiﬁcalis
3413 1139 3648 1199 culmen

231 879 506 948 quatuor,
538 873 791 947 aliisque
806 868 1261 945 quamplurimis
1287 868 1429 924 viris
1447 866 1734 941 religiosis
1756 882 1887 922 con-

228 963 649 1031 venientibus;
680 978 815 1017 cum
867 959 1204 1029 Portucnsis
1262 956 1571 1030 episcopus
1621 955 1886 1011 omnium

234 1053 638 1108 Romanorum
668 1049 1012 1105 clericorum
1061 1046 1357 1103 catholicae
1392 1045 1535 1117 parti
1571 1043 1888 1100 faventium

234 1158 299 1198 se
325 1140 592 1215 legatum
622 1139 859 1206 diceret,
893 1138 1074 1193 abbas
1099 1152 1231 1192 vero
1262 1133 1597 1192 Casinensis
1617 1132 1890 1189 cardina-

231 1230 310 1287 lis
339 1229 629 1286 diaconus
686 1230 1027 1283 czeterorum
1085 1223 1503 1289 diaconorum;
1538 1223 1599 1278 P.
1661 1236 1892 1294 quoque
2002 1220 2234 1277 electos.
2270 1221 2431 1276 Unde
2462 1223 2761 1293 quoniam,
2795 1228 2862 1281 ut
2878 1225 3169 1299 scriptura
3192 1232 3460 1297 testatur,
3475 1236 3639 1304 frater

232 1317 560 1376 cardinalis
587 1315 743 1372 tituli
774 1315 971 1371 Sancti
991 1313 1306 1370 Clementis
1344 1310 1605 1368 omnium
1628 1310 1892 1367 cardina-
2001 1311 2231 1382 fratrem
2289 1310 2572 1390 adjuoam,
2625 1314 2820 1392 civitas
2878 1318 3096 1372 munita
3149 1320 3201 1373 et
3248 1320 3410 1389 forti:
3464 1320 3647 1393 (Prov.

230 1408 424 1475 lium;
456 1407 767 1481 praefectus
798 1407 994 1460 autem
1017 1403 1187 1459 Urbis
1218 1401 1503 1458 laicorum
1536 1400 1801 1457 omnium
1833 1415 1896 1454 se
2005 1416 2160 1467 xvm,
2194 1399 2306 1471 l9),
2340 1417 2614 1475 rogamus
2642 1419 2743 1458 vos
2773 1408 2830 1459 et
2884 1404 3261 1463 obsecramus
3292 1408 3352 1465 in
3408 1410 3652 1467 Domino

200 1475 209 1478 ν
236 1498 393 1553 ferre
423 1475 712 1552 assereret
730 1492 1102 1568 legationem,
1127 1508 1379 1563 cumque
1406 1494 1536 1563 post
1554 1488 1896 1545 triduanum
2004 1487 2145 1544 Jesu
2178 1488 2425 1557 Lhristo,
2458 1494 2523 1545 ut
2582 1494 2702 1546 tam
2735 1509 2838 1563 pro
2886 1494 3055 1551 nobis
3083 1512 3260 1568 quam
3318 1514 3428 1569 pro
3452 1503 3655 1557 sancta

197 1566 205 1571 ⁷
231 1585 564 1658 jejunium,
594 1566 1120 1656 supplicationibus
1177 1578 1381 1635 multis
1421 1578 1768 1650 magnisque
1825 1576 1896 1631 ad
2010 1580 2197 1632 matre
2226 1581 2417 1633 vestra
2475 1579 2737 1635 Romana
2782 1581 3039 1639 Ecclesia
3066 1582 3428 1642 incessanter
3458 1588 3651 1644 Domi-

198 1656 433 1731 A‘Deum
483 1673 756 1745 precibus
804 1669 1181 1726 vehementer
1221 1668 1577 1735 insisterent,
1629 1683 1745 1739 quo
1792 1682 1899 1734 ego
2012 1683 2153 1721 num
2175 1668 2754 1739 exoretis,quatenus
2785 1672 2937 1743 quod
2956 1673 3084 1744 ejus
3105 1677 3249 1729 nutu
3274 1673 3549 1733 inchoare
3565 1694 3659 1749 po-

200 1770 211 1779 ’
244 1764 491 1838 quidem
526 1761 766 1817 omnino
823 1758 1035 1831 dignus
1068 1774 1179 1811 non
1216 1756 1322 1811 fuit
1373 1756 1607 1810 tandem
1640 1771 1733 1811 me
1788 1753 1897 1808 sibi
2011 1755 2551 1822 tuimus,universis
2582 1758 2955 1817 inimicorum
2994 1762 3315 1820 obstaculis
3341 1766 3655 1838 superatis,

243 1855 461 1927 quarto
483 1851 622 1906 ldus
643 1847 832 1905 Martii
867 1848 923 1902 in
959 1846 1290 1920 pontiﬁcem
1313 1844 1629 1943 elegerunt:
1656 1842 1898 1943 Quibus,
1938 1880 1981 1943 Β
2013 1844 2083 1943 ad
2117 1844 2587 1943 dignos-sibique
2622 1848 2916 1920 placentes
2946 1852 3188 1943 effectus
3219 1854 3532 1925 perducere
3560 1873 3657 1912 va-

242 1947 433 1999 Deum
468 1945 670 2006 testor,
693 1955 809 1994 non
839 1934 1179 1992 ambitionis
1200 1951 1397 2000 causa,
1424 1950 1528 1989 nec
1548 1932 1800 2005 alicujus
1822 1932 1906 1988 di-

204 2011 210 2015 .
241 2031 493 2106 gnitatis
525 2027 814 2084 desiderio
844 2042 1156 2080 assensum
1203 2023 1421 2096 praebui
1451 2040 1464 2087 ;
1521 2022 1619 2077 sed
1653 2022 1792 2092 quia
1821 2025 1906 2077 tot

203 2111 548 2191 ﬁtantisque
585 2115 725 2172 viris
782 2114 1124 2170 inobediens
1184 2129 1311 2168 esse
1369 2112 1627 2175 verebar,
1687 2110 1906 2183 talique

213 2188 405 2282 j’quali
440 2188 705 2278 tempore
730 2204 776 2259 si
813 2208 1100 2277 quantum
1129 2201 1200 2257 ad
1232 2217 1324 2258 me
1354 2198 1910 2273 periclitantiEccle-

212 2276 346 2356 iis-ise
361 2315 479 2354 non
502 2276 1091 2359 su—bvenircm,Deum
1110 2307 1202 2348 me
1226 2290 1516 2346 otl‘endere
1539 2289 1904 2348 metuebam:

211 2376 578 2462 ‘prmsertim
611 2400 748 2439 cum
810 2382 1267 2455 pra-.decessores
1326 2395 1488 2434 meos
1535 2378 1688 2432 viros
1745 2377 1906 2432 omni

212 2456 215 2459 ἤ
242 2456 626 2531 veneratione
659 2469 1241 2543 dignos,Gregorium
1275 2465 1498 2522 scilicet
1529 2469 1704 2539 atque
1725 2464 1912 2520 Victo-

243 2570 400 2631 rem,
432 2562 543 2619 hoc
572 2560 684 2618 sibi
717 2558 911 2615 divino
936 2556 1277 2630 praecepisse
1299 2558 1590 2610 asserunt.
1621 2554 1779 2627 Rogo
1801 2552 1908 2626 igi-

222 2644 371 2720 'tur,
404 2648 974 2710 desiderantissime,
1010 2645 1378 2716 nimiumque
1431 2648 1487 2699 te
1517 2643 1794 2716 deprecor
1826 2648 1907 2709 ut,

253 2743 301 2800 si
325 2759 449 2814 qua
469 2739 574 2795 tibi
598 2744 740 2794 sunt
762 2737 996 2810 pietatis
1017 2735 1257 2797 viscera.
1274 2733 1321 2789 si
1347 2749 1464 2803 qua
1483 2732 1584 2787 ﬁlii
1607 2738 1664 2787 et
1686 2730 1909 2787 alumni

251 2832 337 2888 tui
370 2834 466 2887 est
493 2829 604 2884 tibi
625 2826 930 2894 memoria,
963 2840 1054 2879 mc
1088 2822 1336 2877 multum
1370 2821 1426 2875 id
1460 2820 1788 2892 cupientem
1810 2825 1913 2877 tua

226 2902 231 2906 ﬁ
254 2900 572 2994 praesentia
597 2913 911 2978 consolari.
945 2915 1329 2983 sanctamque
1351 2914 1595 2965 matrem
1618 2912 1776 2966 tuam
1801 2909 1912 2965 Ro-

228 2988 503 3065 ‘irianam
535 3004 876 3070 Ecclesiam,
905 3002 952 3057 si
987 3018 1250 3072 unquam
1281 2998 1557 3071 possibile
1589 2997 1780 3064 fuerit,
1813 3002 1913 3053 tuo

259 3097 520 3155 multum
550 3093 722 3151 nobis
742 3089 987 3165 optabili
1013 3091 1255 3146 adventu
1281 3088 1514 3144 visitare
1546 3086 1824 3158 digneris.
1846 3090 1916 3142 At

237 3171 417 3252 ivero,
454 3184 505 3241 si
536 3184 595 3239 id
628 3182 752 3238 ﬁeri
775 3180 996 3253 nequit,
1031 3183 1095 3235 ut
1121 3177 1265 3233 tales
1296 3177 1366 3250 de
1384 3176 1520 3231 filiis
1550 3175 1668 3232 tuis
1687 3176 1911 3230 confra-

259 3244 457 3332 tribus
478 3272 629 3328 meis
654 3275 710 3327 te
738 3269 809 3326 ad
837 3244 940 3324 nos
964 3244 1242 3323 mandare
1258 3247 1374 3322 non
1401 3262 1675 3338 pigeat,in
1696 3263 1913 3335 quibus
1944 3244 1987 3314 C

237 3367 318 3420 'te
344 3362 607 3431 videam,
641 3363 695 3416 te
725 3357 1066 3430 suscipiam,
1096 3362 1207 3410 tuae
1253 3352 1668 3411 consolationis
1700 3352 1758 3407 in
1808 3352 1916 3407 im-

261 3450 491 3507 mensis
522 3442 1062 3522 perturbationibus
1093 3444 1321 3516 positus
1352 3442 1523 3497 verba
1545 3457 1916 3514 cognoscam,

262 3540 364 3614 qui
397 3545 563 3594 tuam
596 3536 936 3591 charitatern
988 3540 1217 3605 tuaeque
1264 3530 1591 3587 dilectionis
1647 3530 1918 3586 affectum

264 3628 413 3685 mihi
446 3623 885 3699 réprzesentent.,
939 3623 1035 3695 qui
1068 3619 1323 3693 qualiter
1353 3624 1407 3675 ct
1439 3623 1497 3674 tu
1539 3618 1922 3691 omniumque

263 3718 516 3774 fratrum
554 3716 886 3770 nostrorum
922 3728 982 3767 se
1011 3710 1224 3766 habeat
1250 3708 1617 3781 congregatio
1650 3707 1792 3763 mihi
1822 3707 1919 3762 dc-

266 3804 562 3863 nuntient.
596 3803 806 3857 Precor
861 3804 1055 3856 autem
1086 3802 1147 3853 ut
1175 3815 1407 3853 omnem
1440 3800 1774 3853 sanctorum
1808 3796 1920 3850 fra-

266 3900 429 3951 trum
461 3889 973 3965 congregationem
1029 3903 1396 3942 commonerc
1427 3886 1624 3951 facias,
1673 3888 1735 3939 ut
1767 3885 1922 3956 apud

268 3980 693 4055 omnipotentis
714 3978 815 4034 Dei
833 3975 1201 4033 clementiam
1226 3991 1424 4048 preces
1443 3973 1765 4039 etl‘undant,
1789 3989 1926 4045 qua-

269 4076 447 4129 tenus
469 4074 529 4127 et
551 4085 658 4126 nos
674 4071 731 4124 et
749 4065 1068 4122 Ecclesiam
1096 4082 1265 4121 suam
1290 4067 1574 4129 sanctam,
1596 4079 1722 4134 qua:
1744 4060 1925 4117 tantis

268 4162 506 4217 videtur
534 4158 838 4229 subjacere
851 4152 1150 4227 periculis,
1169 4152 1229 4208 in
1254 4152 1570 4226 pristinum
1596 4154 1927 4206 restaurare

274 4253 497 4307 statum
529 4248 823 4320 dignetur.
852 4243 1090 4298 Noveris
1118 4242 1272 4297 enim
1308 4240 1582 4296 omnibus
1612 4238 1927 4311 specialius

271 4340 383 4396 hoc
414 4335 716 4410 negotium
750 4347 926 4405 super
952 4336 1011 4387 te
1040 4332 1311 4404 pendere.
1345 4327 1507 4384 Vale.

345 4428 562 4484 Datum
595 4441 658 4480 In
689 4422 827 4487 Idus
857 4420 995 4477 Maii
1026 4420 1180 4493 apud
1207 4416 1581 4475 Terracinam
1616 4416 1740 4489 (3').

1060 4544 1155 4601 IlI.

190 4678 193 4681 ,
230 4590 233 4593 Δ
277 4642 489 4721 υνὸαῃί
514 4641 569 4698 II
588 4651 757 4721 popa:
781 4635 1014 4719 epistola
1035 4590 1444 4721 adj'ep'iseopos,
1498 4630 1801 4721 deneget
1821 4644 1930 4721 po:
1962 4614 2006 4680 D

340 4715 541 4788 ραιςιηι
585 4709 919 4788 frementes

1012 4701 1293 4763 romae.
1327 4701 1337 4703 “
1368 4734 1432 4743 -
1489 4703 1563 4757 De
1639 4701 1930 4758 Viennensi

346 4771 751 4862 archiepiswpo
778 4771 1045 4862 eligendo,
1077 4794 1199 4831 cum
1225 4774 1342 4831 haec
1366 4773 1676 4844 metropolis
1693 4772 1815 4845 jam
1836 4771 1932 4827 diu

342 4850 566 4931 pastore
594 4850 731 4909 esset
759 4850 1032 4906 destituta.

322 4974 327 4977 -
910 4938 1093 5008 (Anno
1133 4934 1312 5005 1088.)

280 5053 367 5113 [1).
400 5052 700 5113 Βουουετ,
736 5045 970 5111 Rccueil,
1031 5046 1172 5098 tom.
1212 5040 1351 5107 XIV,
1386 5055 1516 5113 pag.
1558 5040 1703 5113 76789,
1740 5055 1808 5095 ea:
1840 5040 1930 5094 Bi-

277 5108 329 5125 ‘7
546 5108 563 5112 ’
590 5108 781 5174 ὺιίὸιὴ.
815 5108 1071 5181 norica,
1104 5116 1269 5186 parte
1300 5108 1491 5184 mfp.‘
1505 5112 1621 5182 74.]

349 5230 632 5286 Uaaauus
662 5223 995 5296 episcopus,
1022 5236 1222 5277 servus
1253 5234 1553 5274 servorum
1584 5215 1683 5272 Dei
1703 5233 1933 5272 venera-

272 5318 499 5374 ‘bilibus
526 5310 826 5388 episcopis
854 5314 911 5366 et
966 5306 1379 5375 confratribus,
1429 5303 1738 5361 Valentino
1772 5304 1932 5376 (Gon-

281 5408 478 5476 tardo),
509 5400 838 5460 Genevensi
868 5397 1167 5472 (Guidom),
1191 5394 1587 5453 Maurianensi
1619 5393 1931 5467 (Conrado),

348 5548 451 5620 (3')
480 5546 615 5620 Haec
639 5538 893 5620 epistola
908 5539 1122 5620 scripta
1136 5538 1366 5620 videtur
1385 5534 1660 5620 postridie
1676 5536 1804 5620 ejus
1821 5534 1934 5620 elo:

280 5606 805 5691 cti‘onis,adeo.que
822 5606 1297 5691 formula—gendum
1332 5606 1796 5691 Hildae-Martii,
1818 5606 1934 5662 nisi

280 5691 328 5748 si
344 5697 474 5764 post
495 5679 932 5746 dedicationem
953 5679 1185 5738 Bantini
1202 5679 1542 5737 monasterii
1561 5679 1934 5737 Terracinam

2016 1932 2263 1989 leamus.
2313 1935 2428 1989 Nos
2476 1940 2673 1992 autem
2730 1955 2834 2010 pro
2873 1944 3029 1996 certo
3087 1942 3287 1999 sciatis
3344 1943 3659 2002 Ecclesiam

2013 2025 2265 2077 vestram
2300 2023 2549 2079 multum
2601 2023 2865 2099 diligere,
2923 2045 3171 2102 eamque
3221 2031 3376 2089 inter
3426 2037 3663 2091 caeteras

2015 2114 2226 2165 nostrae
2262 2112 2637 2184 providentia:
2696 2115 3043 2173 commissas
3100 2118 3389 2179 Ecclesiae
3448 2138 3662 2197 magno

2015 2200 2233 2256 amoris
2259 2204 2387 2256 voto
2409 2218 2619 2274 cupere
2646 2203 2953 2262 honorare.
2986 2207 3272 2280 Quoniam
3306 2210 3488 2284 igitur
3504 2212 3662 2284 jam-

2016 2288 2114 2343 diu
2138 2292 2330 2344 vestra
2352 2290 2689 2362 metropolis
2716 2295 2946 2364 pastore
2968 2296 3342 2369 cognoscitur
3360 2299 3661 2372 destituta,

2017 2376 2337 2450 apostolica
2365 2377 2528 2435 vobis
2560 2380 2939 2452 praeceptione
2969 2385 3323 2441 mandamus
3354 2391 3419 2442 ut
3471 2387 3662 2457 eidem

2019 2464 2301 2533 Ecclesiae,
2336 2467 2685 2538 quantocius
2711 2469 3000 2540 poteritis,
3030 2476 3236 2544 aptum
3286 2479 3345 2530 et
3386 2476 3662 2534 idoneum

2018 2559 2310 2627 pastorem
2342 2554 2553 2629 eligere
2570 2559 2915 2631 procuratis.
2933 2560 3122 2617 Tanta
3139 2562 3298 2619 enim
3318 2563 3518 2622 dilatio
3540 2583 3664 2622 ma-

2018 2659 2200 2716 gnum
2217 2643 2938 2720 detrimentum,magnam
2951 2650 3279 2724 animarum
3296 2652 3444 2711 solet
3461 2656 3666 2712 aﬁ‘erre

2020 2732 2357 2804 perniciem.
2381 2735 2674 2791 Canonica
2700 2736 2879 2793 etiam
2910 2741 3255 2797 auctoritate
3275 2746 3667 2810 cautum,esse

2021 2821 2227 2888 nostis,
2248 2822 2405 2894 quod
2428 2822 2580 2880 ultra
2599 2827 2717 2881 tres
2741 2842 2973 2893 menses
2993 2829 3265 2903 episcopo
3283 2847 3392 2888 suo
3411 2831 3670 2891 Ecclesia

2018 2927 2223 2968 vacare
2254 2928 2369 2967 non
2389 2912 2559 2970 debet
2582 2918 2821 2987 :quanto
2839 2916 3018 2990 igitur
3040 2919 3238 2975 minus
3249 2937 3355 2992 per
3379 2924 3466 2978 tot
3485 2939 3667 2980 anno-

2021 3016 2154 3072 rum
2186 3000 2511 3057 curricula!
2550 3003 2617 3058 Et
2648 3004 2935 3083 quoniam.
2957 3006 3200 3064 solitum
3228 3012 3337 3079 est,
3370 3008 3430 3066 in
3479 3011 3670 3084 spatio

2025 3104 2139 3160 quo
2186 3095 2352 3145 vacat
2406 3088 2683 3157 Ecclesia,
2715 3109 2750 3147 a
2799 3094 3079 3151 nonnulla
3132 3094 3472 3172 irreligiosis
3518 3101 3674 3156 bona

2023 3177 2152 3247 ejus
2182 3194 2248 3231 ac
2280 3177 2561 3235 beneﬁcia
2591 3180 2787 3252 diripi,
2820 3182 3138 3254 apostolica
3185 3184 3294 3241 hoc
3335 3180 3672 3253 omnimodo

2026 3265 2367 3322 auctoritate
2399 3266 2863 3325 interdicendum
2886 3272 3240 3329 mandamus
3265 3292 3279 3341 ;
3311 3273 3421 3331 hoc
3440 3266 3675 3349 quoque

2028 3352 2354 3425 specialiter
2397 3356 2800 3428 pracipientes
2830 3363 2897 3414 ut
2925 3358 3179 3417 Ecclesia
3199 3361 3589 3420 Romanensis
3617 3369 3676 3420 et

2028 3439 2283 3494 Ecclesia
2296 3439 2515 3496 B.Petri
2529 3442 2600 3498 de
2621 3444 2755 3499 Cam
2764 3444 2895 3516 pani
2903 3461 3086 3517 a,quae
3097 3448 3357 3521 subjure
3376 3466 3443 3506 ac
3454 3450 3676 3517 ditione

2027 3527 2377 3584 Viennensis
2410 3529 2676 3588 Ecclesiae
2705 3534 3033 3606 antiquitus
3090 3536 3271 3594 fuisse
3329 3544 3673 3610 noscuntur,

2029 3616 2215 3675 eidem
2247 3618 2514 3676 Ecclesiae
2563 3620 2756 3694 quiete
2810 3632 3211 3697 permaneant,
3244 3632 3302 3685 et
3359 3629 3521 3687 nulla
3551 3648 3676 3699 ma-

2030 3723 2145 3779 gna
2177 3723 2469 3781 parvaque
2498 3726 2747 3780 persona
2761 3712 2846 3769 vel
2864 3712 3023 3787 ipsas
3045 3715 3350 3785 Ecclesiae,
3372 3718 3459 3776 vel
3473 3736 3676 3777 earum

2031 3795 2184 3851 bona
2211 3795 2446 3854 Viennae
2490 3799 2774 3869 Ecclesiae,
2834 3803 3055 3877 absque
3111 3804 3363 3879 alicujus
3414 3824 3676 3881 personae

2031 3883 2440 3942 molestatione
2468 3903 2574 3944 seu
2604 3889 3218 3965 diminutione,quieta
3235 3899 3293 3952 et
3311 3895 3538 3954 illibata
3555 3915 3680 3971 per-

2035 3989 2267 4029 manere
2298 3975 2408 4030 sub
2441 3976 2534 4033 sui
2565 3978 2857 4050 pontiﬁcis
2878 3983 3197 4054 apostolica
3224 3985 3567 4044 auctoritate
3586 3988 3682 4044 de-

2035 4061 2349 4118 cernimus.
2381 4062 2862 4140 Obtemperantes
2891 4086 2992 4128 vos
3039 4072 3414 4143 jussionibus
3462 4077 3679 4145 nostris

2035 4151 2405 4224 omnipotens
2428 4153 2583 4211 Deus
2608 4155 2932 4216 benedicat.

2810 4301 2905 4356 ιν.

2043 4381 2248 4439 Urbani
2274 4384 2327 4439 II
2349 4399 2512 4464 papae
2540 4388 2770 4459 epistola
2798 4388 2886 4464 ad_
2922 4391 3293 4464 Lanlrancum
3325 4392 3687 4452 Cantuarien-

2108 4469 2223 4509 sem
2249 4456 2736 4534 archiepiscopum.
2756 4491 2822 4502 —
2851 4461 2928 4517 De
2952 4456 3206 4520 Ecclesia;-
3231 4466 3505 4534 angustiis
3531 4484 3596 4523 ac
3622 4467 3687 4523 de

2109 4529 2348 4597 suscepto
2370 4528 2716 4598 pontiﬁcatu.

2664 4637 2852 4708 (Anno
2885 4639 3068 4708 1088.)

2151 4746 2365 4813 [Edidit
2395 4746 2753 4819 Tusinsaus,
2785 4754 3065 4826 Disquisit.
3097 4757 3295 4824 critic,
3330 4773 3388 4828 p.
3422 4758 3572 4830 207.]

2041 4859 2875 4936 Uaaauusepiscopus,servus
2896 4885 3193 4926 servorum
3208 4870 3329 4939 Dei,
3348 4871 3687 4930 Lanmnco

2041 4954 2253 5005 sanctae
2266 4951 2445 5007 Cantu
2455 4953 2711 5010 ariorum
2723 4955 2988 5013 Ecclesiae
3008 4958 3489 5019 reverendissimo
3509 4960 3695 5018 archi-

2042 5037 2313 5110 episcopo
2346 5039 2595 5098 salutem
2625 5048 2684 5099 et
2712 5046 3092 5118 apostolicam
3130 5048 3617 5107 benedictionem.
3677 5113 3683 5121 ,

2110 5125 2236 5181 Non
2262 5126 2442 5183 latere
2455 5131 2585 5187 cred
2596 5131 2750 5191 imus
2763 5136 3134 5208 prudentiam
3149 5142 3332 5210 tuam,
3347 5138 3693 5197 charissime

2041 5214 2232 5282 Pater,
2266 5222 2410 5288 quot
2441 5220 2733 5291 procellis,
2765 5229 2909 5296 quot
2937 5230 3391 5301 tempestatibus
3421 5245 3489 5285 ex
3516 5228 3690 5300 longo

2032 5303 2159 5375 jam
2193 5306 2451 5378 tempore
2482 5310 2703 5381 patitur
2733 5312 2897 5372 navis
2947 5315 3096 5372 Petri
3119 5318 3341 5388 jactata
3370 5333 3470 5373 seu
3504 5314 3690 5387 negli-

2041 5396 2209 5461 gente
2243 5392 2341 5451 illo
2362 5411 2465 5452 seu
2494 5398 2692 5470 potius
2722 5400 3047 5461 dormiente
3076 5405 3149 5460 ad
3181 5405 3371 5478 ipsam
3402 5404 3518 5458 fere
3548 5403 3691 5459 sub-

2042 5536 2293 5614 revertit,
2335 5539 2577 5614 undein
2608 5542 2866 5600 Siciliam
2884 5544 3300 5601 transmiserit.
3323 5545 3689 5614 Quamquam

2042 5605 2198 5661 haud
2230 5607 2544 5667 verisimile
2575 5618 2665 5669 est
2694 5614 2992 5672 Urbanum
3025 5619 3143 5670 tam
3174 5633 3303 5673 sero
3342 5605 3690 5670 electiSnem

2042 5692 2212 5734 suam
2233 5681 2640 5740 amantissimo
2660 5686 2817 5745 Patri
2849 5685 3234 5759 signiﬁcasse.
