3950 6218
321 346 436 409 287

1627 345 1699 409 Β.
1745 344 2037 408 URAANI
2083 344 2136 408 ΙΙ
2180 344 2432 409 ΡΑΡιΕ.

3618 347 3742 410 288

319 476 671 538 mersionem
704 476 985 553 perducta
1014 474 1107 536 sit.
1133 475 1470 537 Pervenisse
1491 475 1663 535 etiam
1688 475 1759 535 ad
1791 495 1962 536 aures
1990 479 2047 549 Α
2078 495 2230 551 mus,
2263 483 2329 536 ut
2359 483 2414 536 et
2443 479 2493 536 ei
2527 476 2583 536 in
2611 477 2844 538 servitio
2892 478 3046 539 beati
3078 479 3228 539 Petri
3252 483 3309 538 et
3366 480 3739 553 adjutorium

317 569 614 645 religionis
647 574 760 626 tuae
794 587 910 625 non
942 569 1308 635 dubitamus,
1342 569 1495 641 quod
1527 574 1826 642 expetente
1859 587 1966 626 nos

315 664 491 732 atque
514 664 756 731 cogente
771 657 1042 714 universa
1055 658 1469 714 catholicorum
1485 659 1766 712 duntaxat
1779 657 1966 713 Eccle-

315 749 422 817 sia,
459 749 818 821 prazcedente
850 765 1080 820 quoque
1097 747 1330 819 gemina
1357 747 1726 802 dominorum
1753 748 1966 818 prande-

314 854 613 894 cessorum
630 841 896 893 nostroru
907 837 1224 907 mGregorii
1243 834 1630 907 atqueVitellii
1647 834 1961 890 inevitabili

313 926 712 998 praeceptione,
732 925 1012 997 temporis
1037 925 1212 979 etiam
1234 923 1575 979 necessitate
1605 923 1964 994 permaxima

311 1014 766 1087 constringente,
789 1015 860 1069 ad
895 1030 1194 1068 summum
1221 1013 1490 1067 Romanae
1523 1011 1677 1067 sedis
1700 1013 1964 1068 sacerdo-

311 1105 458 1160 tium
483 1105 707 1177 indigni
731 1103 966 1158 omnino
981 1106 1034 1158 et
1055 1113 1296 1173 prorsus
1317 1105 1477 1156 tanto
1499 1103 1690 1158 officio
1709 1103 1961 1174 impares

310 1211 424 1266 quo
440 1193 630 1250 nescio
661 1192 970 1262 dejudicio
997 1191 1248 1264 provecti
1273 1191 1669 1256 sumus.Quod
1693 1191 1962 1246 videlicet

307 1283 600 1355 quomodo
621 1286 678 1339 et
697 1279 946 1352 qualiter
961 1284 1191 1352 gestum
1208 1279 1357 1346 sit,si
1380 1296 1493 1334 non
1522 1279 1762 1333 forsitan
1794 1279 1960 1350 plene

306 1371 599 1438 eddicisti,
631 1369 1052 1426 dilectissimus
1080 1368 1235 1424 tilius
1270 1373 1467 1424 noster
1491 1369 1962 1440 Rogerus,cardi~

306 1459 726 1516 nalisEcclesize
742 1461 952 1515 nostra:
965 1457 1594 1524 subdiaconus,ordine
1613 1461 1734 1512 toto
1748 1457 1959 1512 referre

302 1547 537 1604 valebit.
571 1548 737 1603 Nunc
769 1549 984 1618 itaque,
1011 1546 1289 1619 quoniam
1314 1549 1524 1600 sanctae
1550 1546 1820 1601 Romana:
1853 1545 1954 1599 Ec-

303 1637 491 1693 clesiae
522 1636 731 1692 matris
752 1637 1022 1691 videlicet
1045 1639 1154 1690 tua:
1187 1652 1372 1690 unum
1398 1639 1449 1689 te
1477 1634 1585 1689 hoc
1607 1629 1867 1706 tempore
1888 1635 1958 1689 de

300 1725 658 1798 primoribus
688 1725 874 1780 filium
909 1723 1344 1780 nobilissimum
1369 1728 1424 1779 et
1445 1724 1815 1780 verissimum
1842 1724 1957 1778 sci-

303 1814 536 1882 mus,ad
570 1815 698 1886 ejus
720 1813 1126 1882 servitium,ad
1161 1814 1288 1884 ejus
1309 1813 1804 1878 defensionem,ad
1830 1813 1956 1884 ejus

302 1903 556 1976 denique
607 1903 863 1959 debitam
899 1902 1291 1958 obedientiam
1335 1902 1758 1956 fraternitatem
1793 1908 1955 1956 tuam

302 1991 513 2049 litteris
546 1992 930 2064 praesentibus
962 1991 1298 2062 invitemus,
1323 1995 1378 2046 et
1408 1995 1472 2045 ut
1504 1991 1553 2045 ei
1580 1991 1636 2045 in
1656 1991 1832 2046 tantis
1858 2009 1954 2046 ue-

301 2081 674 2137 cessitatibus
705 2083 1002 2154 tantisque
1033 2079 1306 2153 periculis
1337 2085 1392 2135 et
1422 2079 1649 2135 concilii
1681 2084 1738 2135 et
1754 2079 1954 2135 auxilii

301 2172 386 2226 tui
418 2171 716 2226 dexteram
749 2171 1032 2244 porrigas,
1065 2170 1292 2225 enixius
1324 2169 1680 2241 flagitamus.
1733 2169 1954 2241 Religio

299 2259 592 2332 siquidem
622 2260 934 2332 prudentia
963 2265 1020 2314 et
1050 2260 1195 2314 fides
1225 2258 1457 2329 egregia
1487 2262 1588 2312 tua
1605 2258 1825 2330 ubique
1849 2262 1955 2312 ter-

299 2365 496 2404 rarum
524 2349 624 2405 Dei
655 2349 846 2421 gratia
876 2349 1102 2404 famosa
1131 2353 1188 2404 et
1247 2347 1492 2403 celebris
1532 2353 1639 2403 est.
1694 2346 1953 2402 Ecclesia

295 2453 448 2507 vero,
483 2437 576 2493 cui
607 2438 908 2511 praesides,
945 2455 1122 2510 quam
1156 2435 1469 2508 specialius
1515 2452 1645 2492 esse
1679 2436 1952 2492 Romana

295 2527 503 2584 debeat
526 2527 794 2584 Ecclesiae
825 2527 1098 2583 obediens
1129 2543 1195 2582 ac
1225 2527 1449 2591 devota,
1476 2542 1578 2598 per
1603 2541 1779 2597 quam
1798 2524 1950 2581 scili~

295 2621 386 2672 cet
417 2616 714 2673 catholicae
739 2617 872 2673 ﬁdei
907 2617 1237 2673 rudimenta
1263 2615 1590 2687 suscipiens
1623 2633 1656 2669 a
1677 2615 1951 2670 servitute

293 2710 383 2762 est
395 2705 1028 2773 daemoniacaliberata,
1054 2722 1168 2760 non
1195 2708 1285 2760 est
1303 2703 1688 2775 incognitum.
1705 2703 1951 2760 Studeat

295 2794 476 2866 igitur
503 2811 566 2849 ac
599 2798 829 2868 satagat
859 2794 1171 2868 prudentia
1210 2798 1312 2848 tua
1340 2809 1443 2864 pro
1476 2792 1623 2848 scire
1654 2809 1756 2863 pro
1777 2808 1948 2864 posse

296 2884 570 2940 Romanae
588 2881 854 2939 Ecclesiae
878 2881 1069 2938 modis
1086 2882 1358 2937 omnibus
1385 2881 1950 2947 subvenire,studeat

294 2975 528 3028 nostras
563 2971 848 3027 Ecclesias
877 2971 1137 3026 locorum
1197 2969 1419 3026 scilicet
1465 2969 1795 3026 diversitate
1827 2969 1946 3025 dis-

291 3065 504 3130 tantes,
539 3059 962 3117 catholicorum
985 3075 1216 3117 morum
1250 3057 1472 3114 unitate
1502 3062 1862 3126 connectere,
1891 3062 1948 3114 et

292 3150 341 3206 si
373 3149 511 3222 quid
544 3150 604 3205 in
624 3148 1024 3222 partibusillis
1057 3147 1388 3220 apostolicae
1411 3147 1536 3204 sedi
1558 3147 1940 3216 contrarium,

2075 569 2133 624 in
2166 569 2459 635 omnibus,
2494 569 2710 642 quibus
2739 568 3080 644 indiguerit,
3113 570 3341 627 tribuas
3393 587 3740 628 exoramus.

2145 658 2290 715 Data
2319 659 2471 731 apud
2505 658 2815 718 Terracina
2836 665 3043 732 quarta
3073 659 3209 716 Idus
3239 658 3477 732 Aprilis.

2876 767 2943 824 V.

2073 855 2350 908 Primatus
2381 856 2635 912 Ecclesia:
2684 857 3052 996 ἷιέιείαηιῗοὲἓ
3073 859 3360 998 ςιίςςραηίὶε
3388 859 3737 914 restituitur.

2768 945 2881 983 uno
3060 971 3070 982 .

2768 945 2881 983 Πηο
2915 945 3070 982 Ῑυὸὅ.

2178 1012 2500 1085 [ΜΑΒιιιῐλοκ
2533 1019 2589 1069 et
2621 1016 2905 1084 Romam,
2939 1019 3101 1073 Ouvr.
3124 1019 3300 1090 posth.
3330 1019 3426 1086 Ill,
3455 1019 3610 1091 354.]

2144 1102 2419 1158 Uusasus
2434 1103 2762 1176 episcopus,
2779 1122 2981 1161 servus
3005 1123 3304 1162 servorum
3322 1107 3445 1174 Dei,
3462 1125 3734 1166 reveren-

2070 1189 2316 1249 dissimo
2350 1193 2511 1246 fratri
2563 1193 2892 1262 Bsnmauo,
2925 1195 3363 1269 archiepiscopo
3421 1197 3734 1266 Toletano,

2069 1280 2315 1352 ejusque
2353 1282 2795 1338 successoribus
2828 1284 2883 1338 in
2919 1290 3283 1357 perpetuum.

2139 1370 2378 1426 Cunctis
2413 1376 2750 1427 sanctorum
2781 1373 3101 1430 decretales
3131 1374 3455 1431 scientibus
3490 1377 3734 1434 institu-

2068 1458 2254 1514 tiones
2286 1458 2468 1532 liquet
2521 1467 2750 1532 quantae
2781 1461 3060 1518 Toletana
3114 1463 3372 1520 Ecclesia
3414 1464 3730 1538 dignitatis

2067 1546 2239 1602 fuerit
2270 1565 2336 1602 ex
2369 1549 2608 1622 antiquo
2639 1554 2694 1605 et
2715 1556 2944 1622 quantae
2969 1552 3024 1606 in
3043 1552 3376 1624 Hispanicis
3403 1560 3461 1610 et
3481 1554 3730 1612 Gallicis

2066 1635 2402 1708 regionibus
2426 1639 2500 1708 (4')
2534 1637 2897 1695 auctoritatis
2915 1640 3223 1709 exstiterit,
3247 1647 3604 1716 quantaeque
3624 1661 3735 1718 per

2065 1741 2193 1780 eam
2228 1725 2283 1779 in
2315 1724 2728 1783 ecclesiasticis
2759 1728 3007 1801 negotiis
3033 1729 3312 1788 utilitates
3342 1734 3731 1803 accreverint,

2065 1815 2163 1869 sed
2201 1819 2431 1886 peccato
2463 1815 2662 1888 populi
2722 1822 3083 1890 promerente
3117 1837 3150 1875 a
3183 1821 3488 1877 Saracenis
3519 1822 3730 1879 eadem

2071 1901 2272 1958 civitas
2306 1909 2494 1976 capta,
2549 1907 2605 1960 et
2637 1905 2708 1960 ad
2762 1905 3014 1961 nihilum
3045 1907 3387 1964 Christianae
3419 1908 3730 1984 religionis

2067 1991 2183 2047 illic
2215 1991 2455 2050 libertas
2479 1995 2711 2050 redacta
2731 1999 2841 2060 est,
2866 1996 3008 2051 adeo
3029 2000 3092 2052 ut
3113 2014 3214 2070 per
3228 2015 3414 2054 annos
3429 2002 3729 2057 trecentos

2065 2097 2212 2153 pene
2245 2082 2614 2154 septuaginta
2640 2081 2800 2138 nulla
2829 2082 2946 2140 illic
2976 2083 3224 2157 viguerit
3240 2086 3557 2143 Christiani
3579 2104 3726 2161 pon-

2065 2169 2228 2224 tiﬁcii
2261 2170 2534 2242 dignitas.
2596 2171 2820 2227 Nostris
2851 2178 3044 2228 autem
3103 2174 3464 2247 temporibus
3521 2177 3727 2234 divina

2063 2257 2346 2330 populum
2365 2276 2537 2313 suum
2555 2259 2902 2331 respiciente
2913 2260 3442 2332 clementia,studio
3455 2265 3726 2336 [Ide/anei

2062 2346 2474 2418 gloriosissimi
2503 2347 2862 2420 regis,latore
2885 2350 3082 2422 populi
3105 2351 3419 2408 Christiani
3443 2354 3719 2412 Sarrace-

2063 2436 2157 2490 nis
2189 2435 2467 2507 expulsis,
2511 2435 2978 2494 Christianorum
3024 2441 3249 2496 viribus
3303 2442 3424 2512 [al.,
3451 2443 3722 2516 juribus]

2059 2523 2338 2580 Toletana
2353 2524 2556 2582 civitas
2582 2530 2670 2580 est
2694 2527 2897 2582 restitu
2907 2529 3175 2600 ta.Igitur
3192 2529 3491 2588 voluntate
3511 2537 3568 2588 et
3583 2550 3722 2589 con-

2062 2629 2238 2668 sensu
2271 2613 2536 2668 unanimi
2565 2614 3144 2686 comprovincialium
3179 2619 3715 2694 populorum,pon-

2056 2701 2282 2757 tiﬁcum
2314 2707 2488 2774 atque
2548 2703 2903 2776 principum,
2953 2709 3009 2760 et
3039 2705 3313 2762 Ildefonsi
3368 2709 3709 2766 excellentis

2059 2790 2213 2864 regis
2235 2794 2310 2857 te,
2339 2791 2517 2846 frater
2546 2791 2890 2850 charissime
2923 2794 3233 2862 Bernarde,
3258 2796 3517 2870 primum
3549 2797 3716 2856 illius

2057 2878 2220 2935 urbis
2250 2883 2383 2950 post
2411 2883 2574 2935 tanta
2626 2885 2888 2954 tempora
2937 2883 3246 2956 prasulem
3303 2884 3439 2959 eligi
3497 2885 3716 2943 divitiae

2055 2967 2274 3040 placuit
2302 2967 2555 3024 examini
2587 2969 2934 3040 majestatis.
2965 2973 3032 3028 Et
3051 2989 3158 3029 nos
3187 2990 3322 3047 ergo
3342 2975 3717 3033 miserationi

2055 3073 2320 3130 supernae
2352 3056 2548 3130 gratim
2581 3060 3021 3131 respondentes,
3055 3061 3195 3133 quia
3221 3079 3325 3135 per
3344 3067 3508 3121 tanta
3526 3068 3714 3122 terra-

2056 3163 2186 3202 rum
2219 3145 2589 3219 mariumque
2620 3146 2961 3205 discrimina
2991 3149 3264 3207 Romana
3295 3152 3711 3212 auctoritatem

291 3239 340 3294 si
373 3239 511 3310 quid
536 3239 683 3295 forte
712 3239 840 3310 ejus
871 3236 1202 3294 auctoritati
1237 3253 1573 3310 repugnans
1631 3235 1942 3292 invenieris
1976 3226 2019 3294 C
2056 3234 2322 3292 Ecclesiae
2341 3235 2681 3308 suppliciter
2695 3237 3403 3310 expetisti,auctoritatem
3417 3241 3714 3301 Christia-

291 3328 615 3384 secundum
634 3329 832 3384 datam
845 3327 951 3383 tibi
972 3326 1252 3382 divinitus
1267 3325 1618 3398 sapientiam
1633 3327 1940 3398 redargue,

291 3416 518 3473 fortiter
546 3417 821 3489 reprime,
855 3414 1313 3488 sagaciter'cura
1359 3416 1668 3488 corrigere.
1725 3415 1940 3487 Regem

290 3507 467 3562 etiam
489 3506 684 3578 ipsum
704 3511 971 3561 nostrum
993 3503 1441 3560 cbarrissimum
1468 3504 1944 3570 ﬁlium,auctora-

290 3595 428 3652 bilis
453 3595 786 3652 fraternitas
817 3600 920 3650 tua
949 3593 1279 3661 conveniat,
1306 3593 1572 3649 hortetur
1598 3597 1654 3649 et
1685 3597 1939 3661 moneat,

291 3685 559 3757 utetipse
572 3701 803 3758 quoque
822 3699 925 3756 pro
947 3683 1122 3737 modo
1145 3699 1251 3736 suo
1274 3697 1378 3753 pro
1399 3681 1590 3737 otticio
1613 3697 1718 3737 suo
1738 3681 1944 3737 multis

291 3772 566 3846 periculis
583 3777 641 3828 et
661 3771 934 3828 maximis
957 3769 1407 3826 necessitatibus
1426 3769 1788 3826 laborantem
1813 3787 1944 3825 ma-

289 3869 440 3918 trem
472 3879 642 3918 suam
674 3863 998 3917 Romanam
1029 3859 1347 3916 Ecclesiam
1378 3859 1621 3916 concilio
1653 3865 1710 3915 et
1739 3858 1945 3916 solatio

293 3969 399 4008 suo
431 3951 704 4022 adjuvare
735 3954 793 4005 et
849 3950 1136 4005 honorare
1167 3949 1417 4004 studeat.
1452 3949 1518 4004 Et
1547 3948 1848 4020 quoniam,
1883 3953 1948 4004 ut

293 4039 595 4112 Scriptura
623 4039 903 4112 loquitur,
935 4038 1161 4094 amicus
1183 4037 1241 4092 in
1275 4038 1618 4095 necessitate
1643 4038 1944 4110 probatur,

293 4133 350 4184 et
374 4128 517 4184 item
543 4145 556 4184 :
587 4129 715 4184 Non
747 4126 1122 4200 cognoscitur
1147 4125 1206 4181 in
1239 4126 1408 4182 bonis
1439 4127 1683 4196 amicus,
1720 4143 1824 4183 nec
1855 4143 1944 4184 ce-

292 4216 450 4273 latur
479 4217 538 4272 in
566 4215 736 4274 malis
767 4213 1435 4283 inimicus,necessitatis
1456 4215 1566 4272 hoc
1591 4220 1822 4288 tempus
1844 4216 1948 4271 mi-

294 4304 452 4362 nime
474 4305 888 4379 negligendum
907 4305 1211 4376 ducat,sed
1231 4305 1278 4361 si
1302 4321 1480 4377 quam
1498 4305 1749 4372 ﬁdem,si
1771 4321 1947 4378 quam

294 4395 566 4455 Romanis
580 4395 844 4453 Ecclesiae
858 4393 1174 4452 amicitiam
1197 4394 1388 4462 debet,
1405 4411 1560 4450 nunc
1582 4409 1717 4450 cum
1740 4409 1949 4464 oppor-

291 4491 501 4542 tunum
525 4485 959 4559 quammaxime
979 4489 1088 4550 est,
1127 4482 1385 4540 liberalis
1415 4488 1471 4538 et
1493 4485 1735 4539 devotus
1753 4486 1950 4538 osten-

2049 3341 2186 3381 nam
2218 3323 2509 3380 Toletanis
2561 3323 2825 3382 Ecclesiae
2883 3327 3190 3384 restituere
3221 3347 3337 3386 non
3390 3347 3708 3409 negamus.

2051 3413 2388 3469 Gaudemus
2401 3413 2577 3468 etiam
2591 3414 2763 3470 corde
2777 3415 2851 3485 [al
2861 3457 2872 3468 .
2883 3416 3228 3488 ,gaudentes
3243 3435 3379 3493 ergo
3391 3421 3705 3490 corde,etc]

2050 3501 2373 3569 laetissimo,
2398 3507 2456 3558 et
2477 3518 2745 3575 magnas,
2765 3509 2830 3559 ut
2846 3505 3028 3574 decet,
3060 3509 3174 3562 Deo
3205 3509 3422 3578 gratias
3444 3511 3706 3583 agimus,

2053 3591 2207 3664 quod
2224 3594 2446 3646 tantam
2471 3591 2687 3647 nostris
2717 3594 3102 3666 temporibus,
3133 3596 3410 3668 dignatus
3440 3602 3532 3655 est
3551 3599 3719 3656 Chri-

2051 3679 2240 3736 stiano
2263 3679 2477 3753 papulo
2499 3681 2716 3736 donare
2735 3681 3061 3752 victoriam,
3078 3689 3419 3759 statumque
3443 3689 3718 3760 ejusdem

2053 3767 2217 3824 urbis
2249 3769 2440 3841 quoad
2472 3773 2704 3826 nostras
2721 3770 2898 3826 etiam
2925 3771 3232 3830 facultates
3254 3774 3520 3832 stabilire
3541 3780 3722 3851 atque

2054 3873 2284 3929 augere,
2314 3857 2441 3930 ipso
2463 3857 2798 3929 adjuvante,
2847 3864 3263 3933 praeoptamus,
3298 3867 3428 3920 tum
3459 3865 3720 3924 benevo-

2054 3945 2235 4002 lentia
2264 3945 2533 4002 Ecclesia:
2565 3947 2836 4004 Romanae
2869 3948 3062 4017 solita,
3094 3954 3152 4006 et
3201 3951 3380 4026 digna
3426 3954 3722 4012 Toletanm

2055 4035 2319 4091 Ecclesia:
2352 4036 2692 4102 reverentia,
2720 4041 2849 4092 tum
2876 4037 3206 4096 charissimi
3227 4040 3333 4097 filii
3358 4043 3546 4100 nostri
3569 4061 3719 4117 pra:-

2056 4122 2404 4180 stantissimi
2427 4123 2580 4198 regis
2606 4124 2880 4184 lldefonsi
2902 4129 3189 4200 precibus
3213 4130 3724 4205 invitati,pallium

2055 4210 2181 4280 tibi,
2217 4212 2392 4268 frater
2421 4214 2769 4272 venerabilis
2791 4217 3176 4285 Bernarde,ex
3197 4219 3603 4294 apostolorum
3622 4224 3724 4281 Pe-

2056 4301 2131 4356 tri
2162 4305 2218 4356 et
2248 4299 2411 4357 Pauli
2433 4301 2833 4361 benedictione
2856 4307 3720 4381 contradimus,plenitudinem

2061 4388 2285 4446 scilicet
2313 4391 2506 4446 omnis
2539 4393 2919 4450 sacerdotalis
2949 4394 3274 4468 dignitatis,
3297 4402 3720 4471 teque,secun-

2059 4479 2200 4534 dum
2233 4479 2387 4551 quod
2402 4479 2664 4551 ejusdem
2690 4481 2851 4537 urbis
2866 4484 3196 4557 antiquitus
3213 4491 3443 4544 constat
3454 4490 3719 4548 extitisse

291 4575 408 4631 dat.
441 4575 753 4632 Pecuniam
788 4593 979 4649 porro,
1008 4589 1184 4646 quam
1212 4573 1283 4628 de
1315 4589 1493 4646 regno
1510 4573 1714 4628 eodem
1735 4572 1942 4661 beatus
1973 4595 2021 4661 D
2059 4567 2456 4661 pontificesﬁn
2478 4570 2615 4626 totis
2637 4571 3054 4661 Hispaniarum
3078 4575 3232 4649 regis
3257 4577 3572 4648 primatem
3596 4581 3717 4653 pri-

290 4664 492 4721 Petrus
521 4663 1086 4722 consuetudinaliter
1105 4661 1329 4718 solebat
1349 4661 1629 4733 accipere,
1654 4677 1757 4732 per
1785 4659 1943 4716 hunc

290 4755 691 4827 supradictum
706 4753 892 4811 ﬁlium
909 4757 1176 4809 nostrum
1196 4751 1485 4824 Rogerum
1503 4749 1622 4806 sive
1646 4765 1747 4823 per
1759 4747 1943 4805 alium

289 4859 462 4899 suum
493 4844 723 4900 ﬁdelem
763 4843 1023 4916 legatum
1055 4857 1174 4896 una
1201 4856 1336 4895 cum
1369 4855 1434 4896 eo
1465 4838 1553 4896 vel
1588 4855 1776 4912 usque
1807 4839 1941 4896 Clu-

288 4930 522 4987 niacum
555 4931 905 5005 quantocius
936 4929 1190 5002 potuerit
1221 4929 1603 4997 transmittat,
1639 4932 1705 4985 ut
1732 4933 1789 4984 et
1811 4945 1944 5002 gra-

286 5020 429 5076 tiam
459 5020 724 5091 ejusdem
756 5020 908 5075 beati
941 5019 1092 5075 Petri
1125 5017 1367 5089 adipisci
1398 5016 1607 5088 valeat,
1622 5021 1680 5073 et
1705 5034 1811 5073 nos
1843 5035 1942 5073 su-

289 5123 392 5180 per
406 5107 880 5180 augmentatione
901 5111 958 5164 et
978 5105 1326 5163 exaltatione
1341 5105 1501 5180 regni
1525 5106 1615 5162 sui
1640 5111 1943 5178 promptos

289 5211 521 5269 semper
548 5199 605 5252 et
635 5199 866 5268 paratos
918 5193 1192 5250 inveniat.
1244 5195 1525 5249 Praeterea
1579 5193 1942 5249 orationibus

289 5285 617 5342 sanctitatis
639 5288 751 5341 tua:
783 5301 887 5341 nos
917 5282 1293 5340 devotissime
1314 5279 1764 5351 committentes,
1799 5299 1943 5353 prae-

288 5373 544 5431 sentium
558 5373 799 5432 latorem
813 5373 1105 5449 Rogerum
1117 5371 1222 5430 tibi
1237 5368 1562 5442 plurimum
1575 5370 1946 5427 commenda-

2051 4655 2244 4730 vilegii
2278 4658 2460 4714 nostri
2493 4659 2794 4717 sanctione
2813 4662 3148 4720 statuimus.
3165 4665 3482 4722 Primatem
3503 4670 3564 4724 te
3585 4667 3720 4724 uni-

2051 4746 2202 4802 versi
2234 4745 2511 4818 praesules
2539 4747 2953 4821 Hispaniarum
2986 4752 3323 4826 respiciant,
3356 4758 3413 4810 et
3443 4754 3518 4810 ad
3551 4759 3630 4824 te,
3665 4757 3717 4813 si

2054 4835 2195 4908 quid
2224 4834 2375 4892 inter
2426 4852 2526 4892 eos
2557 4837 2876 4909 quaestione
2908 4839 3155 4913 dignum
3207 4845 3474 4899 exortum
3518 4844 3722 4914 fuerit,

2053 4923 2489 4990 referent,salva
2517 4928 2714 4982 tamen
2747 4927 3016 5001 Romanae
3040 4928 3306 4986 Ecclesiae
3337 4933 3709 5000 auctoritate,
3747 4939 3752 4942 “

2051 5018 2109 5070 et
2137 5013 2722 5086 metropolitanorum
2755 5015 3076 5091 privilegiis
3113 5018 3507 5092 singulorum.
3530 5021 3706 5078 Tole-
3743 5079 3746 5082 .

2053 5106 2250 5158 tenam
2283 5118 2418 5175 ergo
2448 5101 2752 5160 ecclesiam
2776 5105 2911 5177 jure
2942 5111 3221 5179 perpetuo
3245 5108 3351 5164 tibi
3381 5108 3709 5182 tuisque,si

2053 5191 2247 5247 divina
2279 5191 2610 5264 praestiterit
2670 5193 2876 5266 gratia,
2913 5197 3356 5255 successoribus
3413 5199 3712 5257 canonicis

2052 5283 2249 5336 tenore
2281 5279 2461 5352 hujus
2493 5280 2778 5355 privilegii
2809 5285 3250 5356 conﬁrmamus,
3274 5291 3384 5343 etc.

2124 5371 2333 5426 Datum
2367 5370 2640 5444 Anagniae
2672 5388 2775 5446 per
2805 5388 3016 5431 manus
3045 5374 3288 5433 Joannis
3318 5380 3374 5432 S.
3411 5376 3477 5434 R.
3514 5375 3709 5434 E.dia-

357 5623 434 5698 (4)
465 5623 526 5682 Id
558 5625 628 5683 de
657 5625 852 5683 Galliis
882 5627 1046 5699 parte
1067 5614 1515 5688 intelligendum
1533 5631 1659 5689 quae
1683 5616 2067 5692 Wesigotthis
2099 5615 2359 5692 parebat,
2383 5635 2591 5692 nempe
2623 5621 2986 5683 Narbonensi
3019 5624 3338 5698 provincia.
