3950 6218
179 355 295 418 289

1364 354 1768 419 EPISTOLAE
1814 357 1911 418 ET
1954 356 2430 419 PRIVILEGIA.

3478 359 3599 420 290

179 490 314 547 coni
344 488 673 547 cardinalis
704 492 762 546 et
784 488 1219 563 priesignatoris
1248 489 1469 547 domini
1504 489 1717 546 Urbani
1750 505 1839 547 se-
1869 493 1926 560 Α
1956 493 2215 563 captum,
2249 494 2305 546 ct
2337 491 2395 546 in
2418 489 2683 564 captione
2709 492 2781 547 ab
2795 490 3407 566 episcopalidignitate
3427 493 3597 565 depo-

182 579 361 636 cnndi
392 594 561 653 papte
594 578 801 637 Idibus
831 578 1118 649 Octobris,
1133 596 1288 636 anno
1315 580 1630 637 Dominica:
1655 581 1844 636 Incar-

178 667 441 726 nationis
474 667 970 739 1088,indictione
982 685 1062 737 x1,
1085 684 1238 727 anno
1251 668 1624 743 pontificatus
1640 669 1842 727 domni

180 757 409 815 Urbani
440 773 608 831 papa
639 755 853 829 primo.

184 935 396 1008 Urbani
430 936 504 1008 ΫΙΙ
531 936 764 1008 epistola
801 935 872 1008 ad
927 846 1261 1008 Ιιιῖξίοηειιηι
1318 935 1567 993 Gallecz'ze
1623 953 1838 1008 regem:

252 1038 332 1092 τ·-
353 1007 672 1092 Toletum
696 1007 998 1092 Ecclesium
1025 1007 1365 1092 Sqrracenis.
1393 1011 1634 1092 ereptam
1656 1007 1842 1092 graiu-

254 1079 424 1153 ιρων.
458 1078 824 1135 Commendat
851 1079 1221 1153 gementum,
1248 1078 1717 1153 archiepiscopum
1747 1081 1841 1153 To-

260 1148 592 1225 ιαᾳηὲηιμι
621 1166 737 1225 sese
779 1151 983 1225 pallio
1010 1151 1291 1219 donatum,
1338 1148 1737 1225 primamque
1780 1152 1839 1207 in

247 1223 379 1277 totis
407 1222 810 1295 Hispaniarum
828 1223 1011 1293 regnis
1037 1222 1412 1280 constitutum.

813 1296 1002 1363 (Anno
1036 1295 1219 1366 1088.)

250 1380 582 1453 [ΜΑΒιιιοΝ
614 1386 671 1438 et
700 1381 982 1450 Romam,
1006 1382 1279 1455 Ouvrages
1300 1383 1478 1455 posth.
1501 1384 1593 1454 III,
1617 1384 1767 1457 3/16.]

252 1469 560 1540 URBANUS,
592 1475 726 1540 etc.,
761 1472 1075 1528 ILDEFONSO
1106 1473 1228 1545 regi
1260 1472 1535 1529 Galliciaa.

248 1560 382 1615 Duo
415 1563 579 1630 sunt,
610 1577 708 1617 rex
740 1560 1025 1618 Ildefonse
1052 1562 1178 1634 (4⁸),
1210 1562 1425 1634 quibus
1444 1564 1842 1638 principaliter

173 1649 447 1705 mundus
477 1648 573 1705 hic
603 1650 846 1722 regitur,
862 1651 1238 1706 sacerdotalis
1260 1652 1517 1724 dignitas
1537 1660 1596 1709 et
1628 1654 1839 1726 regalis

170 1742 483 1812 potestas;
516 1739 617 1794 sed
650 1739 1023 1796 sacerdotalis
1055 1740 1334 1812 dignitas,
1369 1741 1835 1813 tilicharissinm,

169 1831 344 1932 tanto
374 1830 760 1928 protestatcm
780 1828 999 1900 regiam
1015 1830 1324 1929 antecedit,
1360 1835 1423 1886 ut
1452 1830 1679 1904 deipsis
1698 1832 1843 1906 regi-
1868 1866 1918 1932 Β

169 1916 289 1971 bus
321 1914 597 1971 omnium
630 1916 915 1972 rationem
948 1918 1195 1989 posituri
1228 1935 1438 1974 sumus
1460 1920 1580 1993 regi
1615 1920 1841 1978 univer-

164 2021 402 2061 sorum.
439 2001 806 2077 Quapropter
852 2006 1162 2077 pastoralis
1195 2024 1300 2064 nos
1331 2025 1471 2064 cura
1517 2010 1838 2083 compellit,

165 2110 295 2149 non
329 2092 531 2150 solum
562 2094 633 2150 de
666 2094 981 2163 minorum,
1015 2096 1116 2151 sed
1142 2096 1213 2153 de
1263 2097 1553 2170 majorum
1603 2116 1838 2173 quoque

167 2182 372 2239 salute
402 2197 513 2255 pro
537 2182 762 2239 viribus
819 2183 1159 2257 providere:
1219 2202 1397 2258 quam
1457 2188 1675 2260 pastori
1707 2207 1837 2246 vero

167 2287 319 2328 suas
351 2286 490 2328 oves
520 2271 736 2329 illa-sas
766 2273 1091 2345 restituere,
1147 2290 1275 2347 quis
1307 2276 1476 2332 nobis
1507 2278 1837 2335 commissae

186 2363 340 2417 sunt
367 2359 823 2431 valeamus,tuze
852 2362 1143 2437 praecipue
1177 2364 1460 2421 debemus
1489 2365 1666 2422 saluti
1701 2384 1839 2441 pro-

169 2449 410 2523 spicere
424 2465 602 2522 quem
619 2449 967 2509 Christianze
987 2451 1121 2508 ﬁdei
1139 2458 1631 2527 propugnatorem
1653 2457 1845 2514 Eccle-

171 2537 277 2593 sia
305 2538 582 2594 Christus
611 2540 818 2596 eti‘ecit.
862 2541 1150 2598 Memento
1200 2558 1357 2615 ergo,
1405 2548 1719 2614 memento,
1756 2545 1837 2602 ﬁli

171 2627 257 2683 mi
292 2626 729 2698 amantissime,
765 2632 1046 2702 quantam
1078 2630 1444 2704 tibigloriam
1476 2633 1683 2690 divinze
1706 2653 1838 2692 con-

172 2716 315 2772 tulit
342 2717 537 2789 gratia
553 2719 901 2789 maiestatis,
919 2720 1137 2776 etsicut
1154 2720 1278 2792 ipse
1304 2725 1471 2777 tuum
1486 2740 1600 2796 prae
1614 2727 1838 2783 caateris

173 2821 432 2879 regnum
467 2804 816 2876 nobilitavit,
864 2807 945 2865 ita
974 2811 1034 2864 tu
1067 2808 1119 2865 ei
1177 2810 1416 2867 studeas
1447 2829 1564 2885 prae
1614 2816 1838 2873 caateris

174 2895 449 2952 devotius
480 2911 548 2952 ac
592 2895 945 2954 familiarius
983 2899 1290 2956 deservire.
1344 2900 1494 2957 Dicit
1536 2901 1692 2960 enim
1715 2903 1838 2976 ipse

175 2984 474 3041 Dominus
502 3001 609 3058 per
639 2986 981 3058 prophetam
1008 3006 1021 3044 :
1052 2990 1484 3059 Honom'ﬁcantes
1534 3008 1619 3047 me
1665 2993 1837 3050 hanc-

175 3073 444 3146 riﬁcabo;
472 3076 573 3148 qui
597 3079 783 3131 autem
810 3092 896 3131 me
931 3082 1299 3147 contemnunt,
1359 3084 1523 3136 erunt
1574 3083 1839 3152 ignobiles

175 3167 228 3232 (1
263 3163 396 3232 Reg.
432 3180 494 3231 ιι,
526 3164 638 3235 30).
674 3163 905 3221 Gratias
929 3165 1124 3238 itaque
1155 3166 1402 3224 Domino
1451 3173 1508 3225 et
1538 3168 1838 3230 laboribus

175 3251 310 3308 tuis.
330 3252 737 3326 agimusquod
757 3253 826 3310 de
839 3237 1432 3329 Sarracenorumjure
1460 3258 1839 3319 Toletanaest
1868 3237 1913 3305 (ἶ

181 3339 446 3398 Ecclesia
474 3340 743 3398 liberata.
780 3342 1041 3401 Fratrem
1073 3348 1272 3401 autem
1302 3348 1692 3406 venerabilem
1716 3353 1843 3407 Ber-

172 3429 421 3486 nardum
430 3429 699 3502 ejusdem
714 3431 877 3487 urbis
889 3431 1195 3505 presulem
1210 3434 1326 3492 tuis
1340 3436 1839 3498 exhortationibus

178 3518 410 3577 invitati
440 3518 701 3593 digneac
715 3523 1405 3596 reverenterexcepimus,
1437 3531 1494 3582 et
1522 3527 1573 3583 ei
1591 3527 1836 3601 pallium

172 3608 886 3683 contradentes,privilegi
898 3628 994 3666 um
1010 3628 1165 3685 quoq
1174 3630 1241 3669 uc
1254 3613 1541 3672 Toletanaz
1569 3617 1835 3676 Ecclesiae

172 3698 431 3771 antiqua
462 3698 795 3771 majestatis
826 3699 1204 3758 indulsimus.
1222 3701 1419 3775 Ipsum
1441 3705 1597 3761 enim
1615 3706 1674 3761 in
1696 3708 1835 3766 totis

168 3786 596 3860 Hispaniarum
629 3787 824 3861 regnis
854 3788 1164 3861 primatem
1197 3793 1533 3863 statuimus,
1575 3800 1632 3853 et
1661 3798 1833 3871 quid-

168 3875 312 3948 quid
345 3877 631 3934 Toletana
647 3877 1244 3952 Ecclesiaantiquitus
1263 3882 1524 3941 noscitur
1555 3885 1833 3946 habuisse

168 3982 327 4021 nunc
371 3983 616 4039 quoque
646 3983 716 4021 ex
774 3967 1104 4041 apostolica:
1163 3971 1319 4027 sedis
1367 3972 1712 4032 liberalitate
1772 3977 1829 4034 in

168 4058 471 4126 posterum
505 4054 725 4112 habere
751 4057 1112 4114 censuimus.
1147 4059 1235 4116 Tu
1292 4060 1459 4118 illum
1510 4067 1573 4119 ut
1602 4070 1829 4138 patrem

167 4142 594 4201 charissimum
625 4144 925 4213 exaudias,
959 4151 1017 4203 et
1045 4165 1291 4221 quaeque
1323 4150 1428 4206 tibi
1467 4169 1537 4209 ex
1581 4154 1828 4213 Domino

169 4232 553 4300 nuntiaverit,
587 4233 824 4291 obedire
853 4240 1053 4293 curato
1082 4240 1172 4305 ;et
1186 4237 1502 4297 Ecclesium
1533 4243 1660 4314 ejus
1681 4249 1829 4302 tem-

166 4322 473 4393 poralibus
505 4340 620 4378 non
636 4324 888 4380 desistas
903 4325 1135 4385 auxiliis
1150 4344 1215 4382 ac
1228 4328 1527 4387 beneficiis
1551 4332 1823 4392 exaltare.

166 4410 325 4465 Inter
353 4415 565 4468 caetera
579 4411 967 4469 verolaudum
1002 4418 1236 4473 tuarum
1269 4418 1828 4491 praeconiapervenit

164 4498 237 4553 ad
268 4514 449 4554 aures
489 4507 746 4569 nostras,
807 4503 962 4575 quod
993 4504 1119 4560 sine
1178 4507 1337 4581 gravi
1371 4507 1569 4564 dolore
1624 4511 1826 4569 audire

1956 580 2156 648 situm,
2191 581 2346 652 quod
2363 580 2686 638 canonibus
2703 581 2933 638 noveris
2962 580 3202 638 omnino
3215 582 3595 649 contrarium,

1951 674 2009 726 et
2038 668 2338 725 catholicis
2368 671 2612 728 auribus
2638 688 2754 727 non
2786 671 3111 741 ferendum,
3136 671 3291 744 quod
3312 675 3472 730 tanto
3488 688 3596 730 nos

1951 757 2208 830 amplius
2234 758 2616 829 contristavit,
2652 764 2869 833 quanto
2903 764 2956 817 te
2987 759 3257 834 ampliori
3294 760 3598 818 affectione

1950 845 2413 920 complectimur.
2430 848 2595 904 Nunc
2608 848 2840 918 tibi,rex
2850 848 3272 922 gloriosissime
3287 848 3596 918 Ildefonse,

1950 934 2049 990 Dei
2081 939 2138 991 et
2168 935 2566 1008 apostolorum
2598 936 2720 992 vice
2752 937 3125 1006 mandamus,
3158 941 3413 1006 orantes,
3453 955 3597 1012 qua-

1949 1027 2121 1081 tenus
2147 1025 2419 1081 eumdem
2437 1026 2779 1100 episcopum
2802 1027 3170 1101 suaeintegrae
3202 1028 3478 1086 restituas
3496 1044 3600 1103 per

1947 1112 2293 1170 Toletanum
2325 1114 2830 1188 archiepiscopum
2861 1116 3133 1189 dignitati
3159 1135 3173 1185 ;
3196 1134 3384 1191 neque
3414 1118 3471 1174 id
3496 1132 3600 1191 per

1950 1202 2307 1259 Richardum
2319 1202 2675 1261 cardinalem
2688 1205 2844 1262 sedis
2856 1204 3183 1278 apostolica:
3196 1206 3415 1264 factum
3432 1222 3598 1264 excu-

1950 1292 2198 1360 saveris;
2230 1292 2371 1365 quia
2395 1296 2452 1348 et
2481 1293 2803 1349 canonibus
2836 1294 3074 1351 omnino
3105 1299 3194 1351 est
3213 1297 3591 1362 contrarium,

1948 1383 2005 1435 et
2034 1380 2359 1438 Richardus
2388 1386 2529 1437 tunc
2542 1381 2829 1456 legatione
2843 1382 2998 1439 sedis
3010 1383 3340 1456 apostolica
3354 1384 3597 1442 minimc

1950 1470 2320 1541 fungebatur.
2356 1472 2517 1537 Quod
2549 1487 2686 1544 ergo
2718 1471 2813 1527 ille
2835 1474 3182 1545 tuncgessit,
3206 1488 3380 1546 quem
3400 1473 3598 1530 Victor

1949 1575 2099 1631 papa
2114 1564 2324 1615 sanctae
2341 1559 2630 1624 memoriae
2642 1560 2847 1616 tertius
2870 1560 3156 1634 legatione
3168 1562 3593 1635 privaverat(5),

1950 1665 2056 1704 nos
2088 1648 2686 1721 irritumjudicamus.
2717 1651 2777 1705 In
2802 1650 3205 1707 remissionem
3225 1656 3596 1724 peccatorum

1949 1741 2005 1791 et
2035 1737 2193 1793 sedis
2210 1737 2537 1810 apostolicae
2551 1738 2940 1795 obedientiam
2956 1756 3074 1795 suae
3089 1739 3355 1814 dignitati
3374 1739 3595 1813 episco-

1952 1842 2023 1898 po
2040 1826 2307 1882 restituto
2321 1829 2480 1899 (6),et
2496 1827 2565 1883 ad
2588 1832 2846 1885 nostram
2863 1829 3231 1901 praesentiam
3245 1846 3379 1886 cum
3392 1828 3514 1903 legs
3524 1829 3600 1886 tis

1949 1915 2066 1971 tuis
2096 1915 2219 1988 ipse
2251 1914 2546 1987 perveniat
2568 1917 2842 1973 canonice
2863 1918 3244 1989 judicandus;
3278 1918 3368 1975 sin
3401 1922 3596 1974 autem

1949 2003 2133 2060 facere
2148 2022 2254 2061 nos
2267 2004 2783 2078 ergadilectionem
2798 2011 2961 2062 tuam
2976 1999 3352 2080 compelleres
3364 2007 3597 2074 invitos,

1950 2094 2104 2166 quod
2121 2110 2225 2149 nos
2239 2111 2472 2167 quoque
2495 2094 2699 2150 fecisse
2712 2094 3321 2153 nollemus.Memento
3344 2094 3599 2170 religiosi

1949 2182 2230 2256 principis
2259 2182 2643 2252 Constantini,
2679 2184 2778 2256 qui
2808 2183 3178 2240 sacerdotum
3219 2184 3447 2255 judicia
3494 2201 3598 2241 nec

1949 2271 2156 2328 audire
2182 2271 2383 2339 voluit,
2414 2272 3008 2345 indignumjudicans
3034 2272 3219 2330 dictos
3237 2274 3313 2346 (7)
3327 2274 3401 2330 ab
3416 2272 3600 2330 homi-

1950 2360 2121 2416 nibus
2146 2360 2423 2432 judicari.
2487 2360 2639 2415 Audi
2694 2377 2830 2432 ergo
2889 2361 2949 2415 in
2982 2361 3151 2416 nobis
3196 2361 3511 2417 Dominum
3543 2365 3599 2417 et

1948 2448 2242 2522 apostolos
2265 2450 2415 2521 ejus,
2448 2448 2498 2505 si
2530 2453 2586 2505 te
2614 2449 2685 2505 ab
2717 2449 2864 2522 ipsis
2894 2448 3055 2520 velis,
3088 2453 3145 2506 et
3174 2467 3208 2506 a
3238 2449 3406 2506 nobis
3432 2451 3493 2506 in
3524 2450 3596 2507 iis

1949 2556 2076 2612 qua:
2107 2538 2491 2612 postulaveris
2521 2538 2803 2594 exaudiri.
2831 2538 2948 2594 Rex
2966 2554 3166 2612 regum
3197 2537 3482 2595 Dominus
3499 2555 3599 2595 cor

1948 2634 2116 2685 tuum
2147 2628 2345 2701 gratia:
2376 2645 2493 2684 suae
2521 2626 2743 2700 fulgore
2776 2626 3047 2695 illustret,
3078 2627 3347 2684 victorias
3372 2625 3479 2683 tibi
3502 2628 3600 2683 tri-

1947 2719 2108 2789 buat,
2142 2733 2388 2791 regnum
2419 2721 2587 2773 tuum
2604 2716 2836 2788 exultet,
2862 2715 3057 2788 itaque
3088 2719 3142 2773 te
3159 2733 3391 2790 semper
3408 2717 3597 2773 vivere

1946 2808 2244 2874 concedat,
2281 2811 2345 2863 ut
2372 2811 2429 2863 et
2460 2804 2764 2879 temporali
2789 2822 2965 2879 regno
2982 2805 3300 2879 perfruaris
3322 2805 3590 2876 feliciter,

1945 2902 2002 2954 et
2030 2901 2242 2954 esterno
2273 2896 2610 2971 perenniter
2637 2894 2974 2970 gratularis.
3006 2897 3212 2952 Amen.

2710 3002 2833 3059 VII.

1950 3095 2197 3153 Urbanus
2225 3099 2283 3153 ιι
2312 3096 2742 3167 archiepiscopos
2799 3094 3076 3167 Hispgniae
3131 3100 3313 3150 monet
3342 3092 3408 3149 de
3437 3095 3598 3150 resti-

2376 3163 2581 3222 tutione
2605 3163 3169 3237 primatus‘Toletani.

2571 3255 2759 3325 (Anno
2790 3252 2972 3325 4088.)

2080 3345 2340 3411 [Mantua
2374 3346 2431 3399 et
2460 3343 2742 3410 RUINART,
2778 3342 2941 3408 Ouvr,
2969 3341 3146 3413 postia.
3180 3340 3281 3409 III,
3315 3341 3466 3413 359.]

2022 3434 2319 3502 Unaanus,
2352 3428 2919 3501 etc.,Terraconensi
2950 3430 3027 3502 (8)
3054 3434 3113 3486 et
3142 3430 3365 3489 caeteris
3396 3430 3599 3504 Hispa-

1949 3523 2182 3579 niarum
2212 3518 2688 3594 archiepiscopis.

2018 3611 2297 3684 Quisquis
2312 3610 2668 3667 voluntatem
2686 3606 3049 3681 gerit,utsibi
3063 3606 3163 3663 alii
3185 3606 3594 3679 subjiciuntur,

1944 3700 2248 3774 dedignari
2276 3717 2390 3757 non
2422 3699 2612 3766 debet,
2646 3702 2710 3753 ut
2738 3695 2852 3770 ipsi
2901 3713 3135 3770 quoque
3181 3695 3314 3753 aliis
3344 3697 3421 3752 sit
3451 3697 3594 3754 sub-

1935 3792 2152 3863 jectus.
2187 3789 2289 3845 Hic
2318 3788 2475 3845 enim
2504 3788 2644 3844 ordo
2676 3785 2980 3859 regiminis
3009 3789 3183 3858 atque
3234 3784 3597 3857 prielationis

1942 3898 2057 3937 non
2089 3878 2281 3937 solum
2306 3878 2363 3934 in
2396 3875 2676 3945 terrestri,
2708 3876 2808 3932 sed
2838 3874 2895 3930 in
2932 3874 3330 3948 superccelesti
3363 3892 3594 3949 quoque

1941 3970 2197 4028 Ecclesia
2225 3970 2588 4034 observatur,
2613 3981 2745 4039 rege
2779 3965 3044 4021 omnium
3066 3965 3434 4038 disponente,
3460 3970 3524 4021 ut
3542 3965 3594 4021 si

1940 4060 2206 4117 omnium
2238 4055 2612 4132 principealii
2647 4055 2777 4111 aliis
2791 4054 3213 4128 principentur.
3246 4054 3591 4111 Toletanum

1938 4149 2230 4222 siquidem
2243 4146 2748 4219 archiepiscOpum
2768 4142 3050 4217 privilegii
3065 4142 3250 4200 nostri
3277 4144 3590 4201 auctorita-

1937 4243 1992 4294 te
2007 4238 2314 4311 primatem
2330 4236 2389 4291 in
2407 4235 2544 4292 totis
2557 4234 2970 4307 Hispaniarum
2986 4233 3181 4308 regnis
3196 4232 3314 4289 fore
3330 4234 3592 4291 decrevi-

1937 4346 2091 4397 mus,
2117 4326 2276 4385 salva
2297 4325 2454 4382 sedis
2467 4322 2797 4397 apostolicae
2819 4323 3189 4389 auctoritate,
3215 4325 3272 4378 et
3295 4328 3589 4396 metropo-

1935 4417 2251 4474 litanorum
2268 4413 2583 4489 privilegiis
2606 4410 3216 4485 singulorum.Siquid
3248 4410 3592 4483 igiturinter

1933 4524 2034 4563 vos
2064 4522 2235 4580 grave
2265 4502 2589 4576 contigerit,
2623 4500 2764 4574 quia
2794 4502 2865 4557 ab
2879 4499 3196 4573 apostolica
3225 4499 3362 4559 sede
3385 4499 3589 4572 procul

112 4630 129 4645 .
162 4586 564 4659 nequivimus,
595 4589 939 4664 episcopum
981 4593 1206 4651 scilicet
1237 4596 1422 4652 sancti
1471 4596 1672 4655 Jacobi
1703 4618 1736 4657 a
1764 4606 1818 4659 te
1849 4603 1895 4669 D
1927 4596 2090 4662 estis,
2123 4595 2196 4650 ad
2227 4609 2362 4650 eum
2391 4590 2550 4647 velut
2579 4590 2651 4648 ad
2683 4589 2995 4662 primatem
3023 4592 3286 4644 vestrum
3317 4588 3585 4644 omnium

232 4711 338 4797 μ’)
369 4710 532 4797 alias
547 4714 901 4797 Ald'efonsus
914 4733 1015 4797 seu
1033 4719 1334 4797 AAlfonsus,
1364 4722 1820 4797 ((i'spanz'ajimpe-

161 4784 606 4860 ζιιίορχρἱιιιε,Δ
647 4787 997 4860 Ferdinandi
1048 4789 1226 4860 ﬁlius,
1276 4784 1333 4848 et
1388 4784 1568 4851 frater
1623 4784 1818 4853 Sancii

163 4852 664 4930 Castellaauregis,
700 4858 801 4930 qui
860 4877 1011 4916 anno
1069 4852 1224 4918 1072'
1262 4865 1549 4922 successit
1594 4867 1666 4922 ad
1709 4852 1817 4924 an-

165 4941 309 4980 num
340 4925 505 4982 1109.

226 4998 305 5073 (5_)
326 4995 660 5073 ﬂichardugs
674 5001 856 5057 abbas
868 5003 1062 5058 Sancti
1076 5004 1326 5062 Victoris
1342 5004 1614 5063 Massiliae
1629 5025 1661 5064 a
1678 5009 1831 5073 Gre-7

194 5067 319 5152 crio
348 5067 457 5151 VII
464 5074 602 5143 post
613 5071 978 5152 Bai-nardum
991 5092 1166 5132 suum
1181 5077 1417 5152 fratrem
1431 5078 1489 5135 in
1505 5079 1817 5152 Hispanias

180 5143 407 5221 egetus,
431 5142 503 5221 in
535 5142 781 5221 concilio
795 5145 1197 5221 Beneventano
1213 5164 1308 5204 an.
1331 5150 1465 5205 1087
1478 5142 1814 5208 excommu-

164 5212 396 5294 nicatus
424 5212 1048 5294 fuerat-cumﬂugone
1074 5219 1473 5292 Lugdunensi,
1498 5223 1653 5294 quod
1685 5230 1816 5294 post

166 5283 549 5364 improbatam
579 5283 1225 5364 Victorisel'ectionem,
1246 5308 1387 5364 sese
1437 5283 1814 5364 postmodum

165 5355 288 5434 ejus
313 5355 671 5412 obedientiaa
701 5360 1118 5430 subduxerunt,
1147 5355 1300 5417 utin
1352 5355 1542 5419 Gestis
1596 5364 1813 5424 Urbani

160 5423 434 5492 diximus,
467 5444 540 5484 ex
570 5427 855 5487 Chronico
886 5430 1188 5489 Casinensi
1218 5432 1322 5490 lib.
1353 5451 1437 5492 ιιι.
1473 5451 1599 5492 can.
1628 5440 1720 5492 72.

417 5467 434 5493 9
467 5467 540 5484 να
571 5467 855 5487 υμιυιιινυ
887 5467 1188 5489 υαῠιιιυιιΰι
1218 5467 1322 5490 ιιυο
1356 5467 1437 5493 ιιι.
1473 5467 1599 5493 υαυ.
1639 5467 1720 5493 Ιζη

160 5453 434 5493 uiximus,
467 5453 540 5484 ex
570 5453 855 5487 uuronlco
886 5453 1188 5489 uasmenSl
1218 5453 1322 5490 ιω.
1353 5453 1437 5501 III,
1473 5453 1599 5509 cap.
1639 5453 1720 5493 ΙΖ.

155 5498 1018 5591 ε,(ξῆέξηιξοερρρψρβεειιεηί
1037 5505 1551 5591 θρὶεοορίέξθξςοίὲο
1574 5503 1812 5591 egimus

153 5569 207 5658 ip
236 5569 460 5658 yrbani
494 5569 732 5645 Gestis;
747 5569 1175 5658 videgexoer'pta
1204 5569 1273 5635 ei:
1291 5569 1543 5639 Historia
1566 5569 1809 5658 (ἔξωρο-

152 5641 398 5707 stellsna
426 5659 639 5721 supra.
700 5641 708 5645 ’
886 5655 890 5658 ’
1074 5641 1094 5653 ’
1622 5641 1627 5659 ‘

2002 4721 2080 4791 (7)
2098 4717 2275 4791 Labb.
2298 4714 2532 4791 _Aguir.,
2565 4717 2699 4782 etc.,
2721 4711 2864 4781 deos,
2898 4711 3211 4784 legendum
3242 4710 3389 4766 forte
3415 4709 3587 4767 dictos

1931 4788 2073 4864 ἀεὸεέ
2108 4807 2158 4864 γε
2193 4788 2387 4855 Ruﬁn}
2420 4790 2529 4864 θέοο
2822 4854 2873 4864 ..
3117 4853 3151 4864 ..
3206 4853 3241 4864 ,.
3296 4852 3307 4864 .

1975 4853 2075 4934 .(8)
2110 4861 2322 4934 Vereor
2352 4853 2422 4913 ne
2452 4856 2831 4934 Terracgzenst'
2861 4853 3175 4934 irrepserit.
3202 4853 3425 4934 Quippe
3446 4868 3584 4909 cum

1927 4924 2081 4991 anno
2114 4930 2252 4985 1088
2283 4929 2613 4985 Bernardus
2642 4926 2823 4983 Toleti
2858 4924 3102 4998 antistes
3135 4924 3454 4998 primatum
3476 4939 3583 4998 re-

1927 5001 2262 5079 cepit,nond
2274 5018 2370 5056 um
2385 4997 2837 5079 Tarraconensis
2852 4996 3106 5079 Ecclesia
3117 4995 3176 5053 in
3209 4995 3582 5079 m’etropolim

1927 5069 2199 5134 restituta
2230 5074 2434 5129 fuerat.
2471 5071 2597 5126 Non
2627 5071 2785 5125 enim
2814 5069 3042 5125 videtur
3062 5069 3121 5124 in
3152 5069 3582 5140 subsequentes

1926 5164 2112 5205 annos
2144 5161 2316 5218 posse
2347 5142 2505 5214 rejici
2539 5141 2661 5197 haec
2686 5140 2956 5268 Ialpistola,
2991 5156 3121 5212 qua:
3153 5157 3268 5196 non
3316 5140 3417 5195 uni
3441 5143 3578 5221 Ter-

1926 5216 2361 5268 rncnnensi.sed
2385 5212 2674 5268 universis
2740 5212 3101 5268 isnaniarum
3117 5210 3575 5268 archiepiscoms

1925 5211 2361 5281 raconensi,sed
2385 5211 2674 5269 universis
2686 5211 3101 5284 Hispaniarum
3117 5211 3575 5284 archiepiscopis

1924 5292 2211 5363 inscripta
2240 5292 2349 5354 est,
2383 5290 2447 5341 ut
2477 5301 2575 5363 eos
2606 5282 2841 5339 moneat
2869 5283 2940 5363 de
2967 5282 3257 5363 _Tolet_ani_
3286 5282 3576 5363 primatus

1925 5349 2489 5429 restitutione,'quaa
2519 5355 2628 5411 hoc
2685 5371 2838 5429 anno
2870 5354 3023 5410 facta
3054 5359 3162 5429 est.
3222 5349 3471 5429 palistqs
3495 5349 3573 5429 It,

1922 5419 2093 5509 epist.
2128 5419 2538 5509 34_0veteizsem
2594 5435 2648 5509 et
2674 5428 3063 5509 Legian
3118 5419 3574 5509 EcclesiasnTple:

1922 5492 2061 5564 nino
2098 5501 2536 5577 archiepiscopo
2595 5498 2669 5558 ab
2728 5492 2958 5558 Urbano
3025 5510 3333 5559 concessas
3390 5492 3575 5552 fuisse

1921 5577 2142 5641 scribit.
