3950 6218
405 330 512 386 291

1705 323 1776 383 Β.
1824 321 2117 383 URBANI
2160 321 2214 382 II
2260 322 2510 383 PAP/E.

3684 330 3788 390 292

400 459 730 527 recurretis,
765 460 1010 530 ejusque
1032 457 1257 529 judicio
1296 475 1424 529 quae
1457 457 1621 512 vobis
1663 461 1800 512 sunt
1849 454 2048 528 gravia
2077 456 2132 522 Α
2161 455 2488 526 apostolica)
2519 455 2937 523 familiaritate,
2969 474 3146 528 quam
3179 474 3246 513 ex
3288 457 3648 515 nobilissima
3687 467 3785 516 tua:

401 548 813 603 terminabitis.
849 549 1010 612 Quod
1031 548 1080 602 si
1112 549 1251 619 quid
1273 549 1418 602 forte
1448 543 2047 618 ipsiusquoquejudi-

401 635 486 691 cio
520 635 844 707 nequiverit
873 636 1124 703 deﬁniri,
1186 637 1255 691 ad
1310 635 1688 707 apostolicam
1737 635 1957 698 sedem,
1990 636 2052 686 ut

399 725 646 796 dignum
679 733 790 790 est,
821 723 978 779 velut
1008 725 1273 779 omnium
1306 725 1536 778 sedium
1557 721 1876 794 principem
1906 720 2050 775 refe-

401 820 579 868 retur.
614 813 721 877 Qui
755 818 950 868 autem
984 818 1240 868 vestrum
1275 812 1399 867 sine
1432 809 1892 880 metropolitauis
1928 825 2050 880 pro-

398 902 544 974 priis
575 908 735 967 sunt,
769 903 880 973 ipsi
901 902 1133 956 interim
1168 900 1319 957 velut
1348 891 1582 972 proprio
1600 899 1844 953 subesse
1875 897 2046 952 debe-

399 994 566 1048 bunt.
601 991 821 1046 Valete.
1691 982 1699 992 ’

1153 1078 1297 1133 VIII.

401 1171 606 1226 Urbani
635 1171 682 1224 Il
728 1168 954 1240 epistola
983 1167 1052 1222 ad
1097 1169 1377 1240 [lngonejn
1404 1166 1665 1240 abbatem
1722 1165 2046 1220 Cluniacen-

572 1258 679 1296 sem
705 1237 768 1295 de
792 1241 1039 1310 primatu
1070 1238 1264 1293 collato
1292 1237 1546 1293 Ecclesiae
1579 1237 1866 1292 Toletanw.

1018 1328 1203 1397 (Anno
1239 1327 1422 1393 1088.)

573 1419 838 1488 [MABILL
875 1420 932 1472 et
957 1417 1157 1484 Itum,
1194 1417 1356 1471 Ouvr.
1385 1415 1560 1487 posth.
1597 1413 1693 1480 III,
1727 1413 1876 1483 350.]

447 1529 746 1590 Uanauus,
779 1529 914 1589 etc.,
948 1524 1201 1590 Hucom,
1238 1521 1435 1577 abbati
1467 1520 1855 1587 Cluniacensi,
1889 1523 1998 1575 etc.

466 1613 871 1671 Venerabilem
905 1614 1139 1668 fratrem
1176 1617 1442 1666 nostrum
1485 1609 1843 1664 Bernardum
1881 1609 2042 1663 Tole-

395 1708 545 1758 tanis
574 1701 843 1758 Ecclesia
873 1699 1182 1773 prmsulem
1211 1705 1332 1754 tam
1366 1715 1470 1770 pro
1501 1702 1613 1754 tuae
1655 1696 2044 1770 postulatione

2163 543 2367 614 tuique
2399 543 2644 599 cmuobii
2676 544 2971 616 religionis
3021 547 3363 614 reverentia,
3424 548 3735 620 singularis
3762 567 3791 607 a

2162 633 2332 688 nobis
2359 633 2601 687 debetur
2633 635 3373 706 praerogativadilectionis.
3409 637 3504 692 Est
3533 643 3790 708 praeterea

2159 722 2312 793 quod
2347 738 2452 776 nos
2486 722 2589 776 tibi
2624 739 2736 776 non
2771 724 2987 788 minus,
3021 729 3238 794 tuoque
3256 726 3612 780 monasterio
3635 727 3790 782 faciat

2159 811 2469 876 debitores,
2504 811 2778 880 quoniam
2814 828 2915 882 per
2944 818 2997 866 te
3030 813 3364 867 monasticae
3395 814 3686 885 religionis
3708 833 3790 870 ru-

2157 900 2189 952 d
2202 901 2866 970 imentasuscepiJntuo
2880 902 3141 956 cceuobio
3174 919 3274 973 per
3287 904 3603 958 secundam
3619 905 3788 960 sancti

2156 987 2406 1059 Spiritus
2432 989 2679 1060 gratiam
2704 1004 2836 1043 sum
2871 995 3130 1056 renatus,
3155 992 3244 1044 cui
3280 990 3561 1046 hactenus
3584 992 3790 1062 impen-

2156 1076 2294 1131 siori
2328 1077 2517 1148 gratia
2540 1077 2802 1132 Romana
2815 1077 3070 1133 Ecclesia
3083 1077 3409 1136 dilectionis
3423 1097 3488 1134 ac
3511 1082 3789 1152 protectio-

2157 1163 2841 1235 niscuramimpendisse
2877 1166 3257 1237 dignoscitur.
3293 1166 3584 1239 Quidquid
3625 1169 3786 1240 igitur

2157 1251 2460 1318 libertatis,
2494 1252 2781 1324 quidquid
2815 1254 3232 1320 immunitatis,
3252 1255 3536 1326 quidquid
3559 1259 3786 1312 auctori-

2157 1341 2292 1396 tatis
2326 1341 2451 1408 tibi,
2486 1340 2723 1412 tuisque
2755 1343 3215 1412 successoribus,
3251 1350 3470 1416 tuoque
3518 1345 3784 1414 ccenobio,

2157 1445 2258 1501 per
2287 1435 2721 1485 antecesserunt
2744 1436 3075 1486 nostrorum
3108 1431 3411 1504 privilegia
3459 1449 3782 1490 concessum

2157 1519 2337 1574 fuisse
2366 1522 2614 1588 constat,
2647 1537 2754 1574 nos
2787 1536 3018 1590 quoque
3051 1520 3227 1591 hujus
3259 1521 3447 1576 nostri
3470 1521 3680 1578 decreti
3696 1539 3783 1599 pa-

2153 1607 2682 1680 ginaconferimus,
2705 1609 3014 1673 tradimus,
3041 1611 3482 1667 coulirmamus.
3507 1610 3782 1667 Hocinsu-

2154 1715 2255 1770 per
2270 1697 2702 1765 adiicientes,ut
2715 1698 3134 1752 monasterium
3156 1699 3572 1754 SanctaaMariaa
3586 1700 3654 1756 de
3664 1699 3789 1756 Cha-

395 1790 744 1855 dilectionis,
776 1806 954 1861 quam
982 1806 1085 1861 pro
1118 1789 1302 1860 ipsius
1321 1788 1641 1843 reverentia
1672 1786 1969 1859 religionis
1989 1791 2045 1841 et
2077 1825 2122 1888 Β
2157 1789 2345 1851 ritate,
2397 1786 2820 1840 monasterium
2881 1787 2939 1840 S.
2992 1786 3226 1841 Martini
3259 1788 3330 1844 de
3378 1788 3616 1860 Campis
3646 1790 3782 1860 apud

393 1880 682 1936 Toletame
727 1878 992 1934 Ecclesiae
1046 1877 1260 1932 honore
1308 1882 1637 1932 reverenter
1690 1875 2044 1947 excepimus.

395 1969 511 2041 Ipsi
543 1969 718 2024 etiam
752 1967 823 2022 ad
855 1966 1010 2021 sedis
1042 1965 1373 2036 apostolicae
1395 1970 1453 2020 et
1485 1965 1757 2019 Romamn
1781 1963 2046 2019 Ecclesiae

395 2063 460 2112 ut
487 2057 695 2112 matris
717 2056 983 2110 omnium
1020 2055 1409 2124 maiestatem,
1435 2053 1934 2125 quemadmodum
1967 2052 2048 2106 di-

391 2163 574 2218 gnum
605 2149 696 2200 est
723 2145 923 2200 devote
953 2161 1019 2198 ac
1049 2143 1390 2213 simpliciter
1405 2142 1770 2197 concurrenti
1802 2141 2047 2213 antiqua

393 2234 662 2290 Ecclesiae
680 2251 799 2288 suae
817 2238 987 2304 prout
1007 2233 1219 2304 rogasti
1239 2231 1607 2286 munimenta
1621 2230 2042 2298 concessimus,

392 2330 450 2380 et
480 2321 766 2395 privilegii
799 2321 982 2376 nostri
1016 2320 1288 2392 paginam
1311 2319 1558 2390 pristina
1588 2318 1820 2389 plenam
1853 2317 2042 2390 digni-

391 2417 530 2477 tate,
560 2409 810 2465 libenter
846 2408 1222 2464 indulsimus.
1269 2409 1586 2462 Primatem
1634 2407 2041 2479 episcoporum

391 2500 676 2566 omnium,
710 2498 810 2571 qui
841 2497 900 2552 in
931 2497 1227 2570 Hispaniis
1245 2497 2043 2568 sunteffecimus,etquchue

390 2606 565 2661 super
593 2605 660 2644 eo
691 2592 792 2643 tua
820 2604 928 2642 nos
959 2587 1213 2642 charitas
1246 2586 1548 2657 ﬂagitavit,
1581 2602 1714 2638 cum
1750 2585 1913 2656 pallii
1934 2587 2042 2639 da-

390 2678 547 2734 t-ione
576 2677 1060 2733 contradidimus.
1084 2675 1209 2729 Tibi
1227 2691 1363 2745 ergo
1387 2691 1491 2745 par
1519 2673 1835 2729 estamoris
1858 2674 2036 2729 nostri

391 2765 990 2836 studiorespondere,
1022 2769 1080 2817 et
1110 2763 1327 2818 nostris
1359 2779 1423 2818 ac
1457 2762 1729 2817 Romanis
1774 2761 2038 2817 Ecclesia:

391 2854 624 2910 auxiliis
655 2852 903 2909 ﬁdeliter
931 2852 1244 2908 deservire.
1267 2851 1382 2905 Nos
1405 2851 1561 2905 enim
1593 2856 1650 2905 et
1679 2841 2040 2922 prascipua'te

395 2962 460 2999 ac
488 2945 696 2998 fratres
725 2948 858 2997 tuos
888 2941 1193 2996 affectione
1224 2939 1548 3011 diligimus,
1581 2943 1639 2994 et
1678 2939 1876 2994 omnia
1915 2956 2038 2994 mo-

394 3031 632 3088 nasterii
667 3030 840 3086 vestri
875 3029 1019 3094 loca,
1052 3029 1152 3083 ubi
1178 3029 1426 3083 liberum
1478 3028 1669 3094 fuerit,
1727 3028 1781 3081 in
1829 3034 2037 3082 nostrm

393 3119 722 3193 specialiter
752 3137 964 3174 manus
994 3119 1408 3190 protectionem
1442 3118 1828 3187 suscipimus;
1862 3116 1942 3170 ita
1972 3124 2038 3171 ut

2158 1875 2431 1943 Parisios,
2467 1875 2888 1929 monasterium
2923 1875 3117 1929 Sancti
3148 1876 3407 1948 Dionysii
3453 1877 3609 1949 apud
3640 1878 3779 1947 Nun-

2156 1971 2418 2037 gentum,
2450 1965 2506 2018 S.
2543 1964 2737 2018 Mariae
2769 1965 2839 2018 de
2871 1964 3108 2030 Nazara,
3142 1967 3201 2020 S.
3236 1965 3494 2021 Gervasii
3531 1966 3601 2020 de
3648 1967 3782 2032 Exis,

2153 2060 2208 2109 S.
2245 2055 2434 2109 Maria:
2466 2053 2535 2107 de
2582 2052 2800 2119 Arulis,
2835 2055 2898 2108 S.
2954 2054 3105 2108 Petri
3163 2055 3234 2110 de
3283 2046 3784 2126 Campo-retunde,

2155 2145 2212 2199 S.
2247 2143 2474 2198 Genesii
2508 2143 2561 2196 in
2593 2141 2826 2198 Elnensi
2861 2144 3218 2216 episcopatu,
3254 2143 3313 2199 S.
3373 2143 3504 2199 Puli
3548 2144 3604 2199 in
3636 2144 3784 2200 Valle

2153 2231 2281 2301 olei,
2315 2232 2373 2286 S.
2438 2231 2628 2285 Mariae
2661 2234 2731 2286 de
2789 2231 3060 2297 Cubaria,
3095 2233 3152 2287 S.
3211 2233 3404 2288 Mariae
3440 2232 3511 2288 de
3567 2232 3775 2302 Salella,

2151 2327 2208 2376 ὃ.
2269 2319 2460 2376 Mariae
2516 2318 2843 2387 de'Tolosa,
2878 2320 2936 2375 S.
2971 2320 3277 2376 Trinitatis
3334 2321 3392 2376 in
3423 2319 3773 2387 Marciniaco,

2153 2411 2305 2481 quod
2344 2415 2402 2463 tu
2437 2407 2494 2462 in
2529 2407 2720 2463 alodio
2742 2408 2974 2480 prOprio
3007 2409 3329 2477 azdiﬁcasti,
3355 2427 3658 2482 nunquam
3678 2417 3785 2477 tuo,

2151 2504 2503 2568 tuorumque
2534 2513 2938 2552 successorum
2973 2497 3242 2569 regimini
3275 2498 3640 2555 ordinatione
3661 2499 3782 2554 sub-

2153 2587 2437 2642 trahatur.
2471 2592 2685 2642 Caatera
2697 2603 2828 2641 vero
2851 2586 3187 2657 omniaquae
3202 2591 3603 2644 antecessores
3621 2587 3782 2644 nostri

2151 2684 2340 2731 vestro
2355 2675 2708 2730 monasterio
2721 2673 3022 2747 privilegia
3043 2676 3334 2730 tradideru
3347 2683 3427 2743 nt,
3451 2693 3558 2732 nos
3573 2691 3782 2749 quoque

2148 2766 2550 2820 contradimus
2599 2769 2773 2835 atque
2835 2763 3158 2820 ﬁrmamus.
3220 2764 3608 2821 Moisiacense
3663 2781 3783 2820 sane

2148 2851 2498 2918 ccenobium,
2535 2851 2591 2905 in
2622 2867 2710 2916 ea,
2745 2869 2861 2922 qua
2893 2869 3048 2905 nunc
3069 2857 3178 2917 est,
3213 2852 3271 2906 in
3303 2857 3608 2924 posterum
3635 2850 3785 2908 liber-

2145 2945 2264 2996 tate
2319 2944 2668 3012 permaneat,
2731 2940 2842 2994 nisi
2901 2940 3045 2995 forte
3103 2941 3410 3014 episcopus
3474 2941 3779 3011 admiserit,

2147 3033 2382 3101 propter
2402 3029 2556 3100 quod
2576 3029 2703 3098 ejus
2732 3028 2938 3082 debeat
2955 3028 3171 3084 ditione
3185 3029 3422 3101 privari.
3458 3029 3780 3102 Quicunque

2147 3122 2341 3174 autem
2375 3116 2634 3173 melioris
2660 3115 2783 3171 vita:
2804 3116 3084 3189 appetitu,
3104 3123 3362 3174 vestrum
3375 3116 3784 3175 volueritadve-

394 3226 497 3264 nec
526 3210 836 3280 episcopus
867 3207 1130 3279 quilibet,
1164 3223 1268 3261 nec
1289 3206 1537 3277 legatus,
1572 3207 1681 3258 nisi
1713 3207 2039 3262 cuianobis
2067 3185 2110 3252 (ἶ
2150 3208 2273 3262 nire
2305 3205 2655 3273 cmnobium,
2689 3205 2869 3260 libera
2900 3205 3025 3273 tibi,
3069 3207 3302 3278 tuisque
3352 3206 3780 3264 successoribus

393 3298 650 3370 idipsum
680 3295 1010 3368 specialiter
1039 3296 1368 3364 injunctum
1389 3294 1581 3360 fuerit,
1603 3299 1809 3364 praeter
1836 3295 2038 3350 volun-

393 3392 570 3443 tatem
602 3392 765 3440 tuam
782 3386 853 3440 de
864 3384 1074 3438 vestris
1086 3384 1298 3438 audeat
1311 3382 1560 3454 negotiis
1567 3382 1857 3452 judicare,
1878 3383 2035 3437 salvo

393 3473 1146 3546 tamenjureepisCOporum
1167 3472 1320 3543 quod
1337 3471 1492 3525 ineis
1506 3470 1792 3526 hactenus
1805 3471 2039 3526 habuis-

391 3581 452 3620 se
464 3562 927 3620 noscuntur.Vos
938 3578 1074 3633 ergo
1087 3560 1307 3615 nostris
1319 3558 1618 3630 semperin
1634 3560 2038 3614 omnibusves-

390 3653 496 3708 tris
507 3653 580 3708 ad
599 3652 918 3709 Dominum
934 3650 1202 3722 precibus
1216 3663 1503 3702 memores
1518 3647 1668 3715 sitis;
1693 3654 1751 3702 et
1763 3649 1914 3703 sicut
1931 3665 2036 3703 nos

389 3759 492 3796 vos
505 3747 763 3798 etvestra
775 3737 1101 3810 specialiter
1117 3739 1400 3802 t'ovemus,
1421 3735 1501 3788 ita
1513 3752 1613 3790 vos
1630 3752 1735 3790 nos
1750 3738 1902 3808 apud
1928 3737 2036 3792 Do-

391 3829 618 3884 minum
650 3826 1032 3899 spiritualiter
1044 3824 1451 3879 commendare
1469 3825 1706 3891 curetis;
1734 3841 1957 3895 nosque
1975 3844 2039 3880 ac

394 3918 717 3972 Romanam
751 3914 1088 3981 Ecclesiam,
1109 3912 1208 3968 ubi
1237 3917 1485 3984 oportet,
1507 3918 1563 3967 et
1581 3913 1940 3969 ubifacultas
1952 3919 2041 3969 est

391 4004 702 4076 adjuvetis.
737 4002 1017 4058 Dominus
1048 4002 1417 4072 omnipotens
1447 4019 1555 4057 sua
1586 4019 1692 4057 nos
1726 4002 1914 4074 gratia
1952 4003 2037 4058 fo-

392 4097 540 4159 veat,
576 4095 878 4147 conservet
907 4107 972 4146 ac
1001 4095 1283 4163 protegat.
1307 4093 1510 4146 Amen.

1175 4197 1260 4251 IX.

395 4289 644 4346 Urbanus
693 4289 742 4344 II
767 4288 1097 4344 monasterii
1127 4286 1533 4344 -Cluniacensis
1591 4291 1950 4360 possessiones
1990 4293 2039 4343 et

456 4362 752 4432 privilegia
771 4360 1080 4429 conﬁrmat,
1097 4368 1147 4414 et
1167 4361 1214 4413 Η
1219 4361 1382 4428 ugom'
1393 4360 1578 4415 abbati
1588 4363 1789 4424 mitrae,
1819 4362 2038 4414 dalma-

458 4434 603 4501 ticae,
634 4433 1086 4497 chirothecurum,
1119 4432 1497 4487 sandaliorum
1517 4448 1675 4486 usum
1704 4432 1965 4487 concedis.

1014 4521 1198 4592 (Anno
1233 4521 1415 4592 1088.)

692 4609 1052 4680 [Bibliotheca
1078 4610 1470 4677 Cluniace-nsis,
1505 4627 1562 4682 p.
1596 4611 1745 4680 514.]

459 4719 736 4774 Unsauus
767 4718 1098 4789 episcopus,
1134 4732 1339 4771 servus
1357 4732 1657 4771 servorum
1672 4716 1792 4783 Dei,
1826 4716 2043 4771 Hceom

385 4808 764 4865 sanctissimo
787 4807 983 4863 abbati
1007 4807 1399 4872 Cluniacensi,
1426 4808 1672 4876 ejusque
1697 4803 2045 4860 successori-

385 4897 498 4953 bus
530 4899 590 4952 in
624 4903 968 4969 perpetuum
981 4937 993 4950 .

454 4986 600 5041 Cum
632 4985 913 5040 omnibus
931 4989 1146 5039 sanetae
1181 4983 1319 5038 ﬁliis
1337 4982 1609 5037 Ecclesiae
1629 4999 1697 5038 ex
1730 4983 1887 5037 sedis
1904 4997 2040 5053 apo-

387 5073 602 5129 stolica:
636 5073 1001 5142 auctoritate,
1034 5079 1092 5126 et
1109 5071 1507 5127 benevolentia
1535 5072 1829 5127 debitores
1845 5069 2040 5124 existi-

385 5179 540 5228 mus,
601 5160 1039 5216 venerabilibus
1097 5164 1292 5217 tamen
1350 5160 1617 5232 personis
1668 5167 1842 5230 atque
1874 5157 2038 5226 locis,

382 5251 637 5308 maxime
687 5266 816 5321 quae
878 5248 1210 5320 apostolica).
1263 5250 1388 5304 sedi
1445 5265 1676 5318 semper
1731 5245 2042 5316 specialius

381 5340 759 5396 adhzeserunt
791 5354 854 5391 ac
869 5338 1156 5406 devotius,
1182 5354 1429 5409 quaeque
1444 5334 1715 5406 ampliori
1742 5333 2044 5404 religionis

381 5428 568 5501 gloria
597 5426 880 5492 eminent,
913 5427 1275 5498 propensiori
1301 5442 1408 5482 nos
1441 5425 1712 5479 convenit
1741 5421 2044 5478 charitatis

381 5515 581 5574 studio
613 5512 941 5570 imminere.
975 5515 1102 5572 Tibi
1137 5533 1300 5590 ergo,
1334 5512 1728 5579 sanctissime,
1781 5527 2042 5567 reveren-

379 5604 614 5695 tissime
645 5619 709 5660 ac
745 5601 1118 5663 dilectissime
1152 5606 1352 5670 frater,
1371 5607 1491 5658 tam
1525 5616 1591 5657 ex
1621 5599 1876 5673 antiquae
1890 5599 2044 5658 sedis

2149 3295 2398 3351 facultas
2412 3299 2662 3366 maneat,
2680 3295 3000 3350 secundum
3033 3299 3292 3350 tenorem
3309 3295 3525 3368 regulae
3541 3300 3597 3352 S.
3618 3295 3781 3350 Patris

2148 3385 2329 3441 nostri
2363 3383 2658 3440 Benedicti
2671 3400 2770 3439 eos
2787 3384 3104 3455 suscipere.
3124 3385 3404 3440 Praeterea
3428 3385 3778 3441 decernimus

2147 3479 2320 3546 atque
2344 3472 2678 3528 stabilimus
2709 3491 2778 3527 ne
2810 3472 2944 3544 quis
2980 3472 3132 3527 ultra
3164 3471 3390 3545 legatus
3417 3474 3662 3529 Romani
3693 3489 3780 3527 an-

2149 3563 2350 3620 tistitis
2369 3562 2520 3617 vices
2539 3562 2595 3616 in
2628 3561 2832 3617 vestris
2846 3561 3110 3634 partibus
3130 3579 3328 3634 agens,
3364 3564 3590 3636 absque
3614 3561 3778 3635 ipsius

2149 3651 2382 3707 licentia
2405 3651 2486 3705 vel
2522 3650 2924 3722 praeceptione,
2960 3650 3203 3705 buccam
3237 3652 3294 3711 in
3323 3669 3449 3718 vos,
3483 3657 3584 3707 aut
3613 3655 3779 3706 vestra

2148 3740 2504 3796 monasteria
2534 3739 2746 3793 audeat
2763 3737 3007 3810 aperire,
3042 3738 3128 3793 vel
3151 3739 3263 3793 nisi
3292 3740 3364 3794 ad
3391 3741 3653 3813 idipsum
3673 3754 3780 3810 spe-

2147 3829 2371 3885 cialiter
2397 3827 2701 3900 dirigatur.
2737 3827 3038 3900 Episcnpis
3058 3845 3209 3898 vero,
3244 3829 3299 3882 in
3316 3845 3570 3900 quorum
3594 3828 3778 3884 dicace-

2149 3919 2314 3973 sibus
2342 3922 2547 3972 vcstraa
2581 3923 2721 3971 sunt
2752 3915 3078 3984 facultates,
3109 3918 3348 3972 omnino
3377 3936 3496 3973 non
3532 3919 3695 3973 liceat
3720 3915 3778 3969 de

2146 4006 2358 4062 vestris
2387 4005 2691 4061 monachis
2724 4010 2825 4059 aut
2884 4004 3254 4060 monasteriis
3299 4007 3590 4076 judicare.
3629 4003 3777 4061 Salvo

2152 4095 2432 4151 canonico
2465 4094 2737 4164 illojure,
2772 4094 2925 4164 quod
2958 4093 3017 4147 in
3033 4094 3116 4148 eis
3135 4093 3421 4150 hactenus
3454 4095 3782 4149 habuerunt.

2147 4185 2200 4238 Si
2235 4183 2374 4255 quid
2410 4188 2603 4236 autem
2635 4197 2825 4237 causa:
2858 4181 2917 4235 in
2962 4198 3060 4236 eos
3091 4181 3424 4249 habuerint,
3483 4187 3558 4247 te,
3605 4186 3783 4237 tuosve

2153 4288 2522 4327 successores
2544 4269 3030 4341 appellent.Quod
3066 4271 3114 4325 si
3134 4287 3238 4342 per
3252 4288 3349 4326 vos
3380 4271 3455 4326 lis
3484 4267 3790 4343 nequiverit

2151 4360 2483 4425 deﬁniri,ad
2507 4361 2702 4414 sedem
2723 4357 3102 4430 apostolicam
3123 4362 3428 4417 referatur.
3455 4363 3584 4432 ejus
3602 4357 3787 4421 solius,

2150 4450 2238 4504 vel
2270 4447 2443 4521 legati
2477 4449 2605 4518 ejus
2629 4447 2854 4516 judicio
2885 4447 3307 4502 deﬁniendum.
3331 4449 3462 4505 Tibi
3498 4449 3665 4520 plane
3706 4460 3789 4517 pe-
3865 4503 3868 4510 ,

2073 4548 2120 4612 1)
2153 4538 2356 4594 culiari
2387 4537 2689 4592 devotione
2721 4536 3118 4604 concedimus,
3154 4543 3219 4591 ut
3250 4538 3308 4592 in
3359 4538 3784 4609 processionum

2159 4628 2594 4697 missarumque
2625 4624 2986 4680 solemnibus
3001 4627 3174 4680 mitra
3192 4627 3376 4680 utaris
3389 4624 3716 4698 episcopali.
3738 4621 3790 4675 In

2156 4713 2464 4788 prmcipuis
2494 4729 2626 4768 vero
2659 4712 3163 4782 festivitatibus,id
3179 4716 3792 4785 estinquinque,quas

2154 4820 2477 4876 praecupuas
2510 4802 2760 4871 habetis,
2793 4808 2850 4857 et
2879 4803 2937 4857 in
2970 4803 3368 4874 Theophanis,
3402 4809 3460 4858 et
3510 4804 3567 4857 in
3596 4804 3788 4856 Ascen-

2152 4893 2335 4959 sione,
2371 4909 2475 4945 nec
2506 4908 2616 4945 non
2652 4896 2709 4945 et
2740 4891 2796 4944 in
2846 4892 3219 4947 Dedicatione
3265 4898 3476 4947 vestra:
3523 4887 3787 4950 Ecclesia,

2152 4979 2549 5046 dalmaticam,
2597 4979 2964 5035 chirothecas
3023 4985 3079 5035 et
3108 4981 3378 5037 sandalia
3424 4978 3703 5035 induaris.
3734 4972 3790 5028 Et

2152 5068 2262 5124 hoc
2288 5068 2359 5123 ad
2378 5074 2490 5122 tua:
2511 5067 2812 5140 religionis
2826 5068 3175 5123 evidentiam
3209 5074 3382 5140 atque
3414 5067 3786 5125 ostensionenl

2153 5161 2365 5212 nostra:
2391 5154 2708 5227 peculiaris
2738 5155 3086 5224 dilectionis,
3113 5174 3286 5229 quam
3310 5175 3377 5213 ex
3407 5158 3545 5213 sede
3578 5154 3787 5226 aposto-

2153 5243 2271 5298 lica
2299 5245 2489 5316 magis
2503 5244 2727 5299 meritis
2745 5244 3114 5317 exigentibus
3137 5246 3509 5317 promereris.
3537 5245 3709 5299 Tuam
3725 5238 3786 5291 de

2155 5337 2366 5386 cetero
2415 5334 2694 5388 condecet
2741 5335 3135 5406 sanctitatem,
3191 5333 3681 5406 quemadmodum
3724 5324 3786 5379 ab

2160 5419 2423 5475 Romana
2453 5419 2707 5476 Ecclesia
2739 5421 3051 5493 specialius
3070 5423 3409 5488 honoratur,
3435 5423 3515 5477 ita
3545 5415 3785 5492 ejusdem

2153 5506 2416 5564 Ecclesia
2431 5508 2681 5566 servitiis
2695 5515 2749 5566 et
2765 5511 3114 5569 utilitatibus
3129 5511 3503 5586 singulariter
3514 5506 3782 5569 insudare.

2155 5599 2447 5674 quatenus
2479 5601 2534 5656 et
2562 5597 2849 5657 hactenus
2869 5601 3034 5659 vobis
3067 5602 3137 5662 ab
3157 5601 3356 5659 eadem
3390 5599 3641 5660 Ecclesia
3663 5608 3782 5655 con-
