3950 6218
311 311 427 368 295

1623 288 1690 349 Β.
1736 285 2029 347 URBANI
2076 286 2125 345 Ι
2175 286 2424 345 ΡΑΡᾹΞ.

3601 279 3728 339 296

381 437 710 512 Scripsistis
750 431 920 491 nobis
951 429 1272 487 maximum
1323 425 1476 498 apud
1497 439 1598 480 vos
1617 418 1960 478 scandalum
1990 418 2046 486 Α
2076 418 2186 490 sibi
2208 418 2276 473 ad
2288 420 2312 488 j
2324 436 2392 474 us
2411 421 2667 474 vestrum
2700 415 3360 489 pertinentibus,pra2ter
3387 410 3728 485 synodales,

311 530 640 595 emersisse,
673 541 790 599 quo
821 524 1098 579 Pisanum
1148 517 1488 591 episcopum
1539 507 1961 568 consecraveri-

310 640 465 689 mus,
507 617 661 692 quod
706 632 740 670 a
784 610 1106 669 Guezelone
1149 605 1418 663 hmretico
1465 603 1748 658 diaconus
1776 599 1963 654 fuerat

309 687 637 769 ordinatus.
670 705 740 761 Et
769 719 875 758 nos
905 700 1160 774 profecto
1191 696 1412 752 scimus
1441 691 1822 748 Guezelonem
1853 687 1964 741 hae-

311 801 558 857 reticum
587 789 1322 862 fuisse,Moguntinumque
1354 782 1753 855 episcopatum
1779 777 1962 831 Simo-

311 889 480 946 niaco
512 884 807 942 credimus
825 873 1377 936 facinoreinvasisse
1406 873 1644 944 propter
1664 882 1839 938 quem
1863 869 1965 920 aut

312 977 494 1034 alium
527 971 948 1048 acquirendum
973 965 1092 1039 regi
1116 965 1225 1019 sub
1247 959 1616 1048 anathemate
1637 955 1827 1028 posito
1859 953 1962 1008 diu

311 1045 676 1140 servierat,et
705 1063 939 1136 propter
968 1051 1320 1126 acquisitum
1345 1047 1506 1105 omni
1537 1045 1665 1101 vita:
1698 1060 1803 1099 suo
1821 1046 1962 1098 tem-

311 1131 815 1229 pore-deservi‘vit.
848 1146 1131 1203 Eumdem
1183 1144 1240 1197 et
1286 1138 1399 1212 ipsi
1448 1153 1556 1192 nos
1603 1150 1708 1207 pro
1757 1131 1962 1189 eadem

311 1221 510 1314 causa,
542 1241 641 1314 qui
674 1240 746 1295 ab
776 1231 1296 1294 excommunicatis
1337 1228 1712 1284 consecratus
1760 1226 1868 1291 est,
1901 1221 1960 1276 in

309 1310 576 1407 synodali
607 1325 848 1386 concilio
877 1310 1959 1383 excommunicavimus,condemnavi-

309 1399 462 1491 mus,
489 1403 555 1477 et
584 1420 657 1476 ab
690 1416 850 1472 omni
882 1410 1274 1470 ecclesiastico
1301 1406 1490 1466 officio
1508 1404 1634 1460 sine
1664 1419 1768 1475 spe
1799 1399 1962 1458 resti-

306 1510 553 1569 tutionis
585 1507 784 1578 aliqua
804 1502 1209 1644 deposuimxllls.

1151 1590 1195 1644 Ι.

1151 1590 1195 1644 Ι.

313 1690 516 1748 Urbani
547 1688 596 1742 II
620 1698 783 1758 papae
825 1681 1181 1806 privitfgii’iin
1222 1691 1324 1760 pro
1373 1673 1593 1730 abbatia
1639 1672 1696 1727 S.
1736 1670 1960 1726 Joannis

987 1767 1051 1806 te
1121 1764 1282 1803 meis.

987 1764 1051 1806 de
1078 1764 1282 1806 γιηθῖδ.

939 1841 1124 1909 (Anno
1157 1835 1340 1906 1089.)

385 1940 484 2007 [DE
513 1932 1003 2007 LousN,_His_t_oire
1031 1925 1381 2007 denl’Abbaye
1412 1921 1890 2007 royal/eniteﬁstiint-

557 1993 1061 2070 lean-ites-Vignes,
1096 1993 1365 2064 Preuves,
1399 1993 1530 2068 pag.
1563 1993 1714 2062 281.]

381 2120 657 2176 Uasmus
689 2113 1021 2186 episcopus,
1056 2122 1259 2163 servus
1291 2118 1589 2160 servorum
1623 2093 1966 2164 Dei,cbaris-

311 2209 458 2265 simo
490 2205 652 2271 fratri
679 2184 1139 2267 Roesao,abbati
1162 2192 1451 2251 canonica:
1473 2188 1669 2245 Sancti
1694 2184 1962 2252 Joannis,

310 2298 413 2370 qui
472 2290 920 2367 cognominatur
975 2285 1039 2341 de
1102 2285 1302 2347 Vincis,
1341 2282 1510 2353 juxta
1568 2275 1965 2353 Suessionem,

308 2365 703 2454 fratribu-sque
734 2377 951 2434 ibidem
975 2374 1084 2431 sub
1104 2371 1306 2445 regula
1326 2369 1479 2425 beati
1498 2365 1811 2440 Augustini
1837 2382 1968 2420 con-

309 2473 530 2533 stitutis
588 2453 645 2528 et
703 2464 1128 2526 constituendis
1178 2459 1428 2517 salutem
1479 2462 1534 2513 et
1582 2453 1964 2528 apostolicam

307 2561 790 2622 benedictionem.

379 2652 568 2710 Justis
593 2648 745 2704 votis
777 2658 1084 2701 assensum
1119 2640 1390 2713 praebere,
1417 2634 1714 2708 justisque
1746 2633 1967 2706 petitio-

313 2743 486 2800 nibus
517 2754 690 2796 aures
715 2731 1154 2792 accommodare
1203 2745 1310 2784 nos
1360 2724 1650 2792 convenit,
1678 2723 1799 2795 qui,
1832 2722 1966 2778 licet

313 2829 564 2903 indigni,
607 2825 857 2898 justitice
906 2835 1219 2894 prmoones,
1254 2821 1428 2888 atque
1477 2814 1748 2870 custodes
1779 2813 1838 2866 in
1870 2829 1965 2866 ex-

316 2900 470 2976 celsa
499 2913 899 2990 apostolorum
932 2909 1082 2965 Petri
1125 2912 1182 2962 et
1228 2903 1389 2960 Pauli
1440 2900 1697 2974 speculo,
1729 2900 1962 2972 dispen-

315 2987 775 3066 satione—sumus
806 2999 1006 3056 divina
1035 2992 1356 3054 constituti.
1392 2991 1540 3058 Quia
1568 2989 1746 3064 igitur
1790 2987 1967 3060 inspi-

314 3101 479 3155 rante
508 3093 766 3159 domino,
801 3089 1016 3144 dictam
1049 3083 1391 3141 canonicam
1436 3079 1759 3136 secundum
1810 3077 1961 3132 beati

311 3183 622 3260 Augustini
651 3179 913 3254 regulam
935 3173 1413 3249 delegistis,bono
1435 3166 1812 3260 acilaudabili
1833 3170 1961 3221 voto
1997 3160 2038 3226 C

315 3255 616 3332 dev'otione
647 3268 842 3326 debita
871 3264 1390 3338 congaudemus,et
1417 3264 1481 3314 ut
1510 3255 1804 3313 laudabile
1838 3272 1964 3327 pro-

315 3363 573 3446 positum
603 3355 994 3415 laudabiliora
1021 3353 1457 3423 subsequantur
1477 3348 1837 3401 incrementa
1867 3361 1964 3416 pa-

313 3435 481 3508 terna
530 3435 637 3505 vos
695 3445 1017 3510 affectione,
1051 3445 1116 3496 ut
1171 3439 1325 3495 ﬁlios
1366 3435 1768 3502 charissimos,
1828 3449 1963 3489 cum

315 3539 590 3618 omnibus
617 3532 979 3610 appendiciis
1007 3528 1240 3597 vestris,
1271 3527 1382 3584 sub
1411 3523 1767 3598 protectione
1807 3520 1965 3577 sedis

315 3608 1054 3703 apostolicis-suscipimus,
1088 3622 1145 3674 et
1182 3615 1382 3688 scripti
1431 3612 1615 3671 nostri
1664 3608 1965 3683 privilegio

317 3700 755 3776 communimus
789 3729 802 3768 :
837 3711 1159 3766 statuentes
1209 3704 1503 3776 siquidem
1535 3703 1594 3757 in
1627 3700 1853 3773 primis,
1904 3703 1968 3753 ut

316 3806 543 3863 ordinis
608 3801 787 3858 vestri
844 3797 1134 3855 canonica:
1192 3790 1589 3852 institutiones
1642 3787 1966 3844 secundum

318 3895 502 3951 Deum
561 3882 628 3948 et
672 3888 828 3945 beati
873 3881 1186 3957 Augustini
1233 3879 1519 3953 regulam,
1555 3877 1852 3951 perpetuis
1907 3876 1968 3931 in

319 3981 566 4038 ecclesia
593 3983 786 4034 vestra
828 3967 1630 4045 temporibus,inviolabiliter
1660 3968 1967 4022 observen-

318 4076 415 4127 tur
448 4088 461 4126 :
495 4072 776 4141 praeterea
804 4077 1208 4137 quascumque
1238 4056 1659 4131 possessiones,
1693 4072 1966 4128 quaecun-

323 4175 437 4230 que
468 4158 642 4224 bona,
657 4154 716 4210 in
747 4153 1013 4208 futurum
1042 4148 1128 4205 vel
1162 4163 1390 4222 regum,
1423 4149 1595 4217 atque
1626 4144 1968 4218 pontificum

321 4245 688 4312 liberalitate;
721 4241 808 4299 vel
841 4238 1131 4298 oblatione
1168 4236 1428 4293 fidelium
1461 4234 1724 4308 poteritis
1755 4233 1968 4306 adipis-

320 4337 370 4392 ci
401 4334 581 4408 (salva
610 4333 1072 4390 diaecesanorum
1120 4327 1314 4383 debita
1363 4324 1702 4396 reverentia)
1744 4324 1973 4395 integra

318 4425 479 4483 vobis
509 4423 836 4494 vestrisque
885 4416 1348 4493 possessoribus,
1381 4420 1437 4470 et
1472 4413 1696 4469 illibata
1743 4428 1969 4484 perma-

2069 507 2241 563 liccat
2269 507 2488 580 aliquid
2520 507 2766 579 exigere,
2798 503 3062 576 nullique
3092 503 3264 559 liceat
3291 518 3500 558 novam
3536 500 3734 557 eccle-

2072 595 2219 651 siam
2243 596 2327 651 vol
2361 597 2577 652 atrium
2599 597 2750 652 intra
2770 594 3052 651 terminos
3073 592 3484 666 parochiarum
3506 595 3734 646 vestra-

2072 703 2224 752 rum,
2257 685 2384 742 sine
2415 690 2603 742 vestro
2635 690 2692 741 et
2723 684 2979 756 episcopi
3017 683 3194 739 vestri
3242 697 3556 749 consensu,
3588 693 3732 735 con-

2072 776 2332 832 stituere.
2364 775 2687 830 Statuimus
2717 774 2895 830 etiam
2925 774 3079 845 quod
3114 771 3499 845 parochianos
3539 768 3734 825 eccle-

2072 865 2294 922 siarum
2325 868 2650 922 vestrarum
2706 864 2831 920 sine
2879 861 3303 936 parochialium
3351 860 3731 916 sacerdotum

2072 971 2383 1021 consensu,
2435 953 2581 1009 nulli
2628 953 2798 1009 liceat
2846 951 3110 1024 sepelire,
3145 951 3232 1007 vel
3263 966 3460 1006 servos
3497 952 3732 1004 vestros

2072 1045 2197 1100 sine
2228 1060 2515 1100 consensu
2548 1047 2738 1099 vestro
2771 1042 2830 1098 in
2859 1043 3095 1098 fratrem
3145 1039 3419 1111 recipere.
3473 1037 3727 1094 Interdi-

2072 1135 2261 1190 cimus
2293 1132 2468 1190 etiam
2499 1150 2569 1188 ne
2599 1132 2814 1203 aliquis
2852 1131 3135 1187 terminos
3188 1127 3601 1202 parochiarum
3653 1126 3730 1181 de

2071 1223 2219 1280 laica
2241 1223 2328 1280 vel
2359 1222 2750 1278 ecclesiastica
2781 1237 2982 1288 manu,
3016 1219 3142 1276 sine
3189 1234 3481 1276 consensu
3528 1219 3726 1272 vestro

2071 1312 2331 1385 recipiat.
2365 1311 2422 1367 Si
2453 1328 2633 1383 quam
2663 1311 2837 1365 etiam
2868 1313 3082 1364 terram
3133 1309 3204 1364 de
3251 1323 3370 1378 qua
3416 1305 3579 1362 vobis
3619 1305 3723 1360 de-

2070 1403 2224 1459 cima
2253 1400 2552 1458 consuevit
2580 1398 2904 1468 exsolvi,ad
2937 1397 3110 1454 aliam
3143 1412 3384 1453 manum
3405 1394 3729 1450 transferre

2070 1491 2407 1565 contigerit;
2469 1487 2851 1545 nihilominus
2906 1487 3041 1543 inde
3097 1485 3259 1543 vobis
3326 1484 3555 1540 decima
3621 1481 3732 1538 tri-

2070 1582 2304 1640 buatur.
2355 1581 2505 1635 Sane
2556 1577 2850 1634 novalium
2898 1581 3226 1632 vestrorum
3277 1591 3425 1646 quos
3469 1571 3726 1644 propriis

2070 1669 2346 1725 manibus
2375 1667 2462 1723 vel
2490 1666 2824 1739 sumptibus
2855 1664 3065 1729 colitis,
3096 1663 3354 1721 decimas
3384 1677 3556 1717 nemo
3588 1677 3731 1732 prae-

1991 1791 2037 1856 B
2071 1763 2267 1814 sumat
2307 1758 2552 1830 exigere.
2587 1756 2968 1812 Decernimus
3000 1755 3178 1826 igitur
3208 1758 3273 1808 ut
3306 1750 3451 1806 nulli
3484 1748 3729 1805 omnino

2073 1850 2244 1904 liceat
2273 1854 2464 1904 vestra
2494 1845 2575 1901 vel
2611 1846 2854 1911 auferre,
2877 1842 2962 1898 vel
2996 1842 3295 1914 aliquibus
3320 1839 3726 1895 exactionibus

2072 1940 2367 1994 infestare.
2413 1937 2584 1991 Porro
2635 1935 2680 1989 si
2730 1934 2863 2004 quis
2914 1933 3022 1987 hoc
3071 1929 3454 2003 provilegium
3507 1931 3724 1982 nostra

2075 2027 2395 2084 sanctionis
2420 2023 2725 2080 temerario
2747 2040 2893 2077 ausu
2917 2021 3232 2092 infringere
3263 2016 3724 2090 praesumpserit,

2075 2135 2107 2173 a
2137 2116 2346 2171 Christi
2380 2131 2512 2170 cum
2545 2118 2600 2168 et
2629 2111 2894 2168 Ecclesiae
2925 2127 3162 2182 corpore
3194 2122 3573 2180 segregamus
3621 2121 3724 2161 au-

2075 2206 2342 2262 ctoritate
2374 2201 2724 2276 apostolica;
2765 2199 3244 2256 conservantibus
3284 2201 3482 2252 autem
3531 2211 3643 2268 pax
3694 2211 3727 2248 ε.

2074 2296 2320 2352 Domino
2399 2298 2456 2348 et
2536 2290 2935 2348 misericordia
3009 2290 3442 2344 conserventur.
3514 2289 3725 2350 Amen,

2076 2401 2270 2451 amen,
2304 2399 2496 2438 amen.

2146 2476 2359 2530 Datum
2391 2472 2584 2527 Romae
2615 2487 2719 2543 per
2745 2485 2956 2523 manus
2985 2467 3248 2533 Joannis,
3275 2467 3491 2521 sanctas
3523 2463 3731 2518 Roma-

2077 2582 2161 2620 nis
2191 2561 2457 2619 Ecclesia?
2490 2560 2718 2615 diaconi
2750 2557 3065 2613 cardinalis
3088 2561 3146 2612 et
3172 2552 3733 2628 prosignatoris,Do-

2076 2653 2307 2710 Πιἱηίοω
2337 2652 2624 2706 Incarnat.
2658 2647 2966 2703 millesimo
2999 2644 3397 2716 octuagesimo
3428 2658 3606 2708 nono,
3642 2642 3732 2696 in-

2074 2742 2211 2798 dict.
2246 2757 2344 2807 xu,
2378 2756 2438 2795 ιιι
2473 2738 2670 2794 Idibus
2713 2737 2866 2804 Jan.,
2902 2751 3052 2790 anno
3103 2733 3480 2805 pontificatus
3523 2729 3731 2785 domni

2077 2829 2292 2886 Urbani
2325 2829 2533 2902 primo.

2828 2940 2971 2995 XIII.

2173 3057 2193 3078 '
2229 3053 2476 3109 Urbanus
2508 3050 2574 3120 II,
2606 3049 2934 3120 monasterio
2967 3046 3018 3120 S.
3059 3045 3282 3120 Victoris
3312 3043 3648 3099 Massiliensi

2681 3119 2886 3174 bullam
2908 3119 3118 3172 tribuit.

2700 3202 2886 3268 (Anno
2919 3198 3098 3265 1089).

2109 3294 2273 3365 [Vide
2305 3293 2598 3347 MABILLON
2633 3292 2690 3344 et
2721 3288 3023 3365 BuiyAar,__
3046 3288 3326 3353 Ouvrages
3357 3283 3698 3355 posthumes,

2781 3358 2874 3423 111,
2909 3360 3024 3427 51.]

2830 3473 2970 3529 XIV.

2079 3579 2285 3636 Urbani
2313 3579 2362 3632 Il
2390 3575 2616 3647 epistola
2647 3571 2718 3628 ad
2749 3571 3074 3643 Gaufritlum
3106 3568 3578 3647 Constanqegzsegn
3621 3567 3742 3647 epi-l

2144 3666 2383 3721 scapum.
2413 3639 2504 3686 ’κ
2548 3639 2934 3721 Perfugam'a
2963 3643 3292 3698 monasterio
3343 3639 3748 3721 Seba/"hmani

2144 3713 2305 3776 tertio
2334 3719 2578 3775 revocari
2603 3713 2851 3780 "tundat,
2884 3719 2936 3770 et
2975 3729 3172 3786 parere
3220 3713 3562 3767 recusantem
3600 3725 3741 3765 ana-

2148 3793 2374 3847 themati
2404 3789 2592 3845 tradit.

2148 3793 2374 3849 themati
2404 3791 2592 3845 tradit.

2707 3875 2893 3945 (Anno
2931 3873 3108 3942 1089.)

2505 3966 2732 4034 [b-IANSI,
2766 3964 2970 4022 Concit.
3003 3961 3115 4028 ΧΧ,
3149 3961 3299 4030 707.]

2149 4059 2450 4125 Unsmus,
2485 4056 2796 4126 episcopus
2828 4069 3030 4109 servus
3060 4065 3363 4107 servorum
3397 4047 3525 4116 Dei,
3561 4047 3746 4104 dilec-

2079 4157 2135 4206 to
2167 4147 2330 4204 fratri
2360 4151 2416 4202 et
2447 4144 2771 4217 coepiscopo
2793 4142 3091 4197 GAUFRIDO
3120 4137 3558 4195 Constantiensi
3593 4135 3751 4193 salu-

2077 4245 2196 4295 tem
2227 4241 2285 4293 et
2311 4233 2694 4308 apostolicam
2722 4229 3209 4287 benedictionem.

2151 4324 2578 4382 Dilectissimus
2608 4323 2764 4378 filius
2793 4322 2993 4376 noster
3020 4318 3088 4372 N.
3117 4319 3480 4387 conquestus
3516 4319 3610 4371 est
3643 4332 3747 4370 no-

2080 4416 2171 4472 bis
2193 4415 2349 4487 quod
2381 4412 2620 4484 quidam
2652 4408 3000 4477 vir,nomine
3031 4408 3123 4472 N.,
3159 4402 3478 4478 postquam
3510 4421 3576 4461 se
3607 4421 3747 4461 sua-

319 4493 882 4586 neant.Adjicientes
909 4512 1187 4581 praeterea
1214 4502 1622 4594 interdicimus
1653 4517 1724 4594 ne
1757 4499 1970 4594 aliquis
2003 4531 2048 4594 Ι)
2081 4523 2194 4577 que
2225 4502 2422 4558 omnia
2453 4517 2631 4572 super
2659 4497 2840 4554 altare
2868 4495 3099 4551 Domini
3133 4493 3456 4550 Salvatoris
3507 4499 3567 4549 et
3613 4510 3739 4549 om-

319 4601 615 4660 saecularis
648 4601 704 4656 in
736 4595 1166 4673 parochialibus
1215 4591 1475 4650 ecclesiis
1512 4589 1723 4646 vestris
1753 4589 1971 4644 substi-

318 4697 517 4749 tuatur
546 4690 867 4765 presbyter,
903 4685 1016 4743 nisi
1065 4684 1166 4757 qui
1214 4683 1286 4738 ab
1336 4681 1545 4737 abbate
1591 4682 1802 4748 vestro,
1837 4693 1970 4732 cum

319 4799 608 4840 consensu
639 4778 881 4853 capituli
907 4775 1108 4843 vestri,
1139 4773 1467 4828 dioecesano
1512 4767 1690 4824 fuerit
1720 4783 1969 4838 praesen-

319 4877 476 4928 tatus
508 4872 802 4944 episcopo.
834 4865 1014 4922 Vobis
1044 4867 1240 4920 autem
1285 4858 1526 4916 claustri
1575 4857 1748 4912 vestri
1801 4872 1972 4911 cano-

321 4961 450 5016 nico
483 4977 584 5032 per
605 4954 968 5029 parochiales
1015 4951 1290 5009 ecclesias
1337 4955 1562 5003 vestras
1607 4944 1776 4999 liceat
1819 4945 1971 4999 ordi-

322 5031 499 5104 nare;
516 5042 792 5101 Praesenti
820 5043 998 5097 etiam
1030 5041 1257 5095 decreto
1288 5036 1608 5094 statuimus
1635 5038 1696 5089 ut
1728 5031 1871 5087 nulli
1892 5049 1978 5088 ec-

323 5132 634 5193 clesiastici
666 5129 890 5188 ordinis
912 5127 1288 5200 personagvel
1320 5143 1355 5182 a
1381 5125 1569 5192 vobis,
1601 5121 1690 5178 vel
1715 5122 1784 5176 ab
1803 5121 1978 5178 eccle-

322 5254 653 5342 Moguntipi
685 5251 1104 5342 arcbiepisoopi
1126 5248 1416 5334 demortui
1447 5259 1977 5342 successorgmseu

322 5313 520 5404 potius
552 5313 904 5404 Moguntinié
948 5313 1230 5404 ecclesias.
1251 5322 1582 5376 invasorem
1615 5315 1716 5404 ab).
1736 5313 1978 5404 fienrico

324 5382 1068 5474 ἶὲὲέῖηξςμῖιξωηυὲμίξει
1094 5409 1163 5448 εκ
1197 5394 1428 5474 iisan“:
1459 5401 1640 5474 5319!“
1658 5382 1817 5474 ξίίέἕίι
1845 5389 1983 5474 “Et
2027 5401 2030 5406 '

324 5452 663 5529 inoconcilio
693 5452 1452 5536 Quintilineburgensijsub
1499 5452 1980 5536 G'regorio‘septj—

326 5523 597 5612 moivNec
628 5523 824 5594 obstat
869 5536 1032 5612 qugd
1073 5523 1230 5608 ap’ud
1273 5523 1982 5612 Urspergenslemjyecilo

327 5594 686 5680 Ebibinetur,
719 5594 902 5685 queui
943 5594 1210 5666 Urbanus
1260 5594 1412 5677 papa
1459 5594 1553 5657 hic
1603 5594 1982 5655 Guezelonem

2084 4594 2247 4649 nium
2280 4597 2612 4647 sanctorum
2648 4587 2706 4642 in
2736 4586 3098 4642 Schafbusen
3123 4581 3433 4650 obtulerat,
3459 4583 3751 4638 instinctu

2083 4679 2300 4737 diaboli
2333 4677 2716 4752 apostatando
2739 4693 2801 4731 se
2830 4691 3057 4746 suaque
3073 4674 3144 4730 ab
3164 4673 3367 4728 eodem
3386 4670 3751 4728 monasterio

2084 4771 2336 4826 alienare
2367 4763 2824 4839 praesumpserit.
2859 4762 3146 4818 Volumus
3176 4763 3586 4832 ergo,tuaeque
3609 4759 3752 4815 cha-

2082 4859 2237 4916 ritati
2288 4855 2675 4928 injungimus,
2727 4856 2794 4907 ut
2839 4851 3113 4907 eumdem
3169 4850 3363 4905 virum
3414 4849 3751 4904 secundum

2083 4944 2473 5019 evangelicum
2501 4941 2907 4997 auctoritatem
2941 4939 3198 4994 secundo
3245 4941 3303 4993 et
3348 4937 3525 4993 tertio
3566 4954 3748 4993 cano-

2085 5038 2211 5092 nice
2243 5040 2307 5089 ut
2338 5035 2656 5087 revertatur
2685 5045 3080 5084 commoneas.
3112 5026 3172 5083 Si
3201 5027 3536 5098 vero,quod
3571 5027 3748 5091 absit,

2085 5127 2144 5180 in
2176 5121 2459 5195 pravitate
2489 5135 2598 5174 sua
2629 5117 2968 5190 perstiterit,
3000 5121 3063 5171 tu
3109 5116 3172 5170 in
3221 5120 3502 5187 promptu
3545 5113 3749 5170 ulcisci

2088 5245 2342 5327 appellat
2375 5262 2387 5299 :
2423 5259 2557 5324 nam
2591 5240 2876 5297 familiare
2904 5244 2993 5296 est
3021 5239 3201 5295 Gallis
3253 5239 3510 5310 aliisque
3563 5238 3747 5294 natio-

2089 5318 2264 5370 nibus
2301 5320 2365 5370 ut
2399 5318 2637 5368 nemina
2683 5313 2879 5368 omnia
2928 5311 3348 5370 m‘onria,'qua3
3402 5311 3562 5370 apud
3614 5310 3747 5365 Ger-

2089 5310 2264 5372 nibus
2301 5320 2365 5370 ut
2399 5314 2637 5368 nemina
2683 5313 2879 5368 omnia
2928 5311 3184 5382 propria,
3209 5328 3348 5382 quae
3402 5311 3562 5382 apud
3614 5310 3750 5365 Ger-

2091 5403 2296 5469 manos
2326 5386 2682 5469 scribuntur.
2710 5384 2769 5438 in
2821 5383 3107 5469 prinpipio
3153 5399 3256 5469 per
3286 5383 3601 5469 geminlum‘
3630 5381 3750 5444 W.,

2093 5457 2205 5529 ipsi
2276 5456 2543 5529 primam
2596 5453 2852 5529 litteram
2904 5453 2969 5529 _V
3035 5454 3095 5509 in
3125 5458 3198 5529 _G
3253 5457 3656 5529 _cor_1vertant,_
3691 5469 3751 5508 a-

2133 5523 2314 5600 eoque
2345 5542 2444 5600 pro
2469 5526 2777 5584 Wezelone
2807 5524 3089 5600 scriptum
3118 5523 3296 5582 fuerit
3327 5525 3602 5582 Guezelo.
3624 5525 3750 5583 Ssv.

2093 5600 2219 5663 Bm.
