3950 6218
169 243 274 305 29Ἱ

1356 244 1762 307 EPISTOL/E
1809 247 1905 308 ΕΤ
1950 246 2426 309 PRIVILEGIA.

3428 251 3550 311 298

170 377 371 433 habens
399 392 638 433 omnem
669 377 1118 434 inobedientiam
1145 395 1247 451 pro
1270 380 1445 434 ol‘ticii
1482 379 1563 434 tui
1598 379 1791 435 debito
1821 387 1876 454 Α
1977 380 2210 444 Quarto.
2244 380 2419 435 Porro
2444 381 2514 436 de
2532 380 2754 436 clericis
2799 382 2898 453 qui
2922 383 2992 437 ab
3031 384 3548 440 excommunicatis

168 465 407 538 gladium
430 465 1051 522 excommunicationis
1075 468 1129 523 in
1156 468 1318 524 illum
1352 468 1656 539 evaginare
1679 485 1793 523 non

169 555 471 623 ditl'eras,ut
502 554 553 610 si
574 554 702 628 ipse
728 556 1141 628 incorrigibilis
1172 556 1581 629 permanserit,
1606 557 1793 632 caeteri

167 643 411 713 timorem
437 643 707 701 habeant.
745 646 997 702 Labores
1027 651 1084 701 et
1111 646 1413 717 angustias
1445 645 1795 702 universalis

167 732 352 790 matris
380 733 660 789 Romana
700 734 963 789 Ecclesiae
1008 735 1114 789 tibi
1169 741 1449 807 tanquam
1483 735 1638 790 fideli
1674 735 1791 790 tilio

164 821 647 878 commendamus.
681 823 806 878 Dat.
834 824 1028 879 Romae
1050 841 1085 879 x
1111 823 1295 897 April.

907 930 1020 986 XV.

173 1014 356 1091 Πήιᾳηί
385 1019 436 1091 ΙΙ
468 1019 706 1089 epistola
742 1036 811 1074 ex
851 1020 1057 1091 synodo
1094 1022 1339 1075 [tantane
1366 1023 1568 1091 scripta
1600 1020 1670 1075 ad
1703 1019 1799 1074 Ge-

226 1089 509 1163 beliardnm
584 1089 921 1148 Constante—2
978 1093 1291 1163 episcopum
1347 1089 1636 1156 canonica,
1688 1109 1796 1163 qua

224 1160 384 1234 eidem
433 1161 764 1231 legationem
816 1160 1195 1233 apostolicam,
1242 1171 1294 1218 et
1353 1160 1795 1234 procuratimimn

225 1232 577 1305 Ecclesium”:
609 1235 664 1289 in
695 1232 963 1302 Saxonis,
1007 1232 1366 1299 Atemanm'a,
1391 1234 1559 1305 defert
1586 1239 1637 1289 et
1666 1250 1794 1290 con-

221 1304 411 1373 firmat.

763 1396 948 1466 (Anno
989 1394 1167 1466 £089.)

162 1479 368 1554 [Massa
394 1481 603 1539 Concil.
628 1482 744 1549 XX,
774 1484 903 1550 715,
926 1514 993 1524 ——
1027 1484 1107 1538 Ex
1141 1483 1267 1539 cod.
1290 1483 1472 1539 Velie.
1506 1484 1610 1539 382
1644 1483 1796 1538 eruit

220 1552 545 1697 chqranft”
579 1572 650 1610 ex
692 1571 807 1627 quo
847 1554 1182 1610 Harthzeim
1214 1572 1372 1610 conc.
1406 1555 1602 1611 Germ.
1631 1560 1667 1610 t.
1699 1556 1792 1622 ΙΙΙ,

221 1641 272 1696 p.
407 1669 418 1680 .

220 1712 482 1769 Uananvs
512 1714 856 1787 episcopus,
892 1732 1097 1771 servus
1129 1731 1429 1772 servorum
1463 1715 1583 1783 Dei,
1610 1715 1789 1770 Gann-

160 1820 324 1859 nanno
359 1803 799 1861 Constantiensi
841 1805 1147 1878 epiSCOpo,
1177 1804 1427 1860 salutem
1444 1803 1789 1877 etapostoli-

160 1909 268 1948 eam
296 1893 782 1949 benedictionem.

217 1981 348 2045 Quia
377 1987 429 2037 te
445 1982 726 2054 speciale,
746 1988 875 2055 post
901 1983 1234 2051 Dominum,
1263 2000 1545 2038 manuum
1561 1987 1787 2037 nostra-

161 2086 273 2124 rum
289 2087 427 2143 opus
458 2087 592 2127 esse
612 2071 1117 2143 perpendimus,et
1138 2071 1271 2144 quia
1296 2070 1607 2143 specialem
1642 2071 1701 2126 in
1732 2075 1787 2127 te

160 2156 425 2231 religionis
456 2159 718 2232 gratiam
749 2176 878 2214 esse
900 2161 1330 2232 cognoscimus,
1360 2159 1574 2214 idcirco
1600 2164 1653 2214 te
1685 2160 1785 2215 ad-

153 2246 331 2315 juvare
358 2250 598 2320 tuisque
633 2248 1081 2304 necessitatibus
1104 2247 1434 2321 specialiter
1455 2248 1786 2318 subvenire,

159 2333 377 2391 Domino
406 2340 730 2403 annuente,
779 2336 1127 2410 satagimus.
1180 2337 1541 2403 Quaestiones
1591 2342 1785 2392 autem

160 2439 285 2494 quas
302 2424 413 2480 tuis
438 2424 660 2481 litteris
683 2424 1027 2497 signiﬁcasti
1067 2426 1277 2480 vestris
1297 2425 1353 2479 in
1380 2425 1642 2497 partibus
1664 2425 1785 2499 agi-

158 2512 270 2579 tari,
300 2514 446 2585 apud
470 2529 582 2571 nos
608 2529 845 2585 quoque
866 2512 1011 2569 satis
1029 2513 1363 2585 frequenter
1384 2515 1612 2569 noveris
1635 2531 1788 2569 com-

159 2602 366 2658 moveri.
1794 2588 1807 2607 ι

216 2690 461 2747 Fratrum
507 2693 720 2763 itaque
769 2692 1200 2747 communicato
1253 2691 1517 2754 consilio,
1568 2691 1786 2763 diuque

156 2780 755 2836 excommunicationis
786 2780 1106 2851 qurestione
1126 2784 1396 2848 tractata,
1430 2780 1615 2835 sancti
1649 2798 1789 2853 prte-

156 2866 443 2926 decessoris
465 2869 658 2927 nostri
676 2868 936 2942 Gregorii
967 2870 1319 2926 sententiam
1347 2870 1783 2935 conﬁrmantes,

157 2955 224 3010 ita
247 2973 361 3013 eam
392 2958 647 3014 Domino
680 2958 1006 3030 inspirante
1037 2958 1577 3016 deterniinavimus.

218 3046 390 3102 Primo
411 3049 657 3121 quidem
683 3047 869 3119 gradu
893 3047 1288 3101 Ravennatem
1314 3046 1783 3118 haeresiarcham,

1905 467 2194 541 episcopis
2224 469 2473 524 ordinati
2504 474 2641 524 sunt
2672 470 2919 525 necdum
2938 470 3173 541 quidem
3188 473 3547 551 sententiam

1906 557 2162 625 tiximus,
2198 558 2336 630 quia
2362 559 2649 631 generalis
2696 558 2830 615 mali
2878 561 3214 635 contagium
3263 561 3550 635 generalis

1905 647 2106 719 synodi
2142 654 2228 701 est
2259 649 2513 704 cauterio
2545 649 3030 705 comburendum.
3063 650 3198 705 Tuae
3226 653 3422 705 tamen
3456 667 3556 723 pa-

1903 736 2159 791 ternitaii
2178 735 2284 790 hoc
2308 738 2731 809 respondemus
2776 740 2844 793 ad
2864 755 3121 811 praesens
3142 742 3209 794 ut
3229 739 3299 795 ab
3321 750 3551 795 excom-

1904 824 2219 880 municatis
2250 825 2545 896 quondam
2576 831 2771 882 tamen
2805 826 3107 883 catholicis
3138 826 3430 900 episcopis
3460 844 3552 883 or-

1904 913 2121 969 dinatis
2134 914 2433 986 siquidem
2450 931 2562 969 non
2578 915 2908 971 Simoniace
2922 916 3157 972 ordines
3176 917 3336 989 ipsos
3350 932 3549 972 susce-

1905 1003 2094 1074 perint
2125 1006 2182 1058 et
2213 1003 2261 1058 si
2288 1003 2443 1074 ipsos
2472 1003 2774 1076 episcopos
2823 1021 2937 1061 non
2969 1002 3321 1061 simoniacos
3368 1005 3551 1061 fuisse

1907 1092 2262 1159 constiterit;
2291 1094 2362 1147 ad
2394 1091 2503 1147 hoc
2535 1093 2583 1147 si
2615 1110 2814 1148 eorum
2865 1093 3188 1167 religiosior
3216 1093 3333 1149 vita
3357 1098 3415 1150 et
3445 1094 3548 1150 do-

1909 1181 2101 1235 ctrina:
2125 1180 2502 1252 praerogativa
2516 1181 2640 1237 visa
2661 1181 2835 1238 fuerit
2853 1183 3190 1254 promereri,
3209 1183 3552 1256 pmnitentia

1904 1268 2123 1323 indicta
2144 1285 2321 1341 quam
2344 1286 2661 1343 congruam
2688 1271 2922 1327 duxeris
2946 1271 3003 1326 in
3031 1271 3176 1344 ipsis
3211 1289 3359 1344 quos
3391 1289 3549 1329 acce-

1904 1363 2114 1429 perunt
2142 1358 2446 1413 ordinibus
2493 1377 2725 1416 manere
2755 1361 3080 1433 permittas,
3112 1361 3183 1417 ad
3217 1362 3547 1434 superiores

1903 1451 2096 1502 autem
2130 1448 2445 1504 ascendere
2491 1465 2605 1503 non
2652 1449 3047 1518 concedimus,
3082 1450 3194 1506 nisi
3228 1450 3546 1507 necessitas

1902 1541 1958 1590 et
1988 1535 2210 1591 utilitas
2266 1536 2521 1592 maxima
2566 1537 2932 1609 ﬂagitaverit,
2963 1542 3020 1593 et
3049 1538 3312 1611 ipsorum
3346 1543 3549 1595 sancta

1902 1625 2261 1681 conversatio
2280 1626 2649 1697 promoverit,
2678 1630 2735 1682 et
2762 1625 2873 1683 hoc
2903 1631 3098 1683 tamen
3127 1627 3325 1701 ipsum
3356 1627 3548 1685 rarius

1901 1729 2034 1768 cum
2078 1714 2305 1769 cautela
2335 1714 2627 1786 prmeipua
2651 1719 2738 1771 est
2770 1716 3226 1772 concedendum.

1969 1803 2199 1868 Quinto.
2236 1803 2314 1858 De
2346 1804 2716 1876 presbyteris,
2750 1805 3013 1861 diaconis
3042 1810 3147 1861 aut
3168 1806 3548 1864 subdiaconis

1897 1890 1997 1961 qui
2024 1896 2153 1962 post
2181 1896 2482 1963 acceptum
2515 1894 2780 1949 ordinem
2810 1892 2871 1948 in
2902 1893 3098 1966 aliquo
3127 1894 3370 1951 crimine
3396 1895 3546 1967 lapsi

1895 1980 2134 2050 fuerint,
2168 1980 2287 2036 sive
2314 1981 2507 2052 palam
2539 1982 2661 2037 sive
2694 1981 2867 2046 clam,
2917 1988 3149 2039 constat
3182 1984 3421 2056 quidem
3452 2000 3546 2040 ca-

1896 2085 2117 2123 nonum
2138 2085 2387 2124 censura
2408 2069 2481 2124 ab
2494 2070 2906 2127 ecclesiasticis
2923 2087 3022 2128 eos
3034 2071 3506 2129 officiisinhiberi
3529 2091 3543 2142 ;

1896 2161 2008 2211 tum
2031 2161 2224 2213 tamen
2249 2157 2587 2214 discretioni
2611 2159 3102 2232 providentiaaque
3121 2160 3546 2217 committimus

1897 2250 2094 2301 utrum
2121 2245 2326 2317 aliqui,
2358 2248 2457 2318 qui
2486 2252 2681 2304 tamen
2716 2248 2970 2303 infamia
3003 2249 3154 2305 notis
3185 2267 3300 2304 non
3329 2250 3547 2305 fuerint

1895 2333 2109 2406 apersi,
2158 2336 2503 2391 necessitate
2545 2334 2814 2390 Ecclesiae
2855 2340 3119 2408 urgente,
3171 2341 3229 2392 et
3280 2337 3544 2409 ipsorum

1895 2427 2099 2477 sancta
2128 2424 2564 2478 conversatione
2612 2426 3068 2495 promerente,in
3107 2425 3234 2480 suis
3264 2426 3546 2497 gradibus

1897 2511 2223 2584 recuperari
2240 2512 2509 2568 debeant.
2534 2513 2650 2567 Hoc
2671 2517 2863 2568 autem
2891 2514 3214 2569 secundum
3234 2513 3545 2587 indulgen-

1811 2602 1825 2610 ’
1894 2599 2038 2654 tiam
2060 2600 2333 2667 dico,non
2361 2602 2686 2657 secundum
2714 2601 3124 2675 imperium,ut
3140 2608 3334 2659 vestra
3358 2604 3548 2675 major

1894 2688 2101 2744 vestris
2138 2689 2196 2744 in
2230 2690 2495 2761 partibus
2524 2695 2727 2746 contra
2758 2691 3060 2748 haereticos
3111 2692 3397 2749 habeatur
3436 2709 3547 2749 au-

1894 2776 2320 2843 ctoritas,salva
2340 2783 2532 2834 tamen
2550 2779 2894 2836 auctoritate
2911 2796 3202 2836 canonum
3223 2786 3280 2837 et
3307 2785 3546 2838 sancto-

1896 2884 2026 2921 rum
2057 2867 2297 2922 Patrum
2330 2867 2720 2925 decretalibus
2758 2870 3064 2927 institutis.
3098 2871 3158 2927 Si
3184 2886 3358 2944 quem
3388 2886 3543 2939 vero,

1894 2956 2049 3026 quod
2082 2957 2256 3024 absit,
2290 2960 2390 3012 aut
2420 2962 2552 3029 post
2581 2962 2904 3031 acceptum,
2937 2964 3039 3015 aut
3067 2964 3203 3015 ante
3233 2964 3539 3032 acceptum

1893 3045 2172 3111 officium,
2208 3046 2515 3117 contigerit
2544 3048 3083 3119 peremptorio,sive
3107 3048 3257 3103 clam
3291 3050 3412 3105 sive
3442 3066 3543 3121 pa-

157 3130 400 3190 Bomanae
445 3135 723 3192 Ecclesia
778 3135 1128 3203 invasorem,
1164 3151 1299 3189 cum
1349 3135 1596 3191 Henrico
1629 3153 1781 3209 rege,
1815 3123 1857 3189 C
1899 3132 2037 3197 lam,
2069 3138 2417 3204 occupatum
2447 3134 2690 3189 crimine
2714 3135 2982 3203 inveniri,
3006 3152 3106 3192 eos
3136 3137 3409 3203 maxime,
3441 3138 3544 3209 qui

158 3223 391 3293 ejusdem
424 3224 833 3299 perversitatis
862 3224 1072 3295 capite,
1106 3223 1179 3279 ab
1210 3223 1485 3279 omnibus
1524 3224 1787 3280 Ecclesiae

158 3311 424 3370 catholicas
437 3312 728 3371 membris
740 3311 996 3368 alienum
1007 3317 1066 3368 et
1077 3330 1274 3369 excom
1285 3314 1646 3369 municatum
1661 3330 1791 3371 esse

157 3416 456 3460 censemus.

216 3490 486 3560 Secundo,
519 3507 628 3549 eos
646 3490 743 3561 qui
765 3490 966 3556 armis,
997 3489 1523 3563 pecunia,consilio
1538 3491 1789 3546 autobe-

157 3572 372 3651 dientia,
399 3578 835 3643 ecclesiasticos
884 3578 1132 3637 maxime
1152 3579 1388 3636 ordines
1411 3584 1511 3635 aut
1541 3579 1789 3636 honores

157 3667 221 3721 ab
246 3669 324 3725 eis
351 3674 451 3726 aut
478 3685 690 3726 eorum
723 3668 1051 3724 fautoribus
1076 3667 1432 3740 accipiendo,
1466 3685 1666 3724 eorum
1691 3686 1789 3725 ne-

158 3756 329 3826 quities
350 3757 782 3814 adminiculum
806 3758 1261 3812 subministrant
1286 3741 1425 3811 :hos
1450 3758 1793 3830 igiturprin-

159 3843 395 3916 cipaliter
412 3845 811 3903 anathematis
834 3845 1065 3901 vinculo
1089 3846 1501 3919 astringentes.

220 3934 277 3989 In
305 3937 466 3992 tertio
513 3935 709 4009 gradu
742 3935 1247 3992 communicantes
1281 3934 1364 3991 eis
1398 3952 1502 3992 nos
1551 3935 1789 4007 quidem

163 4039 260 4078 non
288 4023 948 4090 excommunicavimus,
1009 4024 1110 4079 sed
1143 4023 1281 4096 quia
1326 4023 1439 4095 ipsi
1497 4041 1558 4078 se
1587 4042 1790 4080 eorum

162 4115 547 4170 communione
581 4111 1032 4179 commaculant,
1058 4112 1116 4166 in
1138 4119 1397 4167 nostram
1426 4128 1526 4168 eos
1548 4114 1790 4169 societa-

163 4204 261 4257 tem
288 4218 659 4276 nequaquam
695 4201 821 4256 sine
847 4200 1196 4274 pcenitentia:
1228 4200 1449 4257 ultione
1478 4206 1535 4256 et
1558 4201 1791 4257 absolu-

163 4287 299 4344 tione
328 4290 918 4364 recepimus.Sanctis
949 4288 1168 4361 quippe
1199 4288 1522 4344 canonibus
1554 4294 1791 4345 cautum

162 4385 365 4435 constat
392 4386 454 4436 ut
492 4379 621 4452 qui
672 4379 1199 4434 excommunicatis
1257 4377 1789 4447 communicaverit,

161 4470 695 4524 excommunicetur.
733 4468 923 4540 Ipsius
967 4472 1163 4522 autem
1219 4466 1569 4539 pmnitentiaa
1619 4471 1791 4539 atque

163 4554 525 4614 absolutionis
551 4557 763 4612 modos
784 4572 851 4612 ea
877 4556 1276 4612 moderatione
1302 4555 1709 4619 discrevimus,
1730 4562 1795 4613 ut

161 4642 465 4719 quicunque
499 4662 606 4701 seu
627 4644 976 4718 ignorantia,
1008 4662 1112 4701 seu
1144 4645 1373 4714 timore,
1409 4661 1511 4699 seu
1537 4644 1794 4702 necessi-

162 4718 263 4787 tate
290 4718 501 4809 negotii
555 4734 833 4805 cuiquam
867 4734 1117 4789 maxime
1150 4733 1462 4790 necessarii
1498 4750 1700 4789 eorum
1733 4751 1794 4790 se

163 4824 422 4890 convictu,
484 4823 798 4890 salutione,
860 4824 1138 4887 oratione,
1201 4823 1556 4879 osculatione
1596 4830 1792 4880 conta-

167 4909 446 4969 minaverit
476 4929 613 4969 cum
648 4912 892 4967 minoris
916 4912 1263 4984 pmnitentize
1288 4911 1794 4984 absolutionisque

166 5000 431 5059 medicina
460 5001 759 5059 societatis
792 5006 1000 5057 nostrae
1060 5000 1432 5073 participium
1468 5000 1745 5055 sortiatur
1776 5020 1790 5071 ;

164 5102 251 5145 eos
267 5105 391 5147 vero
423 5091 526 5164 qui
558 5094 660 5146 aut
703 5094 1023 5167 spontanee
1050 5094 1151 5145 aut
1182 5087 1542 5161 negligenter
1579 5088 1794 5145 incide-

166 5176 398 5243 rint,sub
418 5198 488 5237 ea
507 5178 784 5235 volumus
818 5177 1139 5252 disciplina:
1171 5176 1519 5233 coercitione
1550 5177 1790 5250 suscipi,

167 5269 225 5318 ut
248 5269 461 5327 ceteris
492 5274 685 5325 metus
704 5254 1037 5335 incutiatur,
1062 5267 1230 5337 cujus
1261 5264 1584 5337 disciplinae
1600 5266 1794 5320 mode-

166 5351 390 5425 ramina,
422 5358 577 5431 quod
610 5357 683 5414 ad
714 5360 879 5412 tuam
900 5371 1102 5431 curam
1120 5357 1347 5429 spectat
1369 5357 1578 5410 nostra:
1607 5354 1792 5426 provi-

163 5440 368 5517 dentiae,
422 5450 596 5520 prout
638 5450 904 5520 oportere
936 5443 1172 5512 videris,
1204 5459 1308 5517 pro
1339 5442 1703 5518 temporibus
1734 5449 1792 5502 et

161 5516 533 5609 personarum,
560 5516 954 5609 competentia
999 5516 1286 5591 servanda
1334 5516 1787 5596 committimus.

460 5634 726 5729 rmot.
771 5660 917 5727 CLI.

1900 3222 2118 3277 mundo
2140 3220 2332 3276 adhuc
2351 3222 2571 3291 vivunt,
2595 3224 2666 3278 ab
2689 3224 2848 3279 omni
2871 3223 3072 3280 altaris
3093 3224 3420 3281 ministerio
3454 3241 3546 3282 se-

1898 3314 2296 3382 questramus.

1968 3400 2159 3455 Sexto.
2179 3400 2328 3454 Sane
2354 3399 2611 3455 insulam
2641 3401 2890 3473 Augiam
2913 3402 3025 3457 sub
3046 3402 3457 3474 jurisdictione
3483 3404 3541 3459 Β.

1897 3488 2046 3543 Petri
2078 3505 2143 3542 ac
2174 3488 2446 3543 Romanae
2476 3489 2745 3545 Ecclesiae
2775 3494 3003 3546 constat
3047 3490 3378 3564 specialiter
3414 3508 3546 3548 con-

1898 3576 2069 3632 tineri
2096 3577 2225 3643 ;sed
2251 3578 2390 3649 quia
2410 3593 2610 3633 eorum
2634 3579 3183 3653 privilegium,quod
3196 3580 3270 3635 ab
3283 3580 3546 3637 Romana

1898 3666 2150 3723 Ecclesia
2198 3666 2484 3736 obtinent,
2516 3685 2633 3724 non
2665 3669 2809 3724 satis
2850 3669 3250 3739 meminimus,
3304 3685 3544 3726 causam

1897 3755 2065 3811 facile
2094 3755 2481 3812 determinare
2508 3773 2619 3811 non
2646 3774 2962 3830 possumus
2988 3784 3001 3825 ;
3031 3758 3399 3815 salvatamen
3416 3760 3546 3831 ejus

1898 3843 2181 3917 privilegii
2212 3845 2574 3914 auctoritate,
2608 3846 2713 3901 tibi
2747 3845 3122 3919 singulariter
3145 3847 3205 3903 in
3238 3847 3459 3903 clerum
3489 3852 3549 3904 et

1898 3933 1955 3988 in
1987 3932 2267 4005 populum
2302 3933 2419 3989 illic
2450 3934 3052 4008 habitantem,prater
3073 3935 3412 4006 monachos,
3429 3952 3549 3993 om-

1900 4038 2033 4077 nem
2050 4022 2425 4078 concedimus
2450 4021 2841 4096 episcopalem
2858 4025 3164 4098 regiminis
3174 4028 3543 4097 potestatem.

1898 4111 2183 4166 Caeterum
2229 4111 2363 4166 utin
2388 4112 2593 4167 eodem
2606 4114 2878 4168 abbatem
2899 4113 3251 4170 catholicum
3274 4113 3550 4187 regulari-

1898 4204 1988 4255 ter
2013 4200 2136 4256 vice
2157 4204 2358 4255 nostra
2391 4202 2754 4272 praastituere
2776 4203 3035 4271 studeas,
3069 4208 3181 4259 tua:
3205 4204 3545 4260 obedientite

1900 4289 2261 4362 imperamus
2294 4308 2307 4357 ;
2343 4306 2446 4345 nec
2466 4289 2657 4345 solum
2682 4290 2739 4344 in
2764 4291 2962 4362 eo,sed
2986 4295 3042 4347 et
3068 4292 3125 4346 in
3171 4296 3229 4347 S.
3261 4291 3409 4347 Galli
3442 4309 3548 4347 cm-

1902 4379 2094 4446 nobio,
2127 4384 2186 4435 et
2216 4380 2274 4434 in
2297 4379 2538 4445 caeteris,
2560 4379 2621 4435 'si
2653 4397 2778 4451 qua:
2811 4380 3206 4454 sint,pr0priis
3237 4380 3547 4437 abbatibus

1823 4491 1867 4556 Β
1903 4468 2204 4533 destituta,
2257 4473 2458 4523 nostra
2502 4469 2684 4524 tretus
2743 4469 3108 4532 auctoritate,
3141 4485 3275 4525 cum
3304 4469 3545 4526 consilio

1902 4574 2150 4629 quorum
2206 4558 2490 4613 interesse
2543 4557 2790 4625 noveris,
2846 4557 3086 4613 abbates
3136 4557 3347 4630 eligere
3371 4562 3547 4629 atque

1902 4645 2116 4702 electos
2135 4660 2473 4702 consecrare
2495 4662 2762 4717 procura.
2787 4646 2946 4701 Idem
2977 4646 3153 4701 etiam
3184 4645 3289 4701 tibi
3312 4646 3547 4702 studen-

1902 4736 2042 4791 dum
2070 4735 2139 4790 de
2167 4734 2519 4805 Augustensi
2538 4738 2596 4789 et
2625 4732 2886 4789 Curicnsi
2908 4731 3548 4805 episc0patibusinjun-

1901 4823 2097 4895 gimus
2130 4840 2142 4890 ;
2178 4838 2283 4877 nec
2333 4839 2447 4876 non
2490 4827 2547 4876 et
2573 4823 2643 4877 de
2675 4821 2897 4877 caeteris
2930 4822 3001 4877 ad
3031 4839 3158 4894 quae
3188 4822 3547 4878 Pataviensis

1901 4912 2210 4983 episCOpus
2242 4911 2507 4965 advocari
2540 4910 2627 4965 vel
2655 4911 2860 4966 adesse
2889 4910 3231 4983 nequiverit.

1974 4998 2254 5071 Septimo.
2318 4999 2383 5051 Et
2415 4997 2524 5069 ipsi
2585 4998 2763 5065 enim,
2797 4999 3293 5070 quemadmodum
3337 5002 3391 5055 et
3418 5000 3545 5066 tibi,

1903 5085 2550 5152 Saxonias,Alemannize
2561 5090 2680 5153 ,aut
2692 5090 3029 5143 caaterarum
3046 5105 3176 5160 qua:
3185 5104 3365 5161 prope
3408 5092 3547 5145 sunt

1901 5176 2231 5249 regionum,
2262 5175 2383 5229 vice
2416 5178 2614 5230 nostra
2656 5177 3121 5245 procurationem
3154 5177 3541 5247 injunximus,

1903 5265 2140 5321 utordin
2151 5264 2373 5320 stiones
2387 5264 2462 5316 im
2473 5264 2731 5334 proband
2741 5280 2801 5318 as
2815 5263 3545 5337 improbetis,roborandas

1902 5353 2205 5420 roboretis,
2239 5355 2296 5407 et
2341 5350 2627 5424 quidquid
2686 5349 3065 5407 ecclesiastici
3099 5350 3313 5426 negotii
3346 5350 3544 5422 dispo-

1900 5442 2160 5502 nendum
2192 5439 2387 5506 fuerit,
2421 5439 2849 5497 communicato
2868 5438 3268 5512 religiosorum
3286 5427 3544 5495 virorum

1899 5530 2169 5601 consilio,
2201 5530 2605 5606 disponentes,
2653 5528 2844 5601 quoad
2894 5545 3080 5605 usque
3137 5528 3542 5604 privationem.

3150 5656 3228 5728 10
