3950 6218
472 314 590 378 299

1773 312 1846 377 B.
1893 312 2190 376 URBANI
2236 313 2286 376 II
2331 312 2582 377 ΡΑΡΑΞ.

3729 316 3828 384 300

476 453 769 506 annuente
801 449 1064 518 Domino,
1093 446 1352 522 legatum
1380 447 1536 506 sedis
1567 447 1892 522 apostolicae
1925 447 2115 504 susci-
2151 449 2206 516 Α
2306 448 2494 504 Justis
2510 448 2891 520 petitionibus
2908 466 3110 506 aurem
3126 450 3826 529 accommodarejustisque

477 556 612 612 pere
639 538 901 596 valeatis.
933 539 1045 596 Vos
1083 539 1185 610 qui
1215 538 1316 595 Dei
1362 539 1482 594 zelo
1515 537 1767 606 fervetis,
1795 541 1852 593 et
1881 537 2124 594 scientia

474 627 855 700 doctrinaque
885 626 1237 701 przecellitis,
1273 627 1428 684 omni
1463 644 1601 682 cura
1634 631 1806 699 atquc
1839 625 2118 682 sollicitu-

477 717 612 772 dine
650 715 1005 772 utilitatibus
1051 715 1462 772 ecclesiasticis
1519 715 1812 781 insudate,
1873 715 2122 770 scientes

477 805 753 876 quoniam
789 809 844 860 et
873 821 980 861 nos
1011 805 1068 859 in
1099 802 1246 875 ipsis
1265 804 1470 859 vestris
1495 803 1845 859 utilitatibus
1868 803 2126 858 libentis-

477 893 626 950 sime
655 909 1021 950 annuemus:
1056 892 1283 948 labores
1317 897 1512 948 autem
1548 893 1820 948 Romana
1851 891 2122 948 Ecclesiae

479 982 931 1049 communicare,
960 998 1174 1053 eosque
1195 981 1322 1053 opis
1348 985 1546 1036 vestrae
1576 980 1790 1036 auxilio
1819 979 2124 1035 sublevare

477 1071 639 1128 nullo
671 1071 841 1128 modo
873 1069 1022 1144 pigri
1052 1069 1204 1134 sitis,
1237 1069 1717 1125 Benedictionum
1749 1086 1993 1124 suarum
2022 1086 2124 1124 vos

477 1161 848 1232 omnipotens
904 1159 1058 1214 Deus
1118 1160 1380 1214 ubertate
1434 1159 1764 1231 perfundat,
1799 1157 2125 1214 incolumes

477 1249 788 1316 custodiat,
821 1253 879 1304 et
907 1249 978 1303 ad
1010 1247 1188 1302 vitam
1229 1248 1512 1320 perducat
1541 1252 1838 1302 aeternam.

550 1337 676 1392 Dat.
712 1337 906 1392 Romae
954 1353 1046 1391 xxv
1068 1334 1310 1391 Kalend.
1345 1336 1504 1404 Maii,
1538 1352 1692 1391 anno
1724 1337 1796 1390 ab
1829 1339 2119 1392 Incarnat.

478 1425 710 1482 Domini
742 1425 927 1481 nostri
953 1425 1092 1481 Jesu
1119 1423 1331 1480 Christi
1364 1424 1521 1479 1089.

1243 1513 1367 1568 XVI

487 1605 690 1660 Urbani
722 1605 768 1658 ll
817 1603 1046 1676 epistola
1075 1601 1146 1656 ad
1200 1603 1470 1676 episcopos
1525 1601 1861 1676 Germaniae.
1902 1633 1986 1676 7—7
2016 1602 2130 1676 Illis

553 1675 762 1730 indicat
788 1673 892 1746 pro
939 1675 1424 1729 excommunicatis
1472 1675 1568 1744 qui
1610 1675 1858 1728 homines
1896 1673 2131 1728 habendi

551 1748 684 1802 sint.

1098 1817 1307 1887 '(Anno
1350 1815 1530 1886 1089.)

873 1903 1108 1978 [ΜΑΝει,
1156 1903 1360 1960 Concil.
1422 1903 1536 1972 ΧΧ,
1585 1905 1736 1975 719.)

557 1996 829 2052 Uusauus
853 1993 1182 2066 episcopus,
1211 2009 1415 2048 servus
1438 2009 1735 2048 servorum
1761 1993 1884 2059 Dei,
1909 1993 2129 2065 episco-

485 2084 577 2158 pis
608 2081 931 2139 Germaniae
957 2081 1017 2136 in
1050 2081 1274 2138 unitate
1305 2080 1572 2137 Ecclesia:
1604 2081 1942 2138 constitutis
1972 2079 2131 2136 salu-

485 2179 604 2228 tem
635 2177 692 2228 et
711 2169 1088 2244 apostolicam
1109 2169 1596 2226 benedictionem.

553 2263 824 2316 Fratrum
837 2263 1169 2315 nostrorum
1193 2259 1624 2315 communicato
1641 2258 1968 2326 concilio,di
1980 2275 2133 2331 uque

481 2349 1100 2406 excommunicationis
1131 2348 1452 2420 quaestione
1484 2352 1751 2418 tractata,
1785 2349 1970 2404 sancti
1994 2365 2136 2420 prae-

482 2438 806 2496 decessoris
835 2438 1021 2494 nostri
1047 2437 1304 2510 Gregorii
1327 2437 1676 2493 sententiam
1693 2438 2130 2505 conﬁrmantes,

483 2530 565 2584 ita
589 2545 718 2584 eam
750 2527 994 2584 Domino
1023 2527 1346 2598 inspirante
1376 2527 1914 2584 determinavimus.
1938 2527 2132 2584 Primo

483 2616 778 2689 siquidem
829 2615 1018 2688 gradu
1076 2616 1470 2670 Ravennatem
1521 2615 2133 2684 haeresiarcham,FtO-

486 2721 672 2760 mansa
691 2703 955 2767 Ecclesiae
979 2704 1324 2771 invasorem,
1357 2719 1492 2758 cum
1545 2705 1809 2774 ejusdem
1851 2705 2132 2776 perversi-

485 2793 625 2848 tatis
647 2793 834 2864 capite
855 2792 928 2846 ab
945 2791 1219 2846 omnibus
1237 2790 1500 2846 Ecclesiae
1525 2790 1824 2848 catholicae
1852 2791 2134 2846 membris

487 2879 746 2936 alienum
776 2884 834 2935 et
888 2878 1461 2935 excommunicatum
1505 2896 1633 2935 esse
1665 2896 2014 2948 censemus;
2045 2897 2133 2936 se-

489 2969 680 3024 cundo
710 2967 810 3040 qui
862 2967 1064 3034 armis,
1097 2967 1368 3040 pecunia,
1400 2967 1642 3024 consilio
1674 2973 1776 3024 aut
1807 2969 2138 3026 obedientia

489 3056 913 3112 ecclesiasticos
967 3056 1218 3112 maxime
1249 3057 1484 3113 ordines
1515 3062 1617 3112 aut
1663 3057 1914 3114 honores
1946 3059 2019 3112 ab
2050 3057 2134 3114 eis

491 3150 593 3202 aut
620 3163 818 3202 eorum
855 3145 1182 3201 fautoribus
1229 3145 1563 3218 accipiendo
1595 3163 1796 3202 eorum
1839 3147 2130 3220 nequities,

487 3233 916 3290 adminiculum
929 3234 1038 3290 sub
1047 3233 1382 3290 ministrant
1401 3252 1412 3290 :
1429 3234 1535 3290 hos
1548 3234 2136 3308 igiturprincipaliter

485 3323 874 3380 anathematis
903 3321 1154 3378 vinculis
1203 3322 1613 3396 astringentes,
1646 3323 1704 3378 in
1738 3323 1907 3379 tertio
1945 3325 2132 3396 gradu

484 3412 984 3469 communicantes
1014 3412 1098 3468 eis
1119 3428 1226 3468 nos
1243 3411 1480 3483 quidem
1512 3429 1627 3468 non
1658 3411 2131 3468 excommunica-

483 3519 638 3570 mus,
671 3503 772 3558 sed
805 3501 908 3574 qui
935 3517 997 3558 se
1027 3517 1231 3558 eorum
1263 3501 1676 3556 communione
1700 3501 2134 3558 commaculant

481 3607 850 3663 nequaquam
889 3589 950 3645 in
967 3594 1230 3646 nostram
1264 3590 1600 3645 societatem
1631 3589 1756 3646 sine
1781 3589 2131 3663 paenitentia;

481 3679 704 3736 ultione
751 3683 808 3734 et
854 3677 1220 3734 absolutione
1269 3677 1604 3749 recipimus.
1653 3679 1886 3735 Sanctis
1916 3679 2131 3752 quippe

483 3768 808 3824 canonibus
839 3766 1130 3822 sancitum
1161 3769 1390 3821 constat
1409 3766 1584 3838 utqui
1607 3767 2131 3824 excommunicatis

484 3853 1022 3920 communicaverit,
1079 3853 1633 3910 excommunicetur.
1688 3855 1883 3926 Ipsius
1933 3861 2130 3913 tamen

482 3943 834 4016 poenitentiae
891 3947 948 3998 et
985 3940 1371 3998 absolutionis
1403 3941 1609 3999 modos
1640 3959 1708 3999 ea
1736 3944 2131 4002 moderatione

483 4030 960 4098 discrevimus,ut
988 4027 1260 4102 quisquis
1279 4046 1380 4085 seu
1403 4030 1752 4102 ignorantia,
1771 4048 1874 4088 seu
1900 4032 2128 4100 timore,

484 4135 588 4176 seu
611 4118 958 4176 necessitate
979 4117 1197 4190 negotii
1220 4119 1506 4192 cujusque
1545 4120 1783 4176 maximi
1802 4124 1859 4176 et
1877 4122 2129 4178 maxime

483 4208 793 4265 necessarii
844 4224 1046 4264 eorum
1079 4223 1142 4264 se
1163 4207 1840 4277 convictu,salutatione,
1871 4210 2130 4266 oratione

478 4299 568 4354 vel
590 4297 790 4355 osculo
820 4296 1322 4364 contaminaverit,
1347 4314 1478 4353 cum
1505 4297 1751 4354 minoris
1774 4299 2129 4371 pmnitentiae

481 4387 988 4460 absolutionisque
1011 4386 1302 4444 medicina
1331 4391 1542 4443 nostris
1565 4387 1858 4444 societatis
1890 4387 2128 4460 partici-

479 4479 644 4550 pium
677 4477 973 4533 sortiatur.
1009 4477 1118 4532 Eos
1146 4492 1281 4532 vero
1313 4475 1413 4548 qui
1443 4481 1765 4548 spontanee
1794 4481 1897 4531 aut
1945 4475 2125 4548 negli-

475 4571 680 4640 genter
710 4566 984 4622 inciderit
1005 4565 1116 4621 sub
1137 4581 1223 4634 ea,
1258 4565 1534 4620 nolumus
1565 4563 1888 4636 disciplinae
1911 4565 2129 4620 coerci-

472 4665 630 4722 tione
661 4663 884 4737 suscipi
912 4667 978 4720 ut
1008 4661 1232 4719 caeteris
1263 4666 1452 4718 metus
1486 4661 1823 4717 incutiatur.

1220 4759 1388 4815 XVII.

479 4853 684 4910 Urbani
711 4866 872 4922 papae
913 4853 959 4906 II
1007 4851 1167 4922 bulla,
1193 4851 1614 4922 progcanonicis
1672 4850 2016 4920 regularibus
2066 4849 2122 4904 S.

549 4920 842 4990 Augustini
897 4923 958 4976 in
1001 4920 1241 4976 cwnobio
1299 4920 1354 4976 S.
1384 4922 1610 4976 Joannis
1669 4922 2051 4992 Rivipollensis
2091 4937 2124 4976 a

551 4993 886 5062 Berengario
912 4992 1146 5062 praesule
1175 4993 1464 5046 institutis.

1103 5081 1288 5151 (Anno
1319 5080 1501 5152 1089.)

582 5170 842 5244 [Εἰοιιι-ξῑ,
891 5171 1109 5244 Εεραῇα
1125 5168 1767 5244 §agrada,_t,_XXVI_ll,
1800 5185 1863 5244 p._
1889 5169 2016 5244 292,

655 5257 725 5296 ex
750 5237 1101 5295 chartulario
1121 5240 1178 5295 S.
1211 5237 1458 5296 Joannis
1487 5237 1948 5310 Rivipollensis.]

545 5331 826 5388 URBANUS
856 5327 1186 5400 episcopus,
1219 5344 1421 5384 servus
1443 5341 1742 5380 servorum
1775 5324 2123 5391 Dei,charis-

475 5420 624 5476 simo
653 5415 814 5473 fratri
837 5416 1198 5472 BBRENGAR'O
1218 5411 1547 5471 Ausonensi
1579 5411 1851 5484 episcopo
1883 5413 2122 5470 futuris-

473 5524 586 5578 que
609 5508 742 5579 post
763 5521 897 5562 eum
922 5504 1251 5562 rectoribus
1284 5503 1346 5558 in
1384 5499 1620 5556 abbatis
1650 5499 1848 5558 Sancti
1877 5499 2124 5562 Joannis

475 5594 852 5672 Rivipollensi
883 5594 943 5652 in
974 5597 1342 5671 perpetuum.

2235 537 2382 593 votis
2412 554 2724 593 assensum
2764 540 3020 610 praebere
3077 555 3185 595 nos
3217 540 3496 610 convenit,
3511 543 3604 614 qui
3632 549 3826 604 auctore

2236 626 2497 692 Domino,
2531 626 2667 682 licet
2717 627 2964 700 indigni,
3000 632 3180 700 utque
3237 645 3522 702 praecones
3560 629 3614 686 in
3639 633 3828 690 excelsa

2233 714 2628 792 apostolorum
2664 715 2996 788 principum
3019 716 3172 773 Petri
3194 721 3250 774 et
3269 717 3428 775 Pauli
3446 718 3669 791 specula
3683 723 3827 795 positi

2233 821 2462 860 sumus.
2481 805 2626 869 Quia
2647 804 2846 878 igitur,
2879 805 3202 878 inspirante
3232 807 3370 875 Deo,
3399 805 3721 866 charissima
3739 811 3830 868 fra-

2233 894 2408 959 ter,B.
2443 893 2686 949 Joannis
2717 894 3012 950 abbatiam
3040 911 3211 952 secus
3229 896 3493 952 Teserem
3521 896 3834 972 ﬂuviumque

2236 979 2644 1053 Rivipollensis
2691 999 2725 1037 a
2755 981 3021 1038 saeculari
3054 983 3450 1040 dominatione
3478 985 3732 1058 eripiens,
3758 1000 3830 1044 ca-

2235 1070 2475 1126 nonicos
2535 1070 2611 1124 ibi
2666 1071 2992 1128 secundum
3041 1073 3102 1128 B.
3136 1073 3447 1146 Augustini
3475 1073 3720 1146 regulam
3745 1080 3833 1133 sta-

2235 1159 2395 1214 tuisti
2423 1177 2436 1214 :
2463 1175 2796 1222 nos,eorum
2819 1160 3174 1232 professione
3189 1161 3484 1234 religionis
3504 1164 3828 1234 providentes

2236 1253 2572 1319 augmenta,
2598 1247 2859 1320 petitioni
2885 1253 2998 1304 tuae
3017 1249 3266 1306 libenter
3279 1251 3614 1318 annuimus,
3639 1256 3692 1307 et
3709 1268 3834 1310 eam-

2237 1337 2368 1392 dem
2402 1336 2706 1391 ecclesiam
2745 1337 3076 1409 specialiter
3119 1339 3179 1394 in
3207 1338 3364 1395 sedis
3390 1338 3834 1412 apostoliceetute-

2239 1425 2355 1478 lam
2385 1426 2888 1498 protectionesque
2929 1427 3302 1499 suscepimus
3336 1446 3350 1496 ;
3393 1444 3565 1500 quam
3614 1427 3836 1484 videlicet

2238 1513 2537 1568 ecclesiam
2556 1517 2884 1570 Bernardus
2897 1516 3549 1573 Bisuldunensiscomes
3559 1533 3834 1591 permanus

2240 1603 2538 1674 proposita
2557 1603 2825 1658 canitione
2857 1621 2965 1660 sua
2998 1610 3282 1677 potestate
3313 1611 3545 1672 exutus,
3565 1623 3665 1662 sua
3691 1607 3830 1662 etiam

2241 1690 2586 1747 liberalitate
2619 1693 2918 1760 donatam,
2952 1694 3071 1748 tuis
3103 1693 3159 1748 in
3215 1695 3490 1752 manibus
3520 1696 3742 1752 Domino
3773 1711 3838 1750 re—

2164 1815 2213 1880 Β
2243 1779 2484 1846 cusavit,
2521 1784 2800 1853 tuamque
2834 1787 2894 1836 tu
2925 1781 3217 1854 praedictis
3240 1782 3539 1840 canonicis
3566 1783 3634 1839 ad
3662 1787 3834 1841 sancte

2239 1867 2366 1920 vitze
2395 1869 2893 1926 conversationem
2947 1871 3251 1926 conferens
3281 1871 3604 1928 alodiorum
3637 1877 3830 1928 tuorum

2238 1954 2544 2010 collatione
2573 1957 3068 2022 ditasti.Quandiu
3089 1959 3268 2032 igitur
3279 1960 3575 2036 religionis
3589 1962 3834 2018 tramitem

2241 2045 2569 2098 secundum
2585 2045 2963 2116 apostolicam
2976 2047 3351 2120 disciplinam
3375 2049 3488 2122 ipsi
3510 2049 3837 2122 ipsorumque

2240 2150 2610 2190 successores
2633 2135 3350 2208 servaverint,prsedictam
3365 2139 3452 2194 eis
3480 2137 3757 2196 ecclesiam
3780 2138 3832 2192 ad

2239 2220 2520 2276 honorem
2554 2223 2712 2277 sedis
2755 2223 3084 2296 apostolicae
3141 2225 3583 2295 confirmamus,
3629 2231 3678 2282 et
3705 2225 3837 2281 abes

2241 2327 2474 2366 omnem
2507 2311 2841 2367 saecularem
2873 2313 3332 2371 dominationem
3367 2315 3734 2383 excludimus,
3754 2314 3838 2369 vis

2239 2402 2362 2455 tute
2393 2399 2577 2456 sancti
2608 2399 2858 2472 Spiritus
2889 2405 2945 2458 et
3003 2401 3409 2475 apostolorum
3459 2405 3607 2462 Petri
3633 2409 3684 2461 et
3709 2401 3836 2460 Pauli

2242 2489 2582 2544 auctoritate
2613 2490 2962 2558 sancientes,
2997 2496 3290 2564 quatenus
3321 2495 3522 2550 omnia
3549 2511 3667 2566 quis
3703 2491 3838 2548 hodie

2243 2593 2344 2649 per
2369 2581 2530 2632 tuam
2565 2577 3002 2635 concessionem
3056 2579 3143 2636 vel
3172 2597 3274 2652 per
3303 2581 3622 2655 supradicti
3651 2579 3837 2638 comitis

2241 2665 2640 2734 donationem,
2677 2666 2763 2722 vel
2823 2685 2926 2740 per
2952 2667 3200 2725 aliorum
3231 2669 3584 2728 oblationem
3624 2669 3838 2727 ﬁdelium

2241 2755 2646 2826 possidet,sive
2669 2771 2795 2827 qua:
2819 2757 2874 2811 in
2893 2757 3156 2815 futurum
3170 2759 3334 2828 juste
3356 2761 3582 2832 poterit,
3605 2757 3838 2830 largiente

2245 2843 2777 2915 [)omino,adipisci,
2811 2845 3038 2919 integra
3057 2847 3141 2902 eis
3159 2850 3214 2902 et
3233 2846 3465 2904 illibata
3488 2851 3836 2922 permaneant.

2243 2932 2352 2986 Eos
2383 2935 2576 2986 autem
2625 2931 2725 3004 qui
2774 2933 2928 2988 bona
2973 2934 3043 2989 ad
3075 2933 3270 2990 locum
3301 2936 3502 3009 ipsum
3546 2933 3838 3010 pertinentia

2240 3020 2498 3076 volentes
2520 3021 2992 3094 retinent,agnito
3024 3025 3332 3096 praesentis
3363 3031 3562 3084 tenore
3583 3021 3838 3099 privilegii.

2243 3110 2498 3166 secundo
2530 3111 2768 3167 tertiove
2816 3112 3180 3180 commoniti,
3221 3113 3336 3170 nisi
3378 3114 3534 3171 intra
3559 3131 3628 3170 in.
3662 3112 3839 3168 dieses

2164 3183 2207 3250 C
2241 3198 2732 3267 restituerint,aut
2757 3204 2924 3272 pacto
2955 3216 3214 3274 congruo
3245 3203 3652 3271 satisfecerint,
3681 3203 3743 3257 ab
3768 3214 3838 3254 ec-

2241 3287 2550 3342 clesiarum
2579 3304 2678 3344 eos
2701 3287 3005 3346 liminibus
3036 3306 3396 3349 coercemus.
3431 3293 3518 3349 Tu
3548 3291 3745 3364 itaque,
3769 3303 3838 3342 ve-

2241 3375 2518 3432 nerabilis
2551 3377 2726 3433 frater
2746 3377 2805 3433 B.
2852 3395 2908 3450 q.
2951 3421 2964 3434 .
3008 3421 3022 3435 .
3059 3419 3072 3434 .
3100 3421 3137 3447 .,
3169 3381 3438 3436 eamdem
3463 3379 3746 3438 ecclesiam
3764 3381 3838 3432 tua

2241 3465 2536 3521 industria
2567 3506 2582 3518 .
2617 3509 2631 3522 .
2669 3510 2682 3522 .
2720 3508 2732 3522 .
2770 3509 2783 3522 .
2813 3467 2961 3524 .tuis
2989 3467 3165 3524 etiam
3195 3468 3610 3526 collationibus
3628 3463 3837 3538 locuple-

2239 3557 2398 3609 tasse
2417 3553 2800 3627 dignosceris,
2821 3555 2942 3611 vice
2959 3560 3160 3612 nostra
3171 3556 3256 3622 eis
3274 3557 3440 3614 omni
3453 3557 3581 3614 vitae
3592 3561 3698 3614 tum
3723 3558 3839 3610 tem-

2241 3642 2796 3715 pore,patrocinium
2815 3648 2872 3700 et
2885 3644 3214 3702 dominium
3230 3645 3694 3704 exhibebis.Post
3711 3650 3840 3700 tuum

2239 3732 2554 3787 transitum
2579 3729 2780 3788 nullus
2811 3733 2896 3789 eis
2917 3733 2976 3788 in
2999 3733 3268 3791 abbatem
3319 3737 3729 3808 praestituatur,
3756 3729 3842 3786 nisi

2240 3835 2416 3890 quem
2445 3818 2558 3892 ipsi
2601 3837 2891 3877 consensu
2934 3823 3262 3896 communi,
3306 3829 3415 3880 aut
3463 3825 3716 3897 ipsorum
3741 3832 3842 3892 pars

2241 3909 2626 3980 prmetantior,
2659 3909 2732 3964 ad
2761 3909 3043 3966 honorem
3069 3911 3226 3968 sedis
3247 3914 3578 3985 apostolicae
3599 3927 3721 3968 cum
3738 3922 3844 3964 con-

2240 4013 2417 4052 sensu
2432 3997 2706 4054 Bernardi
2719 3997 2950 4054 comitis
2973 3993 3844 4072 Bisuldunensis,secundumDei

2237 4085 2812 4160 timorem,elegerint
2839 4106 2852 4156 ;
2869 4087 3030 4145 salva
3041 4093 3236 4147 tamen
3259 4091 3686 4149 Ausonensium
3698 4082 3846 4160 ponti-

2239 4172 2414 4229 ﬁcum
2437 4175 2718 4230 canonica
2747 4175 3085 4243 reverentia,
3119 4178 3386 4248 quandiu
3421 4179 3743 4252 praedictam
3769 4171 3846 4228 ab-

2239 4262 2454 4318 batiam
2478 4263 2724 4336 benigne
2747 4265 3138 4321 tractaverint.
3171 4262 3290 4323 Vos
3321 4267 3527 4341 igitur,
3559 4258 3844 4323 charissimi

2239 4351 2366 4419 ﬁlii,
2398 4356 2657 4424 orportct
2684 4353 2967 4427 regularis
2997 4355 3221 4411 ordinis
3272 4356 3574 4414 tramitem
3606 4354 3850 4411 ferventer

2237 4438 2528 4506 insistere,
2565 4444 2628 4495 ut
2646 4445 2931 4511 quantum
2951 4441 3026 4497 ab
3049 4441 3433 4500 smeularibus
3447 4441 3778 4500 tumultibus
3801 4433 3850 4489 li-

2160 4547 2207 4612 Β
2236 4526 2494 4583 beriorcs
2538 4528 2702 4594 estis,
2734 4532 2896 4584 tanto
2919 4528 3131 4585 divinis
3183 4531 3515 4588 studiosius
3535 4527 3767 4588 servitiis
3785 4524 3850 4579 in-

2239 4615 2482 4672 sudetis.
2515 4617 2598 4670 Ad
2642 4615 2925 4672 indicium
2977 4622 3172 4674 autem
3203 4625 3490 4693 perceptae
3524 4619 3694 4690 hujus
3717 4614 3850 4671 alio.

2236 4721 2422 4758 manas
2456 4703 2718 4760 Ecclesiae
2747 4704 3058 4774 libertatis,
3087 4706 3384 4765 dilectioni
3419 4713 3620 4766 vestris
3641 4706 3849 4778 dignum

2234 4797 2324 4849 est
2345 4809 2655 4850 mancusas
2676 4811 2734 4850 Ill
2755 4793 3114 4851 Valentinum
3133 4801 3379 4852 monetae
3401 4791 3756 4854 Lateranensi
3775 4805 3849 4862 pa-

2235 4881 2372 4937 latio
2401 4883 2716 4953 quotannis
2737 4883 3031 4940 exsolvere
3053 4890 3109 4941 et
3131 4886 3534 4942 Romanorum
3549 4882 3846 4958 pontiﬁcum

2233 4971 2574 5043 diligentius
2595 4972 2824 5028 decreta
2855 4990 3108 5030 servare.
3152 4978 3300 5030 Sane
3322 4974 3436 5031 hoc
3467 4978 3672 5031 nostra
3698 4963 3848 5042 privi-

2232 5059 2448 5133 legium
2481 5059 2800 5117 sanctionis
2823 5061 2872 5118 si
2907 5061 3042 5134 quis
3071 5061 3131 5118 in
3148 5063 3478 5120 crastinum
3500 5057 3847 5132 archiepisco-

2233 5167 2364 5222 pus,
2421 5153 2522 5206 aut
2563 5149 2896 5223 episcopus,
2943 5167 3064 5221 rex,
3097 5151 3394 5226 princeps,
3428 5153 3567 5218 dux,
3597 5143 3843 5208 ωλι-οδὶοι

2231 5253 2427 5294 comes
2449 5243 2552 5295 aut
2565 5239 2906 5310 vicecomes,
2943 5245 3044 5296 aut
3072 5227 3323 5314 persona
3349 5241 3624 5314 quaelibet
3643 5246 3841 5306 magna.

2229 5326 2318 5382 vel
2350 5343 2546 5398 parva,
2574 5331 2780 5400 potens
2805 5333 2908 5385 aut
2939 5329 3252 5402 impotens,
3284 5330 3540 5388 scienter
3567 5325 3842 5395 infringere

2230 5418 2334 5470 aut
2385 5419 2604 5472 temere
2661 5414 2878 5473 violare
2929 5418 3394 5491 praesumpserit,
3426 5423 3484 5475 et
3499 5413 3841 5474 constitutum

2231 5503 2519 5576 praedictae
2551 5503 2797 5562 abbatis:
2829 5505 3093 5564 ordinem
3123 5510 3401 5576 evertere,
3432 5505 3522 5564 vel
3569 5505 3690 5578 ejus
3716 5500 3842 5556 bona

2231 5591 2522 5660 invadere,
2547 5592 2877 5666 molestare,
2911 5599 3014 5653 aut
3031 5594 3155 5654 suis
3171 5595 3382 5656 usibus
3397 5596 3659 5676 nequiter
3685 5583 3853 5668 sppli-'
