3950 6218
92 298 210 359 301.
1233 293 1637 355 EPISTOL/E
1680 293 1780 355 ET
1823 292 2295 354 PRIVILEGIA.

3340 292 3459 353 302

93 446 199 488 care
217 427 541 493 tentaverit,
558 427 811 483 secundo
836 426 1070 481 tertiove
1088 426 1500 492 commonitus,
1522 426 1568 481 si
1586 442 1699 480 non
1730 426 1784 494 Α
1816 424 2283 498 Pampilonensis
2330 442 2445 494 rex,
2479 424 2783 480 ecclesiam
2822 427 3074 479 vestram
3124 424 3181 479 in
3236 424 3459 481 domini

90 518 452 574 satisfactione
469 533 727 587 congrua
742 516 1154 579 emendaverit,
1175 531 1208 570 a
1220 514 1434 570 Christi
1448 514 1702 570 etEccle-

91 607 405 677 decerpere
418 605 765 660 auctoritate
793 601 1113 675 apostolica
1130 618 1532 675 segregamus.
1558 605 1705 658 Con-

90 693 423 753 servantibus
440 711 557 765 pax
574 711 609 747 a
622 696 814 759 Deo,et
828 692 1273 760 mercedem(sic)
1293 692 1701 763 praesentibus.

90 790 135 840 et
162 782 352 838 futuris
383 780 619 836 saeculis
651 784 1042 836 conservetur.
1067 780 1701 834 Amen.Amen.Amen.

148 872 335 928 Datum
366 870 566 925 Roma:
598 886 698 941 per
724 885 935 925 manus
967 868 1212 924 Joannis
1244 869 1468 925 Sanctae
1492 868 1706 924 DciEc-

91 959 250 1015 clesim
273 960 553 1015 diaconus
581 957 895 1013 cardinalis
927 962 983 1013 et
1031 957 1451 1029 prosignatoris
1481 957 1700 1013 domini

92 1049 274 1105 Urbani
304 1064 461 1121 papae
496 1047 570 1113 ll,
606 1064 700 1102 an.
737 1046 1045 1102 Dominicaa
1090 1048 1377 1101 Incarnat.
1422 1047 1581 1111 4089,
1614 1047 1701 1100 in-

92 1138 206 1193 dict.
233 1154 323 1201 x11,
357 1152 451 1191 xiv
484 1135 614 1190 Kal.
640 1134 821 1202 Junii,
846 1152 998 1190 anno
1032 1134 1405 1207 pontificatus
1437 1137 1702 1206 ejusdem

94 1225 277 1282 domini
301 1223 515 1281 Urbani
548 1223 616 1279 ll.

145 1314 210 1369 Ad
226 1314 418 1369 calcem
438 1314 703 1383 leguntur
730 1314 1033 1384 sequentia.

145 1407 199 1457 In
226 1400 459 1458 concilio
493 1401 653 1474 apud
673 1399 943 1456 Tolosam
960 1399 1287 1466 habito,eui
1312 1401 1705 1456 interfuerunt

88 1509 148 1546 xx
172 1491 407 1563 episeOpi
438 1495 498 1545 et
531 1490 776 1545 abbates
807 1489 1201 1562 complurimi,
1236 1490 1542 1553 Renerius,
1577 1510 1700 1545 cur-

89 1579 268 1635 dinalis
286 1586 341 1639 et
354 1579 587 1652 legatus
605 1582 818 1633 sanctae
847 1578 1120 1634 Romanae
1147 1579 1438 1646 Ecclesiae,
1461 1584 1517 1636 et
1536 1583 1703 1635 Ama-

90 1676 165 1724 ωε
181 1668 647 1740 archiepiscopus
668 1667 961 1738 etlegatus
980 1667 1196 1724 Urbani
1225 1686 1406 1739 papa),
1429 1686 1559 1723 eum
1595 1688 1698 1723 cae-

1813 514 1996 569 nostri
2043 514 2181 569 Jesu
2233 514 2447 569 Christi
2496 514 2773 569 Nazareni
2830 512 3063 569 nomine
3110 514 3459 586 peripenm

1814 603 2182 667 aediﬁcatam,
2213 602 2270 658 in
2322 604 2595 658 Romanae
2647 602 2912 659 Ecclesiae
2960 600 3204 657 tutelam
3236 601 3458 673 specia-

1813 689 1946 745 liter
1996 692 2213 763 suscipi
2273 692 2608 763 postulavit,
2643 695 2752 748 etc.
2800 694 2837 746 l’
2884 692 3140 763 prosigue
3197 692 3253 746 la
3296 690 3464 745 dic/ta

1816 780 1984 845 bulla,
2019 781 2073 835 la
2104 781 2232 850 qua!
2279 784 2430 836 entre
2473 789 2619 836 atras
2661 780 2937 836 clausulas
2985 796 3088 851 que
3133 782 3283 835 tiene
3309 781 3461 849 favo-

1814 869 1993 923 rable:
2035 885 2065 924 o
2099 873 2214 924 esla
2264 886 2409 936 casa,
2433 886 2532 924 son
2582 870 2663 924 las
2709 872 3000 939 signentes.
3035 869 3461 925 Constituimus

1814 958 1970 1012 enim
2022 962 2079 1012 et
2125 958 2445 1030 apostolica
2490 958 2833 1015 auctoritate
2879 958 3250 1015 decernimus
3292 962 3358 1013 ut
3386 958 3458 1013 ab

1813 1047 2079 1101 omnium
2111 1048 2349 1102 omnino
2373 1047 2682 1103 hominum
2715 1049 3118 1120 cujuscunque
3139 1048 3217 1103 sit
3236 1047 3458 1104 ordinis

1807 1135 1947 1207 jugo
1970 1135 2136 1190 liberi
2168 1137 2475 1207 maneatis,
2510 1136 2736 1208 solique
2766 1141 2980 1192 sancta:
3023 1140 3080 1192 et
3128 1136 3457 1209 apostolicae

1815 1224 2086 1280 Romana:
2113 1225 2379 1302 Ecclesiae
2426 1225 2668 1293 subditi,
2692 1225 3002 1298 tranquille
3036 1230 3093 1282 et
3121 1226 3317 1298 quiete
3344 1226 3457 1282 Do-

1814 1312 1972 1368 mino
1996 1314 2381 1387 omnipotenti
2403 1315 2690 1386 serviatis,
2714 1320 2823 1371 etc.
2846 1316 3296 1384 Conﬁrmamus,
3320 1320 3453 1384 etc.,

1814 1402 2013 1458 omnia
2038 1420 2165 1474 quas
2198 1404 2354 1459 idem
2375 1420 2472 1459 rex
2494 1404 2678 1473 vobis,
2710 1404 2798 1461 vel
2825 1404 3161 1477 quicunque
3191 1403 3455 1461 fidelium

1812 1492 1882 1545 de
1905 1492 2030 1547 suis
2052 1492 2527 1564 possessionibus
2550 1492 3054 1565 contulerunt,aut
3081 1509 3206 1565 quae
3236 1493 3307 1548 de
3323 1494 3456 1563 jure

1811 1597 1916 1636 suo
1949 1582 2294 1654 pontiﬁcum
2345 1581 2593 1654 quilibet
2636 1587 3068 1649 concesserunt,
3118 1598 3366 1654 quisque
3395 1583 3456 1638 in

1812 1673 2095 1741 futurum,
2131 1676 2421 1727 annuente
2452 1671 2895 1743 Domino,juste
2925 1689 2991 1727 ac
3020 1670 3277 1745 legitime
3301 1675 3458 1746 pote-

91 1759 202 1813 teris
224 1756 525 1829 episcopis,
542 1755 1048 1827 judicaveruntde
1071 1757 1302 1828 negotio
1327 1762 1381 1812 et
1411 1758 1699 1828 querimo-
1732 1783 1780 1852 B
1814 1758 1941 1814 ritis
1962 1753 2228 1831 adipisci,
2262 1766 2371 1815 etc.
2408 1761 2583 1815 Porro
2628 1760 2775 1815 nulli
2818 1760 3089 1833 episcopo
3114 1761 3285 1817 liceat
3304 1763 3456 1833 ejus-

91 1848 179 1900 niis
192 1863 305 1917 qua
326 1845 523 1901 clerici
547 1845 609 1900 S.
630 1844 872 1900 Joannis
896 1845 1286 1917 deposuerant
1307 1862 1499 1900 coram
1524 1846 1608 1902 eis
1626 1846 1697 1903 de

84 1934 291 1990 Ricardo
308 1935 516 1990 abbate
550 1938 613 1990 et
635 1934 764 2005 ejus
781 1933 1249 1990 Massiliensibus
1274 1935 1596 2003 monachis,
1633 1939 1698 1990 ut

79 2024 203 2079 idem
230 2024 507 2080 Ricardus
559 2028 623 2078 et
678 2022 948 2078 monachi
1004 2024 1134 2093 ejus
1194 2024 1499 2079 redderent
1529 2025 1696 2080 beato

77 2112 250 2172 Joanni
267 2113 473 2184 etipsis
492 2111 731 2167 clericis
746 2112 945 2167 omnia
964 2112 1180 2183 praedia
1195 2118 1252 2167 et
1269 2114 1691 2185 passessiones,

78 2208 127 2257 et
148 2207 482 2268 ornamenta,
518 2206 580 2256 et
618 2205 829 2256 caetera
861 2200 1100 2255 mobilia
1148 2218 1275 2272 quae
1307 2202 1417 2273 ipsi
1451 2219 1517 2257 eo
1544 2207 1694 2257 tem-

76 2306 184 2361 pore
202 2306 303 2362 quo
331 2292 617 2347 tenebant
660 2288 964 2344 ecclesiam
1006 2290 1270 2359 ejusdem
1319 2290 1376 2345 S.
1410 2291 1690 2361 Joannis,

77 2378 416 2448 abstulerunt,
451 2384 509 2435 et
543 2379 939 2446 donaverunt,
971 2383 1029 2434 ct
1077 2379 1292 2434 donare
1323 2380 1603 2447 iecerunt,
1638 2384 1695 2435 et

78 2469 364 2538 raptoribus
393 2473 783 2525 censuerunt.

132 2558 183 2612 Et
210 2559 366 2629 infra.

137 2646 410 2717 Renerius,
444 2645 777 2702 cardinalis
807 2645 865 2701 S.
904 2646 966 2701 It.
1000 2646 1139 2701 E.et
1157 2645 1381 2719 legatus
1403 2648 1688 2717 ejusdem,

81 2735 465 2791 venerabilibus
497 2733 800 2808 episcopis
834 2739 892 2789 B.
945 2734 1300 2801 Gerundcn.,
1336 2736 1396 2790 Β.
1447 2739 1689 2805 Auson.,

81 2829 223 2894 atque
240 2824 623 2897 B.Urgelleu.,
642 2823 762 2878 sive
781 2826 848 2878 A.
872 2823 1127 2893 Elnensi,
1153 2829 1210 2879 et
1236 2825 1295 2879 B.
1319 2826 1688 2896 Barchinou.,

80 2912 607 2969 salutem.Volumus
639 2929 769 2967 esse
786 2918 987 2967 notum
1007 2912 1277 2985 dignitati
1296 2915 1692 2982 vestrae,cleri-

78 3017 158 3055 cos
186 3002 238 3056 Β.
265 3002 502 3059 Joannis
544 3000 967 3073 Rivipollensis
1008 3002 1352 3074 deposuisse
1394 3004 1690 3075 querimo-

79 3090 212 3145 niam
230 3091 283 3146 in
305 3091 547 3149 concilio
566 3088 861 3146 Tolosano
883 3106 1062 3161 super
1073 3092 1443 3163 parochianis
1460 3095 1689 3163 vestris,

1810 1846 1941 1901 dem
1987 1848 2254 1903 Ecclesiae
2298 1850 2505 1904 fratres
2554 1865 2703 1920 quos
2761 1850 2819 1904 in
2869 1850 3140 1906 Romanis
3185 1850 3453 1907 Ecclesia

1807 1935 1956 1991 filios
1983 1936 2218 2008 speciali
2250 1937 2527 1993 electione
2568 1938 3023 2011 assumpsimus,
3053 1940 3453 1996 excommuni-

1806 2041 1956 2092 care,
1990 2029 2092 2081 aut
2122 2026 2386 2082 divinum
2416 2026 2501 2091 eis
2531 2027 2790 2083 ofﬁcium
2822 2026 3187 2095 interdicere,
3217 2028 3317 2085 sed
3340 2029 3451 2085 sub

1806 2112 1930 2169 sola
1960 2115 2117 2169 sedis
2149 2116 2481 2187 apostolicae
2512 2116 2870 2187 protectione
2909 2116 3254 2188 judicioque
3284 2118 3450 2175 liberi

1804 2207 2098 2257 annuente
2131 2203 2374 2259 Domino
2406 2204 2715 2275 securique
2736 2210 3137 2276 permaneant,
3156 2210 3264 2260 etc.
3290 2208 3452 2277 (Con-

1803 2290 1966 2363 cluye
2011 2295 2136 2346 esta
2178 2290 2358 2358 bulla,
2390 2309 2522 2348 eum
2575 2297 2731 2347 estas
2779 2292 3068 2364 palbras):
3107 2292 3224 2348 Hoc
3274 2294 3451 2366 igitur

1802 2379 1986 2433 nostri
2036 2378 2324 2451 privilegii
2370 2381 2714 2448 sanctionis,
2749 2381 2796 2436 si
2846 2381 2982 2453 quis
3021 2381 3079 2436 in
3125 2381 3447 2439 crastinum

1801 2484 2123 2539 agnoscens
2145 2467 2747 2541 archiepiscopus,aut
2776 2468 3106 2541 episcopus,
3130 2469 3465 2542 imperator.

1802 2560 1902 2610 aut
1923 2556 2339 2629 rex,princeps,
2359 2557 2495 2621 dux,
2520 2557 2608 2612 vel
2641 2556 2924 2626 marchio,
2942 2573 3138 2613 comes
3164 2563 3267 2615 aut
3295 2559 3444 2616 vice-

1802 2646 2220 2715 comesjudex,
2243 2644 2638 2713 castaldio,vel
2659 2663 2908 2718 persona
2933 2646 3205 2718 quaelibet
3231 2664 3446 2721 magna

1800 2734 1886 2790 vel
1920 2752 2115 2806 parva,
2148 2739 2356 2807 potens
2374 2740 2474 2790 aut
2505 2734 2815 2808 impotens,
2840 2736 3199 2794 contra’eam
3227 2741 3447 2796 temere

1800 2824 1994 2879 venire
2015 2825 2473 2896 praesumpserit,
2493 2830 2550 2881 et
2591 2825 2857 2895 eiusdem
2892 2826 3146 2883 ecclesiae
3162 2828 3318 2885 bona
3348 2828 3443 2883 in-

1800 2914 2030 2979 vadere,
2065 2913 2389 2979 molestare,
2421 2912 2507 2969 vel
2542 2915 2665 2970 suis
2697 2915 2904 2971 usibus
2942 2914 3234 2987 applicare
3253 2920 3441 2972 tenta-

1800 3002 2236 3067 verit,seeundo
2269 3003 2505 3058 tertiove
2533 3004 2949 3073 commonitus,
2982 3004 3031 3060 si
3064 3021 3179 3059 non
3207 3004 3440 3063 satisfa-

1802 3092 1991 3146 ctione
2039 3108 2297 3162 eongrua
2371 3092 2784 3161 emendaverit,
2845 3109 2877 3148 a
2925 3092 3141 3149 Christi
3204 3110 3342 3150 eum
3388 3099 3446 3149 et

79 3179 177 3249 qui,
206 3180 351 3236 omni
372 3179 707 3237 reverentia
728 3153 1375 3250 postpos-ita,-auferunt
1393 3181 1455 3236 Β.
1477 3153 1690 3238 Joanni
1722 3153 1764 3220 δ
1803 3179 2072 3236 Ecclesiae
2102 3153 2340 3252 corpore
2380 3180 2743 3236 auctoritatis
2771 3153 3116 3253 apostolica;
3162 3186 3447 3253 potestate

78 3268 314 3325 ecclesias
337 3275 391 3326 et
414 3268 713 3325 nonnulla
730 3267 1118 3323 ecclesiastica
1136 3270 1368 3340 praedia.
1387 3269 1549 3326 Unde
1572 3289 1693 3327 mo-
1740 3312 1765 3337 ,
1803 3274 2264 3341 segregamus,et
2294 3268 2533 3323 honoris
2555 3268 2644 3322 sui
2678 3269 2907 3340 piaculo
2928 3269 3232 3340 subjacere
3260 3270 3475 3325 decer-.

81 3374 274 3425 nemus,
295 3364 348 3415 et
368 3358 724 3415 auctoritate
746 3356 1063 3430 apostolica
1082 3359 1247 3430 praeei
1256 3359 1311 3430 pi
1321 3376 1475 3427 mus,
1508 3364 1573 3415 ut
1598 3377 1698 3417 eos

81 3446 136 3500 ab
162 3446 255 3504 hac
285 3449 736 3522 rapinacessare
754 3446 1141 3513 admoneatis,
1165 3448 1302 3504 etB.
1327 3449 1539 3504 Joanni
1570 3467 1696 3522 quae

34 3534 38 3601 ξ
81 3536 308 3607 suijuris
350 3543 488 3594 sunt
530 3535 949 3611 praedicatione
994 3542 1052 3592 et
1098 3538 1698 3594 excommunicatione

84 3625 288 3681 reddere
303 3627 547 3684 faciatis.
577 3625 745 3690 Quod
780 3625 827 3681 si
848 3624 1161 3690 noluerint,
1186 3626 1374 3681 sciant
1396 3645 1456 3683 se
1476 3645 1700 3684 excom-

85 3714 376 3772 municatos
403 3722 457 3772 et
481 3717 557 3772 ab
610 3712 769 3770 omni
810 3714 1143 3770 Christiana
1175 3716 1700 3773 communicatione

82 3802 267 3871 ejectos
283 3807 635 3862 auctoritate
652 3803 754 3859 BB.
779 3802 1176 3874 apostolorum
1200 3804 1346 3860 Petri
1367 3810 1424 3861 et
1441 3806 1624 3873 Pauli,
1644 3810 1700 3862 et

88 3892 498 3950 reverentissimi
521 3910 691 3966 papae
716 3891 931 3947 Urbani
947 3896 1004 3947 et
1019 3899 1338 3948 conventus
1358 3895 1536 3949 totius
1556 3913 1698 3950 con-

88 3978 181 4033 cilii
196 3981 678 4055 Tolosani,quoad
690 3997 874 4052 usque
887 3981 999 4036 resi
1008 3982 1316 4053 piscant,et
1336 3999 1461 4054 qum
1484 3984 1704 4041 invase-

89 4069 530 4143 runtdimittant,
556 4086 709 4142 quos
741 4070 943 4125 eodem
964 4071 1135 4126 modo
1152 4071 1360 4127 avobis
1376 4089 1706 4129 excommu-

90 4156 246 4213 nicari
268 4159 323 4214 S.
354 4160 418 4216 R.
454 4158 732 4217 Ecclesia:
758 4159 1099 4215 auctoritate
1123 4160 1706 4233 praecipimus,donec

89 4244 149 4298 ad
177 4246 395 4319 dignam
427 4248 895 4305 satisfactionem
931 4250 1181 4304 veniant.

786 4337 980 4392 XVIII.

93 4420 270 4479 Urbani
325 4428 372 4482 ll
420 4444 585 4500 papae
640 4427 997 4500 priuilegium
1048 4443 1148 4500 pro
1206 4431 1532 4485 monasterio
1576 4436 1709 4489 Jesu

737 4498 1029 4553 Nazareni.
1050 4498 1061 4500 ν
1328 4528 1337 4537 ι

687 4570 873 4639 (Anno
906 4569 926 4624 i
941 4570 1084 4641 089).

96 4634 336 4703 :Avsssv,
368 4634 711 4715 Fundacinp,
752 4634 1106 4715 excetencia's,
1156 4641 1458 4712 grandems
1498 4661 1531 4715 y
1563 4660 1710 4701 cosas

154 4714 485 4852 lacinfrablcs
513 4714 584 4768 de
615 4713 840 4767 Iluesca.
886 4712 1130 4769 Hucsca.
1186 4714 1324 4769 1619
1366 4714 1462 4769 fol.
1500 4712 1540 4785 l,
1574 4733 1707 4789 pag.

182 4798 214 4834 ε)

158 4865 401 4928 [massas
431 4875 979 4946 episcopus,servus
1002 4891 1299 4943 servorum
1320 4875 1440 4943 Dei,
1457 4876 1711 4933 dilectis-

96 4953 241 5012 siinis
269 4959 322 5014 in
346 4961 579 5017 Christo
604 4961 743 5016 tiliis
770 4961 1140 5033 regularibus
1162 4964 1440 5019 tratribus
1460 4965 1713 5021 ecclesiae

97 5058 205 5112 quae
225 5047 429 5104 dicitur
447 5051 589 5105 Jesu
621 5050 1254 5122 Nazareni,eorumque
1277 5055 1716 5110 successoribus

99 5133 412 5205 regulariter
438 5138 687 5195 victuris
718 5138 779 5194 in
810 5144 1179 5212 perpetuum.

154 5220 306 5281 Justa
333 5228 599 5285 fidelium
630 5227 834 5301 petitio
866 5231 1074 5285 eﬂ‘ectu
1107 5229 1279 5286 debet
1322 5236 1713 5303 prosequente

97 5313 366 5385 compleri,
416 5322 483 5373 ut
529 5324 587 5374 et
630 5317 1025 5375 laborantium
1083 5319 1141 5374 in
1188 5318 1445 5375 Ecclesia
1487 5322 1712 5377 devotio

96 5405 272 5458 sancta
315 5404 618 5478 clarescat,
668 5413 726 5463 et
774 5407 995 5464 utilitas
1040 5408 1434 5464 ecclesiastica
1467 5410 1711 5465 Domino

92 5502 297 5563 semper
324 5494 604 5567 largiente
631 5496 913 5571 proﬁciat.
937 5496 1084 5563 Quia
1114 5497 1294 5571 igitur
1323 5498 1712 5559 charissimus

34 5664 35 5677 χ
92 5584 268 5644 noster
294 5584 351 5642 in
381 5585 611 5646 Christo
665 5586 819 5644 illius
868 5590 1109 5646 sanctus
1165 5589 1280 5659 Ara
1319 5588 1558 5649 onensis
1588 5590 1709 5649 sive

1807 3356 2040 3412 nimus:
2073 3356 2553 3411 eonservantibus
2583 3361 2777 3411 autem
2812 3350 2923 3428 pax
2968 3373 3003 3412 a
3046 3357 3162 3413 Deo
3193 3361 3249 3413 et
3279 3358 3454 3413 mise-

1806 3445 2055 3501 ricordia
2078 3445 2464 3516 praesentibus
2487 3461 2553 3500 ac
2572 3444 2786 3501 futuris
2805 3445 3035 3502 saeculis
3055 3450 3448 3502 conservetur.

1803 3537 2009 3602 Amen,
2043 3548 2235 3599 amen,
2268 3549 2461 3588 amen.

1877 3623 2023 3679 Data
2054 3622 2247 3677 Romae
2275 3621 2548 3677 Kalendis
2594 3621 2733 3677 Julii
2794 3639 2897 3694 per
2945 3639 3157 3679 manus
3204 3623 3451 3680 Joannis

1807 3714 2020 3766 sanctae
2045 3712 2317 3767 Romanae
2349 3709 2617 3766 Ecclesia
2657 3711 2883 3767 diaconi
2916 3711 3231 3769 cardinalis
3262 3712 3453 3785 prosi-

1807 3800 2069 3873 gnatoris
2117 3799 2315 3856 domui
2369 3800 2584 3856 Urbani
2632 3817 2793 3873 papas
2815 3801 2902 3868 II;
2936 3818 3090 3858 anno
3134 3801 3451 3858 Dominicis

1810 3889 2232 3944 lncarnationis
2264 3890 2423 3957 1089,
2456 3888 2772 3947 indictione
2810 3907 2911 3957 xu,
2942 3907 3096 3946 anno
3127 3908 3166 3948 ιι
3213 3891 3451 3964 pontiﬁ-

1810 3984 1978 4033 catus
2009 3979 2273 4050 ejusdem
2297 3977 2521 4034 domini
2551 3978 2767 4035 Urbani
2787 3995 2970 4052 papas.

1818 4155 2064 4212 Urbanus
2121 4156 2171 4209 11
2215 4156 2494 4222 Frotardo,
2524 4157 2711 4212 abbati
2758 4157 2812 4212 S.
2861 4159 3047 4215 Pontii
3090 4160 3459 4216 Tomeriarum

1879 4228 2510 4311 prii'ilegz'uraconcedit
2542 4245 2657 4311 quo
2677 4229 2852 4311 locum
2891 4247 2926 4285 a
2954 4232 3322 4311 cujuscuague
3351 4234 3462 4304 epi-

1884 4299 2034 4369 scopi
2052 4298 2438 4374 jurisdz'etzone
2467 4298 2658 4355 eximit
2678 4301 2915 4373 aliisque
2933 4298 3304 4374 coinplurib'us
3314 4298 3462 4374 prae-

1888 4371 2148 4439 rogativis
2178 4374 2426 4425 exornat.

2440 4461 2627 4530 (Anno
2660 4461 2843 4533 1089.)

1737 4535 1783 4600 D
1817 4549 2119 4618 [Romam
2172 4549 2289 4603 Vita
2323 4549 2529 4605 Urbani
2548 4548 2608 4603 in
2643 4550 2881 4605 MABILL.
2915 4553 2972 4605 et
3006 4550 3269 4604 RUINART
3297 4549 3463 4605 Ouvr.

2419 4639 2596 4711 posth.
2642 4656 2724 4703 ιιι,
2754 4639 2868 4708 57.]

2583 4728 2700 4782 ΧΧ.

1822 4819 2060 4889 Epistoia
2095 4820 2301 4875 Urbani
2329 4821 2375 4874 II
2401 4835 2557 4890 papae
2604 4817 2676 4873 ad
2718 4833 2967 4889 proceres
3016 4816 3315 4890 provinciae
3345 4817 3474 4873 Tar-

1893 4893 2211 4945 raconensis
2242 4891 2307 4945 de
2336 4889 2739 4946 reStauratione
2766 4890 3007 4945 ecclesiae
3037 4889 3471 4946 Tarraconensis.

2449 4980 2633 5049 (Anno
2668 4979 2851 5049 1089.)

1825 5067 2060 5139 [ΜΑκει,
2095 5069 2306 5124 Concil.
2372 5069 2470 5133 XX,
2514 5066 2640 5133 70l,
2690 5082 2758 5120 ex
2806 5065 3160 5139 chartulario
3215 5065 3474 5123 ecclesiae

2394 5138 2901 5210 Tarraconensis.]

1895 5227 2173 5285 URBANUS
2203 5229 2534 5301 episcopus,
2569 5243 2772 5301 servus
2788 5242 3089 5283 servorum
3110 5224 3233 5296 Dei,
3256 5225 3482 5281 charis-

1823 5318 1995 5374 simis
2025 5318 2163 5374 filiis
2194 5319 2566 5374 BEBENGARIO
2597 5314 3058 5372 Barchinonensi
3089 5314 3286 5369 comiti
3321 5330 3482 5369 mar-

1822 5408 2035 5473 chioni,
2066 5409 2468 5463 Easrsuoauno
2498 5405 2843 5478 Urgellensi,
2876 5410 3186 5458 Bsnuaano
3213 5400 3486 5457 Bisuldu-

1820 5496 1988 5553 nensi
2038 5496 2382 5566 comitibus,
2458 5494 2859 5568 omnibusque
2918 5489 3374 5548 Tarraconensis
3431 5494 3492 5545 et

1819 5583 2342 5647 Barchinoonensis
2363 5581 2671 5687 provinciae
2696 5579 3005 5657 episcopis,
3028 5575 3497 5647 vicecomitibus.
