  <div class='ocr_page' id='page_1' title='image "/cluster/home/n/w/nwhite01/storage/ocr_20150623/151/uva.x000829795/176.png"; bbox 0 0 3950 6218; ppageno 0'>
   <div class='ocr_carea' id='block_1_1' title="bbox 110 344 227 412">
    <p class='ocr_par' dir='ltr' id='par_1_1' title="bbox 110 344 227 412">
     <span class='ocr_line' id='line_1_1' title="bbox 110 344 227 412; baseline 0.017 -4"><span class='ocrx_word' id='word_1_1' title='bbox 110 344 227 412; x_wconf 62' lang='grc' dir='ltr'>ωδ</span> 
     </span>
    </p>
   </div>
   <div class='ocr_carea' id='block_1_2' title="bbox 1337 363 2406 445">
    <p class='ocr_par' dir='ltr' id='par_1_2' title="bbox 1337 363 2406 445">
     <span class='ocr_line' id='line_1_2' title="bbox 1337 363 2406 445; baseline 0.016 -17"><span class='ocrx_word' id='word_1_2' title='bbox 1337 363 1745 432; x_wconf 59' lang='grc' dir='ltr'>ΕΡΙΞΤΟῙΛΕ</span> <span class='ocrx_word' id='word_1_3' title='bbox 1785 369 1888 434; x_wconf 80' lang='lat' dir='ltr'>ET</span> <span class='ocrx_word' id='word_1_4' title='bbox 1931 372 2406 445; x_wconf 73' lang='lat' dir='ltr'>PRIVILEGIA.</span> 
     </span>
    </p>
   </div>
   <div class='ocr_carea' id='block_1_3' title="bbox 3449 393 3567 457">
    <p class='ocr_par' dir='ltr' id='par_1_3' title="bbox 3449 393 3567 457">
     <span class='ocr_line' id='line_1_3' title="bbox 3449 393 3567 457; baseline 0.034 -4"><span class='ocrx_word' id='word_1_5' title='bbox 3449 393 3567 457; x_wconf 86' lang='lat'>306</span> 
     </span>
    </p>
   </div>
   <div class='ocr_carea' id='block_1_4' title="bbox 188 483 3562 599">
    <p class='ocr_par' dir='ltr' id='par_1_4' title="bbox 188 483 3562 599">
     <span class='ocr_line' id='line_1_4' title="bbox 188 483 3562 599; baseline 0.012 -55"><span class='ocrx_word' id='word_1_6' title='bbox 188 483 504 561; x_wconf 77' lang='lat' dir='ltr'>Scriptum</span> <span class='ocrx_word' id='word_1_7' title='bbox 548 501 667 561; x_wconf 88' lang='lat' dir='ltr'>per</span> <span class='ocrx_word' id='word_1_8' title='bbox 719 505 961 550; x_wconf 89' lang='lat' dir='ltr'>manum</span> <span class='ocrx_word' id='word_1_9' title='bbox 993 490 1223 554; x_wconf 87' lang='lat' dir='ltr'>Girardi</span> <span class='ocrx_word' id='word_1_10' title='bbox 1270 501 1483 557; x_wconf 66' lang='lat' dir='ltr'>sanctae</span> <span class='ocrx_word' id='word_1_11' title='bbox 1530 500 1802 560; x_wconf 71' lang='lat' dir='ltr'>Romanis</span> <span class='ocrx_word' id='word_1_12' title='bbox 1829 504 1885 575; x_wconf 78' lang='grc' dir='ltr'><strong>Α</strong></span> <span class='ocrx_word' id='word_1_13' title='bbox 1915 512 2128 568; x_wconf 81' lang='lat' dir='ltr'>sanctae</span> <span class='ocrx_word' id='word_1_14' title='bbox 2160 515 2450 572; x_wconf 82' lang='lat' dir='ltr'>memoriae</span> <span class='ocrx_word' id='word_1_15' title='bbox 2475 515 2746 594; x_wconf 78' lang='lat' dir='ltr'>Gregorio</span> <span class='ocrx_word' id='word_1_16' title='bbox 2779 519 3127 596; x_wconf 75' lang='lat' dir='ltr'>legationem</span> <span class='ocrx_word' id='word_1_17' title='bbox 3159 521 3218 582; x_wconf 91' lang='lat' dir='ltr'>in</span> <span class='ocrx_word' id='word_1_18' title='bbox 3242 521 3562 599; x_wconf 81' lang='lat' dir='ltr'>Anglorum</span> 
     </span>
     <span class='ocr_line' id='line_1_5' title="bbox 188 576 1774 599; baseline 0.011 -8"><span class='ocrx_word' id='word_1_19' title='bbox 188 576 388 599; x_wconf 44' lang='lat'>__,__,“</span> <span class='ocrx_word' id='word_1_20' title='bbox 443 579 758 599; x_wconf 42' lang='lat'>____.____,..</span> <span class='ocrx_word' id='word_1_21' title='bbox 1017 585 1057 599; x_wconf 67' lang='grc' dir='ltr'>τ,</span> <span class='ocrx_word' id='word_1_22' title='bbox 1170 586 1180 598; x_wconf 93' lang='grc'>.</span> <span class='ocrx_word' id='word_1_23' title='bbox 1234 589 1243 599; x_wconf 95' lang='grc'>.</span> <span class='ocrx_word' id='word_1_24' title='bbox 1384 591 1404 599; x_wconf 88' lang='grc'><strong>-</strong></span> <span class='ocrx_word' id='word_1_25' title='bbox 1641 595 1672 599; x_wconf 86' lang='grc'>.-</span> <span class='ocrx_word' id='word_1_26' title='bbox 1763 593 1774 599; x_wconf 83' lang='grc'>-</span> 
     </span>
    </p>
   </div>
   <div class='ocr_carea' id='block_1_5' title="bbox 126 576 1809 650">
    <p class='ocr_par' dir='ltr' id='par_1_5' title="bbox 126 576 1809 650">
     <span class='ocr_line' id='line_1_6' title="bbox 126 576 1809 650; baseline 0.01 -15"><span class='ocrx_word' id='word_1_27' title='bbox 126 576 396 635; x_wconf 66' lang='lat' dir='ltr'>Ecclesiae</span> <span class='ocrx_word' id='word_1_28' title='bbox 439 579 782 649; x_wconf 81' lang='lat' dir='ltr'>scrimarii,</span> <span class='ocrx_word' id='word_1_29' title='bbox 819 599 968 640; x_wconf 88' lang='lat' dir='ltr'>anno</span> <span class='ocrx_word' id='word_1_30' title='bbox 1015 585 1330 645; x_wconf 64' lang='lat' dir='ltr'>Dominicis</span> <span class='ocrx_word' id='word_1_31' title='bbox 1383 591 1809 650; x_wconf 87' lang='lat' dir='ltr'>Incarnationis</span> 
     </span>
    </p>
   </div>
   <div class='ocr_carea' id='block_1_6' title="bbox 133 667 1392 745">
    <p class='ocr_par' dir='ltr' id='par_1_6' title="bbox 133 667 1392 745">
     <span class='ocr_line' id='line_1_7' title="bbox 133 667 1392 745; baseline 0.01 -22"><span class='ocrx_word' id='word_1_32' title='bbox 133 667 449 744; x_wconf 86' lang='lat' dir='ltr'>millesimo</span> <span class='ocrx_word' id='word_1_33' title='bbox 479 670 901 743; x_wconf 85' lang='lat' dir='ltr'>octuagesimo</span> <span class='ocrx_word' id='word_1_34' title='bbox 934 690 1109 745; x_wconf 91' lang='lat' dir='ltr'>nono,</span> <span class='ocrx_word' id='word_1_35' title='bbox 1140 677 1260 733; x_wconf 90' lang='lat' dir='ltr'>ind.</span> <span class='ocrx_word' id='word_1_36' title='bbox 1293 697 1392 735; x_wconf 85' lang='lat' dir='ltr'>xu.</span> 
     </span>
    </p>
   </div>
   <div class='ocr_carea' id='block_1_7' title="bbox 203 758 1804 842">
    <p class='ocr_par' dir='ltr' id='par_1_7' title="bbox 203 758 1804 842">
     <span class='ocr_line' id='line_1_8' title="bbox 203 758 1804 842; baseline 0.011 -30"><span class='ocrx_word' id='word_1_37' title='bbox 203 764 231 825; x_wconf 53' lang='grc' dir='ltr'><strong><em>ἡ</em></strong></span> <span class='ocrx_word' id='word_1_38' title='bbox 264 759 383 831; x_wconf 78' lang='lat' dir='ltr'>Ego</span> <span class='ocrx_word' id='word_1_39' title='bbox 416 758 638 816; x_wconf 82' lang='lat' dir='ltr'>Petrus</span> <span class='ocrx_word' id='word_1_40' title='bbox 676 759 777 815; x_wconf 87' lang='lat' dir='ltr'>Dei</span> <span class='ocrx_word' id='word_1_41' title='bbox 810 763 998 836; x_wconf 86' lang='lat' dir='ltr'>gratia</span> <span class='ocrx_word' id='word_1_42' title='bbox 1034 764 1383 826; x_wconf 83' lang='lat' dir='ltr'>Albanensis</span> <span class='ocrx_word' id='word_1_43' title='bbox 1414 771 1592 842; x_wconf 87' lang='lat' dir='ltr'>episc.</span> <span class='ocrx_word' id='word_1_44' title='bbox 1628 772 1804 828; x_wconf 90' lang='lat' dir='ltr'>inter-</span> 
     </span>
    </p>
   </div>
   <div class='ocr_carea' id='block_1_8' title="bbox 138 846 703 918">
    <p class='ocr_par' dir='ltr' id='par_1_8' title="bbox 138 846 703 918">
     <span class='ocr_line' id='line_1_9' title="bbox 138 846 703 918; baseline 0 -16"><span class='ocrx_word' id='word_1_45' title='bbox 138 848 214 902; x_wconf 90' lang='lat' dir='ltr'>fui</span> <span class='ocrx_word' id='word_1_46' title='bbox 248 853 305 904; x_wconf 88' lang='lat' dir='ltr'>et</span> <span class='ocrx_word' id='word_1_47' title='bbox 335 846 703 918; x_wconf 79' lang='lat' dir='ltr'>subscripsi.</span> 
     </span>
    </p>
   </div>
   <div class='ocr_carea' id='block_1_9' title="bbox 205 935 1720 1022">
    <p class='ocr_par' dir='ltr' id='par_1_9' title="bbox 205 935 1720 1022">
     <span class='ocr_line' id='line_1_10' title="bbox 205 935 1720 1022; baseline 0.009 -31"><span class='ocrx_word' id='word_1_48' title='bbox 205 942 233 1003; x_wconf 57' lang='grc' dir='ltr'>’ί</span> <span class='ocrx_word' id='word_1_49' title='bbox 269 937 384 1009; x_wconf 86' lang='lat' dir='ltr'>Ego</span> <span class='ocrx_word' id='word_1_50' title='bbox 415 935 635 991; x_wconf 91' lang='lat' dir='ltr'>Minut.</span> <span class='ocrx_word' id='word_1_51' title='bbox 671 937 773 992; x_wconf 95' lang='lat' dir='ltr'>Dei</span> <span class='ocrx_word' id='word_1_52' title='bbox 804 939 990 1010; x_wconf 87' lang='lat' dir='ltr'>gratia</span> <span class='ocrx_word' id='word_1_53' title='bbox 1022 941 1434 1003; x_wconf 77' lang='lat' dir='ltr'>Lavicanensis</span> <span class='ocrx_word' id='word_1_54' title='bbox 1466 949 1720 1022; x_wconf 89' lang='lat' dir='ltr'>episcop.</span> 
     </span>
    </p>
   </div>
   <div class='ocr_carea' id='block_1_10' title="bbox 204 1025 1800 1112">
    <p class='ocr_par' dir='ltr' id='par_1_10' title="bbox 204 1025 1800 1112">
     <span class='ocr_line' id='line_1_11' title="bbox 204 1025 1800 1112; baseline 0.011 -33"><span class='ocrx_word' id='word_1_55' title='bbox 204 1031 231 1092; x_wconf 59' lang='grc' dir='ltr'>τι</span> <span class='ocrx_word' id='word_1_56' title='bbox 264 1027 383 1099; x_wconf 83' lang='lat' dir='ltr'>Ego</span> <span class='ocrx_word' id='word_1_57' title='bbox 415 1025 625 1081; x_wconf 92' lang='lat' dir='ltr'>Bruno</span> <span class='ocrx_word' id='word_1_58' title='bbox 656 1025 960 1099; x_wconf 84' lang='lat' dir='ltr'>Signensis</span> <span class='ocrx_word' id='word_1_59' title='bbox 980 1029 1156 1100; x_wconf 89' lang='lat' dir='ltr'>episc.</span> <span class='ocrx_word' id='word_1_60' title='bbox 1184 1051 1490 1093; x_wconf 82' lang='lat' dir='ltr'>assensum</span> <span class='ocrx_word' id='word_1_61' title='bbox 1514 1055 1617 1112; x_wconf 89' lang='lat' dir='ltr'>per</span> <span class='ocrx_word' id='word_1_62' title='bbox 1644 1039 1800 1097; x_wconf 90' lang='lat' dir='ltr'>hunc</span> 
     </span>
    </p>
   </div>
   <div class='ocr_carea' id='block_1_11' title="bbox 129 1113 759 1188">
    <p class='ocr_par' dir='ltr' id='par_1_11' title="bbox 129 1113 759 1188">
     <span class='ocr_line' id='line_1_12' title="bbox 129 1113 759 1188; baseline -0.005 -16"><span class='ocrx_word' id='word_1_63' title='bbox 129 1113 493 1188; x_wconf 78' lang='lat' dir='ltr'>triangulum</span> <span class='ocrx_word' id='word_1_64' title='bbox 529 1114 759 1187; x_wconf 66' lang='lat' dir='ltr'>prebui</span> 
     </span>
    </p>
   </div>
   <div class='ocr_carea' id='block_1_12' title="bbox 618 1223 711 1381">
    <p class='ocr_par' dir='ltr' id='par_1_12' title="bbox 620 1227 711 1368">
     <span class='ocr_line' id='line_1_13' title="bbox 620 1227 711 1368; baseline 0 -67"><span class='ocrx_word' id='word_1_65' title='bbox 620 1227 711 1368; x_wconf 49' lang='grc' dir='ltr'>ς</span> 
     </span>
    </p>
   </div>
   <div class='ocr_carea' id='block_1_13' title="bbox 711 1266 1225 1343">
    <p class='ocr_par' dir='ltr' id='par_1_13' title="bbox 711 1266 1225 1343">
     <span class='ocr_line' id='line_1_14' title="bbox 711 1266 1225 1343; baseline 0.021 -29"><span class='ocrx_word' id='word_1_66' title='bbox 711 1266 936 1328; x_wconf 77' lang='lat' dir='ltr'>Magnus</span> <span class='ocrx_word' id='word_1_67' title='bbox 961 1267 1187 1343; x_wconf 80' lang='lat' dir='ltr'>Domina</span> <span class='ocrx_word' id='word_1_68' title='bbox 1201 1292 1225 1326; x_wconf 88' lang='lat' dir='ltr'>s</span> 
     </span>
    </p>
   </div>
   <div class='ocr_carea' id='block_1_14' title="bbox 825 1349 1107 1403">
    <p class='ocr_par' dir='ltr' id='par_1_14' title="bbox 825 1349 1107 1403">
     <span class='ocr_line' id='line_1_15' title="bbox 825 1349 1107 1403; baseline 0.028 -10"><span class='ocrx_word' id='word_1_69' title='bbox 825 1349 1025 1403; x_wconf 86' lang='lat' dir='ltr'>noster,</span> <span class='ocrx_word' id='word_1_70' title='bbox 1055 1355 1107 1401; x_wconf 87' lang='lat' dir='ltr'>et</span> 
     </span>
    </p>
   </div>
   <div class='ocr_carea' id='block_1_15' title="bbox 856 1430 1056 1481">
    <p class='ocr_par' dir='ltr' id='par_1_15' title="bbox 856 1430 1056 1481">
     <span class='ocr_line' id='line_1_16' title="bbox 856 1430 1056 1481; baseline 0.015 -15"><span class='ocrx_word' id='word_1_71' title='bbox 856 1430 1056 1481; x_wconf 78' lang='lat' dir='ltr'>magna</span> 
     </span>
    </p>
   </div>
   <div class='ocr_carea' id='block_1_16' title="bbox 875 1497 1049 1569">
    <p class='ocr_par' dir='ltr' id='par_1_16' title="bbox 875 1497 1049 1569">
     <span class='ocr_line' id='line_1_17' title="bbox 875 1497 1049 1569; baseline 0.04 -25"><span class='ocrx_word' id='word_1_72' title='bbox 875 1497 1049 1569; x_wconf 77' lang='lat' dir='ltr'>virtus</span> 
     </span>
    </p>
   </div>
   <div class='ocr_carea' id='block_1_17' title="bbox 903 1573 1094 1626">
    <p class='ocr_par' dir='ltr' id='par_1_17' title="bbox 903 1573 1094 1626">
     <span class='ocr_line' id='line_1_18' title="bbox 903 1573 1094 1626; baseline 0.037 -22"><span class='ocrx_word' id='word_1_73' title='bbox 903 1573 1094 1626; x_wconf 70' lang='lat' dir='ltr'>eJus/_</span> 
     </span>
    </p>
   </div>
   <div class='ocr_carea' id='block_1_18' title="bbox 716 1381 1223 1430">
    <p class='ocr_par' dir='ltr' id='par_1_18' title="bbox 720 1381 1219 1430">
     <span class='ocr_line' id='line_1_19' title="bbox 720 1381 1219 1430; baseline 0.018 -37"><span class='ocrx_word' id='word_1_74' title='bbox 720 1381 765 1430; x_wconf 47' lang='grc' dir='ltr'>χ</span> <span class='ocrx_word' id='word_1_75' title='bbox 827 1381 1025 1403; x_wconf 59' lang='grc' dir='ltr'>μνη...</span> <span class='ocrx_word' id='word_1_76' title='bbox 1055 1381 1107 1401; x_wconf 68' lang='grc' dir='ltr'>ε..</span> <span class='ocrx_word' id='word_1_77' title='bbox 1173 1381 1219 1430; x_wconf 77' lang='lat'>,</span> 
     </span>
    </p>
   </div>
   <div class='ocr_carea' id='block_1_19' title="bbox 716 1430 1223 1653">
    <p class='ocr_par' dir='ltr' id='par_1_19' title="bbox 752 1430 1184 1653">
     <span class='ocr_line' id='line_1_20' title="bbox 856 1430 1056 1481; baseline 0.015 -15"><span class='ocrx_word' id='word_1_78' title='bbox 856 1430 1056 1481; x_wconf 76' lang='lat' dir='ltr'>magna</span> 
     </span>
     <span class='ocr_line' id='line_1_21' title="bbox 875 1497 1049 1551; baseline 0.04 -7"><span class='ocrx_word' id='word_1_79' title='bbox 875 1497 1049 1551; x_wconf 80' lang='lat' dir='ltr'>virtus</span> 
     </span>
     <span class='ocr_line' id='line_1_22' title="bbox 752 1430 1184 1653; baseline 0.021 -50"><span class='ocrx_word' id='word_1_80' title='bbox 752 1430 1184 1653; x_wconf 81' lang='lat' dir='ltr'>\ejus/</span> 
     </span>
    </p>
   </div>
   <div class='ocr_carea' id='block_1_20' title="bbox 898 1653 1024 1735">
    <p class='ocr_par' dir='ltr' id='par_1_20' title="bbox 902 1653 1020 1731">
     <span class='ocr_line' id='line_1_23' title="bbox 902 1653 1020 1731; baseline 0.008 -1"><span class='ocrx_word' id='word_1_81' title='bbox 902 1653 1020 1731; x_wconf 93' lang='lat'><strong>\/</strong></span> 
     </span>
    </p>
   </div>
   <div class='ocr_carea' id='block_1_21' title="bbox 172 1795 1783 1875">
    <p class='ocr_par' dir='ltr' id='par_1_21' title="bbox 172 1795 1783 1875">
     <span class='ocr_line' id='line_1_24' title="bbox 172 1795 1783 1875; baseline 0.006 -24"><span class='ocrx_word' id='word_1_82' title='bbox 172 1795 309 1852; x_wconf 83' lang='lat' dir='ltr'>Dat.</span> <span class='ocrx_word' id='word_1_83' title='bbox 348 1797 556 1855; x_wconf 62' lang='lat' dir='ltr'>Rome</span> <span class='ocrx_word' id='word_1_84' title='bbox 588 1818 691 1856; x_wconf 82' lang='lat' dir='ltr'>vm</span> <span class='ocrx_word' id='word_1_85' title='bbox 724 1801 803 1857; x_wconf 90' lang='lat' dir='ltr'>id.</span> <span class='ocrx_word' id='word_1_86' title='bbox 838 1801 979 1859; x_wconf 87' lang='lat' dir='ltr'>Julii</span> <span class='ocrx_word' id='word_1_87' title='bbox 1023 1819 1126 1875; x_wconf 87' lang='lat' dir='ltr'>per</span> <span class='ocrx_word' id='word_1_88' title='bbox 1175 1821 1386 1860; x_wconf 89' lang='lat' dir='ltr'>manus</span> <span class='ocrx_word' id='word_1_89' title='bbox 1432 1804 1674 1861; x_wconf 80' lang='lat' dir='ltr'>Joannis</span> <span class='ocrx_word' id='word_1_90' title='bbox 1723 1806 1783 1862; x_wconf 89' lang='lat' dir='ltr'>S.</span> 
     </span>
    </p>
   </div>
   <div class='ocr_carea' id='block_1_22' title="bbox 102 1885 1363 1950">
    <p class='ocr_par' dir='ltr' id='par_1_22' title="bbox 102 1885 1363 1950">
     <span class='ocr_line' id='line_1_25' title="bbox 102 1885 1363 1950; baseline 0.007 -10"><span class='ocrx_word' id='word_1_91' title='bbox 102 1885 394 1949; x_wconf 67' lang='lat' dir='ltr'>Romana</span> <span class='ocrx_word' id='word_1_92' title='bbox 429 1887 705 1945; x_wconf 75' lang='lat' dir='ltr'>Ecclesiae</span> <span class='ocrx_word' id='word_1_93' title='bbox 735 1892 894 1948; x_wconf 84' lang='lat' dir='ltr'>card.</span> <span class='ocrx_word' id='word_1_94' title='bbox 924 1897 980 1949; x_wconf 89' lang='lat' dir='ltr'>et</span> <span class='ocrx_word' id='word_1_95' title='bbox 1010 1891 1363 1950; x_wconf 89' lang='lat' dir='ltr'>cancellarii.</span> 
     </span>
    </p>
   </div>
   <div class='ocr_carea' id='block_1_23' title="bbox 861 2017 1049 2073">
    <p class='ocr_par' dir='ltr' id='par_1_23' title="bbox 861 2017 1049 2073">
     <span class='ocr_line' id='line_1_26' title="bbox 861 2017 1049 2073; baseline 0 0"><span class='ocrx_word' id='word_1_96' title='bbox 861 2017 1049 2073; x_wconf 77' lang='lat' dir='ltr'>XXIII.</span> 
     </span>
    </p>
   </div>
   <div class='ocr_carea' id='block_1_24' title="bbox 107 2119 1778 2190">
    <p class='ocr_par' dir='ltr' id='par_1_24' title="bbox 107 2119 1778 2190">
     <span class='ocr_line' id='line_1_27' title="bbox 107 2119 1778 2190; baseline 0.005 -17"><span class='ocrx_word' id='word_1_97' title='bbox 107 2119 328 2174; x_wconf 76' lang='lat' dir='ltr'>Urbani</span> <span class='ocrx_word' id='word_1_98' title='bbox 357 2120 408 2175; x_wconf 87' lang='lat' dir='ltr'>II</span> <span class='ocrx_word' id='word_1_99' title='bbox 429 2122 666 2190; x_wconf 71' lang='lat' dir='ltr'>epistola</span> <span class='ocrx_word' id='word_1_100' title='bbox 708 2122 780 2176; x_wconf 85' lang='lat' dir='ltr'>ad</span> <span class='ocrx_word' id='word_1_101' title='bbox 811 2124 1128 2180; x_wconf 75' lang='lat' dir='ltr'>An—selmum</span> <span class='ocrx_word' id='word_1_102' title='bbox 1157 2125 1404 2181; x_wconf 75' lang='lat' dir='ltr'>abbatem</span> <span class='ocrx_word' id='word_1_103' title='bbox 1449 2128 1778 2182; x_wconf 73' lang='lat' dir='ltr'>Becremem.</span> 
     </span>
    </p>
   </div>
   <div class='ocr_carea' id='block_1_25' title="bbox 180 2192 1785 2269">
    <p class='ocr_par' dir='ltr' id='par_1_25' title="bbox 180 2192 1785 2269">
     <span class='ocr_line' id='line_1_28' title="bbox 180 2192 1785 2269; baseline 0.006 -26"><span class='ocrx_word' id='word_1_104' title='bbox 180 2221 254 2269; x_wconf 88' lang='lat'>—_</span> <span class='ocrx_word' id='word_1_105' title='bbox 284 2192 354 2269; x_wconf 71' lang='grc' dir='ltr'>ζῖι</span> <span class='ocrx_word' id='word_1_106' title='bbox 390 2195 874 2269; x_wconf 38' lang='lat' dir='ltr'>episcopale-um</span> <span class='ocrx_word' id='word_1_107' title='bbox 920 2198 1406 2269; x_wconf 64' lang='lat' dir='ltr'>ecclesiasticarum</span> <span class='ocrx_word' id='word_1_108' title='bbox 1456 2200 1785 2269; x_wconf 78' lang='lat' dir='ltr'>impen&#39;tz’ori</span> 
     </span>
    </p>
   </div>
   <div class='ocr_carea' id='block_1_26' title="bbox 181 2261 1786 2339">
    <p class='ocr_par' dir='ltr' id='par_1_26' title="bbox 181 2261 1786 2339">
     <span class='ocr_line' id='line_1_29' title="bbox 181 2261 1786 2339; baseline 0.005 -21"><span class='ocrx_word' id='word_1_109' title='bbox 181 2261 352 2339; x_wconf 71' lang='lat' dir='ltr'>adsit.</span> <span class='ocrx_word' id='word_1_110' title='bbox 392 2264 458 2318; x_wconf 78' lang='lat' dir='ltr'>Ut</span> <span class='ocrx_word' id='word_1_111' title='bbox 484 2261 596 2339; x_wconf 62' lang='lat' dir='ltr'>non.</span> <span class='ocrx_word' id='word_1_112' title='bbox 625 2263 846 2336; x_wconf 78' lang='lat' dir='ltr'>differat</span> <span class='ocrx_word' id='word_1_113' title='bbox 874 2267 1051 2339; x_wconf 75' lang='lat' dir='ltr'>sedem</span> <span class='ocrx_word' id='word_1_114' title='bbox 1081 2269 1430 2339; x_wconf 69' lang='lat' dir='ltr'>apostolicam</span> <span class='ocrx_word' id='word_1_115' title='bbox 1464 2261 1702 2334; x_wconf 56' lang='lat' dir='ltr'>visitare,</span> <span class='ocrx_word' id='word_1_116' title='bbox 1734 2278 1786 2326; x_wconf 79' lang='lat' dir='ltr'>et</span> 
     </span>
    </p>
   </div>
   <div class='ocr_carea' id='block_1_27' title="bbox 178 2333 1780 2411">
    <p class='ocr_par' dir='ltr' id='par_1_27' title="bbox 178 2333 1780 2411">
     <span class='ocr_line' id='line_1_30' title="bbox 178 2333 1780 2411; baseline 0.007 -25"><span class='ocrx_word' id='word_1_117' title='bbox 178 2333 252 2386; x_wconf 80' lang='lat' dir='ltr'>ad</span> <span class='ocrx_word' id='word_1_118' title='bbox 280 2350 406 2388; x_wconf 81' lang='lat' dir='ltr'>eam</span> <span class='ocrx_word' id='word_1_119' title='bbox 435 2337 662 2411; x_wconf 63' lang='lat' dir='ltr'>mittere</span> <span class='ocrx_word' id='word_1_120' title='bbox 687 2333 808 2406; x_wconf 61' lang='lat' dir='ltr'>qua:</span> <span class='ocrx_word' id='word_1_121' title='bbox 852 2333 1125 2393; x_wconf 52' lang='lat' dir='ltr'>Hubertus&#39;</span> <span class='ocrx_word' id='word_1_122' title='bbox 1147 2339 1510 2395; x_wconf 60' lang='lat' dir='ltr'>subdiu-cmme-</span> <span class='ocrx_word' id='word_1_123' title='bbox 1559 2343 1673 2411; x_wconf 76' lang='lat' dir='ltr'>cjus</span> <span class='ocrx_word' id='word_1_124' title='bbox 1706 2343 1780 2397; x_wconf 79' lang='lat' dir='ltr'>le-</span> 
     </span>
    </p>
   </div>
   <div class='ocr_carea' id='block_1_28' title="bbox 179 2406 1245 2474">
    <p class='ocr_par' dir='ltr' id='par_1_28' title="bbox 179 2406 1245 2474">
     <span class='ocr_line' id='line_1_31' title="bbox 179 2406 1245 2474; baseline 0.008 -17"><span class='ocrx_word' id='word_1_125' title='bbox 179 2407 349 2474; x_wconf 76' lang='lat' dir='ltr'>gatus</span> <span class='ocrx_word' id='word_1_126' title='bbox 372 2406 665 2473; x_wconf 70' lang='lat' dir='ltr'>collegerat</span> <span class='ocrx_word' id='word_1_127' title='bbox 695 2423 767 2463; x_wconf 73' lang='lat' dir='ltr'>ex</span> <span class='ocrx_word' id='word_1_128' title='bbox 793 2425 957 2464; x_wconf 79' lang='lat' dir='ltr'>censu</span> <span class='ocrx_word' id='word_1_129' title='bbox 982 2412 1046 2464; x_wconf 92' lang='lat' dir='ltr'>B.</span> <span class='ocrx_word' id='word_1_130' title='bbox 1077 2413 1245 2466; x_wconf 73' lang='lat' dir='ltr'>Petri.</span> 
     </span>
    </p>
   </div>
   <div class='ocr_carea' id='block_1_29' title="bbox 753 2517 1156 2585">
    <p class='ocr_par' dir='ltr' id='par_1_29' title="bbox 753 2517 1156 2585">
     <span class='ocr_line' id='line_1_32' title="bbox 753 2517 1156 2585; baseline 0.005 -17"><span class='ocrx_word' id='word_1_131' title='bbox 753 2518 943 2584; x_wconf 88' lang='lat' dir='ltr'>(Anno</span> <span class='ocrx_word' id='word_1_132' title='bbox 974 2517 1156 2585; x_wconf 84' lang='grc'>1089.)</span> 
     </span>
    </p>
   </div>
   <div class='ocr_carea' id='block_1_30' title="bbox 547 2619 1367 2694">
    <p class='ocr_par' dir='ltr' id='par_1_30' title="bbox 547 2619 1367 2694">
     <span class='ocr_line' id='line_1_33' title="bbox 547 2619 1367 2694; baseline 0.002 -18"><span class='ocrx_word' id='word_1_133' title='bbox 547 2619 706 2693; x_wconf 82' lang='lat' dir='ltr'>[0pp.</span> <span class='ocrx_word' id='word_1_134' title='bbox 743 2619 797 2677; x_wconf 90' lang='lat' dir='ltr'>S.</span> <span class='ocrx_word' id='word_1_135' title='bbox 831 2624 1094 2688; x_wconf 80' lang='lat' dir='ltr'>Anselmi,</span> <span class='ocrx_word' id='word_1_136' title='bbox 1129 2640 1184 2694; x_wconf 92' lang='lat' dir='ltr'>p.</span> <span class='ocrx_word' id='word_1_137' title='bbox 1218 2625 1367 2692; x_wconf 66' lang='lat'>353.1,</span> 
     </span>
    </p>
   </div>
   <div class='ocr_carea' id='block_1_31' title="bbox 189 2731 1780 2809">
    <p class='ocr_par' dir='ltr' id='par_1_31' title="bbox 189 2731 1780 2809">
     <span class='ocr_line' id='line_1_34' title="bbox 189 2731 1780 2809; baseline 0.008 -22"><span class='ocrx_word' id='word_1_138' title='bbox 189 2731 472 2790; x_wconf 64' lang='lat' dir='ltr'>Uasaxus</span> <span class='ocrx_word' id='word_1_139' title='bbox 488 2735 1035 2807; x_wconf 86' lang='lat' dir='ltr'>episcopus,servus</span> <span class='ocrx_word' id='word_1_140' title='bbox 1053 2755 1353 2794; x_wconf 85' lang='lat' dir='ltr'>servorum</span> <span class='ocrx_word' id='word_1_141' title='bbox 1374 2741 1494 2809; x_wconf 90' lang='lat' dir='ltr'>Dei,</span> <span class='ocrx_word' id='word_1_142' title='bbox 1509 2745 1780 2801; x_wconf 62' lang='lat' dir='ltr'>Assumo</span> 
     </span>
    </p>
   </div>
   <div class='ocr_carea' id='block_1_32' title="bbox 111 2821 1774 2905">
    <p class='ocr_par' dir='ltr' id='par_1_32' title="bbox 111 2821 1774 2905">
     <span class='ocr_line' id='line_1_35' title="bbox 111 2821 1774 2905; baseline 0.01 -31"><span class='ocrx_word' id='word_1_143' title='bbox 111 2821 436 2882; x_wconf 75' lang='lat' dir='ltr'>venerabili</span> <span class='ocrx_word' id='word_1_144' title='bbox 468 2826 528 2880; x_wconf 88' lang='lat' dir='ltr'>et</span> <span class='ocrx_word' id='word_1_145' title='bbox 557 2823 940 2883; x_wconf 84' lang='lat' dir='ltr'>dilectissimo</span> <span class='ocrx_word' id='word_1_146' title='bbox 967 2827 1442 2896; x_wconf 85' lang='lat' dir='ltr'>abbati,salutem</span> <span class='ocrx_word' id='word_1_147' title='bbox 1466 2836 1523 2886; x_wconf 89' lang='lat' dir='ltr'>et</span> <span class='ocrx_word' id='word_1_148' title='bbox 1542 2837 1774 2905; x_wconf 87' lang='lat' dir='ltr'>aposto-</span> 
     </span>
    </p>
   </div>
   <div class='ocr_carea' id='block_1_33' title="bbox 119 2908 823 2970">
    <p class='ocr_par' dir='ltr' id='par_1_33' title="bbox 119 2908 823 2970">
     <span class='ocr_line' id='line_1_36' title="bbox 119 2908 823 2970; baseline 0.009 -6"><span class='ocrx_word' id='word_1_149' title='bbox 119 2908 297 2966; x_wconf 81' lang='lat' dir='ltr'>licam</span> <span class='ocrx_word' id='word_1_150' title='bbox 327 2911 823 2970; x_wconf 80' lang='lat' dir='ltr'>benedictionem.</span> 
     </span>
    </p>
   </div>
   <div class='ocr_carea' id='block_1_34' title="bbox 193 2998 1779 3079">
    <p class='ocr_par' dir='ltr' id='par_1_34' title="bbox 193 2998 1779 3079">
     <span class='ocr_line' id='line_1_37' title="bbox 193 2998 1779 3079; baseline 0.008 -25"><span class='ocrx_word' id='word_1_151' title='bbox 193 2998 519 3072; x_wconf 75' lang='lat' dir='ltr'>Religionis</span> <span class='ocrx_word' id='word_1_152' title='bbox 540 3019 608 3060; x_wconf 85' lang='lat' dir='ltr'>ac</span> <span class='ocrx_word' id='word_1_153' title='bbox 635 3002 891 3062; x_wconf 65' lang='lat' dir='ltr'>scientia</span> <span class='ocrx_word' id='word_1_154' title='bbox 913 3009 1023 3060; x_wconf 69' lang='lat' dir='ltr'>tute</span> <span class='ocrx_word' id='word_1_155' title='bbox 1045 3008 1484 3079; x_wconf 62' lang='lat' dir='ltr'>praerogativam</span> <span class='ocrx_word' id='word_1_156' title='bbox 1506 3010 1779 3077; x_wconf 82' lang='lat' dir='ltr'>scientes,</span> 
     </span>
    </p>
   </div>
   <div class='ocr_carea' id='block_1_35' title="bbox 115 3085 1783 3170">
    <p class='ocr_par' dir='ltr' id='par_1_35' title="bbox 115 3085 1783 3170">
     <span class='ocr_line' id='line_1_38' title="bbox 115 3085 1783 3170; baseline 0.008 -27"><span class='ocrx_word' id='word_1_157' title='bbox 115 3085 458 3146; x_wconf 79' lang='lat' dir='ltr'>Belvacensi</span> <span class='ocrx_word' id='word_1_158' title='bbox 487 3090 911 3164; x_wconf 73' lang='lat' dir='ltr'>episcopoquze</span> <span class='ocrx_word' id='word_1_159' title='bbox 934 3092 996 3148; x_wconf 93' lang='lat' dir='ltr'>in</span> <span class='ocrx_word' id='word_1_160' title='bbox 1017 3095 1144 3165; x_wconf 77' lang='lat' dir='ltr'>eius</span> <span class='ocrx_word' id='word_1_161' title='bbox 1165 3096 1531 3154; x_wconf 82' lang='lat' dir='ltr'>ordinatione</span> <span class='ocrx_word' id='word_1_162' title='bbox 1560 3099 1783 3170; x_wconf 78' lang='lat' dir='ltr'>injuste.</span> 
     </span>
    </p>
   </div>
   <div class='ocr_carea' id='block_1_36' title="bbox 114 3175 1779 3249">
    <p class='ocr_par' dir='ltr' id='par_1_36' title="bbox 114 3175 1779 3249">
     <span class='ocr_line' id='line_1_39' title="bbox 114 3175 1779 3249; baseline 0.009 -19"><span class='ocrx_word' id='word_1_163' title='bbox 114 3175 491 3249; x_wconf 80' lang='lat' dir='ltr'>videbantur,</span> <span class='ocrx_word' id='word_1_164' title='bbox 524 3179 906 3249; x_wconf 86' lang='lat' dir='ltr'>indulsimus,</span> <span class='ocrx_word' id='word_1_165' title='bbox 930 3187 986 3240; x_wconf 89' lang='lat' dir='ltr'>et</span> <span class='ocrx_word' id='word_1_166' title='bbox 1015 3183 1075 3239; x_wconf 92' lang='lat' dir='ltr'>in</span> <span class='ocrx_word' id='word_1_167' title='bbox 1107 3189 1216 3239; x_wconf 66' lang='lat' dir='ltr'>tum</span> <span class='ocrx_word' id='word_1_168' title='bbox 1252 3187 1444 3242; x_wconf 90' lang='lat' dir='ltr'>studio</span> <span class='ocrx_word' id='word_1_169' title='bbox 1476 3187 1779 3245; x_wconf 67' lang='lat' dir='ltr'>industria;</span> 
     </span>
    </p>
   </div>
   <div class='ocr_carea' id='block_1_37' title="bbox 113 3251 1848 3354">
    <p class='ocr_par' dir='ltr' id='par_1_37' title="bbox 113 3251 1848 3354">
     <span class='ocr_line' id='line_1_40' title="bbox 113 3251 1848 3354; baseline 0.009 -32"><span class='ocrx_word' id='word_1_170' title='bbox 113 3268 482 3325; x_wconf 86' lang='lat' dir='ltr'>conﬁdentes</span> <span class='ocrx_word' id='word_1_171' title='bbox 499 3286 704 3326; x_wconf 86' lang='lat' dir='ltr'>curam</span> <span class='ocrx_word' id='word_1_172' title='bbox 725 3271 776 3328; x_wconf 91' lang='lat' dir='ltr'>ei</span> <span class='ocrx_word' id='word_1_173' title='bbox 798 3272 1168 3347; x_wconf 82' lang='lat' dir='ltr'>episcopatus</span> <span class='ocrx_word' id='word_1_174' title='bbox 1191 3275 1368 3332; x_wconf 88' lang='lat' dir='ltr'>invito</span> <span class='ocrx_word' id='word_1_175' title='bbox 1388 3277 1775 3354; x_wconf 84' lang='lat' dir='ltr'>renitentique</span> <span class='ocrx_word' id='word_1_176' title='bbox 1806 3251 1848 3318; x_wconf 75' lang='lat' dir='ltr'>C</span> 
     </span>
    </p>
   </div>
   <div class='ocr_carea' id='block_1_38' title="bbox 111 3355 1774 3434">
    <p class='ocr_par' dir='ltr' id='par_1_38' title="bbox 111 3355 1774 3434">
     <span class='ocr_line' id='line_1_41' title="bbox 111 3355 1774 3434; baseline 0.01 -24"><span class='ocrx_word' id='word_1_177' title='bbox 111 3355 507 3427; x_wconf 85' lang='lat' dir='ltr'>injunximus.</span> <span class='ocrx_word' id='word_1_178' title='bbox 549 3359 714 3416; x_wconf 87' lang='lat' dir='ltr'>Nunc</span> <span class='ocrx_word' id='word_1_179' title='bbox 759 3377 894 3434; x_wconf 88' lang='lat' dir='ltr'>ergo</span> <span class='ocrx_word' id='word_1_180' title='bbox 952 3362 1057 3418; x_wconf 84' lang='lat' dir='ltr'>tibi</span> <span class='ocrx_word' id='word_1_181' title='bbox 1105 3380 1239 3420; x_wconf 89' lang='lat' dir='ltr'>eum</span> <span class='ocrx_word' id='word_1_182' title='bbox 1291 3369 1774 3426; x_wconf 84' lang='lat' dir='ltr'>commendamus</span> 
     </span>
    </p>
   </div>
   <div class='ocr_carea' id='block_1_39' title="bbox 111 3445 1776 3530">
    <p class='ocr_par' dir='ltr' id='par_1_39' title="bbox 111 3445 1776 3530">
     <span class='ocr_line' id='line_1_42' title="bbox 111 3445 1776 3530; baseline 0.009 -31"><span class='ocrx_word' id='word_1_183' title='bbox 111 3445 732 3518; x_wconf 83' lang='lat' dir='ltr'>attentius,quatenus</span> <span class='ocrx_word' id='word_1_184' title='bbox 764 3450 814 3504; x_wconf 91' lang='lat' dir='ltr'>ei</span> <span class='ocrx_word' id='word_1_185' title='bbox 847 3450 904 3506; x_wconf 92' lang='lat' dir='ltr'>in</span> <span class='ocrx_word' id='word_1_186' title='bbox 938 3451 1215 3509; x_wconf 89' lang='lat' dir='ltr'>omnibus</span> <span class='ocrx_word' id='word_1_187' title='bbox 1243 3457 1308 3508; x_wconf 86' lang='lat' dir='ltr'>ut</span> <span class='ocrx_word' id='word_1_188' title='bbox 1333 3454 1452 3510; x_wconf 86' lang='lat' dir='ltr'>ﬁlio</span> <span class='ocrx_word' id='word_1_189' title='bbox 1481 3461 1581 3512; x_wconf 90' lang='lat' dir='ltr'>tuo</span> <span class='ocrx_word' id='word_1_190' title='bbox 1611 3458 1776 3530; x_wconf 90' lang='lat' dir='ltr'>adju-</span> 
     </span>
    </p>
   </div>
   <div class='ocr_carea' id='block_1_40' title="bbox 111 3534 1774 3614">
    <p class='ocr_par' dir='ltr' id='par_1_40' title="bbox 111 3534 1774 3614">
     <span class='ocr_line' id='line_1_43' title="bbox 111 3534 1774 3614; baseline 0.01 -26"><span class='ocrx_word' id='word_1_191' title='bbox 111 3541 221 3601; x_wconf 79' lang='lat' dir='ltr'>tor,</span> <span class='ocrx_word' id='word_1_192' title='bbox 255 3534 535 3600; x_wconf 81' lang='lat' dir='ltr'>monitor,</span> <span class='ocrx_word' id='word_1_193' title='bbox 558 3543 850 3594; x_wconf 90' lang='lat' dir='ltr'>corrector</span> <span class='ocrx_word' id='word_1_194' title='bbox 878 3543 1054 3610; x_wconf 89' lang='lat' dir='ltr'>atque</span> <span class='ocrx_word' id='word_1_195' title='bbox 1079 3541 1380 3598; x_wconf 86' lang='lat' dir='ltr'>consultor</span> <span class='ocrx_word' id='word_1_196' title='bbox 1409 3545 1684 3614; x_wconf 86' lang='lat' dir='ltr'>assistas;</span> <span class='ocrx_word' id='word_1_197' title='bbox 1717 3552 1774 3604; x_wconf 88' lang='lat' dir='ltr'>et</span> 
     </span>
    </p>
   </div>
   <div class='ocr_carea' id='block_1_41' title="bbox 109 3621 1771 3700">
    <p class='ocr_par' dir='ltr' id='par_1_41' title="bbox 109 3621 1771 3700">
     <span class='ocr_line' id='line_1_44' title="bbox 109 3621 1771 3700; baseline 0.008 -24"><span class='ocrx_word' id='word_1_198' title='bbox 109 3637 247 3676; x_wconf 88' lang='lat' dir='ltr'>cum</span> <span class='ocrx_word' id='word_1_199' title='bbox 268 3621 409 3694; x_wconf 82' lang='lat' dir='ltr'>ipse</span> <span class='ocrx_word' id='word_1_200' title='bbox 447 3623 657 3680; x_wconf 86' lang='lat' dir='ltr'>adesse</span> <span class='ocrx_word' id='word_1_201' title='bbox 705 3627 1056 3697; x_wconf 82' lang='lat' dir='ltr'>nequiveris,</span> <span class='ocrx_word' id='word_1_202' title='bbox 1090 3629 1414 3700; x_wconf 89' lang='lat' dir='ltr'>quemlibet</span> <span class='ocrx_word' id='word_1_203' title='bbox 1444 3633 1494 3687; x_wconf 89' lang='lat' dir='ltr'>ei</span> <span class='ocrx_word' id='word_1_204' title='bbox 1527 3633 1771 3691; x_wconf 83' lang='lat' dir='ltr'>fratrum</span> 
     </span>
    </p>
   </div>
   <div class='ocr_carea' id='block_1_42' title="bbox 107 3712 1772 3788">
    <p class='ocr_par' dir='ltr' id='par_1_42' title="bbox 107 3712 1772 3788">
     <span class='ocr_line' id='line_1_45' title="bbox 107 3712 1772 3788; baseline 0.009 -23"><span class='ocrx_word' id='word_1_205' title='bbox 107 3715 353 3766; x_wconf 82' lang='lat' dir='ltr'>tuorum</span> <span class='ocrx_word' id='word_1_206' title='bbox 384 3712 510 3782; x_wconf 81' lang='lat' dir='ltr'>(qui</span> <span class='ocrx_word' id='word_1_207' title='bbox 542 3730 720 3785; x_wconf 88' lang='lat' dir='ltr'>super</span> <span class='ocrx_word' id='word_1_208' title='bbox 770 3714 962 3787; x_wconf 89' lang='lat' dir='ltr'>ipsum</span> <span class='ocrx_word' id='word_1_209' title='bbox 1011 3716 1300 3788; x_wconf 88' lang='lat' dir='ltr'>spirituali</span> <span class='ocrx_word' id='word_1_210' title='bbox 1333 3720 1454 3776; x_wconf 86' lang='lat' dir='ltr'>zelo</span> <span class='ocrx_word' id='word_1_211' title='bbox 1484 3722 1772 3780; x_wconf 90' lang='lat' dir='ltr'>sollicitus</span> 
     </span>
    </p>
   </div>
   <div class='ocr_carea' id='block_1_43' title="bbox 109 3798 1773 3879">
    <p class='ocr_par' dir='ltr' id='par_1_43' title="bbox 109 3798 1773 3879">
     <span class='ocr_line' id='line_1_46' title="bbox 109 3798 1773 3879; baseline 0.009 -27"><span class='ocrx_word' id='word_1_212' title='bbox 109 3798 207 3869; x_wconf 87' lang='lat' dir='ltr'>sit)</span> <span class='ocrx_word' id='word_1_213' title='bbox 235 3804 586 3871; x_wconf 79' lang='lat' dir='ltr'>praesentem</span> <span class='ocrx_word' id='word_1_214' title='bbox 618 3818 748 3858; x_wconf 89' lang='lat' dir='ltr'>esse</span> <span class='ocrx_word' id='word_1_215' title='bbox 777 3804 1106 3871; x_wconf 84' lang='lat' dir='ltr'>mandabis,</span> <span class='ocrx_word' id='word_1_216' title='bbox 1134 3809 1199 3860; x_wconf 88' lang='lat' dir='ltr'>ut</span> <span class='ocrx_word' id='word_1_217' title='bbox 1229 3809 1382 3877; x_wconf 89' lang='lat' dir='ltr'>quod</span> <span class='ocrx_word' id='word_1_218' title='bbox 1416 3809 1475 3864; x_wconf 91' lang='lat' dir='ltr'>in</span> <span class='ocrx_word' id='word_1_219' title='bbox 1505 3810 1634 3879; x_wconf 84' lang='lat' dir='ltr'>ejus</span> <span class='ocrx_word' id='word_1_220' title='bbox 1665 3811 1773 3866; x_wconf 91' lang='lat' dir='ltr'>ini-</span> 
     </span>
    </p>
   </div>
   <div class='ocr_carea' id='block_1_44' title="bbox 109 3885 1769 3969">
    <p class='ocr_par' dir='ltr' id='par_1_44' title="bbox 109 3885 1769 3969">
     <span class='ocr_line' id='line_1_47' title="bbox 109 3885 1769 3969; baseline 0.01 -29"><span class='ocrx_word' id='word_1_221' title='bbox 109 3885 209 3942; x_wconf 84' lang='lat' dir='ltr'>tiis</span> <span class='ocrx_word' id='word_1_222' title='bbox 241 3887 445 3944; x_wconf 86' lang='lat' dir='ltr'>minus</span> <span class='ocrx_word' id='word_1_223' title='bbox 473 3891 820 3947; x_wconf 88' lang='lat' dir='ltr'>canonicum</span> <span class='ocrx_word' id='word_1_224' title='bbox 860 3893 1141 3960; x_wconf 87' lang='lat' dir='ltr'>cernitur,</span> <span class='ocrx_word' id='word_1_225' title='bbox 1176 3895 1346 3952; x_wconf 88' lang='lat' dir='ltr'>bonis</span> <span class='ocrx_word' id='word_1_226' title='bbox 1379 3897 1435 3952; x_wconf 93' lang='lat' dir='ltr'>in</span> <span class='ocrx_word' id='word_1_227' title='bbox 1469 3903 1769 3969; x_wconf 88' lang='lat' dir='ltr'>posterum</span> 
     </span>
    </p>
   </div>
   <div class='ocr_carea' id='block_1_45' title="bbox 110 3976 1772 4060">
    <p class='ocr_par' dir='ltr' id='par_1_45' title="bbox 110 3976 1772 4060">
     <span class='ocr_line' id='line_1_48' title="bbox 110 3976 1772 4060; baseline 0.008 -30"><span class='ocrx_word' id='word_1_228' title='bbox 110 3976 476 4046; x_wconf 81' lang='lat' dir='ltr'>profectibus</span> <span class='ocrx_word' id='word_1_229' title='bbox 494 3977 684 4034; x_wconf 85' lang='lat' dir='ltr'>valeat</span> <span class='ocrx_word' id='word_1_230' title='bbox 700 3983 946 4052; x_wconf 82' lang='lat' dir='ltr'>operari.</span> <span class='ocrx_word' id='word_1_231' title='bbox 964 3981 1020 4037; x_wconf 92' lang='lat' dir='ltr'>Si</span> <span class='ocrx_word' id='word_1_232' title='bbox 1048 3982 1192 4054; x_wconf 90' lang='lat' dir='ltr'>quid</span> <span class='ocrx_word' id='word_1_233' title='bbox 1214 3990 1407 4040; x_wconf 85' lang='lat' dir='ltr'>autem</span> <span class='ocrx_word' id='word_1_234' title='bbox 1432 3986 1538 4041; x_wconf 86' lang='lat' dir='ltr'>tibi</span> <span class='ocrx_word' id='word_1_235' title='bbox 1562 3988 1646 4044; x_wconf 88' lang='lat' dir='ltr'>vel</span> <span class='ocrx_word' id='word_1_236' title='bbox 1671 4006 1772 4060; x_wconf 89' lang='lat' dir='ltr'>per</span> 
     </span>
    </p>
   </div>
   <div class='ocr_carea' id='block_1_46' title="bbox 110 4065 1768 4145">
    <p class='ocr_par' dir='ltr' id='par_1_46' title="bbox 110 4065 1768 4145">
     <span class='ocr_line' id='line_1_49' title="bbox 110 4065 1768 4145; baseline 0.008 -26"><span class='ocrx_word' id='word_1_237' title='bbox 110 4065 388 4120; x_wconf 86' lang='lat' dir='ltr'>eumdem</span> <span class='ocrx_word' id='word_1_238' title='bbox 447 4065 850 4125; x_wconf 84' lang='lat' dir='ltr'>Belvacensem</span> <span class='ocrx_word' id='word_1_239' title='bbox 908 4070 1378 4142; x_wconf 88' lang='lat' dir='ltr'>episcopum,vel</span> <span class='ocrx_word' id='word_1_240' title='bbox 1419 4091 1524 4145; x_wconf 87' lang='lat' dir='ltr'>per</span> <span class='ocrx_word' id='word_1_241' title='bbox 1579 4076 1768 4133; x_wconf 83' lang='lat' dir='ltr'>ﬁlium</span> 
     </span>
    </p>
   </div>
   <div class='ocr_carea' id='block_1_47' title="bbox 111 4155 1770 4227">
    <p class='ocr_par' dir='ltr' id='par_1_47' title="bbox 111 4155 1770 4227">
     <span class='ocr_line' id='line_1_50' title="bbox 111 4155 1770 4227; baseline 0.009 -19"><span class='ocrx_word' id='word_1_242' title='bbox 111 4157 384 4209; x_wconf 85' lang='lat' dir='ltr'>nostrum</span> <span class='ocrx_word' id='word_1_243' title='bbox 419 4155 709 4227; x_wconf 80' lang='lat' dir='ltr'>Rogerum</span> <span class='ocrx_word' id='word_1_244' title='bbox 741 4158 812 4214; x_wconf 89' lang='lat' dir='ltr'>de</span> <span class='ocrx_word' id='word_1_245' title='bbox 842 4159 1076 4216; x_wconf 83' lang='lat' dir='ltr'>servitio</span> <span class='ocrx_word' id='word_1_246' title='bbox 1116 4161 1174 4215; x_wconf 92' lang='lat' dir='ltr'>S.</span> <span class='ocrx_word' id='word_1_247' title='bbox 1201 4162 1472 4218; x_wconf 74' lang='lat' dir='ltr'>Romanae</span> <span class='ocrx_word' id='word_1_248' title='bbox 1507 4164 1770 4222; x_wconf 74' lang='lat' dir='ltr'>Ecclesiae</span> 
     </span>
    </p>
   </div>
   <div class='ocr_carea' id='block_1_48' title="bbox 112 4242 1767 4327">
    <p class='ocr_par' dir='ltr' id='par_1_48' title="bbox 112 4242 1767 4327">
     <span class='ocr_line' id='line_1_51' title="bbox 112 4242 1767 4327; baseline 0.01 -31"><span class='ocrx_word' id='word_1_249' title='bbox 112 4242 554 4311; x_wconf 78' lang='lat' dir='ltr'>mandabimus,</span> <span class='ocrx_word' id='word_1_250' title='bbox 575 4249 640 4300; x_wconf 91' lang='lat' dir='ltr'>ut</span> <span class='ocrx_word' id='word_1_251' title='bbox 665 4245 840 4304; x_wconf 87' lang='lat' dir='ltr'>talem</span> <span class='ocrx_word' id='word_1_252' title='bbox 872 4249 1061 4304; x_wconf 84' lang='lat' dir='ltr'>virum</span> <span class='ocrx_word' id='word_1_253' title='bbox 1091 4250 1272 4314; x_wconf 89' lang='lat' dir='ltr'>decet,</span> <span class='ocrx_word' id='word_1_254' title='bbox 1301 4250 1551 4324; x_wconf 84' lang='lat' dir='ltr'>impiger</span> <span class='ocrx_word' id='word_1_255' title='bbox 1579 4259 1636 4310; x_wconf 92' lang='lat' dir='ltr'>et</span> <span class='ocrx_word' id='word_1_256' title='bbox 1666 4273 1767 4327; x_wconf 89' lang='lat' dir='ltr'>pa-</span> 
     </span>
    </p>
   </div>
   <div class='ocr_carea' id='block_1_49' title="bbox 111 4331 1768 4405">
    <p class='ocr_par' dir='ltr' id='par_1_49' title="bbox 111 4331 1768 4405">
     <span class='ocr_line' id='line_1_52' title="bbox 111 4331 1768 4405; baseline 0.01 -21"><span class='ocrx_word' id='word_1_257' title='bbox 111 4331 451 4386; x_wconf 84' lang='lat' dir='ltr'>ratissimus</span> <span class='ocrx_word' id='word_1_258' title='bbox 473 4335 987 4405; x_wconf 83' lang='lat' dir='ltr'>exsequeris.Sane</span> <span class='ocrx_word' id='word_1_259' title='bbox 1013 4339 1365 4395; x_wconf 90' lang='lat' dir='ltr'>monachum</span> <span class='ocrx_word' id='word_1_260' title='bbox 1397 4344 1565 4396; x_wconf 89' lang='lat' dir='ltr'>tuum</span> <span class='ocrx_word' id='word_1_261' title='bbox 1587 4343 1768 4399; x_wconf 89' lang='lat' dir='ltr'>Joan-</span> 
     </span>
    </p>
   </div>
   <div class='ocr_carea' id='block_1_50' title="bbox 111 4422 1766 4497">
    <p class='ocr_par' dir='ltr' id='par_1_50' title="bbox 111 4422 1766 4497">
     <span class='ocr_line' id='line_1_53' title="bbox 111 4422 1766 4497; baseline 0.008 -23"><span class='ocrx_word' id='word_1_262' title='bbox 111 4435 248 4475; x_wconf 86' lang='lat' dir='ltr'>nem</span> <span class='ocrx_word' id='word_1_263' title='bbox 291 4424 501 4475; x_wconf 80' lang='lat' dir='ltr'>nostrae</span> <span class='ocrx_word' id='word_1_264' title='bbox 534 4422 800 4479; x_wconf 70' lang='lat' dir='ltr'>Ecclesiae</span> <span class='ocrx_word' id='word_1_265' title='bbox 833 4424 1017 4480; x_wconf 88' lang='lat' dir='ltr'>ﬁlium</span> <span class='ocrx_word' id='word_1_266' title='bbox 1050 4426 1206 4497; x_wconf 84' lang='lat' dir='ltr'>apud</span> <span class='ocrx_word' id='word_1_267' title='bbox 1255 4444 1362 4482; x_wconf 90' lang='lat' dir='ltr'>nos</span> <span class='ocrx_word' id='word_1_268' title='bbox 1392 4429 1641 4487; x_wconf 89' lang='lat' dir='ltr'>retinere</span> <span class='ocrx_word' id='word_1_269' title='bbox 1671 4449 1766 4487; x_wconf 91' lang='lat' dir='ltr'>vo-</span> 
     </span>
    </p>
   </div>
   <div class='ocr_carea' id='block_1_51' title="bbox 107 4506 1768 4590">
    <p class='ocr_par' dir='ltr' id='par_1_51' title="bbox 107 4506 1768 4590">
     <span class='ocr_line' id='line_1_54' title="bbox 107 4506 1768 4590; baseline 0.008 -28"><span class='ocrx_word' id='word_1_270' title='bbox 107 4506 370 4567; x_wconf 77' lang='lat' dir='ltr'>luimus:</span> <span class='ocrx_word' id='word_1_271' title='bbox 402 4525 578 4581; x_wconf 88' lang='lat' dir='ltr'>super</span> <span class='ocrx_word' id='word_1_272' title='bbox 607 4528 724 4584; x_wconf 90' lang='lat' dir='ltr'>quo</span> <span class='ocrx_word' id='word_1_273' title='bbox 753 4511 813 4567; x_wconf 90' lang='lat' dir='ltr'>in</span> <span class='ocrx_word' id='word_1_274' title='bbox 844 4530 946 4569; x_wconf 90' lang='lat' dir='ltr'>vos</span> <span class='ocrx_word' id='word_1_275' title='bbox 982 4514 1220 4586; x_wconf 84' lang='lat' dir='ltr'>querela</span> <span class='ocrx_word' id='word_1_276' title='bbox 1249 4515 1523 4574; x_wconf 54' lang='lat' dir='ltr'>Romanis</span> <span class='ocrx_word' id='word_1_277' title='bbox 1554 4521 1768 4590; x_wconf 88' lang='lat' dir='ltr'>pendet</span> 
     </span>
    </p>
   </div>
   <div class='ocr_carea' id='block_1_52' title="bbox 1919 605 3568 701">
    <p class='ocr_par' dir='ltr' id='par_1_52' title="bbox 1919 605 3568 701">
     <span class='ocr_line' id='line_1_55' title="bbox 1919 605 3568 701; baseline 0.012 -47"><span class='ocrx_word' id='word_1_278' title='bbox 1919 615 2098 673; x_wconf 86' lang='lat' dir='ltr'>regno</span> <span class='ocrx_word' id='word_1_279' title='bbox 2129 605 2433 678; x_wconf 89' lang='lat' dir='ltr'>acceperit,</span> <span class='ocrx_word' id='word_1_280' title='bbox 2459 608 2644 666; x_wconf 88' lang='lat' dir='ltr'>multa</span> <span class='ocrx_word' id='word_1_281' title='bbox 2673 627 2740 666; x_wconf 80' lang='lat' dir='ltr'>ex</span> <span class='ocrx_word' id='word_1_282' title='bbox 2774 629 2952 669; x_wconf 91' lang='lat' dir='ltr'>censu</span> <span class='ocrx_word' id='word_1_283' title='bbox 2979 613 3129 670; x_wconf 88' lang='lat' dir='ltr'>beati</span> <span class='ocrx_word' id='word_1_284' title='bbox 3163 615 3316 672; x_wconf 89' lang='lat' dir='ltr'>Petri</span> <span class='ocrx_word' id='word_1_285' title='bbox 3353 617 3568 701; x_wconf 65' lang='lat' dir='ltr'>dicitur</span> 
     </span>
    </p>
   </div>
   <div class='ocr_carea' id='block_1_53' title="bbox 1918 689 3571 771">
    <p class='ocr_par' dir='ltr' id='par_1_53' title="bbox 1918 689 3571 771">
     <span class='ocr_line' id='line_1_56' title="bbox 1918 689 3571 771; baseline 0.011 -27"><span class='ocrx_word' id='word_1_286' title='bbox 1918 689 2249 764; x_wconf 84' lang='lat' dir='ltr'>collegisse;</span> <span class='ocrx_word' id='word_1_287' title='bbox 2275 711 2401 768; x_wconf 70' lang='lat' dir='ltr'>quae</span> <span class='ocrx_word' id='word_1_288' title='bbox 2427 697 2475 752; x_wconf 91' lang='lat' dir='ltr'>si</span> <span class='ocrx_word' id='word_1_289' title='bbox 2510 701 2661 770; x_wconf 86' lang='lat' dir='ltr'>apud</span> <span class='ocrx_word' id='word_1_290' title='bbox 2687 718 2787 758; x_wconf 89' lang='lat' dir='ltr'>vos</span> <span class='ocrx_word' id='word_1_291' title='bbox 2813 707 2972 771; x_wconf 88' lang='lat' dir='ltr'>sunt,</span> <span class='ocrx_word' id='word_1_292' title='bbox 2997 703 3172 760; x_wconf 90' lang='lat' dir='ltr'>citius</span> <span class='ocrx_word' id='word_1_293' title='bbox 3194 704 3263 760; x_wconf 85' lang='lat' dir='ltr'>ad</span> <span class='ocrx_word' id='word_1_294' title='bbox 3290 723 3396 761; x_wconf 91' lang='lat' dir='ltr'>nos</span> <span class='ocrx_word' id='word_1_295' title='bbox 3414 689 3571 762; x_wconf 65' lang='lat' dir='ltr'>volu-</span> 
     </span>
    </p>
   </div>
   <div class='ocr_carea' id='block_1_54' title="bbox 1917 781 3566 867">
    <p class='ocr_par' dir='ltr' id='par_1_54' title="bbox 1917 781 3566 867">
     <span class='ocr_line' id='line_1_57' title="bbox 1917 781 3566 867; baseline 0.012 -35"><span class='ocrx_word' id='word_1_296' title='bbox 1917 795 2049 835; x_wconf 89' lang='lat' dir='ltr'>mus</span> <span class='ocrx_word' id='word_1_297' title='bbox 2071 781 2348 839; x_wconf 88' lang='lat' dir='ltr'>destinari</span> <span class='ocrx_word' id='word_1_298' title='bbox 2371 789 2702 845; x_wconf 89' lang='lat' dir='ltr'>necessitati</span> <span class='ocrx_word' id='word_1_299' title='bbox 2725 796 2939 848; x_wconf 64' lang='lat' dir='ltr'>sanctae</span> <span class='ocrx_word' id='word_1_300' title='bbox 2957 792 3224 850; x_wconf 66' lang='lat' dir='ltr'>Ecclesiae</span> <span class='ocrx_word' id='word_1_301' title='bbox 3242 795 3566 867; x_wconf 84' lang='lat' dir='ltr'>profutura.</span> 
     </span>
    </p>
   </div>
   <div class='ocr_carea' id='block_1_55' title="bbox 1986 869 2803 949">
    <p class='ocr_par' dir='ltr' id='par_1_55' title="bbox 1986 869 2803 949">
     <span class='ocr_line' id='line_1_58' title="bbox 1986 869 2803 949; baseline 0.012 -26"><span class='ocrx_word' id='word_1_302' title='bbox 1986 869 2128 925; x_wconf 86' lang='lat' dir='ltr'>Data</span> <span class='ocrx_word' id='word_1_303' title='bbox 2158 872 2363 944; x_wconf 78' lang='lat' dir='ltr'>Capua:</span> <span class='ocrx_word' id='word_1_304' title='bbox 2396 875 2516 931; x_wconf 87' lang='lat' dir='ltr'>Kal.</span> <span class='ocrx_word' id='word_1_305' title='bbox 2552 880 2803 949; x_wconf 83' lang='lat' dir='ltr'>August.</span> 
     </span>
    </p>
   </div>
   <div class='ocr_carea' id='block_1_56' title="bbox 2646 969 2836 1024">
    <p class='ocr_par' dir='ltr' id='par_1_56' title="bbox 2646 969 2836 1024">
     <span class='ocr_line' id='line_1_59' title="bbox 2646 969 2836 1024; baseline 0.005 -1"><span class='ocrx_word' id='word_1_306' title='bbox 2646 969 2836 1024; x_wconf 79' lang='lat' dir='ltr'>XXIV.</span> 
     </span>
    </p>
   </div>
   <div class='ocr_carea' id='block_1_57' title="bbox 1915 1047 3560 1135">
    <p class='ocr_par' dir='ltr' id='par_1_57' title="bbox 1915 1047 3560 1135">
     <span class='ocr_line' id='line_1_60' title="bbox 1915 1047 3560 1135; baseline 0.009 -32"><span class='ocrx_word' id='word_1_307' title='bbox 1915 1047 2122 1104; x_wconf 80' lang='lat' dir='ltr'>Urbani</span> <span class='ocrx_word' id='word_1_308' title='bbox 2148 1053 2200 1106; x_wconf 88' lang='lat' dir='ltr'>Il</span> <span class='ocrx_word' id='word_1_309' title='bbox 2225 1055 2453 1124; x_wconf 77' lang='lat' dir='ltr'>epistola</span> <span class='ocrx_word' id='word_1_310' title='bbox 2488 1056 2558 1110; x_wconf 84' lang='lat' dir='ltr'>ad</span> <span class='ocrx_word' id='word_1_311' title='bbox 2596 1057 2860 1113; x_wconf 82' lang='lat' dir='ltr'>Pz&#39;bonem</span> <span class='ocrx_word' id='word_1_312' title='bbox 2895 1061 3196 1117; x_wconf 80' lang='lat' dir='ltr'>Tullensem</span> <span class='ocrx_word' id='word_1_313' title='bbox 3226 1065 3560 1135; x_wconf 73' lang='lat' dir='ltr'>episcopum.</span> 
     </span>
    </p>
   </div>
   <div class='ocr_carea' id='block_1_58' title="bbox 2534 1146 2940 1219">
    <p class='ocr_par' dir='ltr' id='par_1_58' title="bbox 2534 1146 2940 1219">
     <span class='ocr_line' id='line_1_61' title="bbox 2534 1146 2940 1219; baseline 0.007 -21"><span class='ocrx_word' id='word_1_314' title='bbox 2534 1146 2722 1212; x_wconf 80' lang='lat' dir='ltr'>(Anno</span> <span class='ocrx_word' id='word_1_315' title='bbox 2757 1146 2940 1219; x_wconf 84' lang='grc'>1089.)</span> 
     </span>
    </p>
   </div>
   <div class='ocr_carea' id='block_1_59' title="bbox 2344 1232 3118 1310">
    <p class='ocr_par' dir='ltr' id='par_1_59' title="bbox 2344 1232 3118 1310">
     <span class='ocr_line' id='line_1_62' title="bbox 2344 1232 3118 1310; baseline 0.009 -24"><span class='ocrx_word' id='word_1_316' title='bbox 2344 1232 2554 1302; x_wconf 63' lang='grc' dir='ltr'>[ΜΑΝει</span> <span class='ocrx_word' id='word_1_317' title='bbox 2589 1235 2792 1290; x_wconf 79' lang='lat' dir='ltr'>Conci&#39;l.</span> <span class='ocrx_word' id='word_1_318' title='bbox 2823 1237 2934 1305; x_wconf 80' lang='lat' dir='ltr'>XX,</span> <span class='ocrx_word' id='word_1_319' title='bbox 2966 1239 3118 1310; x_wconf 81' lang='lat'>676.]</span> 
     </span>
    </p>
   </div>
   <div class='ocr_carea' id='block_1_60' title="bbox 1979 1315 3559 1394">
    <p class='ocr_par' dir='ltr' id='par_1_60' title="bbox 1979 1315 3559 1394">
     <span class='ocr_line' id='line_1_63' title="bbox 1979 1315 3559 1394; baseline 0.011 -24"><span class='ocrx_word' id='word_1_320' title='bbox 1979 1315 2256 1374; x_wconf 74' lang='lat' dir='ltr'>URBANUS</span> <span class='ocrx_word' id='word_1_321' title='bbox 2287 1321 2615 1394; x_wconf 89' lang='lat' dir='ltr'>episcopus,</span> <span class='ocrx_word' id='word_1_322' title='bbox 2641 1341 2843 1380; x_wconf 89' lang='lat' dir='ltr'>servus</span> <span class='ocrx_word' id='word_1_323' title='bbox 2871 1342 3168 1383; x_wconf 89' lang='lat' dir='ltr'>servorum</span> <span class='ocrx_word' id='word_1_324' title='bbox 3204 1328 3326 1394; x_wconf 90' lang='lat' dir='ltr'>Dei,</span> <span class='ocrx_word' id='word_1_325' title='bbox 3349 1329 3559 1387; x_wconf 87' lang='lat' dir='ltr'>dilecto</span> 
     </span>
    </p>
   </div>
   <div class='ocr_carea' id='block_1_61' title="bbox 1906 1403 3556 1490">
    <p class='ocr_par' dir='ltr' id='par_1_61' title="bbox 1906 1403 3556 1490">
     <span class='ocr_line' id='line_1_64' title="bbox 1906 1403 3556 1490; baseline 0.012 -33"><span class='ocrx_word' id='word_1_326' title='bbox 1906 1403 2066 1459; x_wconf 86' lang='lat' dir='ltr'>fratri</span> <span class='ocrx_word' id='word_1_327' title='bbox 2102 1406 2300 1463; x_wconf 78' lang='lat' dir='ltr'>Pmom</span> <span class='ocrx_word' id='word_1_328' title='bbox 2331 1410 2590 1466; x_wconf 86' lang='lat' dir='ltr'>Tullensi</span> <span class='ocrx_word' id='word_1_329' title='bbox 2625 1413 2920 1486; x_wconf 89' lang='lat' dir='ltr'>episcopo,</span> <span class='ocrx_word' id='word_1_330' title='bbox 2956 1416 3206 1472; x_wconf 86' lang='lat' dir='ltr'>salutem</span> <span class='ocrx_word' id='word_1_331' title='bbox 3239 1422 3296 1474; x_wconf 89' lang='lat' dir='ltr'>et</span> <span class='ocrx_word' id='word_1_332' title='bbox 3327 1423 3556 1490; x_wconf 88' lang='lat' dir='ltr'>aposto-</span> 
     </span>
    </p>
   </div>
   <div class='ocr_carea' id='block_1_62' title="bbox 1902 1491 3109 1575">
    <p class='ocr_par' dir='ltr' id='par_1_62' title="bbox 1902 1491 3109 1575">
     <span class='ocr_line' id='line_1_65' title="bbox 1902 1491 3109 1575; baseline 0.012 -29"><span class='ocrx_word' id='word_1_333' title='bbox 1902 1491 2076 1549; x_wconf 84' lang='lat' dir='ltr'>licam</span> <span class='ocrx_word' id='word_1_334' title='bbox 2106 1496 2594 1555; x_wconf 88' lang='lat' dir='ltr'>benedictionem.</span> <span class='ocrx_word' id='word_1_335' title='bbox 3103 1567 3109 1575; x_wconf 53' lang='grc'><em>,</em></span> 
     </span>
    </p>
   </div>
   <div class='ocr_carea' id='block_1_63' title="bbox 1971 1586 3558 1664">
    <p class='ocr_par' dir='ltr' id='par_1_63' title="bbox 1971 1586 3558 1664">
     <span class='ocr_line' id='line_1_66' title="bbox 1971 1586 3558 1664; baseline 0.009 -27"><span class='ocrx_word' id='word_1_336' title='bbox 1971 1586 2154 1654; x_wconf 88' lang='lat' dir='ltr'>Super</span> <span class='ocrx_word' id='word_1_337' title='bbox 2183 1588 2609 1657; x_wconf 66' lang='lat' dir='ltr'>qumstionibus</span> <span class='ocrx_word' id='word_1_338' title='bbox 2632 1608 2779 1661; x_wconf 86' lang='lat' dir='ltr'>quas</span> <span class='ocrx_word' id='word_1_339' title='bbox 2803 1593 2875 1647; x_wconf 86' lang='lat' dir='ltr'>ad</span> <span class='ocrx_word' id='word_1_340' title='bbox 2898 1611 3004 1650; x_wconf 88' lang='lat' dir='ltr'>nos</span> <span class='ocrx_word' id='word_1_341' title='bbox 3025 1594 3331 1664; x_wconf 89' lang='lat' dir='ltr'>Adalbero,</span> <span class='ocrx_word' id='word_1_342' title='bbox 3354 1599 3558 1652; x_wconf 65' lang='lat' dir='ltr'>vestrae</span> 
     </span>
    </p>
   </div>
   <div class='ocr_carea' id='block_1_64' title="bbox 1901 1669 3560 1758">
    <p class='ocr_par' dir='ltr' id='par_1_64' title="bbox 1901 1669 3560 1758">
     <span class='ocr_line' id='line_1_67' title="bbox 1901 1669 3560 1758; baseline 0.01 -34"><span class='ocrx_word' id='word_1_343' title='bbox 1901 1669 2167 1728; x_wconf 69' lang='lat' dir='ltr'>Ecclesiae</span> <span class='ocrx_word' id='word_1_344' title='bbox 2201 1674 2377 1743; x_wconf 89' lang='lat' dir='ltr'>ﬁlius,</span> <span class='ocrx_word' id='word_1_345' title='bbox 2401 1678 2632 1746; x_wconf 86' lang='lat' dir='ltr'>detulit,</span> <span class='ocrx_word' id='word_1_346' title='bbox 2655 1679 2776 1735; x_wconf 68' lang='lat' dir='ltr'>haec</span> <span class='ocrx_word' id='word_1_347' title='bbox 2804 1699 2836 1736; x_wconf 90' lang='lat' dir='ltr'>a</span> <span class='ocrx_word' id='word_1_348' title='bbox 2867 1683 3036 1739; x_wconf 89' lang='lat' dir='ltr'>nobis</span> <span class='ocrx_word' id='word_1_349' title='bbox 3067 1689 3207 1740; x_wconf 91' lang='lat' dir='ltr'>sunt</span> <span class='ocrx_word' id='word_1_350' title='bbox 3229 1685 3288 1740; x_wconf 90' lang='lat' dir='ltr'>in</span> <span class='ocrx_word' id='word_1_351' title='bbox 3314 1686 3560 1758; x_wconf 84' lang='lat' dir='ltr'>synoda-</span> 
     </span>
    </p>
   </div>
   <div class='ocr_carea' id='block_1_65' title="bbox 1899 1758 3562 1848">
    <p class='ocr_par' dir='ltr' id='par_1_65' title="bbox 1899 1758 3562 1848">
     <span class='ocr_line' id='line_1_68' title="bbox 1899 1758 3562 1848; baseline 0.011 -35"><span class='ocrx_word' id='word_1_352' title='bbox 1899 1758 1980 1815; x_wconf 85' lang='lat' dir='ltr'>lis</span> <span class='ocrx_word' id='word_1_353' title='bbox 2003 1777 2246 1818; x_wconf 84' lang='lat' dir='ltr'>assensu</span> <span class='ocrx_word' id='word_1_354' title='bbox 2280 1766 2507 1821; x_wconf 88' lang='lat' dir='ltr'>concilii</span> <span class='ocrx_word' id='word_1_355' title='bbox 2533 1769 2786 1840; x_wconf 87' lang='lat' dir='ltr'>capitula</span> <span class='ocrx_word' id='word_1_356' title='bbox 2816 1787 2921 1844; x_wconf 88' lang='lat' dir='ltr'>per</span> <span class='ocrx_word' id='word_1_357' title='bbox 2942 1773 3043 1828; x_wconf 89' lang='lat' dir='ltr'>Dei</span> <span class='ocrx_word' id='word_1_358' title='bbox 3071 1775 3320 1848; x_wconf 86' lang='lat' dir='ltr'>gratiam</span> <span class='ocrx_word' id='word_1_359' title='bbox 3353 1777 3562 1833; x_wconf 86' lang='lat' dir='ltr'>conﬁr&#39;</span> 
     </span>
    </p>
   </div>
   <div class='ocr_carea' id='block_1_66' title="bbox 1812 1853 2075 1945">
    <p class='ocr_par' dir='ltr' id='par_1_66' title="bbox 1812 1853 2075 1945">
     <span class='ocr_line' id='line_1_69' title="bbox 1812 1853 2075 1945; baseline 0.015 -43"><span class='ocrx_word' id='word_1_360' title='bbox 1812 1881 1860 1945; x_wconf 83' lang='lat' dir='ltr'><strong>B</strong></span> <span class='ocrx_word' id='word_1_361' title='bbox 1899 1853 2075 1945; x_wconf 76' lang='lat' dir='ltr'>mata.</span> 
     </span>
    </p>
   </div>
   <div class='ocr_carea' id='block_1_67' title="bbox 1961 1942 3552 2026">
    <p class='ocr_par' dir='ltr' id='par_1_67' title="bbox 1961 1942 3552 2026">
     <span class='ocr_line' id='line_1_70' title="bbox 1961 1942 3552 2026; baseline 0.012 -32"><span class='ocrx_word' id='word_1_362' title='bbox 1961 1943 2091 1994; x_wconf 75' lang='lat' dir='ltr'>CAP.</span> <span class='ocrx_word' id='word_1_363' title='bbox 2119 1943 2161 1997; x_wconf 86' lang='grc' dir='ltr'>Ι.</span> <span class='ocrx_word' id='word_1_364' title='bbox 2183 1942 2505 2016; x_wconf 85' lang='lat' dir='ltr'>Episcopus</span> <span class='ocrx_word' id='word_1_365' title='bbox 2527 1948 2728 2005; x_wconf 86' lang='lat' dir='ltr'>omnia</span> <span class='ocrx_word' id='word_1_366' title='bbox 2748 1950 2840 2006; x_wconf 92' lang='lat' dir='ltr'>sui</span> <span class='ocrx_word' id='word_1_367' title='bbox 2864 1952 3238 2026; x_wconf 89' lang='lat' dir='ltr'>episcopatus</span> <span class='ocrx_word' id='word_1_368' title='bbox 3262 1958 3552 2025; x_wconf 89' lang='lat' dir='ltr'>membra,</span> 
     </span>
    </p>
   </div>
   <div class='ocr_carea' id='block_1_68' title="bbox 1890 2027 3558 2127">
    <p class='ocr_par' dir='ltr' id='par_1_68' title="bbox 1890 2027 3558 2127">
     <span class='ocr_line' id='line_1_71' title="bbox 1890 2027 3558 2127; baseline 0.013 -46"><span class='ocrx_word' id='word_1_369' title='bbox 1890 2027 2156 2086; x_wconf 86' lang='lat' dir='ltr'>videlicet</span> <span class='ocrx_word' id='word_1_370' title='bbox 2185 2031 2716 2104; x_wconf 83' lang='lat' dir='ltr'>archidiaconatus,</span> <span class='ocrx_word' id='word_1_371' title='bbox 2742 2041 3368 2127; x_wconf 70' lang='lat' dir='ltr'>archipresbyteratus,</span> <span class='ocrx_word' id='word_1_372' title='bbox 3391 2047 3558 2104; x_wconf 91' lang='lat' dir='ltr'>deca-</span> 
     </span>
    </p>
   </div>
   <div class='ocr_carea' id='block_1_69' title="bbox 1892 2117 3547 2196">
    <p class='ocr_par' dir='ltr' id='par_1_69' title="bbox 1892 2117 3547 2196">
     <span class='ocr_line' id='line_1_72' title="bbox 1892 2117 3547 2196; baseline 0.013 -26"><span class='ocrx_word' id='word_1_373' title='bbox 1892 2117 2040 2185; x_wconf 88' lang='lat' dir='ltr'>nias,</span> <span class='ocrx_word' id='word_1_374' title='bbox 2064 2119 2151 2173; x_wconf 90' lang='lat' dir='ltr'>vel</span> <span class='ocrx_word' id='word_1_375' title='bbox 2183 2121 2412 2193; x_wconf 86' lang='lat' dir='ltr'>aliquas</span> <span class='ocrx_word' id='word_1_376' title='bbox 2445 2127 2859 2196; x_wconf 63' lang='lat' dir='ltr'>praeposituras</span> <span class='ocrx_word' id='word_1_377' title='bbox 2891 2117 3160 2187; x_wconf 57' lang='lat' dir='ltr'>Ecclesié</span> <span class='ocrx_word' id='word_1_378' title='bbox 3211 2151 3330 2190; x_wconf 61' lang='lat' dir='ltr'>suae</span> <span class='ocrx_word' id='word_1_379' title='bbox 3375 2152 3547 2192; x_wconf 76' lang='lat' dir='ltr'>cano-</span> 
     </span>
    </p>
   </div>
   <div class='ocr_carea' id='block_1_70' title="bbox 1893 2205 3550 2284">
    <p class='ocr_par' dir='ltr' id='par_1_70' title="bbox 1893 2205 3550 2284">
     <span class='ocr_line' id='line_1_73' title="bbox 1893 2205 3550 2284; baseline 0.014 -25"><span class='ocrx_word' id='word_1_380' title='bbox 1893 2205 2075 2274; x_wconf 89' lang='lat' dir='ltr'>nicas,</span> <span class='ocrx_word' id='word_1_381' title='bbox 2127 2211 2309 2280; x_wconf 83' lang='lat' dir='ltr'>gratis</span> <span class='ocrx_word' id='word_1_382' title='bbox 2370 2212 2591 2284; x_wconf 85' lang='lat' dir='ltr'>absque</span> <span class='ocrx_word' id='word_1_383' title='bbox 2650 2216 2810 2271; x_wconf 89' lang='lat' dir='ltr'>omni</span> <span class='ocrx_word' id='word_1_384' title='bbox 2856 2220 3166 2277; x_wconf 87' lang='lat' dir='ltr'>venalitate</span> <span class='ocrx_word' id='word_1_385' title='bbox 3215 2223 3550 2282; x_wconf 88' lang='lat' dir='ltr'>distribuat.</span> 
     </span>
    </p>
   </div>
   <div class='ocr_carea' id='block_1_71' title="bbox 1891 2295 3553 2382">
    <p class='ocr_par' dir='ltr' id='par_1_71' title="bbox 1891 2295 3553 2382">
     <span class='ocr_line' id='line_1_74' title="bbox 1891 2295 3553 2382; baseline 0.013 -34"><span class='ocrx_word' id='word_1_386' title='bbox 1891 2295 2171 2367; x_wconf 87' lang='lat' dir='ltr'>Quisquis</span> <span class='ocrx_word' id='word_1_387' title='bbox 2203 2303 2397 2354; x_wconf 88' lang='lat' dir='ltr'>autem</span> <span class='ocrx_word' id='word_1_388' title='bbox 2431 2318 2500 2357; x_wconf 87' lang='lat' dir='ltr'>ea</span> <span class='ocrx_word' id='word_1_389' title='bbox 2541 2303 2724 2374; x_wconf 86' lang='lat' dir='ltr'>pretio</span> <span class='ocrx_word' id='word_1_390' title='bbox 2756 2306 3000 2379; x_wconf 85' lang='lat' dir='ltr'>dederit,</span> <span class='ocrx_word' id='word_1_391' title='bbox 3033 2310 3382 2382; x_wconf 88' lang='lat' dir='ltr'>depositioni</span> <span class='ocrx_word' id='word_1_392' title='bbox 3415 2316 3553 2370; x_wconf 88' lang='lat' dir='ltr'>sub-</span> 
     </span>
    </p>
   </div>
   <div class='ocr_carea' id='block_1_72' title="bbox 1881 2383 2096 2454">
    <p class='ocr_par' dir='ltr' id='par_1_72' title="bbox 1881 2383 2096 2454">
     <span class='ocr_line' id='line_1_75' title="bbox 1881 2383 2096 2454; baseline 0.009 -16"><span class='ocrx_word' id='word_1_393' title='bbox 1881 2383 2096 2454; x_wconf 88' lang='lat' dir='ltr'>jaceat.</span> 
     </span>
    </p>
   </div>
   <div class='ocr_carea' id='block_1_73' title="bbox 1958 2474 3553 2550">
    <p class='ocr_par' dir='ltr' id='par_1_73' title="bbox 1958 2474 3553 2550">
     <span class='ocr_line' id='line_1_76' title="bbox 1958 2474 3553 2550; baseline 0.012 -22"><span class='ocrx_word' id='word_1_394' title='bbox 1958 2474 2094 2530; x_wconf 79' lang='lat' dir='ltr'>CAP.</span> <span class='ocrx_word' id='word_1_395' title='bbox 2130 2477 2200 2531; x_wconf 89' lang='lat' dir='ltr'>II.</span> <span class='ocrx_word' id='word_1_396' title='bbox 2234 2477 2346 2532; x_wconf 91' lang='lat' dir='ltr'>Eos</span> <span class='ocrx_word' id='word_1_397' title='bbox 2377 2479 2476 2550; x_wconf 88' lang='lat' dir='ltr'>qui</span> <span class='ocrx_word' id='word_1_398' title='bbox 2504 2497 2537 2534; x_wconf 91' lang='lat' dir='ltr'>a</span> <span class='ocrx_word' id='word_1_399' title='bbox 2562 2481 2987 2539; x_wconf 85' lang='lat' dir='ltr'>subdiaconatu</span> <span class='ocrx_word' id='word_1_400' title='bbox 3021 2487 3300 2544; x_wconf 85' lang='lat' dir='ltr'>uxoribus</span> <span class='ocrx_word' id='word_1_401' title='bbox 3322 2507 3553 2548; x_wconf 88' lang='lat' dir='ltr'>vacave-</span> 
     </span>
    </p>
   </div>
   <div class='ocr_carea' id='block_1_74' title="bbox 1891 2562 3548 2652">
    <p class='ocr_par' dir='ltr' id='par_1_74' title="bbox 1891 2562 3548 2652">
     <span class='ocr_line' id='line_1_77' title="bbox 1891 2562 3548 2652; baseline 0.011 -34"><span class='ocrx_word' id='word_1_402' title='bbox 1891 2562 2011 2618; x_wconf 88' lang='lat' dir='ltr'>rint</span> <span class='ocrx_word' id='word_1_403' title='bbox 2042 2565 2113 2618; x_wconf 88' lang='lat' dir='ltr'>ab</span> <span class='ocrx_word' id='word_1_404' title='bbox 2147 2567 2306 2620; x_wconf 89' lang='lat' dir='ltr'>omni</span> <span class='ocrx_word' id='word_1_405' title='bbox 2350 2584 2514 2623; x_wconf 90' lang='lat' dir='ltr'>sacro</span> <span class='ocrx_word' id='word_1_406' title='bbox 2565 2570 2767 2626; x_wconf 89' lang='lat' dir='ltr'>ordine</span> <span class='ocrx_word' id='word_1_407' title='bbox 2817 2589 3205 2643; x_wconf 88' lang='lat' dir='ltr'>removemus,</span> <span class='ocrx_word' id='word_1_408' title='bbox 3239 2579 3548 2652; x_wconf 89' lang='lat' dir='ltr'>ofﬁcioque</span> 
     </span>
    </p>
   </div>
   <div class='ocr_carea' id='block_1_75' title="bbox 1891 2653 3545 2725">
    <p class='ocr_par' dir='ltr' id='par_1_75' title="bbox 1891 2653 3545 2725">
     <span class='ocr_line' id='line_1_78' title="bbox 1891 2653 3545 2725; baseline 0.012 -20"><span class='ocrx_word' id='word_1_409' title='bbox 1891 2656 2064 2723; x_wconf 88' lang='lat' dir='ltr'>atque</span> <span class='ocrx_word' id='word_1_410' title='bbox 2093 2653 2373 2710; x_wconf 88' lang='lat' dir='ltr'>beneﬁcio</span> <span class='ocrx_word' id='word_1_411' title='bbox 2398 2656 2662 2713; x_wconf 61' lang='lat' dir='ltr'>Ecclesiae</span> <span class='ocrx_word' id='word_1_412' title='bbox 2693 2675 2889 2716; x_wconf 85' lang='lat' dir='ltr'>carere</span> <span class='ocrx_word' id='word_1_413' title='bbox 2911 2662 3300 2722; x_wconf 87' lang='lat' dir='ltr'>decernimus.</span> <span class='ocrx_word' id='word_1_414' title='bbox 3321 2667 3380 2722; x_wconf 92' lang='lat' dir='ltr'>Si</span> <span class='ocrx_word' id='word_1_415' title='bbox 3412 2685 3545 2725; x_wconf 89' lang='lat' dir='ltr'>vero</span> 
     </span>
    </p>
   </div>
   <div class='ocr_carea' id='block_1_76' title="bbox 1890 2740 3545 2824">
    <p class='ocr_par' dir='ltr' id='par_1_76' title="bbox 1890 2740 3545 2824">
     <span class='ocr_line' id='line_1_79' title="bbox 1890 2740 3545 2824; baseline 0.013 -30"><span class='ocrx_word' id='word_1_416' title='bbox 1890 2740 2147 2815; x_wconf 86' lang='lat' dir='ltr'>episcopi</span> <span class='ocrx_word' id='word_1_417' title='bbox 2193 2747 2600 2802; x_wconf 84' lang='lat' dir='ltr'>consenserint</span> <span class='ocrx_word' id='word_1_418' title='bbox 2645 2765 2847 2806; x_wconf 88' lang='lat' dir='ltr'>earum</span> <span class='ocrx_word' id='word_1_419' title='bbox 2898 2753 3304 2824; x_wconf 85' lang='lat' dir='ltr'>pravitatibus,</span> <span class='ocrx_word' id='word_1_420' title='bbox 3339 2774 3372 2812; x_wconf 90' lang='lat' dir='ltr'>a</span> <span class='ocrx_word' id='word_1_421' title='bbox 3417 2759 3545 2815; x_wconf 88' lang='lat' dir='ltr'>suis</span> 
     </span>
    </p>
   </div>
   <div class='ocr_carea' id='block_1_77' title="bbox 1889 2832 2884 2895">
    <p class='ocr_par' dir='ltr' id='par_1_77' title="bbox 1889 2832 2884 2895">
     <span class='ocr_line' id='line_1_80' title="bbox 1889 2832 2884 2895; baseline 0.008 -9"><span class='ocrx_word' id='word_1_422' title='bbox 1889 2846 1951 2886; x_wconf 88' lang='lat' dir='ltr'>se</span> <span class='ocrx_word' id='word_1_423' title='bbox 1983 2832 2250 2888; x_wconf 85' lang='lat' dir='ltr'>noverint</span> <span class='ocrx_word' id='word_1_424' title='bbox 2278 2835 2487 2891; x_wconf 86' lang='lat' dir='ltr'>ofﬁciis</span> <span class='ocrx_word' id='word_1_425' title='bbox 2520 2836 2884 2895; x_wconf 77' lang='lat' dir='ltr'>interdictas.</span> 
     </span>
    </p>
   </div>
   <div class='ocr_carea' id='block_1_78' title="bbox 1961 2919 3542 3007">
    <p class='ocr_par' dir='ltr' id='par_1_78' title="bbox 1961 2919 3542 3007">
     <span class='ocr_line' id='line_1_81' title="bbox 1961 2919 3542 3007; baseline 0.013 -34"><span class='ocrx_word' id='word_1_426' title='bbox 1961 2919 2094 2975; x_wconf 81' lang='lat' dir='ltr'>CAP.</span> <span class='ocrx_word' id='word_1_427' title='bbox 2128 2921 2225 2977; x_wconf 85' lang='lat' dir='ltr'>III.</span> <span class='ocrx_word' id='word_1_428' title='bbox 2269 2926 2371 2991; x_wconf 83' lang='grc' dir='ltr'>(Ι).¹</span> <span class='ocrx_word' id='word_1_429' title='bbox 2399 2942 2506 2992; x_wconf 71' lang='lat' dir='ltr'>va,</span> <span class='ocrx_word' id='word_1_430' title='bbox 2541 2927 3033 3002; x_wconf 70' lang='lat' dir='ltr'>Presbyter-orum.)</span> <span class='ocrx_word' id='word_1_431' title='bbox 3064 2933 3542 3007; x_wconf 85' lang='lat' dir='ltr'>Presbyterorum</span> 
     </span>
    </p>
   </div>
   <div class='ocr_carea' id='block_1_79' title="bbox 1889 3005 3548 3084">
    <p class='ocr_par' dir='ltr' id='par_1_79' title="bbox 1889 3005 3548 3084">
     <span class='ocr_line' id='line_1_82' title="bbox 1889 3005 3548 3084; baseline 0.012 -22"><span class='ocrx_word' id='word_1_432' title='bbox 1889 3005 2040 3064; x_wconf 91' lang='lat' dir='ltr'>ﬁlios</span> <span class='ocrx_word' id='word_1_433' title='bbox 2066 3025 2099 3063; x_wconf 89' lang='lat' dir='ltr'>a</span> <span class='ocrx_word' id='word_1_434' title='bbox 2121 3010 2270 3066; x_wconf 87' lang='lat' dir='ltr'>sacri</span> <span class='ocrx_word' id='word_1_435' title='bbox 2293 3011 2493 3068; x_wconf 88' lang='lat' dir='ltr'>altaris</span> <span class='ocrx_word' id='word_1_436' title='bbox 2519 3015 2861 3074; x_wconf 82' lang='lat' dir='ltr'>ministeriis</span> <span class='ocrx_word' id='word_1_437' title='bbox 2888 3005 3271 3084; x_wconf 79' lang='lat' dir='ltr'>removendos</span> <span class='ocrx_word' id='word_1_438' title='bbox 3291 3025 3548 3084; x_wconf 88' lang='lat' dir='ltr'>decerni-</span> 
     </span>
    </p>
   </div>
   <div class='ocr_carea' id='block_1_80' title="bbox 1889 3098 3545 3187">
    <p class='ocr_par' dir='ltr' id='par_1_80' title="bbox 1889 3098 3545 3187">
     <span class='ocr_line' id='line_1_83' title="bbox 1889 3098 3545 3187; baseline 0.013 -37"><span class='ocrx_word' id='word_1_439' title='bbox 1889 3112 2043 3163; x_wconf 90' lang='lat' dir='ltr'>mus,</span> <span class='ocrx_word' id='word_1_440' title='bbox 2065 3098 2176 3154; x_wconf 91' lang='lat' dir='ltr'>nisi</span> <span class='ocrx_word' id='word_1_441' title='bbox 2200 3104 2301 3155; x_wconf 90' lang='lat' dir='ltr'>aut</span> <span class='ocrx_word' id='word_1_442' title='bbox 2324 3101 2381 3156; x_wconf 91' lang='lat' dir='ltr'>in</span> <span class='ocrx_word' id='word_1_443' title='bbox 2413 3105 2714 3174; x_wconf 87' lang='lat' dir='ltr'>coenobiis,</span> <span class='ocrx_word' id='word_1_444' title='bbox 2739 3112 2841 3163; x_wconf 87' lang='lat' dir='ltr'>aut</span> <span class='ocrx_word' id='word_1_445' title='bbox 2867 3108 2926 3162; x_wconf 91' lang='lat' dir='ltr'>in</span> <span class='ocrx_word' id='word_1_446' title='bbox 2951 3111 3248 3170; x_wconf 89' lang='lat' dir='ltr'>canonicis</span> <span class='ocrx_word' id='word_1_447' title='bbox 3277 3114 3545 3187; x_wconf 87' lang='lat' dir='ltr'>religiose</span> 
     </span>
    </p>
   </div>
   <div class='ocr_carea' id='block_1_81' title="bbox 1889 3186 3542 3270">
    <p class='ocr_par' dir='ltr' id='par_1_81' title="bbox 1889 3186 3542 3270">
     <span class='ocr_line' id='line_1_84' title="bbox 1889 3186 3542 3270; baseline 0.012 -31"><span class='ocrx_word' id='word_1_448' title='bbox 1889 3186 2116 3257; x_wconf 85' lang='lat' dir='ltr'>probati</span> <span class='ocrx_word' id='word_1_449' title='bbox 2142 3188 2356 3244; x_wconf 80' lang='lat' dir='ltr'>fuerint</span> <span class='ocrx_word' id='word_1_450' title='bbox 2373 3195 2718 3250; x_wconf 81' lang='lat' dir='ltr'>conversati.</span> <span class='ocrx_word' id='word_1_451' title='bbox 2740 3197 2975 3268; x_wconf 81' lang='lat' dir='ltr'>Absque</span> <span class='ocrx_word' id='word_1_452' title='bbox 2993 3200 3326 3270; x_wconf 79' lang='lat' dir='ltr'>praejudicio</span> <span class='ocrx_word' id='word_1_453' title='bbox 3345 3186 3542 3259; x_wconf 84' lang='lat' dir='ltr'>tamen</span> 
     </span>
    </p>
   </div>
   <div class='ocr_carea' id='block_1_82' title="bbox 1888 3271 3541 3363">
    <p class='ocr_par' dir='ltr' id='par_1_82' title="bbox 1888 3271 3541 3363">
     <span class='ocr_line' id='line_1_85' title="bbox 1888 3271 3541 3363; baseline 0.011 -36"><span class='ocrx_word' id='word_1_454' title='bbox 1888 3271 2276 3345; x_wconf 85' lang='lat' dir='ltr'>capitulorum</span> <span class='ocrx_word' id='word_1_455' title='bbox 2321 3275 2590 3345; x_wconf 90' lang='lat' dir='ltr'>istorum,</span> <span class='ocrx_word' id='word_1_456' title='bbox 2624 3281 2709 3336; x_wconf 89' lang='lat' dir='ltr'>eis</span> <span class='ocrx_word' id='word_1_457' title='bbox 2741 3283 2838 3354; x_wconf 90' lang='lat' dir='ltr'>qui</span> <span class='ocrx_word' id='word_1_458' title='bbox 2873 3286 3214 3356; x_wconf 63' lang='lat' dir='ltr'>praebendas</span> <span class='ocrx_word' id='word_1_459' title='bbox 3270 3293 3372 3344; x_wconf 88' lang='lat' dir='ltr'>aut</span> <span class='ocrx_word' id='word_1_460' title='bbox 3428 3290 3541 3363; x_wconf 88' lang='lat' dir='ltr'>ipsi</span> 
     </span>
    </p>
   </div>
   <div class='ocr_carea' id='block_1_83' title="bbox 1885 3362 3535 3447">
    <p class='ocr_par' dir='ltr' id='par_1_83' title="bbox 1885 3362 3535 3447">
     <span class='ocr_line' id='line_1_86' title="bbox 1885 3362 3535 3447; baseline 0.012 -33"><span class='ocrx_word' id='word_1_461' title='bbox 1885 3365 2017 3416; x_wconf 89' lang='lat' dir='ltr'>ante</span> <span class='ocrx_word' id='word_1_462' title='bbox 2044 3362 2194 3416; x_wconf 86' lang='lat' dir='ltr'>hanc</span> <span class='ocrx_word' id='word_1_463' title='bbox 2215 3364 2373 3419; x_wconf 90' lang='lat' dir='ltr'>sedis</span> <span class='ocrx_word' id='word_1_464' title='bbox 2399 3368 2728 3436; x_wconf 83' lang='lat' dir='ltr'>apostolicae</span> <span class='ocrx_word' id='word_1_465' title='bbox 2755 3371 3224 3432; x_wconf 91' lang='lat' dir='ltr'>interdictionem</span> <span class='ocrx_word' id='word_1_466' title='bbox 3245 3362 3535 3447; x_wconf 84' lang='lat' dir='ltr'>emerunt,</span> 
     </span>
    </p>
   </div>
   <div class='ocr_carea' id='block_1_84' title="bbox 1883 3455 3537 3532">
    <p class='ocr_par' dir='ltr' id='par_1_84' title="bbox 1883 3455 3537 3532">
     <span class='ocr_line' id='line_1_87' title="bbox 1883 3455 3537 3532; baseline 0.013 -29"><span class='ocrx_word' id='word_1_467' title='bbox 1883 3455 1984 3504; x_wconf 88' lang='lat' dir='ltr'>aut</span> <span class='ocrx_word' id='word_1_468' title='bbox 2013 3457 2240 3523; x_wconf 89' lang='lat' dir='ltr'>emptas</span> <span class='ocrx_word' id='word_1_469' title='bbox 2269 3469 2330 3508; x_wconf 92' lang='lat' dir='ltr'>se</span> <span class='ocrx_word' id='word_1_470' title='bbox 2373 3455 2768 3514; x_wconf 86' lang='lat' dir='ltr'>nescientibus</span> <span class='ocrx_word' id='word_1_471' title='bbox 2807 3461 3203 3532; x_wconf 88' lang='lat' dir='ltr'>possiderunt,</span> <span class='ocrx_word' id='word_1_472' title='bbox 3235 3465 3537 3525; x_wconf 88' lang='lat' dir='ltr'>habendas</span> 
     </span>
    </p>
   </div>
   <div class='ocr_carea' id='block_1_85' title="bbox 1882 3541 3532 3626">
    <p class='ocr_par' dir='ltr' id='par_1_85' title="bbox 1882 3541 3532 3626">
     <span class='ocr_line' id='line_1_88' title="bbox 1882 3541 3532 3626; baseline 0.013 -35"><span class='ocrx_word' id='word_1_473' title='bbox 1882 3553 1980 3592; x_wconf 84' lang='lat' dir='ltr'>eas</span> <span class='ocrx_word' id='word_1_474' title='bbox 2009 3541 2430 3610; x_wconf 86' lang='lat' dir='ltr'>permittimus,</span> <span class='ocrx_word' id='word_1_475' title='bbox 2459 3542 2508 3598; x_wconf 93' lang='lat' dir='ltr'>si</span> <span class='ocrx_word' id='word_1_476' title='bbox 2548 3561 2750 3602; x_wconf 89' lang='lat' dir='ltr'>eorum</span> <span class='ocrx_word' id='word_1_477' title='bbox 2783 3565 3042 3620; x_wconf 79' lang='lat' dir='ltr'>personae</span> <span class='ocrx_word' id='word_1_478' title='bbox 3092 3557 3190 3609; x_wconf 90' lang='lat' dir='ltr'>tuo</span> <span class='ocrx_word' id='word_1_479' title='bbox 3248 3555 3532 3626; x_wconf 87' lang='lat' dir='ltr'>arbitratu</span> 
     </span>
    </p>
   </div>
   <div class='ocr_carea' id='block_1_86' title="bbox 1881 3626 3532 3717">
    <p class='ocr_par' dir='ltr' id='par_1_86' title="bbox 1881 3626 3532 3717">
     <span class='ocr_line' id='line_1_89' title="bbox 1881 3626 3532 3717; baseline 0.013 -37"><span class='ocrx_word' id='word_1_480' title='bbox 1881 3626 2014 3682; x_wconf 70' lang='lat' dir='ltr'>visae</span> <span class='ocrx_word' id='word_1_481' title='bbox 2046 3629 2262 3684; x_wconf 80' lang='lat' dir='ltr'>fuerint</span> <span class='ocrx_word' id='word_1_482' title='bbox 2299 3634 2637 3700; x_wconf 89' lang='lat' dir='ltr'>promereri.</span> <span class='ocrx_word' id='word_1_483' title='bbox 2669 3637 2764 3692; x_wconf 87' lang='lat' dir='ltr'>Eis</span> <span class='ocrx_word' id='word_1_484' title='bbox 2796 3642 2992 3695; x_wconf 88' lang='lat' dir='ltr'>autem</span> <span class='ocrx_word' id='word_1_485' title='bbox 3035 3642 3135 3714; x_wconf 90' lang='lat' dir='ltr'>qui</span> <span class='ocrx_word' id='word_1_486' title='bbox 3183 3643 3359 3699; x_wconf 88' lang='lat' dir='ltr'>ﬁdem</span> <span class='ocrx_word' id='word_1_487' title='bbox 3392 3662 3532 3717; x_wconf 83' lang='lat' dir='ltr'>pos-</span> 
     </span>
    </p>
   </div>
   <div class='ocr_carea' id='block_1_87' title="bbox 1881 3715 3532 3800">
    <p class='ocr_par' dir='ltr' id='par_1_87' title="bbox 1881 3715 3532 3800">
     <span class='ocr_line' id='line_1_90' title="bbox 1881 3715 3532 3800; baseline 0.013 -32"><span class='ocrx_word' id='word_1_488' title='bbox 1881 3715 2162 3772; x_wconf 88' lang='lat' dir='ltr'>sessionis</span> <span class='ocrx_word' id='word_1_489' title='bbox 2195 3735 2312 3772; x_wconf 70' lang='lat' dir='ltr'>suze</span> <span class='ocrx_word' id='word_1_490' title='bbox 2344 3719 2568 3776; x_wconf 88' lang='lat' dir='ltr'>irritam</span> <span class='ocrx_word' id='word_1_491' title='bbox 2595 3724 2896 3794; x_wconf 86' lang='lat' dir='ltr'>facientes,</span> <span class='ocrx_word' id='word_1_492' title='bbox 2921 3734 3054 3800; x_wconf 91' lang='lat' dir='ltr'>post</span> <span class='ocrx_word' id='word_1_493' title='bbox 3075 3715 3532 3789; x_wconf 80' lang='lat' dir='ltr'>subdiaconatus</span> 
     </span>
    </p>
   </div>
   <div class='ocr_carea' id='block_1_88' title="bbox 1880 3805 3538 3891">
    <p class='ocr_par' dir='ltr' id='par_1_88' title="bbox 1880 3805 3538 3891">
     <span class='ocr_line' id='line_1_91' title="bbox 1880 3805 3538 3891; baseline 0.011 -34"><span class='ocrx_word' id='word_1_494' title='bbox 1880 3805 2273 3876; x_wconf 88' lang='lat' dir='ltr'>acceptionem</span> <span class='ocrx_word' id='word_1_495' title='bbox 2297 3825 2500 3864; x_wconf 82' lang='lat' dir='ltr'>vacare</span> <span class='ocrx_word' id='word_1_496' title='bbox 2531 3813 2810 3868; x_wconf 80' lang='lat' dir='ltr'>uxoribus</span> <span class='ocrx_word' id='word_1_497' title='bbox 2837 3821 3340 3891; x_wconf 68' lang='lat' dir='ltr'>praesumpserint,</span> <span class='ocrx_word' id='word_1_498' title='bbox 3365 3825 3423 3877; x_wconf 89' lang='lat' dir='ltr'>et</span> <span class='ocrx_word' id='word_1_499' title='bbox 3452 3822 3538 3878; x_wconf 87' lang='lat' dir='ltr'>of-</span> 
     </span>
    </p>
   </div>
   <div class='ocr_carea' id='block_1_89' title="bbox 1882 3892 3538 3984">
    <p class='ocr_par' dir='ltr' id='par_1_89' title="bbox 1882 3892 3538 3984">
     <span class='ocr_line' id='line_1_92' title="bbox 1882 3892 3538 3984; baseline 0.014 -38"><span class='ocrx_word' id='word_1_500' title='bbox 1882 3892 2080 3948; x_wconf 90' lang='lat' dir='ltr'>ﬁcium</span> <span class='ocrx_word' id='word_1_501' title='bbox 2113 3900 2170 3950; x_wconf 89' lang='lat' dir='ltr'>et</span> <span class='ocrx_word' id='word_1_502' title='bbox 2201 3898 2537 3969; x_wconf 86' lang='lat' dir='ltr'>conjugium</span> <span class='ocrx_word' id='word_1_503' title='bbox 2589 3902 2823 3973; x_wconf 88' lang='lat' dir='ltr'>penitus</span> <span class='ocrx_word' id='word_1_504' title='bbox 2873 3905 3301 3980; x_wconf 89' lang='lat' dir='ltr'>interdicimus,</span> <span class='ocrx_word' id='word_1_505' title='bbox 3334 3911 3538 3984; x_wconf 86' lang='lat' dir='ltr'>eisque</span> 
     </span>
    </p>
   </div>
   <div class='ocr_carea' id='block_1_90' title="bbox 1879 3983 3536 4067">
    <p class='ocr_par' dir='ltr' id='par_1_90' title="bbox 1879 3983 3536 4067">
     <span class='ocr_line' id='line_1_93' title="bbox 1879 3983 3536 4067; baseline 0.014 -32"><span class='ocrx_word' id='word_1_506' title='bbox 1879 3983 2158 4053; x_wconf 86' lang='lat' dir='ltr'>quoniam</span> <span class='ocrx_word' id='word_1_507' title='bbox 2191 3985 2416 4057; x_wconf 90' lang='lat' dir='ltr'>seipsos</span> <span class='ocrx_word' id='word_1_508' title='bbox 2461 3994 2844 4060; x_wconf 87' lang='lat' dir='ltr'>apostatando</span> <span class='ocrx_word' id='word_1_509' title='bbox 2878 3995 3313 4067; x_wconf 87' lang='lat' dir='ltr'>destruxerunt,</span> <span class='ocrx_word' id='word_1_510' title='bbox 3346 4006 3401 4057; x_wconf 91' lang='lat' dir='ltr'>et</span> <span class='ocrx_word' id='word_1_511' title='bbox 3439 3983 3536 4058; x_wconf 73' lang='lat' dir='ltr'>vo-</span> 
     </span>
    </p>
   </div>
   <div class='ocr_carea' id='block_1_91' title="bbox 1827 4069 3535 4155">
    <p class='ocr_par' dir='ltr' id='par_1_91' title="bbox 1827 4069 3535 4155">
     <span class='ocr_line' id='line_1_94' title="bbox 1827 4069 3535 4155; baseline 0.014 -32"><span class='ocrx_word' id='word_1_512' title='bbox 1827 4109 1830 4113; x_wconf 78' lang='grc'>.</span> <span class='ocrx_word' id='word_1_513' title='bbox 1877 4069 2160 4141; x_wconf 89' lang='lat' dir='ltr'>luptatem</span> <span class='ocrx_word' id='word_1_514' title='bbox 2193 4075 2453 4145; x_wconf 89' lang='lat' dir='ltr'>corporis</span> <span class='ocrx_word' id='word_1_515' title='bbox 2494 4077 2739 4134; x_wconf 91' lang='lat' dir='ltr'>Domino</span> <span class='ocrx_word' id='word_1_516' title='bbox 2789 4084 3192 4155; x_wconf 60' lang='lat' dir='ltr'>praetulerunt,</span> <span class='ocrx_word' id='word_1_517' title='bbox 3218 4089 3378 4144; x_wconf 89' lang='lat' dir='ltr'>omni</span> <span class='ocrx_word' id='word_1_518' title='bbox 3408 4091 3535 4146; x_wconf 72' lang='lat' dir='ltr'>vitae</span> 
     </span>
    </p>
   </div>
   <div class='ocr_carea' id='block_1_92' title="bbox 1879 4165 3536 4252">
    <p class='ocr_par' dir='ltr' id='par_1_92' title="bbox 1879 4165 3536 4252">
     <span class='ocr_line' id='line_1_95' title="bbox 1879 4165 3536 4252; baseline 0.014 -39"><span class='ocrx_word' id='word_1_519' title='bbox 1879 4177 1996 4214; x_wconf 74' lang='lat' dir='ltr'>suae</span> <span class='ocrx_word' id='word_1_520' title='bbox 2028 4165 2288 4232; x_wconf 87' lang='lat' dir='ltr'>tempore</span> <span class='ocrx_word' id='word_1_521' title='bbox 2318 4168 2419 4219; x_wconf 85' lang='lat' dir='ltr'>aut</span> <span class='ocrx_word' id='word_1_522' title='bbox 2450 4165 2507 4219; x_wconf 89' lang='lat' dir='ltr'>in</span> <span class='ocrx_word' id='word_1_523' title='bbox 2531 4169 2951 4234; x_wconf 81' lang='lat' dir='ltr'>cmnobiis,aut</span> <span class='ocrx_word' id='word_1_524' title='bbox 2971 4173 3028 4228; x_wconf 91' lang='lat' dir='ltr'>in</span> <span class='ocrx_word' id='word_1_525' title='bbox 3051 4177 3348 4234; x_wconf 85' lang='lat' dir='ltr'>canonicis</span> <span class='ocrx_word' id='word_1_526' title='bbox 3371 4195 3536 4252; x_wconf 83' lang='lat' dir='ltr'>regu-</span> 
     </span>
    </p>
   </div>
   <div class='ocr_carea' id='block_1_93' title="bbox 1879 4248 3535 4337">
    <p class='ocr_par' dir='ltr' id='par_1_93' title="bbox 1879 4248 3535 4337">
     <span class='ocr_line' id='line_1_96' title="bbox 1879 4248 3535 4337; baseline 0.014 -35"><span class='ocrx_word' id='word_1_527' title='bbox 1879 4248 2098 4304; x_wconf 87' lang='lat' dir='ltr'>laribus</span> <span class='ocrx_word' id='word_1_528' title='bbox 2123 4251 2522 4322; x_wconf 81' lang='lat' dir='ltr'>pcenitcntiam</span> <span class='ocrx_word' id='word_1_529' title='bbox 2548 4257 2920 4316; x_wconf 88' lang='lat' dir='ltr'>decernimus</span> <span class='ocrx_word' id='word_1_530' title='bbox 2943 4261 3384 4337; x_wconf 88' lang='lat' dir='ltr'>injungendam.</span> <span class='ocrx_word' id='word_1_531' title='bbox 3406 4248 3535 4324; x_wconf 63' lang='lat' dir='ltr'>Prc-</span> 
     </span>
    </p>
   </div>
   <div class='ocr_carea' id='block_1_94' title="bbox 1877 4338 3531 4426">
    <p class='ocr_par' dir='ltr' id='par_1_94' title="bbox 1877 4338 3531 4426">
     <span class='ocr_line' id='line_1_97' title="bbox 1877 4338 3531 4426; baseline 0.012 -34"><span class='ocrx_word' id='word_1_532' title='bbox 1877 4338 2240 4410; x_wconf 86' lang='lat' dir='ltr'>sbyterorum</span> <span class='ocrx_word' id='word_1_533' title='bbox 2256 4358 2388 4396; x_wconf 89' lang='lat' dir='ltr'>vero</span> <span class='ocrx_word' id='word_1_534' title='bbox 2409 4341 2683 4416; x_wconf 80' lang='lat' dir='ltr'>ﬁlios,qui</span> <span class='ocrx_word' id='word_1_535' title='bbox 2705 4350 3028 4406; x_wconf 88' lang='lat' dir='ltr'>secundum</span> <span class='ocrx_word' id='word_1_536' title='bbox 3054 4356 3320 4426; x_wconf 66' lang='lat' dir='ltr'>prwcepti</span> <span class='ocrx_word' id='word_1_537' title='bbox 3346 4358 3531 4413; x_wconf 88' lang='lat' dir='ltr'>nostri</span> 
     </span>
    </p>
   </div>
   <div class='ocr_carea' id='block_1_95' title="bbox 1877 4428 3527 4499">
    <p class='ocr_par' dir='ltr' id='par_1_95' title="bbox 1877 4428 3527 4499">
     <span class='ocr_line' id='line_1_98' title="bbox 1877 4428 3527 4499; baseline 0.01 -17"><span class='ocrx_word' id='word_1_538' title='bbox 1877 4428 2270 4484; x_wconf 86' lang='lat' dir='ltr'>conditionem</span> <span class='ocrx_word' id='word_1_539' title='bbox 2297 4438 2396 4484; x_wconf 85' lang='lat' dir='ltr'>aut</span> <span class='ocrx_word' id='word_1_540' title='bbox 2428 4431 2481 4484; x_wconf 90' lang='lat' dir='ltr'>in</span> <span class='ocrx_word' id='word_1_541' title='bbox 2517 4435 2794 4490; x_wconf 78' lang='lat' dir='ltr'>rmnobiis</span> <span class='ocrx_word' id='word_1_542' title='bbox 2820 4443 2922 4492; x_wconf 89' lang='lat' dir='ltr'>aut</span> <span class='ocrx_word' id='word_1_543' title='bbox 2964 4440 3019 4494; x_wconf 92' lang='lat' dir='ltr'>in</span> <span class='ocrx_word' id='word_1_544' title='bbox 3064 4443 3358 4499; x_wconf 86' lang='lat' dir='ltr'>canonicis</span> <span class='ocrx_word' id='word_1_545' title='bbox 3390 4445 3527 4499; x_wconf 89' lang='lat' dir='ltr'>reli-</span> 
     </span>
    </p>
   </div>
   <div class='ocr_carea' id='block_1_96' title="bbox 1875 4516 3527 4604">
    <p class='ocr_par' dir='ltr' id='par_1_96' title="bbox 1875 4516 3527 4604">
     <span class='ocr_line' id='line_1_99' title="bbox 1875 4516 3527 4604; baseline 0.012 -36"><span class='ocrx_word' id='word_1_546' title='bbox 1875 4516 2035 4588; x_wconf 82' lang='lat' dir='ltr'>giose</span> <span class='ocrx_word' id='word_1_547' title='bbox 2062 4518 2287 4588; x_wconf 88' lang='lat' dir='ltr'>probati</span> <span class='ocrx_word' id='word_1_548' title='bbox 2321 4519 2536 4574; x_wconf 88' lang='lat' dir='ltr'>fuerint</span> <span class='ocrx_word' id='word_1_549' title='bbox 2581 4528 2928 4593; x_wconf 89' lang='lat' dir='ltr'>conversati,</span> <span class='ocrx_word' id='word_1_550' title='bbox 2961 4530 3099 4599; x_wconf 88' lang='lat' dir='ltr'>quia</span> <span class='ocrx_word' id='word_1_551' title='bbox 3129 4536 3359 4602; x_wconf 89' lang='lat' dir='ltr'>patrum</span> <span class='ocrx_word' id='word_1_552' title='bbox 3395 4549 3527 4604; x_wconf 87' lang='lat' dir='ltr'>pec-</span> 
     </span>
    </p>
   </div>
   <div class='ocr_carea' id='block_1_97' title="bbox 107 4595 3528 4683">
    <p class='ocr_par' dir='ltr' id='par_1_97' title="bbox 107 4595 3528 4683">
     <span class='ocr_line' id='line_1_100' title="bbox 107 4595 3528 4683; baseline 0.007 -31"><span class='ocrx_word' id='word_1_553' title='bbox 107 4595 404 4663; x_wconf 65' lang='lat' dir='ltr'>Ecclesiae,</span> <span class='ocrx_word' id='word_1_554' title='bbox 423 4600 576 4669; x_wconf 90' lang='lat' dir='ltr'>quod</span> <span class='ocrx_word' id='word_1_555' title='bbox 604 4600 790 4672; x_wconf 89' lang='lat' dir='ltr'>ipsius</span> <span class='ocrx_word' id='word_1_556' title='bbox 811 4601 1091 4658; x_wconf 88' lang='lat' dir='ltr'>clericum</span> <span class='ocrx_word' id='word_1_557' title='bbox 1119 4604 1492 4673; x_wconf 88' lang='lat' dir='ltr'>monachare,</span> <span class='ocrx_word' id='word_1_558' title='bbox 1512 4610 1568 4662; x_wconf 89' lang='lat' dir='ltr'>et</span> <span class='ocrx_word' id='word_1_559' title='bbox 1597 4607 1767 4664; x_wconf 87' lang='lat' dir='ltr'>altio-</span> <span class='ocrx_word' id='word_1_560' title='bbox 1797 4617 1844 4681; x_wconf 82' lang='lat'>1)</span> <span class='ocrx_word' id='word_1_561' title='bbox 1877 4608 2005 4659; x_wconf 76' lang='lat' dir='ltr'>cata</span> <span class='ocrx_word' id='word_1_562' title='bbox 2036 4622 2169 4660; x_wconf 84' lang='lat' dir='ltr'>cum</span> <span class='ocrx_word' id='word_1_563' title='bbox 2205 4606 2416 4662; x_wconf 73' lang='lat' dir='ltr'>saeculo</span> <span class='ocrx_word' id='word_1_564' title='bbox 2445 4609 2506 4678; x_wconf 83' lang='lat' dir='ltr'>[f-</span> <span class='ocrx_word' id='word_1_565' title='bbox 2543 4609 2762 4682; x_wconf 63' lang='lat' dir='ltr'>Sieculi]</span> <span class='ocrx_word' id='word_1_566' title='bbox 2795 4617 3267 4683; x_wconf 81' lang='lat' dir='ltr'>possessionibus</span> <span class='ocrx_word' id='word_1_567' title='bbox 3294 4621 3528 4676; x_wconf 89' lang='lat' dir='ltr'>abdica-</span> 
     </span>
    </p>
   </div>
   <div class='ocr_carea' id='block_1_98' title="bbox 109 4685 1767 4765">
    <p class='ocr_par' dir='ltr' id='par_1_98' title="bbox 109 4685 1767 4765">
     <span class='ocr_line' id='line_1_101' title="bbox 109 4685 1767 4765; baseline 0.008 -25"><span class='ocrx_word' id='word_1_568' title='bbox 109 4685 273 4742; x_wconf 82' lang='lat' dir='ltr'>ribus</span> <span class='ocrx_word' id='word_1_569' title='bbox 306 4687 590 4757; x_wconf 83' lang='lat' dir='ltr'>gradibus</span> <span class='ocrx_word' id='word_1_570' title='bbox 626 4690 942 4761; x_wconf 85' lang='lat' dir='ltr'>provehere</span> <span class='ocrx_word' id='word_1_571' title='bbox 975 4694 1425 4765; x_wconf 66' lang='lat' dir='ltr'>praesumpsisti.</span> <span class='ocrx_word' id='word_1_572' title='bbox 1460 4695 1767 4753; x_wconf 89' lang='lat' dir='ltr'>Verumta-</span> 
     </span>
    </p>
   </div>
   <div class='ocr_carea' id='block_1_99' title="bbox 111 4773 1766 4851">
    <p class='ocr_par' dir='ltr' id='par_1_99' title="bbox 111 4773 1766 4851">
     <span class='ocr_line' id='line_1_102' title="bbox 111 4773 1766 4851; baseline 0.008 -23"><span class='ocrx_word' id='word_1_573' title='bbox 111 4773 635 4833; x_wconf 87' lang='lat' dir='ltr'>men-Belvacensis</span> <span class='ocrx_word' id='word_1_574' title='bbox 655 4778 911 4851; x_wconf 87' lang='lat' dir='ltr'>episcopi</span> <span class='ocrx_word' id='word_1_575' title='bbox 945 4780 1214 4851; x_wconf 89' lang='lat' dir='ltr'>precibus</span> <span class='ocrx_word' id='word_1_576' title='bbox 1239 4781 1671 4850; x_wconf 88' lang='lat' dir='ltr'>inclinati,eum</span> <span class='ocrx_word' id='word_1_577' title='bbox 1695 4787 1766 4842; x_wconf 88' lang='lat' dir='ltr'>ad</span> 
     </span>
    </p>
   </div>
   <div class='ocr_carea' id='block_1_100' title="bbox 109 4862 1770 4937">
    <p class='ocr_par' dir='ltr' id='par_1_100' title="bbox 109 4862 1770 4937">
     <span class='ocr_line' id='line_1_103' title="bbox 109 4862 1770 4937; baseline 0.008 -19"><span class='ocrx_word' id='word_1_578' title='bbox 109 4865 164 4918; x_wconf 85' lang='lat' dir='ltr'>te</span> <span class='ocrx_word' id='word_1_579' title='bbox 195 4863 308 4920; x_wconf 89' lang='lat' dir='ltr'>sub</span> <span class='ocrx_word' id='word_1_580' title='bbox 339 4862 448 4920; x_wconf 88' lang='lat' dir='ltr'>hoc</span> <span class='ocrx_word' id='word_1_581' title='bbox 486 4869 689 4922; x_wconf 88' lang='lat' dir='ltr'>tenore</span> <span class='ocrx_word' id='word_1_582' title='bbox 740 4867 1118 4937; x_wconf 88' lang='lat' dir='ltr'>remittimus,</span> <span class='ocrx_word' id='word_1_583' title='bbox 1151 4873 1215 4925; x_wconf 91' lang='lat' dir='ltr'>ut</span> <span class='ocrx_word' id='word_1_584' title='bbox 1257 4874 1391 4926; x_wconf 89' lang='lat' dir='ltr'>ante</span> <span class='ocrx_word' id='word_1_585' title='bbox 1435 4876 1704 4930; x_wconf 85' lang='lat' dir='ltr'>exactum</span> <span class='ocrx_word' id='word_1_586' title='bbox 1736 4893 1770 4931; x_wconf 88' lang='lat' dir='ltr'>a</span> 
     </span>
    </p>
   </div>
   <div class='ocr_carea' id='block_1_101' title="bbox 110 4952 1770 5028">
    <p class='ocr_par' dir='ltr' id='par_1_101' title="bbox 110 4952 1770 5028">
     <span class='ocr_line' id='line_1_104' title="bbox 110 4952 1770 5028; baseline 0.008 -21"><span class='ocrx_word' id='word_1_587' title='bbox 110 4952 376 5023; x_wconf 75' lang='lat' dir='ltr'>praesenti</span> <span class='ocrx_word' id='word_1_588' title='bbox 398 4954 862 5028; x_wconf 86' lang='lat' dir='ltr'>Quadragesima</span> <span class='ocrx_word' id='word_1_589' title='bbox 891 4974 1111 5013; x_wconf 90' lang='lat' dir='ltr'>annum</span> <span class='ocrx_word' id='word_1_590' title='bbox 1134 4962 1239 5014; x_wconf 89' lang='lat' dir='ltr'>aut</span> <span class='ocrx_word' id='word_1_591' title='bbox 1264 4958 1430 5015; x_wconf 90' lang='lat' dir='ltr'>illum</span> <span class='ocrx_word' id='word_1_592' title='bbox 1458 4962 1527 5016; x_wconf 90' lang='lat' dir='ltr'>ad</span> <span class='ocrx_word' id='word_1_593' title='bbox 1556 4980 1662 5018; x_wconf 90' lang='lat' dir='ltr'>nos</span> <span class='ocrx_word' id='word_1_594' title='bbox 1688 4981 1770 5020; x_wconf 88' lang='lat' dir='ltr'>re-</span> 
     </span>
    </p>
   </div>
   <div class='ocr_carea' id='block_1_102' title="bbox 112 5041 1766 5123">
    <p class='ocr_par' dir='ltr' id='par_1_102' title="bbox 112 5041 1766 5123">
     <span class='ocr_line' id='line_1_105' title="bbox 112 5041 1766 5123; baseline 0.008 -28"><span class='ocrx_word' id='word_1_595' title='bbox 112 5041 326 5109; x_wconf 80' lang='lat' dir='ltr'>mittas,</span> <span class='ocrx_word' id='word_1_596' title='bbox 359 5046 463 5097; x_wconf 88' lang='lat' dir='ltr'>aut</span> <span class='ocrx_word' id='word_1_597' title='bbox 506 5043 638 5115; x_wconf 89' lang='lat' dir='ltr'>ipse</span> <span class='ocrx_word' id='word_1_598' title='bbox 668 5045 904 5102; x_wconf 89' lang='lat' dir='ltr'>veniens</span> <span class='ocrx_word' id='word_1_599' title='bbox 948 5049 1139 5112; x_wconf 79' lang='lat' dir='ltr'>tecum</span> <span class='ocrx_word' id='word_1_600' title='bbox 1186 5048 1390 5116; x_wconf 88' lang='lat' dir='ltr'>ducas,</span> <span class='ocrx_word' id='word_1_601' title='bbox 1424 5055 1480 5105; x_wconf 89' lang='lat' dir='ltr'>et</span> <span class='ocrx_word' id='word_1_602' title='bbox 1509 5051 1556 5107; x_wconf 91' lang='lat' dir='ltr'>si</span> <span class='ocrx_word' id='word_1_603' title='bbox 1591 5068 1766 5123; x_wconf 90' lang='lat' dir='ltr'>quem</span> 
     </span>
    </p>
   </div>
   <div class='ocr_carea' id='block_1_103' title="bbox 110 5129 1764 5206">
    <p class='ocr_par' dir='ltr' id='par_1_103' title="bbox 110 5129 1764 5206">
     <span class='ocr_line' id='line_1_106' title="bbox 110 5129 1764 5206; baseline 0.008 -22"><span class='ocrx_word' id='word_1_604' title='bbox 110 5129 263 5185; x_wconf 81' lang='lat' dir='ltr'>aliud</span> <span class='ocrx_word' id='word_1_605' title='bbox 284 5131 357 5185; x_wconf 89' lang='lat' dir='ltr'>de</span> <span class='ocrx_word' id='word_1_606' title='bbox 385 5136 578 5192; x_wconf 82' lang='lat' dir='ltr'>vestra</span> <span class='ocrx_word' id='word_1_607' title='bbox 602 5135 1050 5206; x_wconf 83' lang='lat' dir='ltr'>congregatione</span> <span class='ocrx_word' id='word_1_608' title='bbox 1082 5135 1250 5191; x_wconf 91' lang='lat' dir='ltr'>nobis</span> <span class='ocrx_word' id='word_1_609' title='bbox 1281 5137 1482 5194; x_wconf 89' lang='lat' dir='ltr'>utilem</span> <span class='ocrx_word' id='word_1_610' title='bbox 1516 5142 1764 5198; x_wconf 86' lang='lat' dir='ltr'>noveris.</span> 
     </span>
    </p>
   </div>
   <div class='ocr_carea' id='block_1_104' title="bbox 103 5219 1765 5300">
    <p class='ocr_par' dir='ltr' id='par_1_104' title="bbox 103 5219 1765 5300">
     <span class='ocr_line' id='line_1_107' title="bbox 103 5219 1765 5300; baseline 0.008 -29"><span class='ocrx_word' id='word_1_611' title='bbox 103 5219 277 5274; x_wconf 84' lang='lat' dir='ltr'>Porro</span> <span class='ocrx_word' id='word_1_612' title='bbox 309 5226 536 5291; x_wconf 87' lang='lat' dir='ltr'>quanto</span> <span class='ocrx_word' id='word_1_613' title='bbox 565 5221 692 5292; x_wconf 89' lang='lat' dir='ltr'>ipse</span> <span class='ocrx_word' id='word_1_614' title='bbox 725 5221 897 5279; x_wconf 91' lang='lat' dir='ltr'>citius</span> <span class='ocrx_word' id='word_1_615' title='bbox 937 5224 1217 5295; x_wconf 89' lang='lat' dir='ltr'>potueris,</span> <span class='ocrx_word' id='word_1_616' title='bbox 1243 5227 1441 5282; x_wconf 89' lang='lat' dir='ltr'>sedem</span> <span class='ocrx_word' id='word_1_617' title='bbox 1490 5230 1765 5300; x_wconf 84' lang='lat' dir='ltr'>apostoli-</span> 
     </span>
    </p>
   </div>
   <div class='ocr_carea' id='block_1_105' title="bbox 109 5309 1767 5391">
    <p class='ocr_par' dir='ltr' id='par_1_105' title="bbox 109 5309 1767 5391">
     <span class='ocr_line' id='line_1_108' title="bbox 109 5309 1767 5391; baseline 0.008 -30"><span class='ocrx_word' id='word_1_618' title='bbox 109 5322 224 5362; x_wconf 86' lang='lat' dir='ltr'>cam</span> <span class='ocrx_word' id='word_1_619' title='bbox 245 5309 496 5366; x_wconf 80' lang='lat' dir='ltr'>visitare</span> <span class='ocrx_word' id='word_1_620' title='bbox 528 5326 603 5366; x_wconf 91' lang='lat' dir='ltr'>ne</span> <span class='ocrx_word' id='word_1_621' title='bbox 633 5310 896 5380; x_wconf 68' lang='lat' dir='ltr'>differas,</span> <span class='ocrx_word' id='word_1_622' title='bbox 923 5316 986 5367; x_wconf 92' lang='lat' dir='ltr'>ut</span> <span class='ocrx_word' id='word_1_623' title='bbox 1009 5311 1344 5370; x_wconf 83' lang='lat' dir='ltr'>dilectionis</span> <span class='ocrx_word' id='word_1_624' title='bbox 1380 5321 1596 5372; x_wconf 83' lang='lat' dir='ltr'>mutuae</span> <span class='ocrx_word' id='word_1_625' title='bbox 1630 5336 1767 5391; x_wconf 66' lang='lat' dir='ltr'>prai-</span> 
     </span>
    </p>
   </div>
   <div class='ocr_carea' id='block_1_106' title="bbox 107 5397 1766 5472">
    <p class='ocr_par' dir='ltr' id='par_1_106' title="bbox 107 5397 1766 5472">
     <span class='ocr_line' id='line_1_109' title="bbox 107 5397 1766 5472; baseline 0.007 -20"><span class='ocrx_word' id='word_1_626' title='bbox 107 5397 284 5454; x_wconf 84' lang='lat' dir='ltr'>sentia</span> <span class='ocrx_word' id='word_1_627' title='bbox 313 5399 632 5456; x_wconf 87' lang='lat' dir='ltr'>devotione</span> <span class='ocrx_word' id='word_1_628' title='bbox 675 5399 872 5458; x_wconf 87' lang='lat' dir='ltr'>debita</span> <span class='ocrx_word' id='word_1_629' title='bbox 914 5401 1309 5472; x_wconf 87' lang='lat' dir='ltr'>perfruamur.</span> <span class='ocrx_word' id='word_1_630' title='bbox 1342 5403 1586 5460; x_wconf 84' lang='lat' dir='ltr'>Huberti</span> <span class='ocrx_word' id='word_1_631' title='bbox 1634 5425 1766 5464; x_wconf 91' lang='lat' dir='ltr'>vero</span> 
     </span>
    </p>
   </div>
   <div class='ocr_carea' id='block_1_107' title="bbox 105 5485 1764 5563">
    <p class='ocr_par' dir='ltr' id='par_1_107' title="bbox 105 5485 1764 5563">
     <span class='ocr_line' id='line_1_110' title="bbox 105 5485 1764 5563; baseline 0.005 -22"><span class='ocrx_word' id='word_1_632' title='bbox 105 5487 274 5541; x_wconf 77' lang='lat' dir='ltr'>nostri</span> <span class='ocrx_word' id='word_1_633' title='bbox 303 5485 691 5552; x_wconf 86' lang='lat' dir='ltr'>subdiaconi,</span> <span class='ocrx_word' id='word_1_634' title='bbox 725 5487 822 5558; x_wconf 89' lang='lat' dir='ltr'>qui</span> <span class='ocrx_word' id='word_1_635' title='bbox 855 5489 1010 5560; x_wconf 85' lang='lat' dir='ltr'>apud</span> <span class='ocrx_word' id='word_1_636' title='bbox 1057 5505 1159 5543; x_wconf 90' lang='lat' dir='ltr'>vos</span> <span class='ocrx_word' id='word_1_637' title='bbox 1191 5489 1501 5547; x_wconf 88' lang='lat' dir='ltr'>defunctus</span> <span class='ocrx_word' id='word_1_638' title='bbox 1532 5493 1764 5563; x_wconf 86' lang='lat' dir='ltr'>dicitur,</span> 
     </span>
    </p>
   </div>
   <div class='ocr_carea' id='block_1_108' title="bbox 56 5573 1765 5648">
    <p class='ocr_par' dir='ltr' id='par_1_108' title="bbox 56 5573 1765 5648">
     <span class='ocr_line' id='line_1_111' title="bbox 56 5573 1765 5648; baseline 0.006 -19"><span class='ocrx_word' id='word_1_639' title='bbox 56 5625 58 5629; x_wconf 91' lang='lat'>.</span> <span class='ocrx_word' id='word_1_640' title='bbox 97 5574 141 5632; x_wconf 83' lang='lat' dir='ltr'>ei</span> <span class='ocrx_word' id='word_1_641' title='bbox 168 5593 296 5648; x_wconf 70' lang='lat' dir='ltr'>quae</span> <span class='ocrx_word' id='word_1_642' title='bbox 325 5591 425 5632; x_wconf 87' lang='lat' dir='ltr'>res</span> <span class='ocrx_word' id='word_1_643' title='bbox 459 5573 625 5645; x_wconf 84' lang='lat' dir='ltr'>apud</span> <span class='ocrx_word' id='word_1_644' title='bbox 661 5577 716 5629; x_wconf 88' lang='lat' dir='ltr'>te</span> <span class='ocrx_word' id='word_1_645' title='bbox 756 5575 1012 5632; x_wconf 72' lang='lat' dir='ltr'>dimissae</span> <span class='ocrx_word' id='word_1_646' title='bbox 1046 5581 1203 5645; x_wconf 91' lang='lat' dir='ltr'>sunt,</span> <span class='ocrx_word' id='word_1_647' title='bbox 1223 5578 1293 5632; x_wconf 89' lang='lat' dir='ltr'>ad</span> <span class='ocrx_word' id='word_1_648' title='bbox 1327 5597 1434 5635; x_wconf 86' lang='lat' dir='ltr'>nos</span> <span class='ocrx_word' id='word_1_649' title='bbox 1464 5580 1637 5637; x_wconf 87' lang='lat' dir='ltr'>citius</span> <span class='ocrx_word' id='word_1_650' title='bbox 1668 5585 1765 5640; x_wconf 89' lang='lat' dir='ltr'>de-</span> 
     </span>
    </p>
   </div>
   <div class='ocr_carea' id='block_1_109' title="bbox 89 5663 1766 5740">
    <p class='ocr_par' dir='ltr' id='par_1_109' title="bbox 89 5663 1766 5740">
     <span class='ocr_line' id='line_1_112' title="bbox 89 5663 1766 5740; baseline 0.005 -18"><span class='ocrx_word' id='word_1_651' title='bbox 89 5666 362 5731; x_wconf 72' lang='lat' dir='ltr'>stinabis.</span> <span class='ocrx_word' id='word_1_652' title='bbox 384 5664 545 5720; x_wconf 86' lang='lat' dir='ltr'>Cum</span> <span class='ocrx_word' id='word_1_653' title='bbox 589 5663 746 5719; x_wconf 89' lang='lat' dir='ltr'>enim</span> <span class='ocrx_word' id='word_1_654' title='bbox 777 5682 810 5720; x_wconf 88' lang='lat' dir='ltr'>a</span> <span class='ocrx_word' id='word_1_655' title='bbox 841 5665 1078 5724; x_wconf 83' lang='lat' dir='ltr'>domino</span> <span class='ocrx_word' id='word_1_656' title='bbox 1109 5668 1535 5740; x_wconf 71' lang='lat' dir='ltr'>praedecessore</span> <span class='ocrx_word' id='word_1_657' title='bbox 1567 5676 1766 5730; x_wconf 88' lang='lat' dir='ltr'>nostro</span> 
     </span>
    </p>
   </div>
   <div class='ocr_carea' id='block_1_110' title="bbox 1880 4694 3532 4779">
    <p class='ocr_par' dir='ltr' id='par_1_110' title="bbox 1880 4694 3532 4779">
     <span class='ocr_line' id='line_1_113' title="bbox 1880 4694 3532 4779; baseline 0.012 -33"><span class='ocrx_word' id='word_1_658' title='bbox 1880 4697 2036 4758; x_wconf 88' lang='lat' dir='ltr'>runt,</span> <span class='ocrx_word' id='word_1_659' title='bbox 2066 4710 2167 4764; x_wconf 89' lang='lat' dir='ltr'>pro</span> <span class='ocrx_word' id='word_1_660' title='bbox 2200 4694 2497 4766; x_wconf 88' lang='lat' dir='ltr'>religionis</span> <span class='ocrx_word' id='word_1_661' title='bbox 2525 4714 2589 4752; x_wconf 89' lang='lat' dir='ltr'>ac</span> <span class='ocrx_word' id='word_1_662' title='bbox 2616 4698 2871 4758; x_wconf 61' lang='lat' dir='ltr'>scicntia</span> <span class='ocrx_word' id='word_1_663' title='bbox 2900 4708 3276 4778; x_wconf 66' lang='lat' dir='ltr'>praerogativa</span> <span class='ocrx_word' id='word_1_664' title='bbox 3302 4714 3532 4779; x_wconf 86' lang='lat' dir='ltr'>aposto-</span> 
     </span>
    </p>
   </div>
   <div class='ocr_carea' id='block_1_111' title="bbox 1877 4780 3531 4859">
    <p class='ocr_par' dir='ltr' id='par_1_111' title="bbox 1877 4780 3531 4859">
     <span class='ocr_line' id='line_1_114' title="bbox 1877 4780 3531 4859; baseline 0.011 -24"><span class='ocrx_word' id='word_1_665' title='bbox 1877 4780 1988 4836; x_wconf 91' lang='lat' dir='ltr'>lico</span> <span class='ocrx_word' id='word_1_666' title='bbox 2021 4782 2418 4838; x_wconf 89' lang='lat' dir='ltr'>moderamine</span> <span class='ocrx_word' id='word_1_667' title='bbox 2450 4785 2782 4844; x_wconf 86' lang='lat' dir='ltr'>tolerandos</span> <span class='ocrx_word' id='word_1_668' title='bbox 2813 4791 3108 4859; x_wconf 88' lang='lat' dir='ltr'>ducimus,</span> <span class='ocrx_word' id='word_1_669' title='bbox 3142 4800 3198 4851; x_wconf 90' lang='lat' dir='ltr'>et</span> <span class='ocrx_word' id='word_1_670' title='bbox 3229 4797 3301 4851; x_wconf 87' lang='lat' dir='ltr'>ad</span> <span class='ocrx_word' id='word_1_671' title='bbox 3333 4813 3531 4855; x_wconf 86' lang='lat' dir='ltr'>sacros</span> 
     </span>
    </p>
   </div>
   <div class='ocr_carea' id='block_1_112' title="bbox 1878 4870 3533 4955">
    <p class='ocr_par' dir='ltr' id='par_1_112' title="bbox 1878 4870 3533 4955">
     <span class='ocr_line' id='line_1_115' title="bbox 1878 4870 3533 4955; baseline 0.011 -30"><span class='ocrx_word' id='word_1_672' title='bbox 1878 4870 2113 4925; x_wconf 88' lang='lat' dir='ltr'>ordines</span> <span class='ocrx_word' id='word_1_673' title='bbox 2151 4877 2206 4925; x_wconf 86' lang='lat' dir='ltr'>et</span> <span class='ocrx_word' id='word_1_674' title='bbox 2249 4872 2320 4926; x_wconf 88' lang='lat' dir='ltr'>ad</span> <span class='ocrx_word' id='word_1_675' title='bbox 2366 4871 2615 4929; x_wconf 89' lang='lat' dir='ltr'>honores</span> <span class='ocrx_word' id='word_1_676' title='bbox 2664 4877 3088 4938; x_wconf 87' lang='lat' dir='ltr'>ecclesiasticos</span> <span class='ocrx_word' id='word_1_677' title='bbox 3135 4885 3533 4955; x_wconf 89' lang='lat' dir='ltr'>permittimus</span> 
     </span>
    </p>
   </div>
   <div class='ocr_carea' id='block_1_113' title="bbox 1877 4959 2300 5031">
    <p class='ocr_par' dir='ltr' id='par_1_113' title="bbox 1877 4959 2300 5031">
     <span class='ocr_line' id='line_1_116' title="bbox 1877 4959 2300 5031; baseline 0.005 -19"><span class='ocrx_word' id='word_1_678' title='bbox 1877 4959 2300 5031; x_wconf 84' lang='lat' dir='ltr'>provehendos.</span> 
     </span>
    </p>
   </div>
   <div class='ocr_carea' id='block_1_114' title="bbox 1947 5047 3532 5128">
    <p class='ocr_par' dir='ltr' id='par_1_114' title="bbox 1947 5047 3532 5128">
     <span class='ocr_line' id='line_1_117' title="bbox 1947 5047 3532 5128; baseline 0.012 -25"><span class='ocrx_word' id='word_1_679' title='bbox 1947 5047 2080 5104; x_wconf 81' lang='lat' dir='ltr'>CAP.</span> <span class='ocrx_word' id='word_1_680' title='bbox 2106 5048 2195 5102; x_wconf 91' lang='lat' dir='ltr'>IV.</span> <span class='ocrx_word' id='word_1_681' title='bbox 2220 5049 2395 5104; x_wconf 90' lang='lat' dir='ltr'>Porro</span> <span class='ocrx_word' id='word_1_682' title='bbox 2420 5050 2490 5104; x_wconf 90' lang='lat' dir='ltr'>de</span> <span class='ocrx_word' id='word_1_683' title='bbox 2523 5050 2748 5110; x_wconf 85' lang='lat' dir='ltr'>clericis</span> <span class='ocrx_word' id='word_1_684' title='bbox 2771 5057 2868 5128; x_wconf 87' lang='lat' dir='ltr'>qui</span> <span class='ocrx_word' id='word_1_685' title='bbox 2904 5059 2974 5114; x_wconf 89' lang='lat' dir='ltr'>ab</span> <span class='ocrx_word' id='word_1_686' title='bbox 3006 5063 3532 5122; x_wconf 79' lang='lat' dir='ltr'>excommunicatis</span> 
     </span>
    </p>
   </div>
   <div class='ocr_carea' id='block_1_115' title="bbox 1875 5136 3530 5218">
    <p class='ocr_par' dir='ltr' id='par_1_115' title="bbox 1875 5136 3530 5218">
     <span class='ocr_line' id='line_1_118' title="bbox 1875 5136 3530 5218; baseline 0.01 -25"><span class='ocrx_word' id='word_1_687' title='bbox 1875 5136 2168 5208; x_wconf 88' lang='lat' dir='ltr'>episcopis</span> <span class='ocrx_word' id='word_1_688' title='bbox 2201 5143 2339 5193; x_wconf 91' lang='lat' dir='ltr'>sunt</span> <span class='ocrx_word' id='word_1_689' title='bbox 2364 5138 2616 5196; x_wconf 86' lang='lat' dir='ltr'>ordinati</span> <span class='ocrx_word' id='word_1_690' title='bbox 2639 5145 2888 5202; x_wconf 88' lang='lat' dir='ltr'>necdum</span> <span class='ocrx_word' id='word_1_691' title='bbox 2913 5149 3152 5218; x_wconf 91' lang='lat' dir='ltr'>quidem</span> <span class='ocrx_word' id='word_1_692' title='bbox 3177 5155 3530 5210; x_wconf 88' lang='lat' dir='ltr'>sententiam</span> 
     </span>
    </p>
   </div>
   <div class='ocr_carea' id='block_1_116' title="bbox 1878 5226 3531 5313">
    <p class='ocr_par' dir='ltr' id='par_1_116' title="bbox 1878 5226 3531 5313">
     <span class='ocr_line' id='line_1_119' title="bbox 1878 5226 3531 5313; baseline 0.012 -34"><span class='ocrx_word' id='word_1_693' title='bbox 1878 5226 2132 5293; x_wconf 82' lang='lat' dir='ltr'>ﬁximus,</span> <span class='ocrx_word' id='word_1_694' title='bbox 2167 5227 2304 5298; x_wconf 88' lang='lat' dir='ltr'>quia</span> <span class='ocrx_word' id='word_1_695' title='bbox 2348 5229 2638 5298; x_wconf 85' lang='lat' dir='ltr'>generalis</span> <span class='ocrx_word' id='word_1_696' title='bbox 2683 5234 2822 5288; x_wconf 87' lang='lat' dir='ltr'>mali</span> <span class='ocrx_word' id='word_1_697' title='bbox 2856 5238 3190 5310; x_wconf 87' lang='lat' dir='ltr'>contagium</span> <span class='ocrx_word' id='word_1_698' title='bbox 3241 5244 3531 5313; x_wconf 88' lang='lat' dir='ltr'>generalis</span> 
     </span>
    </p>
   </div>
   <div class='ocr_carea' id='block_1_117' title="bbox 1877 5316 3532 5388">
    <p class='ocr_par' dir='ltr' id='par_1_117' title="bbox 1877 5316 3532 5388">
     <span class='ocr_line' id='line_1_120' title="bbox 1877 5316 3532 5388; baseline 0.01 -18"><span class='ocrx_word' id='word_1_699' title='bbox 1877 5317 2081 5388; x_wconf 85' lang='lat' dir='ltr'>synodi</span> <span class='ocrx_word' id='word_1_700' title='bbox 2109 5320 2198 5371; x_wconf 85' lang='lat' dir='ltr'>est</span> <span class='ocrx_word' id='word_1_701' title='bbox 2225 5316 2482 5372; x_wconf 86' lang='lat' dir='ltr'>cauterio</span> <span class='ocrx_word' id='word_1_702' title='bbox 2514 5320 2999 5384; x_wconf 90' lang='lat' dir='ltr'>comburendum.</span> <span class='ocrx_word' id='word_1_703' title='bbox 3019 5328 3154 5383; x_wconf 74' lang='lat' dir='ltr'>Tuae</span> <span class='ocrx_word' id='word_1_704' title='bbox 3185 5333 3381 5385; x_wconf 90' lang='lat' dir='ltr'>tamen</span> <span class='ocrx_word' id='word_1_705' title='bbox 3417 5332 3532 5387; x_wconf 59' lang='lat' dir='ltr'>fra-</span> 
     </span>
    </p>
   </div>
   <div class='ocr_carea' id='block_1_118' title="bbox 1876 5405 3531 5487">
    <p class='ocr_par' dir='ltr' id='par_1_118' title="bbox 1876 5405 3531 5487">
     <span class='ocr_line' id='line_1_121' title="bbox 1876 5405 3531 5487; baseline 0.006 -24"><span class='ocrx_word' id='word_1_706' title='bbox 1876 5405 2136 5463; x_wconf 88' lang='lat' dir='ltr'>ternitati</span> <span class='ocrx_word' id='word_1_707' title='bbox 2171 5405 2280 5461; x_wconf 88' lang='lat' dir='ltr'>hoc</span> <span class='ocrx_word' id='word_1_708' title='bbox 2312 5408 2735 5478; x_wconf 87' lang='lat' dir='ltr'>respondemus</span> <span class='ocrx_word' id='word_1_709' title='bbox 2767 5413 2838 5468; x_wconf 92' lang='lat' dir='ltr'>ad</span> <span class='ocrx_word' id='word_1_710' title='bbox 2881 5431 3156 5486; x_wconf 84' lang='lat' dir='ltr'>praesens,</span> <span class='ocrx_word' id='word_1_711' title='bbox 3190 5422 3254 5472; x_wconf 91' lang='lat' dir='ltr'>ut</span> <span class='ocrx_word' id='word_1_712' title='bbox 3284 5417 3358 5487; x_wconf 89' lang='lat'>(9,</span> <span class='ocrx_word' id='word_1_713' title='bbox 3393 5435 3444 5472; x_wconf 89' lang='lat' dir='ltr'>c.</span> <span class='ocrx_word' id='word_1_714' title='bbox 3477 5419 3531 5484; x_wconf 90' lang='grc'>1,</span> 
     </span>
    </p>
   </div>
   <div class='ocr_carea' id='block_1_119' title="bbox 1877 5495 3533 5576">
    <p class='ocr_par' dir='ltr' id='par_1_119' title="bbox 1877 5495 3533 5576">
     <span class='ocr_line' id='line_1_122' title="bbox 1877 5495 3533 5576; baseline 0.004 -22"><span class='ocrx_word' id='word_1_715' title='bbox 1877 5500 1950 5554; x_wconf 79' lang='lat' dir='ltr'>Ah</span> <span class='ocrx_word' id='word_1_716' title='bbox 1999 5495 2502 5565; x_wconf 74' lang='lat' dir='ltr'>cxcommum&#39;catis)</span> <span class='ocrx_word' id='word_1_717' title='bbox 2544 5499 2616 5552; x_wconf 88' lang='lat' dir='ltr'>ab</span> <span class='ocrx_word' id='word_1_718' title='bbox 2664 5506 3185 5562; x_wconf 87' lang='lat' dir='ltr'>excommunicatis</span> <span class='ocrx_word' id='word_1_719' title='bbox 3233 5507 3533 5576; x_wconf 88' lang='lat' dir='ltr'>quondam</span> 
     </span>
    </p>
   </div>
   <div class='ocr_carea' id='block_1_120' title="bbox 1876 5583 3535 5665">
    <p class='ocr_par' dir='ltr' id='par_1_120' title="bbox 1876 5583 3535 5665">
     <span class='ocr_line' id='line_1_123' title="bbox 1876 5583 3535 5665; baseline 0.002 -22"><span class='ocrx_word' id='word_1_720' title='bbox 1876 5592 2070 5643; x_wconf 86' lang='lat' dir='ltr'>tamen</span> <span class='ocrx_word' id='word_1_721' title='bbox 2103 5583 2406 5640; x_wconf 84' lang='lat' dir='ltr'>catholicis</span> <span class='ocrx_word' id='word_1_722' title='bbox 2427 5583 2718 5657; x_wconf 90' lang='lat' dir='ltr'>episcopis</span> <span class='ocrx_word' id='word_1_723' title='bbox 2741 5591 3061 5658; x_wconf 86' lang='lat' dir='ltr'>ordinatos,</span> <span class='ocrx_word' id='word_1_724' title='bbox 3084 5594 3132 5648; x_wconf 88' lang='lat' dir='ltr'>si</span> <span class='ocrx_word' id='word_1_725' title='bbox 3155 5593 3390 5665; x_wconf 90' lang='lat' dir='ltr'>quidem</span> <span class='ocrx_word' id='word_1_726' title='bbox 3420 5611 3535 5650; x_wconf 88' lang='lat' dir='ltr'>non</span> 
     </span>
    </p>
   </div>
   <div class='ocr_carea' id='block_1_121' title="bbox 1878 5671 3540 5754">
    <p class='ocr_par' dir='ltr' id='par_1_121' title="bbox 1878 5671 3540 5754">
     <span class='ocr_line' id='line_1_124' title="bbox 1878 5671 3540 5754; baseline 0.001 -23"><span class='ocrx_word' id='word_1_727' title='bbox 1878 5674 2208 5732; x_wconf 87' lang='lat' dir='ltr'>Simoniace</span> <span class='ocrx_word' id='word_1_728' title='bbox 2239 5674 2401 5744; x_wconf 90' lang='lat' dir='ltr'>ipsos</span> <span class='ocrx_word' id='word_1_729' title='bbox 2427 5671 2663 5729; x_wconf 88' lang='lat' dir='ltr'>ordines</span> <span class='ocrx_word' id='word_1_730' title='bbox 2686 5685 3052 5750; x_wconf 88' lang='lat' dir='ltr'>acceperunt,</span> <span class='ocrx_word' id='word_1_731' title='bbox 3071 5685 3128 5738; x_wconf 89' lang='lat' dir='ltr'>et</span> <span class='ocrx_word' id='word_1_732' title='bbox 3157 5682 3204 5737; x_wconf 90' lang='lat' dir='ltr'>si</span> <span class='ocrx_word' id='word_1_733' title='bbox 3236 5680 3540 5754; x_wconf 90' lang='lat' dir='ltr'>episcopos</span> 
     </span>
    </p>
   </div>
  </div>
