3950 6218
509 359 625 427 307

1815 359 1886 426 B.
1933 357 2227 426 URBANI
2271 358 2323 424 ll
2367 357 2616 424 ΡΑΡΑΞ.

3729 360 3847 430 ·308

504 497 652 556 istos
681 515 797 556 non
829 497 1191 556 Simoniacos
1222 498 1399 555 fuisse
1425 498 1768 564 constiterit,
1791 503 1848 554 et
1877 497 2066 570 adhuc
2098 495 2145 552 si
2177 498 2232 562 Α
2258 499 2510 552 vestram
2536 512 2637 568 pro
2663 494 2815 552 beati
2840 491 3192 552 confessoris
3216 489 3430 552 Nicolai
3457 491 3720 554 dilectone
3739 513 3847 572 pre-

505 607 710 646 eorum
739 589 1068 663 religiosior
1088 589 1208 644 vita
1233 596 1289 645 et
1318 588 1590 644 doctrinae
1623 588 2001 660 praerogativa
2030 587 2154 642 visa

463 675 470 680 ’
506 677 686 734 fuerit
701 677 1037 749 promereri,
1055 675 1391 748 poenitentia
1409 677 1623 731 indicta
1641 693 1813 748 quam
1835 691 2152 747 congruam

509 766 767 834 duxeris,
790 767 849 822 in
878 766 1023 838 ipsis
1053 783 1200 838 quos
1223 771 1569 838 acceperunt
1592 765 1898 820 ordinibus
1923 781 2155 821 manere

511 855 836 930 permittas.
855 857 938 911 Ad
959 855 1290 927 superiores
1319 859 1512 910 autem
1545 855 1856 909 ascendere
1882 871 1996 910 non
2019 871 2156 909 cnn-

511 945 796 1012 cedimus,
819 944 932 1000 nisi
981 945 1298 1000 necessitas
1326 943 1415 999 vel
1459 943 1679 998 utilitas
1711 944 1964 1000 maxima
1995 943 2156 1015 ﬂagi-

511 1033 720 1090 taverit
745 1033 1035 1090 Ecclesiae.
1062 1033 1178 1088 Hoc
1224 1037 1420 1088 tamen
1455 1032 1650 1104 ipsum
1682 1032 1874 1087 rarius
1923 1036 1980 1088 et
2024 1049 2157 1087 cum

514 1121 742 1178 cautela
770 1125 860 1178 est
889 1121 1180 1194 praecipua
1208 1122 1667 1177 concedendum.

585 1214 717 1267 CAP.
748 1210 814 1265 V.
849 1211 1161 1283 EpiscOpos
1207 1227 1272 1266 ac
1320 1210 1558 1266 clericos
1606 1227 1754 1282 quos
1801 1208 2161 1263 Simoniacos

513 1316 644 1356 esse
673 1302 920 1366 constat,
940 1317 973 1355 a
1005 1299 1187 1354 sacris
1209 1299 1418 1354 ofﬁciis
1447 1299 1832 1355 et'bcneﬁciis
1863 1313 2160 1353 removen-

515 1389 621 1444 dos
651 1387 892 1444 omnino
933 1389 1326 1445 decernimus.
1362 1389 1425 1444 In
1467 1387 1742 1444 ecclesias
1771 1404 1904 1442 vero
1935 1404 2060 1459 quae
2091 1387 2162 1441 ab

513 1477 856 1551 hujusmodi
898 1477 1245 1534 Simoniacis
1295 1482 1602 1532 exsecrata
1643 1481 1800 1545 sunt,
1835 1493 1948 1530 non
1998 1475 2164 1531 aliter

517 1584 695 1640 quam
726 1567 785 1621 in
815 1565 958 1622 locis
1017 1565 1306 1621 orandum
1353 1565 1602 1631 videtur,
1635 1566 1817 1621 donec
1867 1564 2162 1620 subversis

460 1653 468 1658 ⁷
517 1655 802 1712 altaribus
829 1653 1234 1710 benedictione
1263 1657 1320 1709 et
1349 1653 1620 1710 unctione
1642 1653 1908 1709 catholici
1942 1653 2165 1709 antisti-

495 1758 501 1762 ·
517 1744 596 1800 tis
626 1747 1056 1800 consecrentur.

588 1833 725 1890 CAP.
755 1833 849 1888 VI.
873 1833 964 1932 De.
985 1832 1198 1932 bisqui
1221 1831 1346 1888 sine
1377 1831 1563 1888 titulis
1587 1833 1834 1888 ordinati
1857 1839 2016 1900 sunt,
2035 1833 2166 1888 licet
2194 1868 2241 1932 Β

519 1923 810 1997 ejusmodi
842 1921 1132 1978 ordinatio
1162 1925 1498 1978 sanctorum
1539 1939 1830 1978 canonum
1877 1922 2162 1978 sanctioni

519 2011 812 2070 contraria
831 2011 1150 2084 judicetur,
1175 2015 1374 2066 utrum
1405 2014 1600 2066 tamen
1628 2011 1804 2083 aliqui
1831 2012 1889 2066 in
1912 2011 2165 2084 acceptis

521 2103 642 2160 sint
695 2101 1002 2158 ordinibus
1059 2099 1460 2172 permittendi,
1512 2099 1848 2156 discretioni
1901 2105 2012 2156 tua:
2063 2118 2163 2174 pro

519 2191 793 2266 presenti
821 2189 1088 2246 Ecclesiae
1135 2189 1478 2245 necessitate
1521 2189 1968 2258 committimus,
1998 2191 2045 2246 si
2078 2195 2164 2246 ta-

523 2297 654 2338 men
685 2281 829 2336 alias
859 2279 986 2336 sine
1025 2278 1306 2350 pravitate
1348 2295 1446 2334 eos
1477 2279 1776 2334 ordinatos
1816 2280 1997 2336 fuisse
2026 2296 2162 2335 con-

517 2369 754 2426 stiterit.

587 2458 723 2514 CAP.
752 2457 878 2512 νη.
909 2456 1178 2529 Bigamos
1207 2459 1262 2511 et
1291 2455 1602 2512 viduarum
1647 2457 1890 2514 maritos
1918 2475 1952 2512 a
1982 2457 2164 2514 sacris

515 2546 846 2612 ordinibus,
869 2545 1192 2601 secundum
1226 2561 1600 2600 communem
1628 2545 1890 2601 Ecclesiae
1921 2563 2162 2603 consue-

515 2635 804 2700 tudinem,
827 2633 1171 2690 auctoritate
1203 2633 1384 2688 nostri
1409 2633 1584 2688 officii
1615 2651 2010 2708 segrcgamus.
2036 2636 2165 2691 Haec

514 2723 789 2780 universa
806 2726 1088 2793 tanquam
1117 2721 1444 2794 apostolicae
1462 2721 1618 2778 sedis
1639 2728 1922 2796 praecepta
1945 2730 2167 2782 sancto-

514 2829 648 2868 rum
679 2809 1058 2866 conciliorum
1098 2809 1404 2865 sententiis
1434 2812 1833 2874 consonantia.
1867 2813 2164 2886 religionis

513 2905 628 2958 tuae
658 2897 978 2956 strenuitas
1016 2903 1072 2953 et
1112 2898 1170 2952 in
1219 2897 1477 2954 Ecclesia
1525 2899 1637 2954 sibi
1687 2901 2002 2958 commissa
2053 2907 2162 2959 Deo

509 2989 754 3062 juvante
796 2986 1086 3043 custodiat
1112 2989 1170 3042 et
1206 2987 1589 3042 custodienda
1635 2986 1768 3043 aliis
1819 2989 2160 3047 innotescat.

516 3078 635 3136 Nec
655 3077 1014 3134 senectutem
1035 3079 1197 3130 tuam
1222 3074 1639 3131 oblatrantium
1663 3093 1872 3133 canum
1897 3079 2162 3136 multitu-

457 3225 464 3234 ,
517 3167 591 3232 do
621 3168 956 3240 perterrent.
982 3164 1167 3236 Major
1189 3165 1348 3220 enim
1370 3169 1458 3220 est
1484 3165 1584 3238 qui
1608 3165 1664 3221 in
1687 3167 1855 3223 nobis
1876 3175 1960 3223 est
1984 3186 2162 3242 quam

517 3233 712 3330 qui-in
757 3253 896 3310 illis.
927 3233 1396 3326 Ipse‘siquidem
1440 3233 1796 3312 confirmans
1844 3233 2164 3332 discipulos
2194 3233 2237 3302 α

515 3361 656 3401 suos
678 3343 760 3399 ait
781 3361 831 3400 :«
853 3342 1040 3399 Nolite
1059 3343 1265 3399 timere
1285 3341 1538 3414 pusillus
1559 3359 1715 3416 grex,
1741 3346 1879 3418 quia
1909 3364 2033 3402 com
2044 3348 2162 3421 pla-

515 3434 639 3491 cuit
665 3431 823 3489 Patri
848 3435 1039 3488 vestro
1077 3431 1214 3487 dare
1239 3431 1402 3488 vobis
1433 3449 1699 3503 regnum.
1720 3456 1748 3483 «
1775 3432 1903 3506 Ipse
1935 3435 2164 3492 miseri-

512 3522 712 3580 cordia
741 3537 850 3578 sua
872 3537 980 3578 nos
1001 3519 1307 3576 confirmet
1327 3535 1393 3575 ac
1414 3524 1698 3593 protegat,
1717 3527 1775 3578 et
1803 3522 1874 3578 ad
1907 3524 2165 3582 ccelestia

512 3599 696 3686 regna
717 3611 1018 3684 perducat.
1053 3610 1259 3664 Amen.

1260 3697 1422 3752 XXV.

647 3789 670 3814 "
705 3786 952 3846 Urbanus
977 3788 1030 3842 ΙΙ
1053 3778 1655 3926 νηοηάδίεέἱξηςιῗυειιςίδ
1670 3792 2031 3860 possessiones

1182 3872 1278 3912 con
1326 3873 1354 3912 ν
1475 3900 1487 3912 .

1182 3872 1487 3912 confirmat.

1115 3945 1315 4016 (Anno
1367 3945 1575 4074 108⁴ὝΙ

510 4017 681 4090 [Dom
713 4016 997 4082 Romam,
1015 4017 1156 4091 Δνέια
1186 4016 1393 4091 Urbani
1419 4019 1496 4091 ll.
1567 4034 1762 4091 anum.
1785 4023 1844 4074 et
1873 4019 2154 4091 Romam,

673 4113 679 4120 ~
998 4088 1160 4144 Ouvr.
1189 4087 1392 4161 postia,
1425 4089 1519 4158 III,
1553 4089 1669 4160 65.]

1235 4193 1423 4250 XXVI.

454 4291 460 4298 ”
511 4283 718 4343 Urbani
745 4283 798 4357 fl
822 4283 1053 4357 epistola
1083 4283 1152 4337 ad
1179 4283 1361 4357 Etiam
1401 4286 1711 4357 episwpum
1747 4287 2063 4342 Barensem.
2087 4319 2156 4330 —

575 4357 651 4412 De
679 4355 1044 4426 reliquiarum
1071 4356 1256 4427 sancti
1295 4355 1508 4411 Nicolai
1553 4355 1932 4427 translatione,
1964 4368 2015 4416 et
2047 4361 2152 4416 Βα-

575 4429 750 4486 rmis
779 4425 1025 4485 ecclesia
1051 4425 1320 4496 dignitate
1347 4430 1398 4483 et
1417 4427 1661 4498 juribus.

1131 4515 1316 4588 (Anno
1349 4515 1532 4588 10891)

921 4585 1152 4658 [MANSI,
1188 4585 1416 4655 Concil.,
1445 4586 1559 4654 XX,
1588 4588 1740 4659 645.]

567 4679 840 4736 Urbanus
869 4675 1199 4750 episcopus,
1223 4691 1425 4732 servus
1455 4692 1754 4732 servorum
1785 4675 1903 4746 Dei,
1929 4677 2150 4734 charis-

495 4769 646 4825 simo
677 4765 844 4824 fratri
873 4765 1010 4822 Elite
1056 4764 1513 4838 archiepiscopo,
1548 4765 1800 4822 salutem
1830 4771 1888 4823 et
1918 4773 2148 4840 aposto-

493 4857 670 4914 licam
699 4855 1186 4913 benedictionem.

565 4944 714 5010 Quia
759 4943 978 5000 nostris
1025 4943 1388 5014 temporibus
1437 4941 1756 4999 Ecclesiam
1807 4962 1982 5017 quam
2033 4945 2148 5002 Deo

493 5035 730 5090 auctore
760 5031 937 5104 regis,
971 5031 1148 5086 frater
1179 5030 1542 5099 charissimc,
1569 5032 1904 5098 Barensem,
1933 5051 2060 5106 quae
2089 5038 2149 5092 et

492 5118 788 5178 Canusina
805 5119 1038 5184 dicitur,
1057 5119 1430 5191 omnipotens
1451 5125 1601 5178 Deus
1624 5122 1776 5178 beati
1795 5123 2146 5180 confessoris

491 5207 584 5266 sui
607 5204 827 5263 Nicolai
851 5221 1088 5278 corpore
1103 5205 1338 5262 visitare
1360 5207 1636 5280 dignatus
1655 5214 1760 5276 est,
1785 5227 1887 5264 nos
1911 5213 2145 5265 auctore

489 5296 608 5354 Deo
626 5291 1023 5366 apostolorum
1045 5293 1201 5348 Petri
1232 5295 1512 5367 Paulique
1543 5295 1762 5363 vicarii,
1789 5301 2023 5368 propter
2052 5315 2143 5353 ec-

485 5381 814 5440 clesiastica
829 5383 1062 5454 negotia
1077 5384 1448 5455 exsequenda
1466 5383 1526 5439 in
1540 5383 1762 5455 Apuliae
1785 5385 2143 5458 provinciam

481 5469 934 5539 descendentes,
993 5471 1480 5526 charissimorum
1540 5469 1794 5529 ﬁliorum
1869 5473 2142 5530 Romana:

482 5556 762 5616 Ecclesiae
794 5557 1020 5632 Rogerii
1052 5559 1222 5615 ducis
1271 5561 1330 5614 et
1377 5558 1570 5614 fratris
1617 5561 1744 5632 ejus
1790 5563 2139 5632 Boamundi,

483 5653 663 5720 atque
713 5648 918 5705 vestris
973 5645 1484 5720 deprecationibus
1544 5649 1790 5721 invitati,
1852 5649 2146 5707 civitatem

2263 584 2436 658 cipua
2463 585 2827 641 ‘visitavimus
2855 602 2868 642 :
2894 601 3026 642 cum
3052 601 3264 658 magna
3293 582 3546 658 undique
3565 588 3848 644 convenian-

2263 673 2340 729 tis
2372 674 2568 747 populi
2599 675 2942 748 frequentia,
2964 675 3282 748 laetitiaque
3302 675 3364 732 Β.
3385 674 3600 730 Nicolai
3621 675 3847 749 reliquias

2263 763 2322 818 in
2352 762 2543 819 locum
2581 763 2765 834 parati
2817 764 2973 836 adyti
3027 763 3409 830 conferentes,
3441 766 3632 819 contra
3671 781 3849 823 molem

2265 858 2476 909 nostras
2501 855 2772 908 Romana
2804 858 2862 908 et
2891 852 3220 924 apostolicae
3245 851 3528 920 Ecclesiae,
3547 857 3620 920 te,
3641 853 3850 910 dilectis-

2267 942 2413 998 sime
2446 944 2638 1012 frater,
2672 943 2730 998 in
2771 944 2906 998 sede
2947 943 3179 1015 propria
3211 942 3752 1010 consecravimus,B.
3779 945 3852 999 Ni-

2267 1032 2413 1087 colai
2445 1032 2784 1102 reverentia,
2801 1036 2858 1088 et
2886 1031 2973 1087 tui
3016 1030 3214 1104 populi
3251 1030 3552 1086 dilectione
3579 1031 3778 1088 devicti.
3795 1034 3852 1089 Te

2268 1121 2448 1193 igitur
2474 1121 2530 1175 in
2565 1121 2874 1192 specialem
2909 1121 3183 1176 Romanae
3206 1119 3470 1175 Ecclesia;
3491 1118 3664 1175 ﬁlium
3683 1121 3854 1194 amplc-

2268 1214 2491 1266 ctcntes
2521 1209 2738 1265 amoris
2781 1209 2974 1265 intimi
3023 1208 3302 1276 brachiis,
3335 1212 3626 1280 tuamque,
3647 1209 3728 1264 cui
3768 1210 3852 1266 Deo

2269 1305 2504 1354 auctore
2537 1299 2832 1371 praesides,
2877 1299 3211 1364 Barensem,
3235 1315 3360 1370 quae
3401 1302 3456 1354 et
3485 1299 3753 1353 Canusina
3775 1299 3854 1354 ha-

2271 1389 2443 1444 betur
2467 1387 2742 1459 Ecclesia,
2765 1387 3038 1453 exaltare,
3063 1391 3122 1442 et
3144 1386 3427 1460 populum
3450 1392 3609 1442 tuum
3629 1391 3733 1443 tam
3751 1393 3855 1444 tem-

2273 1477 2548 1549 poraliter
2598 1493 2775 1548 quam
2835 1475 3185 1532 aeternaliter
3239 1474 3579 1550 glorificare,
3630 1475 3854 1549 largiente

2271 1567 2514 1622 Domino
2547 1573 2604 1622 et
2637 1569 2860 1623 furente
2881 1567 3136 1639 justitia,
3159 1567 3480 1638 cupientes,
3502 1565 3854 1622 conﬁrmamus

2272 1656 2377 1712 tibi
2409 1655 2712 1729 prmsentis
2740 1657 2965 1730 paginae
3001 1655 3345 1712 auctoritate
3383 1655 3667 1728 integrum
3693 1656 3852 1712 Barea-

2272 1763 2418 1814 sem,
2445 1745 2543 1818 qui
2574 1749 2630 1801 et
2657 1745 2987 1802 Canusinus
3017 1750 3127 1812 est,
3157 1743 3788 1817 archiepiscopatum,ut
3807 1750 3852 1799 tu

2273 1835 2476 1908 tuique
2507 1851 2876 1891 successores
2905 1833 3222 1908 episcOpali
3255 1834 3391 1905 jure
3422 1833 3586 1889 illum
3615 1833 3852 1908 regas,di~

2273 1940 2488 1996 sponas
2517 1927 2693 1996 atque
2723 1923 3046 1997 possideas,
3079 1922 3240 1980 salva
3278 1923 3552 1979 Romanae
3579 1922 3856 1979 auctoritate

2273 2012 2559 2080 Ecclesiae,
2577 2030 2703 2083 quae
2733 2013 3074 2068 instituente
3104 2012 3352 2068 Domino
3374 2011 3740 2068 Ecclesiarum
3763 2028 3856 2067 om-

2273 2101 2436 2156 nium
2465 2101 2732 2174 princeps
2756 2107 2864 2166 est,
2889 2101 3102 2174 cuique
3122 2105 3189 2156 ut
3211 2101 3387 2156 matri
3411 2118 3638 2158 summa
3655 2102 3794 2158 debet
3805 2101 3856 2156 ab

2273 2191 2561 2246 universis
2593 2190 2910 2246 reverentia
2937 2189 3214 2246 exhiberi.

2342 2280 2584 2352 Absque
2615 2279 2950 2351 praejudicio
2979 2295 3116 2352 ergo
3138 2278 3386 2351 justitiae
3417 2277 3774 2352 quarumlibet
3789 2277 3857 2332 Ec-

2273 2368 2606 2435 clesiarum,
2637 2371 2948 2440 sequentes
2977 2371 3237 2423 tenorem
3275 2368 3377 2440 qui
3425 2372 3735 2424 nostrorum
3759 2382 3856 2421 con-

2270 2458 2494 2513 tinetur
2549 2455 2868 2528 privilegiis
2919 2455 3440 2528 przsdecessorum,
3487 2455 3734 2512 Barensis
3773 2453 3858 2509 sive

2273 2543 2574 2600 Canusinae
2613 2543 2876 2600 Ecclesiae
2923 2544 3327 2616 possessiones
3359 2545 3484 2600 sive
3515 2544 3762 2599 dimceses
3783 2539 3857 2596 tibi

2273 2634 2509 2706 tuisque
2540 2632 2982 2690 successoribus
3007 2636 3284 2705 perpetuo
3315 2631 3686 2705 possidendas
3713 2643 3861 2703 regen-

2272 2725 2495 2796 dasque
2543 2721 2968 2778 contradimus.
3002 2721 3098 2777 Hae
3147 2724 3342 2778 autem
3399 2718 3857 2783 sunt1Canusina,

2273 2811 2602 2878 Bistictum,
2635 2812 2926 2875 Bitonum,
2957 2809 3311 2880 Midunium,
3329 2809 3713 2877 Juvenatium,
3731 2806 3858 2865 Melli-

2272 2906 2384 2970 cta,
2438 2901 2692 2969 Rubum,
2725 2901 3006 2970 Tranum,
3039 2900 3256 2968 Canna,
3303 2899 3704 2966 Minervinum,
3739 2900 3858 2969 Aqua

2273 2995 2442 3058 tecta,
2475 2991 2642 3046 Mons
2690 2989 2986 3058 meliorus,
3031 2988 3350 3060 Lavellum,
3399 2980 3673 3062 Rap'ulba,
3701 2984 3854 3051 Mellis,

2272 3077 2534 3146 Bitalbis,
2578 3079 3152 3152 Salpicupersanum,
3205 3077 3589 3146 Palimarum,
3635 3074 3855 3134 simulet

2275 3174 2479 3224 caetera
2499 3186 2625 3242 quae
2659 3168 2813 3224 intra
2843 3167 3052 3223 marini
3087 3166 3300 3223 littoris
3335 3184 3496 3224 oram
3528 3167 3634 3224 sita
3660 3159 3770 3222 esse
3789 3179 3853 3218 co-

2273 3261 2657 3330 gnoscuntur.
2673 3256 2803 3312 Haec
2818 3271 2952 3312 vero
2968 3259 3026 3312 et
3042 3255 3156 3310 alia
3172 3255 3636 3328 municipia,sive
3653 3253 3854 3310 civitates

2273 3345 2567 3418 praedictis
2593 3339 2946 3401 civitatibus
2970 3345 3325 3416 adjacentes,
3351 3343 3471 3401 sive
3500 3344 3663 3417 longe
3687 3340 3850 3415 posita.

2273 3435 2372 3492 sed
2397 3435 2466 3490 ad
2491 3451 2590 3492 eas
2611 3433 2986 3506 pertinentes,
3002 3432 3424 3491 confirmamus
3447 3434 3626 3502 vobis,
3639 3439 3688 3488 el
3705 3443 3853 3487 omnes

2273 3525 2485 3580 fundos
2513 3529 2569 3579 et
2599 3523 2820 3580 casales
2851 3539 2967 3578 una
2997 3539 3132 3579 cum
3163 3522 3319 3579 casis
3340 3525 3398 3580 et
3418 3522 3617 3590 vineis,
3638 3537 3752 3576 cum
3773 3531 3854 3572 ser-

2272 3613 2357 3667 vis
2389 3617 2446 3667 et
2475 3612 2725 3680 ancillis,
2749 3628 2884 3668 cum
2916 3610 3129 3668 massis
3149 3615 3208 3667 et
3226 3611 3584 3669 massaritiis
3601 3616 3753 3682 atque
3769 3619 3854 3660 mo-

2268 3701 2542 3770 lendinis,
2576 3717 2712 3757 cum
2742 3701 3046 3774 portubus,
3077 3699 3382 3757 montibus
3415 3705 3474 3757 et
3501 3699 3696 3773 pratis,
3709 3690 3856 3752 simul-

2270 3807 2402 3845 cum
2444 3789 2714 3862 plebibus
2744 3789 2864 3846 sive
2916 3788 3197 3857 ecclesiis,
3229 3805 3364 3845 cum
3405 3789 3678 3846 omnibus
3719 3779 3856 3840 titulis

2268 3878 2389 3936 sive
2417 3878 2656 3951 capellis
2687 3878 2834 3944 suis,
2867 3877 3044 3933 simul
3075 3877 3250 3934 etiam
3271 3894 3410 3934 cum
3443 3874 3784 3934 monasteriis
3804 3867 3858 3920 vi-

2269 3984 2466 4022 rorum
2515 3984 2616 4024 seu
2678 3965 3052 4036 feminarum,
3075 3966 3289 4024 Grecis
3353 3972 3456 4023 aut
3513 3963 3738 4030 Latinis,
3763 3972 3857 4015 cum

2267 4056 2556 4114 universis
2578 4055 2884 4112 ordinibus
2904 4053 3340 4128 ecclesiasticis,
3353 4060 3415 4112 et
3438 4053 3710 4129 quidquid
3726 4050 3860 4106 hono-

2266 4146 2369 4212 ris,
2393 4144 2786 4218 possessionis
2828 4159 2931 4200 seu
2975 4143 3297 4215 dignitatis,
3332 4161 3437 4217 per
3465 4142 3700 4217 legalem
3727 4129 3892 4208 largr'

2263 4233 2484 4308 tionem
2513 4237 2572 4289 et
2591 4233 2764 4302 juxta
2791 4231 3227 4288 concessionem
3257 4233 3584 4306 antiquitus
3611 4226 3858 4287 tenuisset,

2263 4326 2319 4379 et
2349 4321 2633 4394 quidquid
2660 4319 2906 4394 justitiae
2951 4337 3065 4375 non
3111 4321 3481 4391 contradicit,
3506 4324 3564 4376 et
3591 4312 3860 4388 antiquitus

2262 4411 2706 4484 superadditum
2751 4426 2881 4466 esse
2929 4409 3232 4481 probatur,
3260 4414 3317 4466 et
3345 4409 3407 4466 in
3453 4411 3704 4465 futurum
3738 4405 3860 4475 juste

2263 4499 2474 4572 poterit
2494 4498 2767 4556 Barensis
2782 4502 2839 4554 et
2854 4497 3153 4554 Canusina
3165 4497 3428 4556 Ecclesia
3443 4495 3700 4571 adipisci.
3717 4493 3861 4562 Atque

2182 4605 2229 4670 Ι)
2261 4588 2602 4662 hujusmodi
2649 4586 2950 4661 privilegia
2988 4587 3258 4659 praesenti
3291 4585 3650 4644 auctoritatis
3691 4581 3862 4670 nostra

2260 4659 2490 4734 decreto
2534 4659 2927 4748 indulgentes,
2962 4675 3283 4732 statuimus
3324 4675 3554 4732 nullum
3593 4684 3774 4745 regum
3798 4659 3861 4718 vel

2259 4767 2702 4839 imperatorum,
2723 4765 3075 4832 antistitum,
3099 4764 3330 4821 nullum
3357 4777 3706 4838 quacunque
3719 4752 3865 4829 digni-
3890 4767 3891 4770 “

2257 4859 2374 4912 tate
2407 4853 2841 4928 praeditum,vel
2866 4869 3225 4926 quemquam
3249 4853 3432 4910 alium
3455 4853 3662 4910 audere
3683 4846 3862 4904 minue-

2259 4962 2338 5012 re,
2359 4943 2614 5000 alienare
2647 4943 2767 5000 sive
2789 4943 2914 4998 suis
2938 4941 3146 4998 usibus
3172 4941 3470 5016 applicare
3489 4942 3560 4997 de
3579 4939 3648 4995 iis
3667 4952 3779 5010 qua
3801 4929 3859 4986 ei-

2255 5034 2386 5088 dem
2419 5031 2686 5088 Ecclesiaa
2717 5049 2752 5088 a
2781 5029 3141 5104 quibuslibet
3173 5029 3515 5088 hominibus
3557 5029 3626 5085 de
3668 5017 3859 5098 proprio

2246 5124 2382 5194 jure
2396 5123 2522 5192 jam
2545 5123 2757 5178 donata
2781 5124 2940 5189 sunt,
2963 5119 3050 5175 vel
3076 5119 3372 5194 deinceps,
3392 5119 3637 5176 Domino
3656 5112 3858 5194 favente.

2254 5193 2458 5267 donari
2501 5209 2828 5283 contigerit.
2865 5208 3144 5264 Praeterea
3189 5193 3539 5264 fraternitati
3585 5211 3689 5262 tuis
3732 5193 3859 5271 pallii

2252 5317 2426 5355 usum
2461 5318 2527 5354 ex
2562 5316 2720 5354 more
2764 5297 3162 5367 concedimus,
3195 5301 3260 5354 ut
3287 5313 3354 5354 eo
3394 5299 3546 5353 inter
3590 5291 3857 5350 missarum

2253 5389 2558 5454 solemnia,
2595 5389 2668 5444 iis
2699 5388 2984 5443 duntaxat
3029 5385 3446 5443 festivitatibus
3473 5383 3671 5448 utaris,
3697 5371 3857 5434 videli-

2251 5483 2341 5534 cet
2370 5476 2671 5533 nativitate
2703 5473 2961 5544 Domini,
2990 5475 3050 5531 S.
3077 5475 3376 5548 Stephani,
3409 5469 3739 5547 Epiphania,
3764 5462 3856 5518 ϐω·

2251 5583 2328 5620 na
2359 5565 2607 5634 Domini,
2639 5564 3104 5633 Resurrectione,
3139 5563 3510 5629 Ascensione,
3548 5555 3852 5641 Pentecoste,

2252 5653 2554 5710 nativitate
2583 5659 2639 5709 S.
2663 5652 2909 5710 Joannis
2948 5653 3242 5725 Baptistae,
3286 5649 3578 5709 Natalitiis
3605 5637 3851 5720 apostolil-
