3950 6218
114 332 242 396 ~309

1297 334 1703 400 EPISTOLIE
1743 334 1846 398 ET
1888 334 2361 405 PRIVILEGIA.

3407 347 3529 413 3l0

132 485 273 537 rum,
300 469 358 529 et
384 463 582 527 tribus
614 465 1022 527 festivitatibus
1051 472 1262 528 sanctis
1303 468 1513 539 Mariae,
1548 469 1851 540 festivi-.A
1883 475 2222 550 Quaecunque
2276 478 2533 552 ligaveris
2579 496 2742 555 super
2784 480 2989 539 terram
3034 483 3195 541 erunt
3243 482 3417 557 ligata
3462 489 3527 543 in

131 561 336 618 tatibus
363 564 708 617 sanctorum
738 558 955 616 Nicolai
986 564 1043 616 et
1069 560 1290 629 Sabini,
1317 561 1627 619 festivitate
1647 580 1767 619 om-

132 649 279 708 nium
309 653 675 717 sanctorum,
708 649 766 705 in
798 666 949 706 anno
980 650 1364 706 ordinationis
1413 655 1524 705 tuae
1564 651 1676 719 die,
1706 652 1763 707 in

131 739 474 796 ordinatione
485 739 897 811 episcoporum
915 756 1017 795 seu
1033 745 1372 795 caaterorum
1397 740 1762 810 clericorum,

130 828 183 884 in
212 827 646 883 consecratione
674 828 848 883 etiam
880 828 1355 893 ecclesiarum,in
1385 829 1767 887 translatione

133 917 287 974 etiam
318 916 548 972 Domini
584 916 933 973 confessoris
964 916 1203 973 Nicolai.
1227 918 1541 975 Hortamur
1567 917 1765 991 itaque

135 1005 534 1062 fraternitatem
566 1011 733 1060 tuam
764 1009 829 1061 ut
857 1005 1043 1062 honor
1070 1011 1245 1063 tantae
1276 1006 1598 1079 dignitatis,
1633 1026 1769 1080 sup-

134 1094 472 1168 plementum
505 1093 714 1169 utique
731 1093 911 1150 totius
934 1094 1314 1155 sacerdotalis
1345 1096 1766 1163 ortlinis,mori-

131 1184 226 1239 bus
252 1182 364 1238 tuis
393 1183 737 1251 conveniat;
765 1186 822 1238 et
852 1200 965 1239 non
1021 1183 1213 1240 solum
1242 1183 1509 1240 exteriori
1539 1185 1763 1241 homini

130 1278 216 1328 tuo
241 1272 505 1327 decorem
540 1275 778 1344 praestet
809 1276 865 1326 et
894 1272 1165 1345 gratiam,
1200 1274 1298 1328 sed
1325 1278 1381 1327 et
1426 1273 1763 1329 interiorem

129 1377 333 1434 quoque
362 1359 685 1432 multiplici
716 1359 926 1417 virtute
955 1361 1303 1418 corroboret.
1328 1361 1630 1434 Siquidem
1652 1362 1765 1419 ista

131 1454 245 1507 sunt
272 1448 579 1522 pallii,ista
612 1454 752 1505 sunt
768 1449 1108 1521 hujusmodi
1142 1451 1469 1506 indumenti
1493 1455 1557 1507 ut
1578 1452 1762 1507 Deum

130 1556 187 1594 ex
212 1544 321 1596 toto
351 1539 551 1607 corde,
574 1539 929 1607 tota,anima
958 1544 1015 1596 et
1042 1540 1202 1596 omni
1230 1541 1442 1597 virtute
1472 1540 1765 1614 diligas,et

128 1629 431 1700 proximum
462 1632 645 1683 tuum
677 1629 830 1685 sicut
858 1633 914 1684 te
946 1629 1317 1702 ipsum.Nam
1340 1629 1472 1685 licet
1492 1631 1563 1685 ad
1588 1648 1762 1685 usum

126 1717 262 1790 pallii
285 1718 553 1774 omnium
578 1717 868 1775 virtutum
891 1722 1237 1775 ornamenta
1265 1719 1382 1775 sint
1412 1719 1760 1785 necessaria,

128 1806 576 1879 inseparabiliter
632 1811 824 1862 tamen
859 1807 1138 1873 eharitas,
1170 1823 1299 1878 quae
1331 1824 1536 1864 omnes
1566 1823 1763 1880 super-
1791 1844 1840 1909 Β

127 1895 466 1960 excedit,hac
497 1895 824 1968 pollentem
855 1895 1138 1970 dignitate
1168 1896 1434 1952 comitari
1466 1897 1754 1953 convenit.

126 1984 193 2047 Ad
221 1984 499 2045 imitanda
530 1984 723 2058 igitur
751 1985 1016 2041 omnium
1046 1986 1333 2041 bonorum
1366 1985 1761 2042 instrumenta

125 2074 223 2129 vita
242 2078 295 2130 et
322 2073 573 2131 scientia
606 2078 711 2130 tua
741 2074 993 2129 subditis
1014 2074 1133 2130 tuis
1153 2074 1229 2130 sit
1249 2074 1437 2131 forma
1457 2079 1514 2131 et
1536 2074 1759 2145 regula,

124 2167 196 2229 ut,
224 2164 268 2218 si
296 2163 431 2235 quid
464 2164 524 2218 in
560 2161 655 2218 eis
679 2179 748 2219 ex
778 2162 1039 2219 humana
1068 2162 1383 2236 fragilitate
1405 2164 1763 2236 reprehensi-

125 2250 221 2308 bile
264 2252 750 2324 deprehenditur,
794 2252 1012 2308 intuitu
1064 2252 1517 2309 conversationis
1548 2257 1658 2308 tua:
1689 2252 1762 2308 ad

121 2340 505 2397 rectitudinem
534 2339 900 2397 sinceritatis
930 2344 1042 2396 tuae
1073 2341 1646 2413 corrigatur.0uibus
1677 2342 1762 2398 sic

124 2430 336 2486 studeas
363 2429 838 2502 dispensationis
860 2432 973 2486 tua:
996 2430 1134 2501 jura
1157 2430 1445 2486 moderari
1456 2435 1541 2497 ,ut
1562 2431 1620 2485 in
1644 2447 1759 2487 cor-

123 2518 354 2590 rigendis
380 2519 545 2576 vitiis
573 2522 636 2575 et
655 2516 775 2575 zelo
797 2519 1164 2575 rectitudinis
1196 2519 1499 2587 ferveas,et
1521 2521 1761 2576 modum

124 2608 492 2681 temperantia:
526 2624 655 2664 non
685 2608 1021 2664 excedas.Et
1050 2612 1116 2664 ut
1146 2608 1332 2663 multa
1362 2608 1565 2680 paucis
1583 2609 1762 2681 expli-

126 2710 320 2763 ceruus,
352 2697 487 2770 quid
519 2697 589 2751 in
628 2700 968 2752 sanctorum
996 2696 1233 2752 Patrum
1255 2697 1427 2753 dictis
1458 2697 1760 2769 repereris,

126 2784 186 2840 ad
212 2788 362 2842 tuam
391 2790 449 2842 et
477 2802 695 2843 eorum
719 2785 818 2859 qui
841 2785 949 2841 tibi
971 2785 1306 2842 subduntur
1326 2787 1610 2842 utendum
1636 2803 1764 2843 cen-

126 2890 237 2929 seas
253 2876 1020 2947 adiﬁcationemquatenus
1037 2875 1536 2931 documentistuis
1550 2876 1764 2931 instru-

126 2961 209 3031 cti,
236 2966 401 3035 atque
428 2963 580 3019 boni
614 2962 867 3036 pastoris
914 2963 1159 3037 vestigia
1207 2964 1525 3029 consecuti,
1558 2965 1628 3020 ad
1674 2982 1761 3019 re-

124 3065 283 3122 gnum
309 3053 528 3109 summi
568 3051 825 3108 Pastoris
856 3056 1048 3127 tecum
1078 3051 1310 3108 valeant
1340 3053 1682 3127 pertingere,
1708 3058 1765 3109 et

125 3145 387 3213 perpetuis
415 3143 554 3198 vitae
588 3140 925 3197 felicitatem
964 3126 1073 3198 Deo
1105 3146 1396 3198 annuente
1443 3142 1758 3215 percipere.

127 3229 307 3286 Amen.

280 3320 370 3375 His
398 3337 531 3377 mox
561 3318 858 3389 subjicitur
883 3320 1156 3389 sigillum.

188 3410 378 3464 Datum
410 3408 572 3482 apud
603 3408 819 3464 Barum
851 3425 954 3481 per
1003 3424 1217 3464 manus
1264 3407 1506 3464 Joannis
1535 3408 1762 3464 diaconi

130 3509 262 3551 anno
289 3496 607 3553 Dominicis
641 3496 1063 3553 Incarnationis
1113 3497 1427 3553 millesimo
1478 3498 1761 3572 octogesi-

130 3599 212 3638 mo
254 3602 418 3653 nono,
458 3602 623 3643 anno
669 3600 802 3641 vero
852 3586 1224 3658 pontificatus
1274 3586 1496 3642 domini
1546 3586 1761 3642 Urbani

127 3685 271 3742 papa:
293 3677 574 3740 secundo,
606 3672 925 3730 indictione
956 3673 1183 3730 decima
1222 3675 1413 3743 tertia,
1448 3692 1600 3731 nono
1650 3675 1760 3731 Oc-

127 3757 311 3817 tobris.

832 3833 1045 3889 XXVII.

132 3917 315 3976 Urbani
338 3924 385 3978 II
409 3922 655 3995 epistola,
676 3921 744 3976 ad
770 3922 1100 3995 Rainoldum
1151 3923 1617 3995 archiepiscopum
1662 3926 1759 3979 Re-

188 3994 537 4064 [ηεηδετηζ-
566 3994 659 4048 Illi
683 3994 922 4064 pultium
969 3995 1161 4048 tribuit
1203 4011 1267 4048 ac
1315 3994 1762 4052 (otius’scoundée

195 4061 410 4137 Qelgicaz
458 4061 765 4136 provincia
804 4066 1109 4136 primatum
1152 4067 1355 4137 jusque
1410 4068 1763 4122 consecrandi

192 4132 513 4191 Francorum
544 4152 699 4205 reges
727 4132 939 4191 asserit.

732 4208 919 4279 (Anno
952 4208 1135 4277 1089.)

224 4291 535 4362 [MAEILLON
565 4298 623 4350 et
652 4295 934 4361 Romam,
968 4295 1132 4350 Ouvr.
1163 4295 1340 4367 posth.
1376 4294 1468 4359 Ill,
1503 4295 1653 4367 352.)

194 4378 452 4440 URBANUS
494 4383 829 4455 episcopus,
862 4399 1064 4439 servus
1109 4400 1407 4439 servorum
1454 4384 1573 4455 Dei,
1625 4385 1759 4441 ΠΑΙ-

133 4480 296 4524 NALDO
339 4472 687 4527 charissimo
747 4471 904 4527 fratri
957 4473 1271 4528 Remorum
1325 4471 1760 4546 archiepiscopo

134 4556 356 4629 ejusque
380 4560 824 4617 successoribus
856 4559 1136 4633 legitimis
1162 4561 1226 4615 in
1261 4568 1631 4632 perpetuum.

195 4644 529 4707 Potestatem
561 4650 784 4722 ligandi
816 4653 991 4722 atque
1021 4649 1282 4706 solvendi
1319 4650 1377 4704 in
1404 4649 1566 4707 caelis
1616 4656 1671 4707 et
1701 4652 1760 4707 in

135 4735 269 4791 terra
310 4736 473 4794 beato
525 4738 693 4793 Petro
740 4740 985 4811 ejusque
1033 4739 1492 4808 successoribus,
1530 4745 1762 4797 auctore

137 4822 252 4887 Deo,
295 4826 693 4898 principaliter
749 4827 1046 4895 traditam,
1082 4826 1199 4882 illis
1260 4827 1514 4885 Ecclesia
1569 4828 1761 4885 verbis

134 4913 391 4984 agnoscit,
422 4914 643 4988 quibus
672 4916 907 4972 Petrum
950 4920 1040 4971 est
1086 4915 1371 4972 Dominus
1420 4916 1711 4973 allocutus
1744 4934 1758 4972 :

195 5035 598 5113 (9')Pbilippus
627 5039 703 5113 du
748 5039 857 5094 Bec
885 5038 1047 5095 senio
1076 5040 1379 5113 confectus
1408 5041 1586 5113 hujus
1625 5059 1759 5097 eon-

137 5109 529 5184 secundarum
567 5109 1349 5184 reginarumuprierogativse
1402 5109 1669 5169 meminit
1700 5114 1760 5168 in

138 5172 729 5257 litteris_e_xcusator'iis
776 5181 849 5237 ad
898 5172 1209 5257 Henricum
1260 5200 1559 5257 magnum,
1604 5187 1759 5257 quod

139 5261 301 5326 annos
328 5252 395 5307 86
416 5255 595 5306 natus
624 5253 749 5322 ejus
777 5254 975 5309 uxoris
1007 5252 1216 5326 reginae
1267 5252 1637 5311 coronationi'
1674 5257 1759 5312 in-

141 5318 332 5377 teresse
362 5340 479 5378 non
512 5318 730 5378 posset.

200 5389 302 5470 (l0)
332 5393 490 5449 Hanc
513 5389 898 5470 Remensium
946 5394 1514 5470 archiepiscoporum
1548 5415 1760 5470 praero-

137 5462 796 5545 gativainpropugnavit
815 5471 1082 5545 sanctps
1094 5462 1447 5545 gemendus
1471 5462 1760 5545 ad'Euge-

139 5535 284 5608 pium
316 5535 681 5608 lll'scribe’ns
709 5536 877 5608 epist.
908 5540 1033 5592 247.
1061 5537 1203 5593 Vide
1234 5544 1400 5595 notas
1422 5535 1758 5597 fusioresvin

139 5598 271 5741 ἓξὲξ
301 5605 693 5677 epistolam,et
720 5598 943 5664 Marlot.
977 5609 1057 5665 De
1086 5608 1635 5683 inaugurationibus
1661 5613 1762 5668 Re-

210 5690 282 5729 m.

198 5745 296 5817 (14)
334 5747 692 5806 Vieariatum
730 5750 950 5808 scilicet
1018 5752 1343 5825 apostolicae
1401 5754 1578 5822 sedis,
1647 5772 1760 5827 quo

1874 571 2045 637 oretis,
2093 580 2148 627 et
2196 587 2530 645 quaecunque
2588 573 2814 629 solveris
2881 590 3045 646 super
3105 583 3309 631 terram
3364 581 3529 634 erunt

1873 660 2051 716 soluta
2081 668 2131 716 et
2156 654 2217 715 in
2244 662 2391 717 aulis
2421 662 2638 733 (Matth.
2672 680 2830 727 xvm,
2882 663 2993 734 48).
3045 663 3161 736 Ipsi
3210 681 3441 738 quoque
3471 670 3531 722 et

1876 749 2121 822 propriae
2153 750 2421 817 firmitas,
2456 755 2512 806 et
2542 751 2739 807 alienae
2767 751 2901 808 fidei
2933 753 3526 820 conﬁrmatio,eodem

1875 847 1991 902 Deo
2048 852 2301 915 auctore,
2348 852 2676 920 praastatur,
2737 866 2871 905 cum
2923 851 2995 906 ad
3049 867 3184 906 eum
3243 850 3459 907 dicitur
3513 868 3527 907 :

1876 938 2075 1007 Rogavi
2116 954 2219 1008 pro
2261 945 2310 993 te
2356 941 2416 992 ut
2461 953 2571 993 non
2615 938 2833 1008 deﬁciat
2875 939 3001 996 ﬁdes
3027 944 3145 1009 tua,
3179 940 3359 1009 Petre,
3391 948 3444 997 et
3470 945 3529 996 tu

1874 1026 2169 1098 aliquando
2198 1043 2485 1083 conversus
2513 1028 2777 1097 conﬁrma
2806 1030 3006 1098 fratres
3034 1032 3155 1084 tuos
3202 1030 3350 1099 (Luc.
3384 1047 3523 1096 χχιι,

1873 1115 1985 1186 32).
2044 1115 2280 1186 Oportet
2335 1132 2471 1187 ergo
2528 1133 2654 1182 nos,
2717 1116 2838 1187 qui,
2890 1116 3025 1171 licet
3067 1117 3313 1190 indigni,
3373 1117 3526 1173 Petri

1874 1212 2200 1268 residemus
2231 1213 2289 1267 in
2322 1211 2466 1277 loco,
2502 1230 2679 1285 prava
2722 1214 3029 1285 corrigere,
3061 1219 3221 1270 recta
3269 1215 3524 1284 firmare,

1832 1312 1841 1317 ‘
1874 1305 1931 1355 et
1959 1301 2015 1355 in
2049 1302 2206 1356 omni
2238 1301 2497 1357 Ecclesia
2525 1303 2593 1356 ad
2630 1301 2840 1357 interni
2866 1302 3409 1372 arbitriumjudicis
3442 1305 3526 1360 sic

1874 1389 2237 1462 disponenda
2269 1390 2596 1462 disponere,
2631 1395 2696 1445 ut
2742 1392 2813 1446 de
2860 1390 3021 1446 vultu
3070 1393 3197 1462 ejus
3232 1392 3526 1463 judicium

1874 1486 2138 1535 nostrum
2172 1480 2433 1551 prodeat,
2482 1484 2538 1535 et
2580 1479 2731 1535 oculi
2783 1480 2967 1536 nostri
3011 1479 3245 1535 videant
3286 1481 3527 1552 aequita-

1873 1571 2014 1623 tem.
2048 1568 2450 1624 Fraternitatis
2510 1569 2691 1640 igitur
2745 1573 2857 1624 tua:
2907 1569 3092 1640 justis
3148 1568 3529 1640 petitionibus

1873 1662 2198 1714 annuentes
2231 1674 2299 1712 ex
2330 1658 2573 1729 antiquo
2608 1658 2915 1713 Remensis
2946 1657 3210 1713 Ecclesiae
3246 1675 3529 1731 usu,apo-

1874 1747 2087 1802 stolicaa
2121 1746 2276 1801 sedis
2308 1747 2649 1802 auctoritate
2672 1763 2738 1801 ac
2762 1745 3166 1802 benevolentia
3188 1763 3532 1803 concessum

1871 1836 1975 1890 tibi
2009 1834 2250 1907 pallium
2281 1834 2462 1906 hujus
2493 1836 2708 1890 decreti
2740 1835 2921 1891 nostri
2958 1835 3173 1907 pagina
3220 1836 3531 1891 conﬁrma-

1871 1941 2027 1989 mus,
2058 1923 2488 1996 primatemque
2522 1924 2705 1979 totius
2737 1924 3006 1980 secunda:
3030 1924 3270 1996 Belgica:
3302 1924 3531 1997 provin-

1868 2022 1968 2077 cias
1983 2021 2304 2076 secundum
2327 2026 2763 2077 antecessorum
2778 2025 3014 2077 tuorum
3033 2021 3379 2093 dignitatem
3399 2038 3528 2078 esse

1870 2125 2197 2166 censemus.
2217 2109 2541 2165 Statuimus
2556 2110 2731 2165 etiam
2754 2114 2819 2166 ut
2841 2109 3131 2177 nulli,nisi
3154 2110 3525 2169 solummodo

1868 2199 2129 2253 Romano
2184 2198 2465 2269 pontifici,
2527 2196 2950 2269 subjectionem
3014 2203 3071 2253 et
3126 2199 3519 2257 obedientiam

1870 2297 2103 2364 debeas,
2137 2296 2445 2368 omnisque
2495 2313 2683 2351 causae
2733 2300 2845 2351 tua;
2869 2295 3164 2367 judicium
3197 2296 3380 2353 solius
3412 2299 3523 2354 Ro-

1871 2386 2030 2442 mani
2064 2383 3227 2458 pontificisdifﬁniaturarbitrio.Primam
3251 2402 3365 2456 prie
3375 2391 3528 2443 terea

1872 2475 2343 2548 praecipuamque
2375 2474 2479 2529 tibi
2512 2474 2747 2545 tuisque
2786 2473 3224 2529 successoribus
3269 2478 3526 2546 potesta-

1869 2569 1988 2621 tem
2020 2564 2424 2620 contradimus
2457 2564 2813 2618 Francorum
2846 2578 3009 2635 reges
3039 2564 3417 2618 consecrandi
3445 2569 3531 2621 :ut

1872 2662 2025 2718 sicut
2054 2662 2262 2717 beatus
2294 2661 2594 2734 Remigius
2614 2661 2683 2715 ad
2704 2661 2879 2716 ﬁdem
2899 2660 3222 2717 Chlodoveo
3252 2678 3528 2719 converso

1872 2752 2129 2824 primum
2164 2750 2247 2806 illi
2293 2767 2470 2823 regno
2517 2767 2715 2823 regem
2762 2749 3160 2806 Christianum
3200 2750 3529 2809 instituisse

1873 2841 2278 2914 cognoscitur;
2311 2840 2392 2895 ita
2421 2846 2485 2896 tu
2517 2856 2771 2912 quoque,
2797 2840 2999 2912 tuique
3031 2841 3530 2914 suceessores,qui

1872 2932 2139 3002 ejusdem
2172 2930 2357 2986 sancti
2393 2929 2641 3003 Remigii
2673 2929 2795 2985 vice
2827 2929 2885 2985 in
2928 2929 3201 2985 Remensi
3252 2929 3528 3001 Ecclesia,

1873 3020 2118 3075 Domino
2168 3019 2534 3091 disponente,
2578 3018 2916 3091 fungimini,
2968 3019 3224 3091 ungendi
3269 3019 3424 3091 regis
3473 3024 3531 3076 et

1872 3117 2181 3174 ordinandi
2214 3118 2334 3173 sive
2365 3117 2598 3189 reginae,
2633 3118 2733 3189 (9')
2765 3116 2957 3189 prima
3002 3118 3286 3189 potestate
3326 3116 3531 3189 funga-

1792 3211 1836 3279 α
1874 3207 2039 3263 mini.
2082 3207 2405 3262 Statuimus
2455 3206 2630 3261 etiam
2682 3204 2985 3277 praesentis
3038 3208 3250 3259 nostris
3305 3204 3528 3277 paginas

1874 3294 2217 3351 auctoritate
2246 3294 2568 3362 ﬁrmantes,
2602 3298 2668 3349 ut
2696 3294 2848 3349 sicut
2877 3292 3134 3365 primum
3178 3294 3528 3350 diadematis

1872 3384 2104 3457 insigne
2137 3400 2238 3455 per
2269 3386 2472 3439 vestrae
2530 3399 2742 3436 manus
2789 3381 3225 3453 impositionem
3275 3382 3528 3437 Franco-

1873 3474 2004 3527 rum
2038 3488 2202 3544 reges
2234 3471 2584 3543 suscipiunt,
2620 3470 2700 3523 ita
2725 3485 2958 3541 quoque
2990 3470 3054 3540 [Γ.
3086 3469 3235 3536 add.,
3262 3468 3437 3542 opus]
3468 3471 3529 3525 in

1872 3569 2233 3625 solemnibus
2277 3567 2752 3640 processionibus
2803 3566 3021 3637 quibus
3076 3566 3313 3621 eosdem
3365 3583 3530 3639 reges

1872 3658 2047 3714 fuerit
2076 3656 2357 3722 coronari,
2388 3662 2442 3711 te
2469 3660 2770 3728 praisente,
2803 3654 2890 3710 vel
2922 3658 3160 3711 tuorum
3201 3653 3531 3711 Catholica-

1872 3773 2003 3812 rum
2062 3753 2502 3827 quomodolibet
2554 3768 2967 3809 successorum
2999 3770 3033 3808 a
3062 3752 3221 3808 nullo
3272 3752 3384 3809 alio
3433 3771 3531 3809 ar-

1872 3845 2240 3917 chiepiscopo
2289 3843 2375 3898 vel
2425 3843 2698 3914 episcopo
2745 3845 3056 3897 coronetur
3090 3843 3223 3913 (10).
3257 3842 3528 3898 Vestram

1871 3950 2007 4005 ergo
2061 3932 2432 3988 dilectionem
2492 3931 2826 4004 apostolicae
2882 3930 3041 3986 sedis
3092 3931 3291 4003 gratiae
3341 3931 3528 3989 vicem

1870 4023 2069 4077 debita
2115 4022 2476 4093 subjectione
2524 4022 2839 4093 rependere
2886 4021 3130 4091 ejusque
3174 4021 3405 4076 decreta
3434 4022 3527 4077 in-

1870 4109 2219 4166 violabiliter
2269 4111 2597 4175 observare,
2668 4110 2726 4179 [Ῐ.
2777 4108 2927 4176 add.,
2992 4110 3325 4179 monemus]
3370 4114 3438 4164 ut
3493 4128 3527 4165 a

1870 4199 2151 4270 subjectis
2181 4198 2286 4254 tibi
2320 4197 2574 4253 Francia:
2614 4196 2848 4270 pepulis
2892 4201 2957 4251 ut
3006 4197 3389 4253 observentur
3419 4214 3524 4270 pro

1868 4288 2092 4343 viribus
2142 4288 2389 4359 exigere.
2423 4288 2538 4342 Nos
2588 4285 2880 4358 siquidem
2931 4285 3235 4357 antiquam
3287 4302 3522 4342 omnem

1866 4391 2071 4442 vestrae
2120 4386 2386 4441 Ecclesiae
2434 4385 2778 4459 dignitatem
2811 4400 3038 4439 servare
3084 4382 3319 4455 speciali
3351 4384 3523 4440 devo-

1867 4476 2045 4532 tionis
2099 4475 2317 4530 intuitu
2380 4475 2703 4547 eupientes,
2779 4476 2969 4528 totum
3025 4472 3280 4537 honoris,
3334 4474 3522 4527 totum

1790 4584 1840 4648 ι)
1871 4564 2175 4638 dignitatis
2198 4568 2254 4619 et
2283 4562 2630 4620 excellentiae
2662 4562 2794 4629 tibi,
2817 4561 3053 4633 tuisque
3084 4559 3364 4633 legitimis
3395 4577 3525 4616 suc-

1871 4653 2202 4710 cessoribus
2233 4669 2470 4708 manere
2499 4648 3185 4721 decernimus,quidquid
3209 4648 3320 4719 (ll)
3353 4649 3522 4704 beato

1870 4742 2132 4815 Remigio
2164 4743 2551 4813 prcedeeessor
2581 4742 2779 4795 noster
2809 4737 3061 4794 Ormisda
3082 4736 3295 4809 legitur
3324 4741 3525 4793 contu-

1871 4832 2029 4887 lisse.
2088 4832 2288 4903 Itaque
2354 4828 2684 4884 dilectionis
2750 4832 2861 4882 tuae
2938 4824 3275 4891 reverentia,
3347 4826 3525 4883 frater

1871 4920 2213 4975 charissima
2246 4918 2560 4990 Reynolds,
2593 4917 2916 4973 secundum
2941 4919 3379 4972 antecessorum
3400 4920 3525 4972 tuo-

1871 5048 2077 5117 prgeter
2110 5042 2486 5117 primatum,
2546 5041 2787 5117 quinam
2859 5039 3036 5117 etiam
3072 5056 3265 5117 A_nu_nc
3328 5040 3524 5117 archi-

1870 5110 2524 5198 episcopi'Remensesn
2543 5110 2652 5198 sub
2703 5113 3019 5198 legatijiati
3064 5110 3256 5198 titulo,
3290 5112 3363 5166 ob
3413 5112 3523 5167 hoc

1871 5182 2091 5259 passim
2114 5187 2374 5256 primates
2396 5186 2451 5238 in
2487 5183 2691 5238 Gallias
2720 5182 3016 5265 appellati,
3047 5187 3104 5238 et
3139 5183 3266 5238 dua:
3316 5199 3522 5263 cruces

1870 5257 2009 5313 olim
2044 5263 2175 5312 ante
2209 5256 2338 5311 illos
2386 5256 2819 5321 deferebantur,
2851 5259 2915 5310 ut
2946 5272 3005 5308 In
3036 5258 3263 5309 vetusto
3304 5253 3521 5307 Rituali

1870 5329 2099 5402 legitur.
2134 5325 2760 5402 Hanc‘concessionem
2812 5326 2884 5381 ad
2933 5325 3307 5402 Hormisdam
3348 5325 3525 5402 refert

1870 5394 2142 5457 Urbanus
2186 5416 2255 5455 ex
2303 5399 2636 5461 Hincmaro,
2671 5414 2798 5469 quae
2848 5395 3160 5469 potiusiab
3207 5394 3522 5449 Anastasio

1870 5471 2078 5528 collata
2123 5471 2236 5526 diei
2291 5471 2483 5526 debet.
2517 5467 2801 5523 Czeterum
2852 5467 3419 5539 regesFrancorum
3450 5479 3524 5518 ne

1870 5542 2244 5616 pontificibus
2275 5541 2567 5616 parciores
2615 5555 2772 5616 erga
2801 5536 3047 5616 Remigii
3068 5536 3308 5616 sedem,
3341 5549 3522 5607 quam

1870 5608 2237 5686 metropolim
2265 5608 2652 5686 appellarunt,
2667 5608 3034 5686 fiderentur,
3068 5608 3383 5686 Remorum
3427 5621 3519 5658 ar-

1871 5678 2616 5757 chiepiscOpum'primum
2667 5678 2920 5735 Francia
2969 5679 3176 5733 ducem
3220 5680 3277 5731 et
3318 5686 3524 5748 parem

1872 5756 2325 5813 constituerunt.
