  <div class='ocr_page' id='page_1' title='image "/cluster/home/n/w/nwhite01/storage/ocr_20150623/151/uva.x000829795/179.png"; bbox 0 0 3950 6218; ppageno 0'>
   <div class='ocr_carea' id='block_1_1' title="bbox 450 354 562 422">
    <p class='ocr_par' dir='ltr' id='par_1_1' title="bbox 450 354 562 422">
     <span class='ocr_line' id='line_1_1' title="bbox 450 354 562 422; baseline -0.018 0"><span class='ocrx_word' id='word_1_1' title='bbox 450 354 562 422; x_wconf 82' lang='lat' dir='ltr'><strong>3H</strong></span> 
     </span>
    </p>
   </div>
   <div class='ocr_carea' id='block_1_2' title="bbox 1745 355 2542 424">
    <p class='ocr_par' dir='ltr' id='par_1_2' title="bbox 1745 355 2542 424">
     <span class='ocr_line' id='line_1_2' title="bbox 1745 355 2542 424; baseline 0.004 -2"><span class='ocrx_word' id='word_1_2' title='bbox 1745 357 1816 422; x_wconf 91' lang='lat' dir='ltr'><strong>B.</strong></span> <span class='ocrx_word' id='word_1_3' title='bbox 1864 356 2153 422; x_wconf 77' lang='lat' dir='ltr'><strong>UBBANI</strong></span> <span class='ocrx_word' id='word_1_4' title='bbox 2199 355 2248 420; x_wconf 85' lang='lat' dir='ltr'><strong>ll</strong></span> <span class='ocrx_word' id='word_1_5' title='bbox 2293 360 2542 424; x_wconf 60' lang='lat' dir='ltr'><strong>PAPxE.</strong></span> 
     </span>
    </p>
   </div>
   <div class='ocr_carea' id='block_1_3' title="bbox 3711 371 3822 433">
    <p class='ocr_par' dir='ltr' id='par_1_3' title="bbox 3711 371 3822 433">
     <span class='ocr_line' id='line_1_3' title="bbox 3711 371 3822 433; baseline 0.009 -1"><span class='ocrx_word' id='word_1_6' title='bbox 3711 371 3822 433; x_wconf 76' lang='lat' dir='ltr'><strong>3l2</strong></span> 
     </span>
    </p>
   </div>
   <div class='ocr_carea' id='block_1_4' title="bbox 447 480 3820 577">
    <p class='ocr_par' dir='ltr' id='par_1_4' title="bbox 447 480 3820 577">
     <span class='ocr_line' id='line_1_4' title="bbox 447 480 3820 577; baseline 0.001 -18"><span class='ocrx_word' id='word_1_7' title='bbox 447 519 580 559; x_wconf 90' lang='lat' dir='ltr'><strong>rum</strong></span> <span class='ocrx_word' id='word_1_8' title='bbox 611 480 1032 561; x_wconf 79' lang='lat' dir='ltr'><strong>consuetudine</strong></span> <span class='ocrx_word' id='word_1_9' title='bbox 1064 499 1237 577; x_wconf 90' lang='lat' dir='ltr'><strong>pallio</strong></span> <span class='ocrx_word' id='word_1_10' title='bbox 1269 501 1351 560; x_wconf 88' lang='lat' dir='ltr'><strong>uti</strong></span> <span class='ocrx_word' id='word_1_11' title='bbox 1393 501 1612 560; x_wconf 87' lang='lat' dir='ltr'><strong>noverit</strong></span> <span class='ocrx_word' id='word_1_12' title='bbox 1658 503 1730 558; x_wconf 91' lang='lat' dir='ltr'><strong>ad</strong></span> <span class='ocrx_word' id='word_1_13' title='bbox 1773 499 2091 558; x_wconf 89' lang='lat' dir='ltr'><strong>missarum</strong></span> <span class='ocrx_word' id='word_1_14' title='bbox 2119 492 2176 560; x_wconf 77' lang='grc' dir='ltr'><strong>Α</strong></span> <span class='ocrx_word' id='word_1_15' title='bbox 2203 492 2548 554; x_wconf 66' lang='grc' dir='ltr'><strong>οιὶεινίεεὶῐηο</strong></span> <span class='ocrx_word' id='word_1_16' title='bbox 2580 495 2697 554; x_wconf 72' lang='lat' dir='ltr'><strong>ﬁlio</strong></span> <span class='ocrx_word' id='word_1_17' title='bbox 2726 495 3019 557; x_wconf 71' lang='lat' dir='ltr'><strong>Balmenﬁi</strong></span> <span class='ocrx_word' id='word_1_18' title='bbox 3052 496 3516 576; x_wconf 74' lang='lat' dir='ltr'><strong>abbati,ejusque</strong></span> <span class='ocrx_word' id='word_1_19' title='bbox 3543 517 3820 564; x_wconf 86' lang='lat' dir='ltr'><strong>successo-</strong></span> 
     </span>
    </p>
   </div>
   <div class='ocr_carea' id='block_1_5' title="bbox 447 591 2090 650">
    <p class='ocr_par' dir='ltr' id='par_1_5' title="bbox 447 591 2090 650">
     <span class='ocr_line' id='line_1_5' title="bbox 447 591 2090 650; baseline -0.001 -2"><span class='ocrx_word' id='word_1_20' title='bbox 447 592 818 649; x_wconf 89' lang='lat' dir='ltr'><strong>solummodo</strong></span> <span class='ocrx_word' id='word_1_21' title='bbox 847 591 1264 650; x_wconf 81' lang='lat' dir='ltr'><strong>celebrationes</strong></span> <span class='ocrx_word' id='word_1_22' title='bbox 1295 593 1502 649; x_wconf 86' lang='lat' dir='ltr'><strong>diebus</strong></span> <span class='ocrx_word' id='word_1_23' title='bbox 1541 598 1767 648; x_wconf 88' lang='lat' dir='ltr'><strong>tantum</strong></span> <span class='ocrx_word' id='word_1_24' title='bbox 1817 591 2090 648; x_wconf 89' lang='lat' dir='ltr'><strong>determi-</strong></span> 
     </span>
    </p>
   </div>
   <div class='ocr_carea' id='block_1_6' title="bbox 446 681 2092 751">
    <p class='ocr_par' dir='ltr' id='par_1_6' title="bbox 446 681 2092 751">
     <span class='ocr_line' id='line_1_6' title="bbox 446 681 2092 751; baseline -0.001 -13"><span class='ocrx_word' id='word_1_25' title='bbox 446 682 623 750; x_wconf 80' lang='lat' dir='ltr'><strong>netis,</strong></span> <span class='ocrx_word' id='word_1_26' title='bbox 645 681 912 738; x_wconf 84' lang='lat' dir='ltr'><strong>videlicet</strong></span> <span class='ocrx_word' id='word_1_27' title='bbox 932 681 1242 738; x_wconf 70' lang='lat' dir='ltr'><strong>Dominicae</strong></span> <span class='ocrx_word' id='word_1_28' title='bbox 1265 681 1782 751; x_wconf 82' lang='lat' dir='ltr'><strong>Nativitatis,Circu</strong></span> <span class='ocrx_word' id='word_1_29' title='bbox 1794 681 2092 738; x_wconf 89' lang='lat' dir='ltr'><strong>mcisionis</strong></span> 
     </span>
    </p>
   </div>
   <div class='ocr_carea' id='block_1_7' title="bbox 447 770 2093 844">
    <p class='ocr_par' dir='ltr' id='par_1_7' title="bbox 447 770 2093 844">
     <span class='ocr_line' id='line_1_7' title="bbox 447 770 2093 844; baseline -0.002 -17"><span class='ocrx_word' id='word_1_30' title='bbox 447 777 506 827; x_wconf 88' lang='lat' dir='ltr'><strong>et</strong></span> <span class='ocrx_word' id='word_1_31' title='bbox 560 770 914 844; x_wconf 61' lang='lat' dir='ltr'><strong>Epiphaniae,</strong></span> <span class='ocrx_word' id='word_1_32' title='bbox 964 772 1214 826; x_wconf 83' lang='lat' dir='ltr'><strong>Sabbato</strong></span> <span class='ocrx_word' id='word_1_33' title='bbox 1266 776 1487 838; x_wconf 90' lang='lat' dir='ltr'><strong>sancto,</strong></span> <span class='ocrx_word' id='word_1_34' title='bbox 1552 771 1988 826; x_wconf 80' lang='lat' dir='ltr'><strong>Resurrectione</strong></span> <span class='ocrx_word' id='word_1_35' title='bbox 2037 775 2093 825; x_wconf 90' lang='lat' dir='ltr'><strong>et</strong></span> 
     </span>
    </p>
   </div>
   <div class='ocr_carea' id='block_1_8' title="bbox 447 849 2095 928">
    <p class='ocr_par' dir='ltr' id='par_1_8' title="bbox 447 849 2095 928">
     <span class='ocr_line' id='line_1_8' title="bbox 447 849 2095 928; baseline -0.002 -11"><span class='ocrx_word' id='word_1_36' title='bbox 447 849 707 917; x_wconf 67' lang='lat' dir='ltr'><strong>secunda</strong></span> <span class='ocrx_word' id='word_1_37' title='bbox 736 860 899 928; x_wconf 81' lang='lat' dir='ltr'><strong>feria,</strong></span> <span class='ocrx_word' id='word_1_38' title='bbox 932 861 1304 926; x_wconf 85' lang='lat' dir='ltr'><strong>Ascensione,</strong></span> <span class='ocrx_word' id='word_1_39' title='bbox 1339 861 1693 927; x_wconf 82' lang='lat' dir='ltr'><strong>Pentecoste,</strong></span> <span class='ocrx_word' id='word_1_40' title='bbox 1729 861 1788 916; x_wconf 92' lang='lat' dir='ltr'><strong>in</strong></span> <span class='ocrx_word' id='word_1_41' title='bbox 1821 860 2095 917; x_wconf 87' lang='lat' dir='ltr'><strong>solemni-</strong></span> 
     </span>
    </p>
   </div>
   <div class='ocr_carea' id='block_1_9' title="bbox 446 949 2088 1022">
    <p class='ocr_par' dir='ltr' id='par_1_9' title="bbox 446 949 2088 1022">
     <span class='ocr_line' id='line_1_9' title="bbox 446 949 2088 1022; baseline -0.001 -17"><span class='ocrx_word' id='word_1_42' title='bbox 446 949 671 1006; x_wconf 82' lang='lat' dir='ltr'><strong>tatibus</strong></span> <span class='ocrx_word' id='word_1_43' title='bbox 730 953 942 1004; x_wconf 72' lang='lat' dir='ltr'><strong>sanctze</strong></span> <span class='ocrx_word' id='word_1_44' title='bbox 1001 949 1101 1004; x_wconf 87' lang='lat' dir='ltr'><strong>Dei</strong></span> <span class='ocrx_word' id='word_1_45' title='bbox 1157 950 1400 1021; x_wconf 85' lang='lat' dir='ltr'><strong>genitris</strong></span> <span class='ocrx_word' id='word_1_46' title='bbox 1457 954 1514 1005; x_wconf 90' lang='lat' dir='ltr'><strong>et</strong></span> <span class='ocrx_word' id='word_1_47' title='bbox 1564 949 1808 1022; x_wconf 79' lang='lat' dir='ltr'><strong>virginis</strong></span> <span class='ocrx_word' id='word_1_48' title='bbox 1873 951 2088 1016; x_wconf 69' lang='lat' dir='ltr'><strong>Mariae,</strong></span> 
     </span>
    </p>
   </div>
   <div class='ocr_carea' id='block_1_10' title="bbox 445 1037 2091 1112">
    <p class='ocr_par' dir='ltr' id='par_1_10' title="bbox 445 1037 2091 1112">
     <span class='ocr_line' id='line_1_10' title="bbox 445 1037 2091 1112; baseline 0 -17"><span class='ocrx_word' id='word_1_49' title='bbox 445 1037 737 1095; x_wconf 87' lang='lat' dir='ltr'><strong>Natalitiis</strong></span> <span class='ocrx_word' id='word_1_50' title='bbox 768 1055 996 1111; x_wconf 91' lang='lat' dir='ltr'><strong>quoque</strong></span> <span class='ocrx_word' id='word_1_51' title='bbox 1027 1038 1268 1094; x_wconf 84' lang='lat' dir='ltr'><strong>Joannis</strong></span> <span class='ocrx_word' id='word_1_52' title='bbox 1299 1039 1592 1112; x_wconf 81' lang='lat' dir='ltr'><strong>Baptistae,</strong></span> <span class='ocrx_word' id='word_1_53' title='bbox 1627 1043 1801 1110; x_wconf 88' lang='lat' dir='ltr'><strong>atque</strong></span> <span class='ocrx_word' id='word_1_54' title='bbox 1826 1041 2091 1095; x_wconf 90' lang='lat' dir='ltr'><strong>omnium</strong></span> 
     </span>
    </p>
   </div>
   <div class='ocr_carea' id='block_1_11' title="bbox 449 1127 2090 1201">
    <p class='ocr_par' dir='ltr' id='par_1_11' title="bbox 449 1127 2090 1201">
     <span class='ocr_line' id='line_1_11' title="bbox 449 1127 2090 1201; baseline -0.001 -17"><span class='ocrx_word' id='word_1_55' title='bbox 449 1127 870 1200; x_wconf 79' lang='lat' dir='ltr'><strong>apostolorum,</strong></span> <span class='ocrx_word' id='word_1_56' title='bbox 904 1132 959 1184; x_wconf 86' lang='lat' dir='ltr'><strong>et</strong></span> <span class='ocrx_word' id='word_1_57' title='bbox 991 1127 1149 1182; x_wconf 87' lang='lat' dir='ltr'><strong>l&#39;estis</strong></span> <span class='ocrx_word' id='word_1_58' title='bbox 1182 1131 1518 1183; x_wconf 88' lang='lat' dir='ltr'><strong>sanctorum</strong></span> <span class='ocrx_word' id='word_1_59' title='bbox 1551 1129 1788 1194; x_wconf 87' lang='lat' dir='ltr'><strong>Nicasii,</strong></span> <span class='ocrx_word' id='word_1_60' title='bbox 1823 1128 2090 1201; x_wconf 82' lang='lat' dir='ltr'><strong>Remigii,</strong></span> 
     </span>
    </p>
   </div>
   <div class='ocr_carea' id='block_1_12' title="bbox 450 1216 2091 1283">
    <p class='ocr_par' dir='ltr' id='par_1_12' title="bbox 450 1216 2091 1283">
     <span class='ocr_line' id='line_1_12' title="bbox 450 1216 2091 1283; baseline 0 -11"><span class='ocrx_word' id='word_1_61' title='bbox 450 1217 708 1283; x_wconf 83' lang='lat' dir='ltr'><strong>Martini;</strong></span> <span class='ocrx_word' id='word_1_62' title='bbox 741 1216 799 1271; x_wconf 91' lang='lat' dir='ltr'><strong>in</strong></span> <span class='ocrx_word' id='word_1_63' title='bbox 833 1216 1384 1272; x_wconf 81' lang='lat' dir='ltr'><strong>commemoratione</strong></span> <span class='ocrx_word' id='word_1_64' title='bbox 1407 1219 1581 1273; x_wconf 81' lang='lat' dir='ltr'><strong>etiam</strong></span> <span class='ocrx_word' id='word_1_65' title='bbox 1615 1219 1880 1272; x_wconf 90' lang='lat' dir='ltr'><strong>omnium</strong></span> <span class='ocrx_word' id='word_1_66' title='bbox 1913 1219 2091 1274; x_wconf 86' lang='lat' dir='ltr'><strong>Sanc-</strong></span> 
     </span>
    </p>
   </div>
   <div class='ocr_carea' id='block_1_13' title="bbox 444 1301 2097 1376">
    <p class='ocr_par' dir='ltr' id='par_1_13' title="bbox 444 1301 2097 1376">
     <span class='ocr_line' id='line_1_13' title="bbox 444 1301 2097 1376; baseline 0.001 -16"><span class='ocrx_word' id='word_1_67' title='bbox 444 1301 660 1372; x_wconf 85' lang='lat' dir='ltr'><strong>torum,</strong></span> <span class='ocrx_word' id='word_1_68' title='bbox 683 1303 744 1360; x_wconf 92' lang='lat' dir='ltr'><strong>in</strong></span> <span class='ocrx_word' id='word_1_69' title='bbox 775 1305 1210 1362; x_wconf 88' lang='lat' dir='ltr'><strong>consecratione</strong></span> <span class='ocrx_word' id='word_1_70' title='bbox 1239 1304 1608 1376; x_wconf 87' lang='lat' dir='ltr'><strong>Chrismatis,</strong></span> <span class='ocrx_word' id='word_1_71' title='bbox 1639 1306 2015 1362; x_wconf 85' lang='lat' dir='ltr'><strong>ecclesiarum</strong></span> <span class='ocrx_word' id='word_1_72' title='bbox 2039 1310 2097 1362; x_wconf 90' lang='lat' dir='ltr'><strong>et</strong></span> 
     </span>
    </p>
   </div>
   <div class='ocr_carea' id='block_1_14' title="bbox 443 1393 2093 1467">
    <p class='ocr_par' dir='ltr' id='par_1_14' title="bbox 443 1393 2093 1467">
     <span class='ocr_line' id='line_1_14' title="bbox 443 1393 2093 1467; baseline -0.001 -17"><span class='ocrx_word' id='word_1_73' title='bbox 443 1398 564 1450; x_wconf 89' lang='lat' dir='ltr'><strong>tam</strong></span> <span class='ocrx_word' id='word_1_74' title='bbox 621 1393 1027 1467; x_wconf 89' lang='lat' dir='ltr'><strong>episcoporum</strong></span> <span class='ocrx_word' id='word_1_75' title='bbox 1089 1411 1266 1465; x_wconf 88' lang='lat' dir='ltr'><strong>quam</strong></span> <span class='ocrx_word' id='word_1_76' title='bbox 1315 1393 1562 1450; x_wconf 85' lang='lat' dir='ltr'><strong>aliorum</strong></span> <span class='ocrx_word' id='word_1_77' title='bbox 1607 1395 1972 1458; x_wconf 90' lang='lat' dir='ltr'><strong>clericorum,</strong></span> <span class='ocrx_word' id='word_1_78' title='bbox 2034 1393 2093 1449; x_wconf 90' lang='lat' dir='ltr'><strong>in</strong></span> 
     </span>
    </p>
   </div>
   <div class='ocr_carea' id='block_1_15' title="bbox 444 1481 2094 1556">
    <p class='ocr_par' dir='ltr' id='par_1_15' title="bbox 444 1481 2094 1556">
     <span class='ocr_line' id='line_1_15' title="bbox 444 1481 2094 1556; baseline -0.002 -16"><span class='ocrx_word' id='word_1_79' title='bbox 444 1482 846 1540; x_wconf 86' lang='lat' dir='ltr'><strong>benedictione</strong></span> <span class='ocrx_word' id='word_1_80' title='bbox 876 1481 1030 1556; x_wconf 83' lang='lat' dir='ltr'><strong>regis</strong></span> <span class='ocrx_word' id='word_1_81' title='bbox 1075 1499 1141 1538; x_wconf 86' lang='lat' dir='ltr'><strong>ac</strong></span> <span class='ocrx_word' id='word_1_82' title='bbox 1191 1483 1424 1554; x_wconf 64' lang='lat' dir='ltr'><strong>reginae,</strong></span> <span class='ocrx_word' id='word_1_83' title='bbox 1456 1481 1513 1537; x_wconf 93' lang='lat' dir='ltr'><strong>in</strong></span> <span class='ocrx_word' id='word_1_84' title='bbox 1547 1483 1942 1538; x_wconf 87' lang='lat' dir='ltr'><strong>anniversario</strong></span> <span class='ocrx_word' id='word_1_85' title='bbox 1982 1487 2094 1538; x_wconf 70' lang='lat' dir='ltr'><strong>tuae</strong></span> 
     </span>
    </p>
   </div>
   <div class='ocr_carea' id='block_1_16' title="bbox 445 1569 2093 1639">
    <p class='ocr_par' dir='ltr' id='par_1_16' title="bbox 445 1569 2093 1639">
     <span class='ocr_line' id='line_1_16' title="bbox 445 1569 2093 1639; baseline -0.001 -12"><span class='ocrx_word' id='word_1_86' title='bbox 445 1569 896 1628; x_wconf 83' lang='lat' dir='ltr'><strong>consecrationis</strong></span> <span class='ocrx_word' id='word_1_87' title='bbox 925 1575 982 1626; x_wconf 90' lang='lat' dir='ltr'><strong>et</strong></span> <span class='ocrx_word' id='word_1_88' title='bbox 1005 1570 1382 1626; x_wconf 85' lang='lat' dir='ltr'><strong>ecclesiarum</strong></span> <span class='ocrx_word' id='word_1_89' title='bbox 1434 1571 1655 1626; x_wconf 63' lang='lat' dir='ltr'><strong>Sanctae</strong></span> <span class='ocrx_word' id='word_1_90' title='bbox 1705 1571 1914 1639; x_wconf 69' lang='lat' dir='ltr'><strong>Mariae,</strong></span> <span class='ocrx_word' id='word_1_91' title='bbox 1948 1577 2093 1627; x_wconf 87' lang='lat' dir='ltr'><strong>San-</strong></span> 
     </span>
    </p>
   </div>
   <div class='ocr_carea' id='block_1_17' title="bbox 445 1659 2092 1732">
    <p class='ocr_par' dir='ltr' id='par_1_17' title="bbox 445 1659 2092 1732">
     <span class='ocr_line' id='line_1_17' title="bbox 445 1659 2092 1732; baseline -0.001 -16"><span class='ocrx_word' id='word_1_92' title='bbox 445 1660 642 1732; x_wconf 89' lang='lat' dir='ltr'><strong>ctique</strong></span> <span class='ocrx_word' id='word_1_93' title='bbox 679 1659 926 1732; x_wconf 82' lang='lat' dir='ltr'><strong>Remigii</strong></span> <span class='ocrx_word' id='word_1_94' title='bbox 976 1659 1361 1714; x_wconf 84' lang='lat' dir='ltr'><strong>dedicationis</strong></span> <span class='ocrx_word' id='word_1_95' title='bbox 1393 1661 1505 1715; x_wconf 91' lang='lat' dir='ltr'><strong>die.</strong></span> <span class='ocrx_word' id='word_1_96' title='bbox 1539 1661 1717 1730; x_wconf 83' lang='lat' dir='ltr'><strong>Cujus</strong></span> <span class='ocrx_word' id='word_1_97' title='bbox 1765 1661 2092 1715; x_wconf 80' lang='lat' dir='ltr'><strong>indumenti</strong></span> 
     </span>
    </p>
   </div>
   <div class='ocr_carea' id='block_1_18' title="bbox 445 1747 2093 1820">
    <p class='ocr_par' dir='ltr' id='par_1_18' title="bbox 445 1747 2093 1820">
     <span class='ocr_line' id='line_1_18' title="bbox 445 1747 2093 1820; baseline 0.001 -15"><span class='ocrx_word' id='word_1_98' title='bbox 445 1749 634 1805; x_wconf 88' lang='lat' dir='ltr'><strong>honor</strong></span> <span class='ocrx_word' id='word_1_99' title='bbox 663 1747 939 1820; x_wconf 87' lang='lat' dir='ltr'><strong>quoniam</strong></span> <span class='ocrx_word' id='word_1_100' title='bbox 973 1748 1239 1804; x_wconf 89' lang='lat' dir='ltr'><strong>modesta</strong></span> <span class='ocrx_word' id='word_1_101' title='bbox 1263 1753 1499 1804; x_wconf 85' lang='lat' dir='ltr'><strong>actuum</strong></span> <span class='ocrx_word' id='word_1_102' title='bbox 1529 1749 1830 1806; x_wconf 77' lang='lat' dir='ltr'><strong>vivacitate</strong></span> <span class='ocrx_word' id='word_1_103' title='bbox 1861 1765 2093 1806; x_wconf 85' lang='lat' dir='ltr'><strong>servan-</strong></span> 
     </span>
    </p>
   </div>
   <div class='ocr_carea' id='block_1_19' title="bbox 445 1835 2171 1929">
    <p class='ocr_par' dir='ltr' id='par_1_19' title="bbox 445 1835 2171 1929">
     <span class='ocr_line' id='line_1_19' title="bbox 445 1835 2171 1929; baseline -0.001 -35"><span class='ocrx_word' id='word_1_104' title='bbox 445 1840 560 1894; x_wconf 90' lang='lat' dir='ltr'><strong>dus</strong></span> <span class='ocrx_word' id='word_1_105' title='bbox 598 1839 708 1904; x_wconf 91' lang='lat' dir='ltr'><strong>est,</strong></span> <span class='ocrx_word' id='word_1_106' title='bbox 739 1835 1046 1892; x_wconf 84' lang='lat' dir='ltr'><strong>hortamur</strong></span> <span class='ocrx_word' id='word_1_107' title='bbox 1064 1841 1128 1892; x_wconf 92' lang='lat' dir='ltr'><strong>ut</strong></span> <span class='ocrx_word' id='word_1_108' title='bbox 1157 1837 1208 1892; x_wconf 92' lang='lat' dir='ltr'><strong>ei</strong></span> <span class='ocrx_word' id='word_1_109' title='bbox 1242 1854 1469 1894; x_wconf 90' lang='lat' dir='ltr'><strong>morum</strong></span> <span class='ocrx_word' id='word_1_110' title='bbox 1493 1844 1728 1894; x_wconf 90' lang='lat' dir='ltr'><strong>tuorum</strong></span> <span class='ocrx_word' id='word_1_111' title='bbox 1751 1844 2096 1896; x_wconf 87' lang='lat' dir='ltr'><strong>ornamenta</strong></span> <span class='ocrx_word' id='word_1_112' title='bbox 2125 1861 2171 1929; x_wconf 78' lang='grc' dir='ltr'>Β</span> 
     </span>
    </p>
   </div>
   <div class='ocr_carea' id='block_1_20' title="bbox 447 1925 2094 2000">
    <p class='ocr_par' dir='ltr' id='par_1_20' title="bbox 447 1925 2094 2000">
     <span class='ocr_line' id='line_1_20' title="bbox 447 1925 2094 2000; baseline -0.001 -17"><span class='ocrx_word' id='word_1_113' title='bbox 447 1925 821 1993; x_wconf 88' lang='lat' dir='ltr'><strong>conveniant;</strong></span> <span class='ocrx_word' id='word_1_114' title='bbox 854 1929 1402 1998; x_wconf 88' lang='lat' dir='ltr'><strong>quatenus,auctore</strong></span> <span class='ocrx_word' id='word_1_115' title='bbox 1434 1927 1569 1993; x_wconf 91' lang='lat' dir='ltr'><strong>Deo,</strong></span> <span class='ocrx_word' id='word_1_116' title='bbox 1605 1931 1755 1982; x_wconf 86' lang='lat' dir='ltr'><strong>recte</strong></span> <span class='ocrx_word' id='word_1_117' title='bbox 1787 1927 2094 2000; x_wconf 89' lang='lat' dir='ltr'><strong>utrobique</strong></span> 
     </span>
    </p>
   </div>
   <div class='ocr_carea' id='block_1_21' title="bbox 446 2015 2095 2088">
    <p class='ocr_par' dir='ltr' id='par_1_21' title="bbox 446 2015 2095 2088">
     <span class='ocr_line' id='line_1_21' title="bbox 446 2015 2095 2088; baseline 0 -16"><span class='ocrx_word' id='word_1_118' title='bbox 446 2015 639 2088; x_wconf 90' lang='lat' dir='ltr'><strong>possis</strong></span> <span class='ocrx_word' id='word_1_119' title='bbox 669 2031 798 2072; x_wconf 89' lang='lat' dir='ltr'><strong>esse</strong></span> <span class='ocrx_word' id='word_1_120' title='bbox 827 2015 1964 2087; x_wconf 86' lang='lat' dir='ltr'><strong>conspicuus.0uamobrem,charissime</strong></span> <span class='ocrx_word' id='word_1_121' title='bbox 1987 2017 2095 2072; x_wconf 80' lang='lat' dir='ltr'><strong>fra-</strong></span> 
     </span>
    </p>
   </div>
   <div class='ocr_carea' id='block_1_22' title="bbox 445 2103 2088 2176">
    <p class='ocr_par' dir='ltr' id='par_1_22' title="bbox 445 2103 2088 2176">
     <span class='ocr_line' id='line_1_22' title="bbox 445 2103 2088 2176; baseline -0.001 -16"><span class='ocrx_word' id='word_1_122' title='bbox 445 2109 554 2169; x_wconf 84' lang='lat' dir='ltr'><strong>ter,</strong></span> <span class='ocrx_word' id='word_1_123' title='bbox 617 2121 793 2176; x_wconf 87' lang='lat' dir='ltr'><strong>quem</strong></span> <span class='ocrx_word' id='word_1_124' title='bbox 844 2103 1150 2176; x_wconf 86' lang='lat' dir='ltr'><strong>pastoralis</strong></span> <span class='ocrx_word' id='word_1_125' title='bbox 1197 2120 1348 2158; x_wconf 72' lang='lat' dir='ltr'><strong>curse</strong></span> <span class='ocrx_word' id='word_1_126' title='bbox 1407 2105 1755 2176; x_wconf 86' lang='lat' dir='ltr'><strong>constringit</strong></span> <span class='ocrx_word' id='word_1_127' title='bbox 1810 2105 2088 2172; x_wconf 86' lang='lat' dir='ltr'><strong>ofﬁcium,</strong></span> 
     </span>
    </p>
   </div>
   <div class='ocr_carea' id='block_1_23' title="bbox 445 2191 2093 2266">
    <p class='ocr_par' dir='ltr' id='par_1_23' title="bbox 445 2191 2093 2266">
     <span class='ocr_line' id='line_1_23' title="bbox 445 2191 2093 2266; baseline 0 -18"><span class='ocrx_word' id='word_1_128' title='bbox 445 2192 623 2266; x_wconf 87' lang='lat' dir='ltr'><strong>dilige</strong></span> <span class='ocrx_word' id='word_1_129' title='bbox 655 2193 886 2256; x_wconf 83' lang='lat' dir='ltr'><strong>fratres,</strong></span> <span class='ocrx_word' id='word_1_130' title='bbox 911 2191 1020 2264; x_wconf 86' lang='lat' dir='ltr'><strong>ipsi</strong></span> <span class='ocrx_word' id='word_1_131' title='bbox 1054 2209 1288 2264; x_wconf 86' lang='lat' dir='ltr'><strong>quoque</strong></span> <span class='ocrx_word' id='word_1_132' title='bbox 1317 2194 1629 2249; x_wconf 87' lang='lat' dir='ltr'><strong>adversarii</strong></span> <span class='ocrx_word' id='word_1_133' title='bbox 1664 2197 1898 2266; x_wconf 84' lang='lat' dir='ltr'><strong>propter</strong></span> <span class='ocrx_word' id='word_1_134' title='bbox 1931 2212 2093 2249; x_wconf 88' lang='lat' dir='ltr'><strong>man-</strong></span> 
     </span>
    </p>
   </div>
   <div class='ocr_carea' id='block_1_24' title="bbox 445 2280 2088 2354">
    <p class='ocr_par' dir='ltr' id='par_1_24' title="bbox 445 2280 2088 2354">
     <span class='ocr_line' id='line_1_24' title="bbox 445 2280 2088 2354; baseline -0.001 -15"><span class='ocrx_word' id='word_1_135' title='bbox 445 2283 648 2339; x_wconf 83' lang='lat' dir='ltr'><strong>datum</strong></span> <span class='ocrx_word' id='word_1_136' title='bbox 678 2280 1047 2338; x_wconf 89' lang='lat' dir='ltr'><strong>Dominicum</strong></span> <span class='ocrx_word' id='word_1_137' title='bbox 1079 2285 1180 2338; x_wconf 88' lang='lat' dir='ltr'><strong>tuo</strong></span> <span class='ocrx_word' id='word_1_138' title='bbox 1211 2282 1363 2337; x_wconf 88' lang='lat' dir='ltr'><strong>circa</strong></span> <span class='ocrx_word' id='word_1_139' title='bbox 1395 2287 1449 2337; x_wconf 92' lang='lat' dir='ltr'><strong>te</strong></span> <span class='ocrx_word' id='word_1_140' title='bbox 1481 2283 1828 2354; x_wconf 88' lang='lat' dir='ltr'><strong>cepulentur</strong></span> <span class='ocrx_word' id='word_1_141' title='bbox 1850 2283 2088 2350; x_wconf 85' lang='lat' dir='ltr'><strong>aﬁ‘cctu;</strong></span> 
     </span>
    </p>
   </div>
   <div class='ocr_carea' id='block_1_25' title="bbox 443 2370 2092 2444">
    <p class='ocr_par' dir='ltr' id='par_1_25' title="bbox 443 2370 2092 2444">
     <span class='ocr_line' id='line_1_25' title="bbox 443 2370 2092 2444; baseline 0.002 -18"><span class='ocrx_word' id='word_1_142' title='bbox 443 2387 646 2444; x_wconf 89' lang='lat' dir='ltr'><strong>pacem</strong></span> <span class='ocrx_word' id='word_1_143' title='bbox 685 2386 928 2442; x_wconf 86' lang='lat' dir='ltr'><strong>sequere</strong></span> <span class='ocrx_word' id='word_1_144' title='bbox 977 2373 1108 2426; x_wconf 85' lang='lat' dir='ltr'><strong>cum</strong></span> <span class='ocrx_word' id='word_1_145' title='bbox 1157 2370 1466 2438; x_wconf 88' lang='lat' dir='ltr'><strong>omnibus;</strong></span> <span class='ocrx_word' id='word_1_146' title='bbox 1501 2372 1924 2440; x_wconf 72' lang='lat' dir='ltr'><strong>sanctimoniae,</strong></span> <span class='ocrx_word' id='word_1_147' title='bbox 1965 2373 2092 2429; x_wconf 86' lang='lat' dir='ltr'><strong>sine</strong></span> 
     </span>
    </p>
   </div>
   <div class='ocr_carea' id='block_1_26' title="bbox 443 2459 2088 2534">
    <p class='ocr_par' dir='ltr' id='par_1_26' title="bbox 443 2459 2088 2534">
     <span class='ocr_line' id='line_1_26' title="bbox 443 2459 2088 2534; baseline 0.001 -20"><span class='ocrx_word' id='word_1_148' title='bbox 443 2475 562 2532; x_wconf 88' lang='lat' dir='ltr'><strong>qua</strong></span> <span class='ocrx_word' id='word_1_149' title='bbox 616 2474 788 2514; x_wconf 90' lang='lat' dir='ltr'><strong>nemo</strong></span> <span class='ocrx_word' id='word_1_150' title='bbox 845 2459 1062 2515; x_wconf 87' lang='lat' dir='ltr'><strong>videbit</strong></span> <span class='ocrx_word' id='word_1_151' title='bbox 1117 2459 1322 2528; x_wconf 91' lang='lat' dir='ltr'><strong>Deum,</strong></span> <span class='ocrx_word' id='word_1_152' title='bbox 1381 2459 1494 2532; x_wconf 90' lang='lat' dir='ltr'><strong>piis</strong></span> <span class='ocrx_word' id='word_1_153' title='bbox 1551 2478 1718 2518; x_wconf 89' lang='lat' dir='ltr'><strong>vaces</strong></span> <span class='ocrx_word' id='word_1_154' title='bbox 1775 2461 2088 2534; x_wconf 85' lang='lat' dir='ltr'><strong>operibus;</strong></span> 
     </span>
    </p>
   </div>
   <div class='ocr_carea' id='block_1_27' title="bbox 440 2546 2092 2621">
    <p class='ocr_par' dir='ltr' id='par_1_27' title="bbox 440 2546 2092 2621">
     <span class='ocr_line' id='line_1_27' title="bbox 440 2546 2092 2621; baseline 0.001 -17"><span class='ocrx_word' id='word_1_155' title='bbox 440 2549 759 2605; x_wconf 85' lang='lat' dir='ltr'><strong>virtutibus</strong></span> <span class='ocrx_word' id='word_1_156' title='bbox 805 2546 1046 2620; x_wconf 86' lang='lat' dir='ltr'><strong>polleas,</strong></span> <span class='ocrx_word' id='word_1_157' title='bbox 1077 2548 1296 2621; x_wconf 82' lang='lat' dir='ltr'><strong>fulgent</strong></span> <span class='ocrx_word' id='word_1_158' title='bbox 1325 2549 1384 2603; x_wconf 92' lang='lat' dir='ltr'><strong>in</strong></span> <span class='ocrx_word' id='word_1_159' title='bbox 1415 2555 1648 2620; x_wconf 89' lang='lat' dir='ltr'><strong>pectore</strong></span> <span class='ocrx_word' id='word_1_160' title='bbox 1679 2555 1778 2606; x_wconf 88' lang='lat' dir='ltr'><strong>tuo</strong></span> <span class='ocrx_word' id='word_1_161' title='bbox 1809 2549 2092 2607; x_wconf 87' lang='lat' dir='ltr'><strong>rationale</strong></span> 
     </span>
    </p>
   </div>
   <div class='ocr_carea' id='block_1_28' title="bbox 437 2637 2091 2709">
    <p class='ocr_par' dir='ltr' id='par_1_28' title="bbox 437 2637 2091 2709">
     <span class='ocr_line' id='line_1_28' title="bbox 437 2637 2091 2709; baseline 0.003 -17"><span class='ocrx_word' id='word_1_162' title='bbox 437 2637 648 2708; x_wconf 86' lang='lat' dir='ltr'><strong>judicii</strong></span> <span class='ocrx_word' id='word_1_163' title='bbox 679 2653 818 2694; x_wconf 90' lang='lat' dir='ltr'><strong>cum</strong></span> <span class='ocrx_word' id='word_1_164' title='bbox 845 2637 1344 2708; x_wconf 89' lang='lat' dir='ltr'><strong>superhumeralis</strong></span> <span class='ocrx_word' id='word_1_165' title='bbox 1361 2638 2091 2709; x_wconf 83' lang='lat' dir='ltr'><strong>actioneconjunctum.1ta</strong></span> 
     </span>
    </p>
   </div>
   <div class='ocr_carea' id='block_1_29' title="bbox 444 2725 2089 2800">
    <p class='ocr_par' dir='ltr' id='par_1_29' title="bbox 444 2725 2089 2800">
     <span class='ocr_line' id='line_1_29' title="bbox 444 2725 2089 2800; baseline 0.001 -18"><span class='ocrx_word' id='word_1_166' title='bbox 444 2726 724 2798; x_wconf 87' lang='lat' dir='ltr'><strong>procedas</strong></span> <span class='ocrx_word' id='word_1_167' title='bbox 751 2725 813 2781; x_wconf 90' lang='lat' dir='ltr'><strong>in</strong></span> <span class='ocrx_word' id='word_1_168' title='bbox 834 2729 1148 2797; x_wconf 85' lang='lat' dir='ltr'><strong>conspectu</strong></span> <span class='ocrx_word' id='word_1_169' title='bbox 1172 2726 1268 2780; x_wconf 90' lang='lat' dir='ltr'><strong>Dei</strong></span> <span class='ocrx_word' id='word_1_170' title='bbox 1285 2731 1342 2781; x_wconf 87' lang='lat' dir='ltr'><strong>et</strong></span> <span class='ocrx_word' id='word_1_171' title='bbox 1361 2727 1541 2783; x_wconf 88' lang='lat' dir='ltr'><strong>totius</strong></span> <span class='ocrx_word' id='word_1_172' title='bbox 1559 2728 1729 2783; x_wconf 87' lang='lat' dir='ltr'><strong>Israel</strong></span> <span class='ocrx_word' id='word_1_173' title='bbox 1751 2728 2089 2800; x_wconf 86' lang='lat' dir='ltr'><strong>hujusmodi</strong></span> 
     </span>
    </p>
   </div>
   <div class='ocr_carea' id='block_1_30' title="bbox 445 2814 2092 2890">
    <p class='ocr_par' dir='ltr' id='par_1_30' title="bbox 445 2814 2092 2890">
     <span class='ocr_line' id='line_1_30' title="bbox 445 2814 2092 2890; baseline 0.002 -21"><span class='ocrx_word' id='word_1_174' title='bbox 445 2814 606 2888; x_wconf 84' lang='lat' dir='ltr'><strong>gregi</strong></span> <span class='ocrx_word' id='word_1_175' title='bbox 638 2814 952 2870; x_wconf 89' lang='lat' dir='ltr'><strong>commisso</strong></span> <span class='ocrx_word' id='word_1_176' title='bbox 985 2814 1242 2885; x_wconf 60' lang='lat' dir='ltr'><strong>praebeas</strong></span> <span class='ocrx_word' id='word_1_177' title='bbox 1271 2815 1634 2889; x_wconf 81' lang='lat' dir='ltr'><strong>exempla,ut</strong></span> <span class='ocrx_word' id='word_1_178' title='bbox 1664 2817 1896 2872; x_wconf 85' lang='lat' dir='ltr'><strong>videant</strong></span> <span class='ocrx_word' id='word_1_179' title='bbox 1916 2833 2092 2890; x_wconf 87' lang='lat' dir='ltr'><strong>Opera</strong></span> 
     </span>
    </p>
   </div>
   <div class='ocr_carea' id='block_1_31' title="bbox 444 2901 2091 2977">
    <p class='ocr_par' dir='ltr' id='par_1_31' title="bbox 444 2901 2091 2977">
     <span class='ocr_line' id='line_1_31' title="bbox 444 2901 2091 2977; baseline 0.002 -18"><span class='ocrx_word' id='word_1_180' title='bbox 444 2906 548 2959; x_wconf 88' lang='lat' dir='ltr'><strong>tua</strong></span> <span class='ocrx_word' id='word_1_181' title='bbox 577 2902 730 2958; x_wconf 86' lang='lat' dir='ltr'><strong>bona</strong></span> <span class='ocrx_word' id='word_1_182' title='bbox 748 2905 805 2958; x_wconf 90' lang='lat' dir='ltr'><strong>et</strong></span> <span class='ocrx_word' id='word_1_183' title='bbox 823 2901 1150 2976; x_wconf 88' lang='lat' dir='ltr'><strong>gloriﬁcent</strong></span> <span class='ocrx_word' id='word_1_184' title='bbox 1174 2902 1400 2960; x_wconf 85' lang='lat' dir='ltr'><strong>Patrem</strong></span> <span class='ocrx_word' id='word_1_185' title='bbox 1434 2908 1698 2960; x_wconf 89' lang='lat' dir='ltr'><strong>nostrum</strong></span> <span class='ocrx_word' id='word_1_186' title='bbox 1731 2905 1828 2977; x_wconf 92' lang='lat' dir='ltr'><strong>qui</strong></span> <span class='ocrx_word' id='word_1_187' title='bbox 1852 2905 1909 2961; x_wconf 91' lang='lat' dir='ltr'><strong>in</strong></span> <span class='ocrx_word' id='word_1_188' title='bbox 1931 2904 2091 2962; x_wconf 76' lang='lat' dir='ltr'><strong>cmlis</strong></span> 
     </span>
    </p>
   </div>
   <div class='ocr_carea' id='block_1_32' title="bbox 445 2989 2087 3063">
    <p class='ocr_par' dir='ltr' id='par_1_32' title="bbox 445 2989 2087 3063">
     <span class='ocr_line' id='line_1_32' title="bbox 445 2989 2087 3063; baseline 0 -15"><span class='ocrx_word' id='word_1_189' title='bbox 445 2993 552 3048; x_wconf 86' lang='lat' dir='ltr'><strong>est.</strong></span> <span class='ocrx_word' id='word_1_190' title='bbox 587 2991 675 3048; x_wconf 88' lang='lat' dir='ltr'><strong>Sit</strong></span> <span class='ocrx_word' id='word_1_191' title='bbox 716 2991 776 3046; x_wconf 87' lang='lat' dir='ltr'><strong>in</strong></span> <span class='ocrx_word' id='word_1_192' title='bbox 806 2989 1010 3063; x_wconf 83' lang='lat' dir='ltr'><strong>lingua</strong></span> <span class='ocrx_word' id='word_1_193' title='bbox 1039 3004 1252 3058; x_wconf 89' lang='lat' dir='ltr'><strong>sermo,</strong></span> <span class='ocrx_word' id='word_1_194' title='bbox 1273 2993 1362 3048; x_wconf 81' lang='lat' dir='ltr'><strong>sit</strong></span> <span class='ocrx_word' id='word_1_195' title='bbox 1407 2992 1510 3048; x_wconf 89' lang='lat' dir='ltr'><strong>zeli</strong></span> <span class='ocrx_word' id='word_1_196' title='bbox 1563 2995 1751 3049; x_wconf 83' lang='lat' dir='ltr'><strong>fervor</strong></span> <span class='ocrx_word' id='word_1_197' title='bbox 1775 2995 1836 3049; x_wconf 91' lang='lat' dir='ltr'><strong>in</strong></span> <span class='ocrx_word' id='word_1_198' title='bbox 1869 2995 2087 3050; x_wconf 88' lang='lat' dir='ltr'><strong>animo.</strong></span> 
     </span>
    </p>
   </div>
   <div class='ocr_carea' id='block_1_33' title="bbox 445 3079 2088 3152">
    <p class='ocr_par' dir='ltr' id='par_1_33' title="bbox 445 3079 2088 3152">
     <span class='ocr_line' id='line_1_33' title="bbox 445 3079 2088 3152; baseline 0.001 -16"><span class='ocrx_word' id='word_1_199' title='bbox 445 3079 740 3136; x_wconf 88' lang='lat' dir='ltr'><strong>Creditum</strong></span> <span class='ocrx_word' id='word_1_200' title='bbox 761 3079 866 3136; x_wconf 90' lang='lat' dir='ltr'><strong>tibi</strong></span> <span class='ocrx_word' id='word_1_201' title='bbox 899 3096 1107 3152; x_wconf 89' lang='lat' dir='ltr'><strong>agrum</strong></span> <span class='ocrx_word' id='word_1_202' title='bbox 1137 3081 1503 3138; x_wconf 87' lang='lat' dir='ltr'><strong>Dominicum</strong></span> <span class='ocrx_word' id='word_1_203' title='bbox 1537 3099 1735 3140; x_wconf 81' lang='lat' dir='ltr'><strong>exerce</strong></span> <span class='ocrx_word' id='word_1_204' title='bbox 1764 3083 1905 3139; x_wconf 89' lang='lat' dir='ltr'><strong>dum</strong></span> <span class='ocrx_word' id='word_1_205' title='bbox 1931 3083 2088 3151; x_wconf 90' lang='lat' dir='ltr'><strong>licet,</strong></span> 
     </span>
    </p>
   </div>
   <div class='ocr_carea' id='block_1_34' title="bbox 443 3167 2090 3242">
    <p class='ocr_par' dir='ltr' id='par_1_34' title="bbox 443 3167 2090 3242">
     <span class='ocr_line' id='line_1_34' title="bbox 443 3167 2090 3242; baseline 0.002 -18"><span class='ocrx_word' id='word_1_206' title='bbox 443 3167 671 3225; x_wconf 83' lang='lat' dir='ltr'><strong>semina</strong></span> <span class='ocrx_word' id='word_1_207' title='bbox 691 3169 752 3225; x_wconf 93' lang='lat' dir='ltr'><strong>in</strong></span> <span class='ocrx_word' id='word_1_208' title='bbox 783 3168 993 3226; x_wconf 89' lang='lat' dir='ltr'><strong>timore</strong></span> <span class='ocrx_word' id='word_1_209' title='bbox 1023 3169 1164 3225; x_wconf 91' lang='lat' dir='ltr'><strong>dum</strong></span> <span class='ocrx_word' id='word_1_210' title='bbox 1193 3173 1427 3242; x_wconf 89' lang='lat' dir='ltr'><strong>tempus</strong></span> <span class='ocrx_word' id='word_1_211' title='bbox 1443 3175 1550 3238; x_wconf 90' lang='lat' dir='ltr'><strong>est,</strong></span> <span class='ocrx_word' id='word_1_212' title='bbox 1575 3172 1796 3228; x_wconf 91' lang='lat' dir='ltr'><strong>bonum</strong></span> <span class='ocrx_word' id='word_1_213' title='bbox 1827 3172 2090 3228; x_wconf 85' lang='lat' dir='ltr'><strong>faciendo</strong></span> 
     </span>
    </p>
   </div>
   <div class='ocr_carea' id='block_1_35' title="bbox 2200 583 3156 662">
    <p class='ocr_par' dir='ltr' id='par_1_35' title="bbox 2200 583 3156 662">
     <span class='ocr_line' id='line_1_35' title="bbox 2200 583 3156 662; baseline 0.006 -22"><span class='ocrx_word' id='word_1_214' title='bbox 2200 583 2363 642; x_wconf 85' lang='lat' dir='ltr'><strong>ribus</strong></span> <span class='ocrx_word' id='word_1_215' title='bbox 2389 586 2666 659; x_wconf 87' lang='lat' dir='ltr'><strong>legitimis</strong></span> <span class='ocrx_word' id='word_1_216' title='bbox 2697 588 2755 644; x_wconf 90' lang='lat' dir='ltr'><strong>in</strong></span> <span class='ocrx_word' id='word_1_217' title='bbox 2790 594 3156 662; x_wconf 88' lang='lat' dir='ltr'><strong>perpetuum.</strong></span> 
     </span>
    </p>
   </div>
   <div class='ocr_carea' id='block_1_36' title="bbox 2275 675 3821 752">
    <p class='ocr_par' dir='ltr' id='par_1_36' title="bbox 2275 675 3821 752">
     <span class='ocr_line' id='line_1_36' title="bbox 2275 675 3821 752; baseline 0.006 -22"><span class='ocrx_word' id='word_1_218' title='bbox 2275 675 2620 732; x_wconf 82' lang='lat' dir='ltr'><strong>Potestatem</strong></span> <span class='ocrx_word' id='word_1_219' title='bbox 2654 678 2871 751; x_wconf 79' lang='lat' dir='ltr'><strong>ligandi</strong></span> <span class='ocrx_word' id='word_1_220' title='bbox 2903 685 3076 752; x_wconf 88' lang='lat' dir='ltr'><strong>atque</strong></span> <span class='ocrx_word' id='word_1_221' title='bbox 3106 679 3364 737; x_wconf 83' lang='lat' dir='ltr'><strong>solvendi</strong></span> <span class='ocrx_word' id='word_1_222' title='bbox 3406 681 3464 736; x_wconf 92' lang='lat' dir='ltr'><strong>in</strong></span> <span class='ocrx_word' id='word_1_223' title='bbox 3507 681 3661 740; x_wconf 71' lang='lat' dir='ltr'><strong>caelis</strong></span> <span class='ocrx_word' id='word_1_224' title='bbox 3688 689 3742 741; x_wconf 91' lang='lat' dir='ltr'><strong>et</strong></span> <span class='ocrx_word' id='word_1_225' title='bbox 3765 685 3821 740; x_wconf 91' lang='lat' dir='ltr'><strong>in</strong></span> 
     </span>
    </p>
   </div>
   <div class='ocr_carea' id='block_1_37' title="bbox 2198 767 3823 840">
    <p class='ocr_par' dir='ltr' id='par_1_37' title="bbox 2198 767 3823 840">
     <span class='ocr_line' id='line_1_37' title="bbox 2198 767 3823 840; baseline 0.007 -22"><span class='ocrx_word' id='word_1_226' title='bbox 2198 767 2354 820; x_wconf 86' lang='lat' dir='ltr'><strong>terra</strong></span> <span class='ocrx_word' id='word_1_227' title='bbox 2397 767 2562 822; x_wconf 81' lang='lat' dir='ltr'><strong>beato</strong></span> <span class='ocrx_word' id='word_1_228' title='bbox 2613 768 2776 822; x_wconf 87' lang='lat' dir='ltr'><strong>Petro</strong></span> <span class='ocrx_word' id='word_1_229' title='bbox 2827 769 3070 840; x_wconf 80' lang='lat' dir='ltr'><strong>ejusque</strong></span> <span class='ocrx_word' id='word_1_230' title='bbox 3117 771 3573 837; x_wconf 86' lang='lat' dir='ltr'><strong>successoribus,</strong></span> <span class='ocrx_word' id='word_1_231' title='bbox 3604 777 3823 829; x_wconf 85' lang='lat' dir='ltr'><strong>auctore</strong></span> 
     </span>
    </p>
   </div>
   <div class='ocr_carea' id='block_1_38' title="bbox 2201 854 3822 928">
    <p class='ocr_par' dir='ltr' id='par_1_38' title="bbox 2201 854 3822 928">
     <span class='ocr_line' id='line_1_38' title="bbox 2201 854 3822 928; baseline 0.006 -19"><span class='ocrx_word' id='word_1_232' title='bbox 2201 854 2338 919; x_wconf 78' lang='lat' dir='ltr'><strong>Deo,</strong></span> <span class='ocrx_word' id='word_1_233' title='bbox 2391 855 2788 928; x_wconf 83' lang='lat' dir='ltr'><strong>principaliter</strong></span> <span class='ocrx_word' id='word_1_234' title='bbox 2841 857 3116 914; x_wconf 88' lang='lat' dir='ltr'><strong>traditam</strong></span> <span class='ocrx_word' id='word_1_235' title='bbox 3173 857 3288 914; x_wconf 89' lang='lat' dir='ltr'><strong>illis</strong></span> <span class='ocrx_word' id='word_1_236' title='bbox 3347 859 3594 918; x_wconf 85' lang='lat' dir='ltr'><strong>Ecclesia</strong></span> <span class='ocrx_word' id='word_1_237' title='bbox 3645 861 3822 920; x_wconf 90' lang='lat' dir='ltr'><strong>verbis</strong></span> 
     </span>
    </p>
   </div>
   <div class='ocr_carea' id='block_1_39' title="bbox 2202 944 3818 1018">
    <p class='ocr_par' dir='ltr' id='par_1_39' title="bbox 2202 944 3818 1018">
     <span class='ocr_line' id='line_1_39' title="bbox 2202 944 3818 1018; baseline 0.006 -20"><span class='ocrx_word' id='word_1_238' title='bbox 2202 944 2488 1016; x_wconf 81' lang='lat' dir='ltr'><strong>agnoscit,</strong></span> <span class='ocrx_word' id='word_1_239' title='bbox 2521 945 2736 1018; x_wconf 86' lang='lat' dir='ltr'><strong>quibus</strong></span> <span class='ocrx_word' id='word_1_240' title='bbox 2765 961 2868 1018; x_wconf 86' lang='lat' dir='ltr'><strong>per</strong></span> <span class='ocrx_word' id='word_1_241' title='bbox 2895 962 3030 1002; x_wconf 90' lang='lat' dir='ltr'><strong>eum</strong></span> <span class='ocrx_word' id='word_1_242' title='bbox 3061 947 3347 1004; x_wconf 87' lang='lat' dir='ltr'><strong>Dominus</strong></span> <span class='ocrx_word' id='word_1_243' title='bbox 3377 947 3660 1006; x_wconf 84' lang='lat' dir='ltr'><strong>allocutus</strong></span> <span class='ocrx_word' id='word_1_244' title='bbox 3699 955 3782 1007; x_wconf 88' lang='lat' dir='ltr'><strong>est</strong></span> <span class='ocrx_word' id='word_1_245' title='bbox 3807 968 3818 1006; x_wconf 91' lang='lat'>:</span> 
     </span>
    </p>
   </div>
   <div class='ocr_carea' id='block_1_40' title="bbox 2204 1035 3824 1108">
    <p class='ocr_par' dir='ltr' id='par_1_40' title="bbox 2204 1035 3824 1108">
     <span class='ocr_line' id='line_1_40' title="bbox 2204 1035 3824 1108; baseline 0.006 -21"><span class='ocrx_word' id='word_1_246' title='bbox 2204 1035 2551 1105; x_wconf 64' lang='lat' dir='ltr'><strong>Quaecunque</strong></span> <span class='ocrx_word' id='word_1_247' title='bbox 2575 1035 2834 1104; x_wconf 76' lang='lat' dir='ltr'><strong>ligaveris</strong></span> <span class='ocrx_word' id='word_1_248' title='bbox 2859 1051 3020 1108; x_wconf 81' lang='lat' dir='ltr'><strong>super</strong></span> <span class='ocrx_word' id='word_1_249' title='bbox 3048 1039 3252 1093; x_wconf 84' lang='lat' dir='ltr'><strong>terram</strong></span> <span class='ocrx_word' id='word_1_250' title='bbox 3297 1043 3460 1094; x_wconf 78' lang='lat' dir='ltr'><strong>erunt</strong></span> <span class='ocrx_word' id='word_1_251' title='bbox 3503 1039 3672 1108; x_wconf 80' lang='lat' dir='ltr'><strong>ligata</strong></span> <span class='ocrx_word' id='word_1_252' title='bbox 3696 1043 3745 1098; x_wconf 77' lang='lat' dir='ltr'><strong>et</strong></span> <span class='ocrx_word' id='word_1_253' title='bbox 3770 1043 3824 1096; x_wconf 79' lang='lat' dir='ltr'><strong>in</strong></span> 
     </span>
    </p>
   </div>
   <div class='ocr_carea' id='block_1_41' title="bbox 2201 1124 3823 1197">
    <p class='ocr_par' dir='ltr' id='par_1_41' title="bbox 2201 1124 3823 1197">
     <span class='ocr_line' id='line_1_41' title="bbox 2201 1124 3823 1197; baseline 0.006 -21"><span class='ocrx_word' id='word_1_254' title='bbox 2201 1124 2423 1188; x_wconf 75' lang='lat' dir='ltr'><strong>ariis,ct</strong></span> <span class='ocrx_word' id='word_1_255' title='bbox 2452 1141 2782 1197; x_wconf 58' lang='lat' dir='ltr'><strong>quaecunque</strong></span> <span class='ocrx_word' id='word_1_256' title='bbox 2809 1126 3040 1182; x_wconf 79' lang='lat' dir='ltr'><strong>solveris</strong></span> <span class='ocrx_word' id='word_1_257' title='bbox 3068 1142 3232 1196; x_wconf 83' lang='lat' dir='ltr'><strong>super</strong></span> <span class='ocrx_word' id='word_1_258' title='bbox 3252 1129 3458 1182; x_wconf 87' lang='lat' dir='ltr'><strong>terram</strong></span> <span class='ocrx_word' id='word_1_259' title='bbox 3487 1132 3642 1184; x_wconf 82' lang='lat' dir='ltr'><strong>erunt</strong></span> <span class='ocrx_word' id='word_1_260' title='bbox 3663 1131 3823 1186; x_wconf 77' lang='lat' dir='ltr'><strong>soluta</strong></span> 
     </span>
    </p>
   </div>
   <div class='ocr_carea' id='block_1_42' title="bbox 2202 1213 3822 1292">
    <p class='ocr_par' dir='ltr' id='par_1_42' title="bbox 2202 1213 3822 1292">
     <span class='ocr_line' id='line_1_42' title="bbox 2202 1213 3822 1292; baseline 0.006 -26"><span class='ocrx_word' id='word_1_261' title='bbox 2202 1215 2252 1266; x_wconf 71' lang='lat' dir='ltr'><strong>et</strong></span> <span class='ocrx_word' id='word_1_262' title='bbox 2283 1215 2342 1266; x_wconf 82' lang='lat' dir='ltr'><strong>in</strong></span> <span class='ocrx_word' id='word_1_263' title='bbox 2369 1213 2520 1268; x_wconf 69' lang='lat' dir='ltr'><strong>coriis</strong></span> <span class='ocrx_word' id='word_1_264' title='bbox 2551 1213 2751 1284; x_wconf 77' lang='lat' dir='ltr'><strong>(Matth.</strong></span> <span class='ocrx_word' id='word_1_265' title='bbox 2786 1229 2946 1279; x_wconf 83' lang='lat' dir='ltr'><strong>xvm,</strong></span> <span class='ocrx_word' id='word_1_266' title='bbox 2986 1215 3086 1285; x_wconf 76' lang='lat'><strong>18).</strong></span> <span class='ocrx_word' id='word_1_267' title='bbox 3119 1215 3227 1286; x_wconf 87' lang='lat' dir='ltr'><strong>ipsi</strong></span> <span class='ocrx_word' id='word_1_268' title='bbox 3255 1231 3488 1288; x_wconf 85' lang='lat' dir='ltr'><strong>quoque</strong></span> <span class='ocrx_word' id='word_1_269' title='bbox 3517 1219 3572 1272; x_wconf 87' lang='lat' dir='ltr'><strong>et</strong></span> <span class='ocrx_word' id='word_1_270' title='bbox 3600 1219 3822 1292; x_wconf 68' lang='lat' dir='ltr'><strong>propriae</strong></span> 
     </span>
    </p>
   </div>
   <div class='ocr_carea' id='block_1_43' title="bbox 2203 1300 3822 1372">
    <p class='ocr_par' dir='ltr' id='par_1_43' title="bbox 2203 1300 3822 1372">
     <span class='ocr_line' id='line_1_43' title="bbox 2203 1300 3822 1372; baseline 0.006 -17"><span class='ocrx_word' id='word_1_271' title='bbox 2203 1300 2470 1370; x_wconf 84' lang='lat' dir='ltr'><strong>ﬁrmitas,</strong></span> <span class='ocrx_word' id='word_1_272' title='bbox 2501 1306 2558 1356; x_wconf 91' lang='lat' dir='ltr'><strong>et</strong></span> <span class='ocrx_word' id='word_1_273' title='bbox 2603 1302 2805 1359; x_wconf 64' lang='lat' dir='ltr'><strong>alienae</strong></span> <span class='ocrx_word' id='word_1_274' title='bbox 2855 1303 2991 1358; x_wconf 88' lang='lat' dir='ltr'><strong>ﬁdei</strong></span> <span class='ocrx_word' id='word_1_275' title='bbox 3043 1304 3431 1372; x_wconf 86' lang='lat' dir='ltr'><strong>conﬁrmatio,</strong></span> <span class='ocrx_word' id='word_1_276' title='bbox 3477 1306 3676 1363; x_wconf 80' lang='lat' dir='ltr'><strong>eodem</strong></span> <span class='ocrx_word' id='word_1_277' title='bbox 3723 1313 3822 1364; x_wconf 84' lang='lat' dir='ltr'><strong>Deo</strong></span> 
     </span>
    </p>
   </div>
   <div class='ocr_carea' id='block_1_44' title="bbox 2203 1393 3824 1466">
    <p class='ocr_par' dir='ltr' id='par_1_44' title="bbox 2203 1393 3824 1466">
     <span class='ocr_line' id='line_1_44' title="bbox 2203 1393 3824 1466; baseline 0.006 -23"><span class='ocrx_word' id='word_1_278' title='bbox 2203 1394 2457 1452; x_wconf 88' lang='lat' dir='ltr'><strong>auctore,</strong></span> <span class='ocrx_word' id='word_1_279' title='bbox 2492 1396 2817 1462; x_wconf 59' lang='lat' dir='ltr'><strong>praestatur,</strong></span> <span class='ocrx_word' id='word_1_280' title='bbox 2851 1409 2984 1448; x_wconf 90' lang='lat' dir='ltr'><strong>cum</strong></span> <span class='ocrx_word' id='word_1_281' title='bbox 3036 1394 3108 1448; x_wconf 89' lang='lat' dir='ltr'><strong>ad</strong></span> <span class='ocrx_word' id='word_1_282' title='bbox 3157 1409 3292 1450; x_wconf 88' lang='lat' dir='ltr'><strong>eum</strong></span> <span class='ocrx_word' id='word_1_283' title='bbox 3342 1393 3598 1452; x_wconf 87' lang='lat' dir='ltr'><strong>dicitur:</strong></span> <span class='ocrx_word' id='word_1_284' title='bbox 3643 1397 3824 1466; x_wconf 79' lang='lat' dir='ltr'><strong>Rogavi</strong></span> 
     </span>
    </p>
   </div>
   <div class='ocr_carea' id='block_1_45' title="bbox 2199 1481 3823 1558">
    <p class='ocr_par' dir='ltr' id='par_1_45' title="bbox 2199 1481 3823 1558">
     <span class='ocr_line' id='line_1_45' title="bbox 2199 1481 3823 1558; baseline 0.006 -25"><span class='ocrx_word' id='word_1_285' title='bbox 2199 1495 2300 1552; x_wconf 88' lang='lat' dir='ltr'><strong>pro</strong></span> <span class='ocrx_word' id='word_1_286' title='bbox 2329 1488 2380 1535; x_wconf 76' lang='lat' dir='ltr'><strong>te</strong></span> <span class='ocrx_word' id='word_1_287' title='bbox 2406 1489 2466 1536; x_wconf 81' lang='lat' dir='ltr'><strong>ut</strong></span> <span class='ocrx_word' id='word_1_288' title='bbox 2495 1497 2600 1536; x_wconf 85' lang='lat' dir='ltr'><strong>non</strong></span> <span class='ocrx_word' id='word_1_289' title='bbox 2631 1481 2846 1550; x_wconf 68' lang='lat' dir='ltr'><strong>deﬁciat</strong></span> <span class='ocrx_word' id='word_1_290' title='bbox 2875 1481 3007 1552; x_wconf 81' lang='lat' dir='ltr'><strong>ﬁdes</strong></span> <span class='ocrx_word' id='word_1_291' title='bbox 3037 1489 3148 1549; x_wconf 83' lang='lat' dir='ltr'><strong>tua,</strong></span> <span class='ocrx_word' id='word_1_292' title='bbox 3179 1481 3364 1551; x_wconf 87' lang='lat' dir='ltr'><strong>Petre,</strong></span> <span class='ocrx_word' id='word_1_293' title='bbox 3387 1492 3444 1541; x_wconf 76' lang='lat' dir='ltr'><strong>et</strong></span> <span class='ocrx_word' id='word_1_294' title='bbox 3471 1493 3528 1540; x_wconf 83' lang='lat' dir='ltr'><strong>tu</strong></span> <span class='ocrx_word' id='word_1_295' title='bbox 3555 1485 3823 1558; x_wconf 72' lang='lat' dir='ltr'><strong>aliquando</strong></span> 
     </span>
    </p>
   </div>
   <div class='ocr_carea' id='block_1_46' title="bbox 2201 1570 3818 1647">
    <p class='ocr_par' dir='ltr' id='par_1_46' title="bbox 2201 1570 3818 1647">
     <span class='ocr_line' id='line_1_46' title="bbox 2201 1570 3818 1647; baseline 0.004 -24"><span class='ocrx_word' id='word_1_296' title='bbox 2201 1585 2488 1624; x_wconf 77' lang='lat' dir='ltr'><strong>conversus</strong></span> <span class='ocrx_word' id='word_1_297' title='bbox 2551 1570 2811 1626; x_wconf 81' lang='lat' dir='ltr'><strong>conﬁrma</strong></span> <span class='ocrx_word' id='word_1_298' title='bbox 2877 1573 3076 1642; x_wconf 81' lang='lat' dir='ltr'><strong>fratres</strong></span> <span class='ocrx_word' id='word_1_299' title='bbox 3139 1575 3256 1628; x_wconf 78' lang='lat' dir='ltr'><strong>tuos</strong></span> <span class='ocrx_word' id='word_1_300' title='bbox 3313 1573 3461 1644; x_wconf 84' lang='lat' dir='ltr'><strong>(Luc.</strong></span> <span class='ocrx_word' id='word_1_301' title='bbox 3530 1588 3663 1640; x_wconf 71' lang='grc' dir='ltr'><strong>χχιι,</strong></span> <span class='ocrx_word' id='word_1_302' title='bbox 3725 1573 3818 1647; x_wconf 82' lang='lat'><strong>32).</strong></span> 
     </span>
    </p>
   </div>
   <div class='ocr_carea' id='block_1_47' title="bbox 2204 1655 3821 1734">
    <p class='ocr_par' dir='ltr' id='par_1_47' title="bbox 2204 1655 3821 1734">
     <span class='ocr_line' id='line_1_47' title="bbox 2204 1655 3821 1734; baseline 0.004 -21"><span class='ocrx_word' id='word_1_303' title='bbox 2204 1655 2439 1729; x_wconf 87' lang='lat' dir='ltr'><strong>Oportet</strong></span> <span class='ocrx_word' id='word_1_304' title='bbox 2463 1675 2598 1728; x_wconf 78' lang='lat' dir='ltr'><strong>ergo</strong></span> <span class='ocrx_word' id='word_1_305' title='bbox 2631 1659 3031 1732; x_wconf 82' lang='lat' dir='ltr'><strong>noe,qui,licet</strong></span> <span class='ocrx_word' id='word_1_306' title='bbox 3061 1660 3310 1734; x_wconf 88' lang='lat' dir='ltr'><strong>indigni,</strong></span> <span class='ocrx_word' id='word_1_307' title='bbox 3341 1661 3494 1718; x_wconf 88' lang='lat' dir='ltr'><strong>Petri</strong></span> <span class='ocrx_word' id='word_1_308' title='bbox 3523 1661 3821 1720; x_wconf 77' lang='lat' dir='ltr'><strong>residamus</strong></span> 
     </span>
    </p>
   </div>
   <div class='ocr_carea' id='block_1_48' title="bbox 2203 1746 3819 1822">
    <p class='ocr_par' dir='ltr' id='par_1_48' title="bbox 2203 1746 3819 1822">
     <span class='ocr_line' id='line_1_48' title="bbox 2203 1746 3819 1822; baseline 0.003 -21"><span class='ocrx_word' id='word_1_309' title='bbox 2203 1747 2261 1802; x_wconf 92' lang='lat' dir='ltr'><strong>in</strong></span> <span class='ocrx_word' id='word_1_310' title='bbox 2295 1746 2440 1812; x_wconf 91' lang='lat' dir='ltr'><strong>loco,</strong></span> <span class='ocrx_word' id='word_1_311' title='bbox 2469 1764 2644 1819; x_wconf 90' lang='lat' dir='ltr'><strong>prava</strong></span> <span class='ocrx_word' id='word_1_312' title='bbox 2675 1748 2982 1822; x_wconf 88' lang='lat' dir='ltr'><strong>corrigere,</strong></span> <span class='ocrx_word' id='word_1_313' title='bbox 3016 1753 3172 1806; x_wconf 87' lang='lat' dir='ltr'><strong>recta</strong></span> <span class='ocrx_word' id='word_1_314' title='bbox 3218 1749 3473 1819; x_wconf 88' lang='lat' dir='ltr'><strong>ﬁrmare,</strong></span> <span class='ocrx_word' id='word_1_315' title='bbox 3505 1755 3560 1808; x_wconf 91' lang='lat' dir='ltr'><strong>et</strong></span> <span class='ocrx_word' id='word_1_316' title='bbox 3595 1751 3654 1808; x_wconf 89' lang='lat' dir='ltr'><strong>in</strong></span> <span class='ocrx_word' id='word_1_317' title='bbox 3682 1752 3819 1808; x_wconf 87' lang='lat' dir='ltr'><strong>omni</strong></span> 
     </span>
    </p>
   </div>
   <div class='ocr_carea' id='block_1_49' title="bbox 2203 1835 3822 1914">
    <p class='ocr_par' dir='ltr' id='par_1_49' title="bbox 2203 1835 3822 1914">
     <span class='ocr_line' id='line_1_49' title="bbox 2203 1835 3822 1914; baseline 0.002 -22"><span class='ocrx_word' id='word_1_318' title='bbox 2203 1835 2459 1896; x_wconf 80' lang='lat' dir='ltr'><strong>Ecclesia</strong></span> <span class='ocrx_word' id='word_1_319' title='bbox 2516 1837 2587 1892; x_wconf 85' lang='lat' dir='ltr'><strong>ad</strong></span> <span class='ocrx_word' id='word_1_320' title='bbox 2646 1838 2857 1894; x_wconf 89' lang='lat' dir='ltr'><strong>interni</strong></span> <span class='ocrx_word' id='word_1_321' title='bbox 2913 1837 3221 1895; x_wconf 88' lang='lat' dir='ltr'><strong>arbitrium</strong></span> <span class='ocrx_word' id='word_1_322' title='bbox 3267 1839 3510 1912; x_wconf 85' lang='lat' dir='ltr'><strong>judicis,</strong></span> <span class='ocrx_word' id='word_1_323' title='bbox 3540 1837 3622 1898; x_wconf 86' lang='lat' dir='ltr'><strong>sic</strong></span> <span class='ocrx_word' id='word_1_324' title='bbox 3649 1839 3822 1914; x_wconf 87' lang='lat' dir='ltr'><strong>dispo-</strong></span> 
     </span>
    </p>
   </div>
   <div class='ocr_carea' id='block_1_50' title="bbox 2205 1925 3820 2000">
    <p class='ocr_par' dir='ltr' id='par_1_50' title="bbox 2205 1925 3820 2000">
     <span class='ocr_line' id='line_1_50' title="bbox 2205 1925 3820 2000; baseline 0.003 -21"><span class='ocrx_word' id='word_1_325' title='bbox 2205 1925 2393 1980; x_wconf 89' lang='lat' dir='ltr'><strong>nenda</strong></span> <span class='ocrx_word' id='word_1_326' title='bbox 2419 1925 2819 1998; x_wconf 88' lang='lat' dir='ltr'><strong>disponere,ut</strong></span> <span class='ocrx_word' id='word_1_327' title='bbox 2839 1926 2910 1983; x_wconf 90' lang='lat' dir='ltr'><strong>de</strong></span> <span class='ocrx_word' id='word_1_328' title='bbox 2931 1926 3095 1983; x_wconf 89' lang='lat' dir='ltr'><strong>vultu</strong></span> <span class='ocrx_word' id='word_1_329' title='bbox 3115 1928 3244 1999; x_wconf 89' lang='lat' dir='ltr'><strong>ejus</strong></span> <span class='ocrx_word' id='word_1_330' title='bbox 3265 1927 3556 2000; x_wconf 89' lang='lat' dir='ltr'><strong>judicium</strong></span> <span class='ocrx_word' id='word_1_331' title='bbox 3583 1932 3820 1986; x_wconf 82' lang='lat' dir='ltr'><strong>nostrum</strong></span> 
     </span>
    </p>
   </div>
   <div class='ocr_carea' id='block_1_51' title="bbox 2204 2013 3820 2091">
    <p class='ocr_par' dir='ltr' id='par_1_51' title="bbox 2204 2013 3820 2091">
     <span class='ocr_line' id='line_1_51' title="bbox 2204 2013 3820 2091; baseline 0.005 -25"><span class='ocrx_word' id='word_1_332' title='bbox 2204 2013 2463 2084; x_wconf 84' lang='lat' dir='ltr'><strong>prodeat,</strong></span> <span class='ocrx_word' id='word_1_333' title='bbox 2495 2019 2553 2070; x_wconf 87' lang='lat' dir='ltr'><strong>et</strong></span> <span class='ocrx_word' id='word_1_334' title='bbox 2581 2014 2731 2070; x_wconf 91' lang='lat' dir='ltr'><strong>oculi</strong></span> <span class='ocrx_word' id='word_1_335' title='bbox 2764 2015 2892 2087; x_wconf 89' lang='lat' dir='ltr'><strong>ejus</strong></span> <span class='ocrx_word' id='word_1_336' title='bbox 2921 2015 3156 2072; x_wconf 89' lang='lat' dir='ltr'><strong>videant</strong></span> <span class='ocrx_word' id='word_1_337' title='bbox 3185 2017 3543 2090; x_wconf 67' lang='lat' dir='ltr'><strong>aequitatem.</strong></span> <span class='ocrx_word' id='word_1_338' title='bbox 3566 2018 3702 2075; x_wconf 84' lang='lat' dir='ltr'><strong>Tuis</strong></span> <span class='ocrx_word' id='word_1_339' title='bbox 3727 2017 3820 2091; x_wconf 87' lang='lat' dir='ltr'><strong>igi-</strong></span> 
     </span>
    </p>
   </div>
   <div class='ocr_carea' id='block_1_52' title="bbox 2200 2101 3820 2179">
    <p class='ocr_par' dir='ltr' id='par_1_52' title="bbox 2200 2101 3820 2179">
     <span class='ocr_line' id='line_1_52' title="bbox 2200 2101 3820 2179; baseline 0.002 -23"><span class='ocrx_word' id='word_1_340' title='bbox 2200 2101 2669 2168; x_wconf 85' lang='lat' dir='ltr'><strong>tur,charissime</strong></span> <span class='ocrx_word' id='word_1_341' title='bbox 2693 2104 2772 2160; x_wconf 89' lang='lat' dir='ltr'><strong>ﬁli</strong></span> <span class='ocrx_word' id='word_1_342' title='bbox 2801 2104 3412 2178; x_wconf 81' lang='lat' dir='ltr'><strong>Hugo,Bisuntinique</strong></span> <span class='ocrx_word' id='word_1_343' title='bbox 3431 2105 3820 2179; x_wconf 81' lang='lat' dir='ltr'><strong>archiepiscopi</strong></span> 
     </span>
    </p>
   </div>
   <div class='ocr_carea' id='block_1_53' title="bbox 2201 2191 3820 2268">
    <p class='ocr_par' dir='ltr' id='par_1_53' title="bbox 2201 2191 3820 2268">
     <span class='ocr_line' id='line_1_53' title="bbox 2201 2191 3820 2268; baseline 0.003 -22"><span class='ocrx_word' id='word_1_344' title='bbox 2201 2193 2438 2261; x_wconf 82' lang='lat' dir='ltr'><strong>Hugoms</strong></span> <span class='ocrx_word' id='word_1_345' title='bbox 2477 2191 2586 2265; x_wconf 90' lang='lat' dir='ltr'><strong>piis</strong></span> <span class='ocrx_word' id='word_1_346' title='bbox 2619 2192 2996 2264; x_wconf 88' lang='lat' dir='ltr'><strong>petitionibus</strong></span> <span class='ocrx_word' id='word_1_347' title='bbox 3027 2195 3431 2261; x_wconf 87' lang='lat' dir='ltr'><strong>annuens,tibi</strong></span> <span class='ocrx_word' id='word_1_348' title='bbox 3457 2196 3679 2268; x_wconf 90' lang='lat' dir='ltr'><strong>tuisque</strong></span> <span class='ocrx_word' id='word_1_349' title='bbox 3697 2195 3820 2266; x_wconf 86' lang='lat' dir='ltr'><strong>legi-</strong></span> 
     </span>
    </p>
   </div>
   <div class='ocr_carea' id='block_1_54' title="bbox 2201 2279 3817 2358">
    <p class='ocr_par' dir='ltr' id='par_1_54' title="bbox 2201 2279 3817 2358">
     <span class='ocr_line' id='line_1_54' title="bbox 2201 2279 3817 2358; baseline 0.003 -25"><span class='ocrx_word' id='word_1_350' title='bbox 2201 2279 2360 2336; x_wconf 86' lang='lat' dir='ltr'><strong>timis</strong></span> <span class='ocrx_word' id='word_1_351' title='bbox 2390 2283 2830 2338; x_wconf 88' lang='lat' dir='ltr'><strong>successoribus</strong></span> <span class='ocrx_word' id='word_1_352' title='bbox 2861 2283 3166 2340; x_wconf 89' lang='lat' dir='ltr'><strong>Balmense</strong></span> <span class='ocrx_word' id='word_1_353' title='bbox 3199 2285 3817 2358; x_wconf 72' lang='lat' dir='ltr'><strong>cmnobium(12)regcn-</strong></span> 
     </span>
    </p>
   </div>
   <div class='ocr_carea' id='block_1_55' title="bbox 2201 2365 3818 2446">
    <p class='ocr_par' dir='ltr' id='par_1_55' title="bbox 2201 2365 3818 2446">
     <span class='ocr_line' id='line_1_55' title="bbox 2201 2365 3818 2446; baseline 0.003 -23"><span class='ocrx_word' id='word_1_354' title='bbox 2201 2365 2342 2424; x_wconf 92' lang='lat' dir='ltr'><strong>dum</strong></span> <span class='ocrx_word' id='word_1_355' title='bbox 2375 2385 2440 2424; x_wconf 90' lang='lat' dir='ltr'><strong>ac</strong></span> <span class='ocrx_word' id='word_1_356' title='bbox 2473 2369 2904 2443; x_wconf 88' lang='lat' dir='ltr'><strong>disponendum</strong></span> <span class='ocrx_word' id='word_1_357' title='bbox 2941 2373 3244 2445; x_wconf 86' lang='lat' dir='ltr'><strong>praesentis</strong></span> <span class='ocrx_word' id='word_1_358' title='bbox 3275 2373 3489 2430; x_wconf 90' lang='lat' dir='ltr'><strong>decreti</strong></span> <span class='ocrx_word' id='word_1_359' title='bbox 3519 2373 3692 2431; x_wconf 88' lang='lat' dir='ltr'><strong>nostri</strong></span> <span class='ocrx_word' id='word_1_360' title='bbox 3736 2391 3818 2446; x_wconf 86' lang='lat' dir='ltr'><strong>pa-</strong></span> 
     </span>
    </p>
   </div>
   <div class='ocr_carea' id='block_1_56' title="bbox 2200 2456 3818 2534">
    <p class='ocr_par' dir='ltr' id='par_1_56' title="bbox 2200 2456 3818 2534">
     <span class='ocr_line' id='line_1_56' title="bbox 2200 2456 3818 2534; baseline 0.004 -25"><span class='ocrx_word' id='word_1_361' title='bbox 2200 2456 2337 2528; x_wconf 85' lang='lat' dir='ltr'><strong>gina</strong></span> <span class='ocrx_word' id='word_1_362' title='bbox 2365 2459 2803 2528; x_wconf 90' lang='lat' dir='ltr'><strong>conﬁrmamus,</strong></span> <span class='ocrx_word' id='word_1_363' title='bbox 2836 2465 3163 2534; x_wconf 87' lang='lat' dir='ltr'><strong>cunctaque</strong></span> <span class='ocrx_word' id='word_1_364' title='bbox 3209 2463 3334 2519; x_wconf 87' lang='lat' dir='ltr'><strong>tam</strong></span> <span class='ocrx_word' id='word_1_365' title='bbox 3385 2463 3444 2518; x_wconf 91' lang='lat' dir='ltr'><strong>in</strong></span> <span class='ocrx_word' id='word_1_366' title='bbox 3485 2461 3818 2518; x_wconf 86' lang='lat' dir='ltr'><strong>monasteriis</strong></span> 
     </span>
    </p>
   </div>
   <div class='ocr_carea' id='block_1_57' title="bbox 2200 2546 3818 2617">
    <p class='ocr_par' dir='ltr' id='par_1_57' title="bbox 2200 2546 3818 2617">
     <span class='ocr_line' id='line_1_57' title="bbox 2200 2546 3818 2617; baseline 0.002 -17"><span class='ocrx_word' id='word_1_367' title='bbox 2200 2563 2379 2617; x_wconf 89' lang='lat' dir='ltr'><strong>quam</strong></span> <span class='ocrx_word' id='word_1_368' title='bbox 2410 2546 2469 2602; x_wconf 91' lang='lat' dir='ltr'><strong>in</strong></span> <span class='ocrx_word' id='word_1_369' title='bbox 2501 2547 2761 2605; x_wconf 91' lang='lat' dir='ltr'><strong>ecclesiis</strong></span> <span class='ocrx_word' id='word_1_370' title='bbox 2793 2549 2864 2604; x_wconf 86' lang='lat' dir='ltr'><strong>ad</strong></span> <span class='ocrx_word' id='word_1_371' title='bbox 2897 2547 3052 2606; x_wconf 91' lang='lat' dir='ltr'><strong>idem</strong></span> <span class='ocrx_word' id='word_1_372' title='bbox 3085 2549 3394 2608; x_wconf 89' lang='lat' dir='ltr'><strong>Balmense</strong></span> <span class='ocrx_word' id='word_1_373' title='bbox 3433 2549 3818 2609; x_wconf 84' lang='lat' dir='ltr'><strong>monasterium</strong></span> 
     </span>
    </p>
   </div>
   <div class='ocr_carea' id='block_1_58' title="bbox 2200 2634 3816 2706">
    <p class='ocr_par' dir='ltr' id='par_1_58' title="bbox 2200 2634 3816 2706">
     <span class='ocr_line' id='line_1_58' title="bbox 2200 2634 3816 2706; baseline 0.002 -17"><span class='ocrx_word' id='word_1_374' title='bbox 2200 2634 2568 2706; x_wconf 88' lang='lat' dir='ltr'><strong>pertinentia.</strong></span> <span class='ocrx_word' id='word_1_375' title='bbox 2612 2636 2892 2694; x_wconf 89' lang='lat' dir='ltr'><strong>Videlicet</strong></span> <span class='ocrx_word' id='word_1_376' title='bbox 2945 2637 3368 2696; x_wconf 89' lang='lat' dir='ltr'><strong>monasterium</strong></span> <span class='ocrx_word' id='word_1_377' title='bbox 3398 2641 3614 2697; x_wconf 74' lang='lat' dir='ltr'><strong>Sanctae</strong></span> <span class='ocrx_word' id='word_1_378' title='bbox 3651 2637 3816 2696; x_wconf 65' lang='lat' dir='ltr'><strong>Mariae</strong></span> 
     </span>
    </p>
   </div>
   <div class='ocr_carea' id='block_1_59' title="bbox 2200 2722 3812 2800">
    <p class='ocr_par' dir='ltr' id='par_1_59' title="bbox 2200 2722 3812 2800">
     <span class='ocr_line' id='line_1_59' title="bbox 2200 2722 3812 2800; baseline 0.004 -24"><span class='ocrx_word' id='word_1_379' title='bbox 2200 2722 2660 2780; x_wconf 86' lang='lat' dir='ltr'><strong>Grandis-fontis</strong></span> <span class='ocrx_word' id='word_1_380' title='bbox 2689 2742 2820 2781; x_wconf 89' lang='lat' dir='ltr'><strong>cum</strong></span> <span class='ocrx_word' id='word_1_381' title='bbox 2853 2727 3131 2784; x_wconf 89' lang='lat' dir='ltr'><strong>omnibus</strong></span> <span class='ocrx_word' id='word_1_382' title='bbox 3159 2727 3523 2800; x_wconf 91' lang='lat' dir='ltr'><strong>appendiciis</strong></span> <span class='ocrx_word' id='word_1_383' title='bbox 3551 2728 3686 2795; x_wconf 84' lang='lat' dir='ltr'><strong>suis,</strong></span> <span class='ocrx_word' id='word_1_384' title='bbox 3707 2741 3812 2782; x_wconf 87' lang='lat' dir='ltr'><strong>mo-</strong></span> 
     </span>
    </p>
   </div>
   <div class='ocr_carea' id='block_1_60' title="bbox 2201 2813 3814 2890">
    <p class='ocr_par' dir='ltr' id='par_1_60' title="bbox 2201 2813 3814 2890">
     <span class='ocr_line' id='line_1_60' title="bbox 2201 2813 3814 2890; baseline 0.002 -24"><span class='ocrx_word' id='word_1_385' title='bbox 2201 2813 2521 2869; x_wconf 86' lang='lat' dir='ltr'><strong>nasterium</strong></span> <span class='ocrx_word' id='word_1_386' title='bbox 2553 2815 2746 2870; x_wconf 88' lang='lat' dir='ltr'><strong>Sancti</strong></span> <span class='ocrx_word' id='word_1_387' title='bbox 2771 2815 2920 2871; x_wconf 88' lang='lat' dir='ltr'><strong>Petri</strong></span> <span class='ocrx_word' id='word_1_388' title='bbox 2941 2816 3140 2872; x_wconf 87' lang='lat' dir='ltr'><strong>Gaude</strong></span> <span class='ocrx_word' id='word_1_389' title='bbox 3169 2832 3306 2873; x_wconf 90' lang='lat' dir='ltr'><strong>cum</strong></span> <span class='ocrx_word' id='word_1_390' title='bbox 3335 2818 3602 2874; x_wconf 86' lang='lat' dir='ltr'><strong>omnibus</strong></span> <span class='ocrx_word' id='word_1_391' title='bbox 3631 2833 3814 2890; x_wconf 86' lang='lat' dir='ltr'><strong>appen-</strong></span> 
     </span>
    </p>
   </div>
   <div class='ocr_carea' id='block_1_61' title="bbox 2200 2900 3810 2969">
    <p class='ocr_par' dir='ltr' id='par_1_61' title="bbox 2200 2900 3810 2969">
     <span class='ocr_line' id='line_1_61' title="bbox 2200 2900 3810 2969; baseline 0.001 -13"><span class='ocrx_word' id='word_1_392' title='bbox 2200 2900 2367 2957; x_wconf 89' lang='lat' dir='ltr'><strong>diciis</strong></span> <span class='ocrx_word' id='word_1_393' title='bbox 2399 2903 2971 2969; x_wconf 86' lang='lat' dir='ltr'><strong>suis,monasterium</strong></span> <span class='ocrx_word' id='word_1_394' title='bbox 2993 2903 3217 2961; x_wconf 62' lang='lat' dir='ltr'><strong>Sancta;</strong></span> <span class='ocrx_word' id='word_1_395' title='bbox 3251 2906 3446 2962; x_wconf 57' lang='lat' dir='ltr'><strong>Maria).</strong></span> <span class='ocrx_word' id='word_1_396' title='bbox 3467 2907 3613 2962; x_wconf 83' lang='lat' dir='ltr'><strong>infra</strong></span> <span class='ocrx_word' id='word_1_397' title='bbox 3630 2905 3810 2962; x_wconf 86' lang='lat' dir='ltr'><strong>urbem</strong></span> 
     </span>
    </p>
   </div>
   <div class='ocr_carea' id='block_1_62' title="bbox 2199 2989 3811 3066">
    <p class='ocr_par' dir='ltr' id='par_1_62' title="bbox 2199 2989 3811 3066">
     <span class='ocr_line' id='line_1_62' title="bbox 2199 2989 3811 3066; baseline 0.002 -23"><span class='ocrx_word' id='word_1_398' title='bbox 2199 2989 2581 3058; x_wconf 88' lang='lat' dir='ltr'><strong>Bisunticam,</strong></span> <span class='ocrx_word' id='word_1_399' title='bbox 2651 2993 2806 3065; x_wconf 91' lang='lat' dir='ltr'><strong>quod</strong></span> <span class='ocrx_word' id='word_1_400' title='bbox 2874 2998 3113 3049; x_wconf 89' lang='lat' dir='ltr'><strong>vocatur</strong></span> <span class='ocrx_word' id='word_1_401' title='bbox 3168 2993 3458 3052; x_wconf 80' lang='lat' dir='ltr'><strong>Jusanum</strong></span> <span class='ocrx_word' id='word_1_402' title='bbox 3517 2993 3642 3066; x_wconf 87' lang='grc'>(13),</span> <span class='ocrx_word' id='word_1_403' title='bbox 3695 3009 3811 3048; x_wconf 91' lang='lat' dir='ltr'><strong>cum</strong></span> 
     </span>
    </p>
   </div>
   <div class='ocr_carea' id='block_1_63' title="bbox 2199 3080 3812 3157">
    <p class='ocr_par' dir='ltr' id='par_1_63' title="bbox 2199 3080 3812 3157">
     <span class='ocr_line' id='line_1_63' title="bbox 2199 3080 3812 3157; baseline 0.001 -23"><span class='ocrx_word' id='word_1_404' title='bbox 2199 3080 2560 3151; x_wconf 88' lang='lat' dir='ltr'><strong>appendiciis</strong></span> <span class='ocrx_word' id='word_1_405' title='bbox 2576 3082 3152 3148; x_wconf 87' lang='lat' dir='ltr'><strong>suis,monasterium</strong></span> <span class='ocrx_word' id='word_1_406' title='bbox 3181 3082 3644 3157; x_wconf 86' lang='lat' dir='ltr'><strong>Sancti&#39;Eugendi</strong></span> <span class='ocrx_word' id='word_1_407' title='bbox 3667 3080 3812 3137; x_wconf 68' lang='lat' dir='ltr'><strong>Etica</strong></span> 
     </span>
    </p>
   </div>
   <div class='ocr_carea' id='block_1_64' title="bbox 2200 3169 3810 3244">
    <p class='ocr_par' dir='ltr' id='par_1_64' title="bbox 2200 3169 3810 3244">
     <span class='ocr_line' id='line_1_64' title="bbox 2200 3169 3810 3244; baseline 0 -21"><span class='ocrx_word' id='word_1_408' title='bbox 2200 3183 2334 3224; x_wconf 91' lang='lat' dir='ltr'><strong>cum</strong></span> <span class='ocrx_word' id='word_1_409' title='bbox 2369 3169 2644 3226; x_wconf 91' lang='lat' dir='ltr'><strong>omnibus</strong></span> <span class='ocrx_word' id='word_1_410' title='bbox 2673 3170 2981 3244; x_wconf 87' lang='lat' dir='ltr'><strong>appendiis</strong></span> <span class='ocrx_word' id='word_1_411' title='bbox 3013 3171 3158 3239; x_wconf 89' lang='lat' dir='ltr'><strong>suis,</strong></span> <span class='ocrx_word' id='word_1_412' title='bbox 3193 3173 3610 3228; x_wconf 85' lang='lat' dir='ltr'><strong>monasterium</strong></span> <span class='ocrx_word' id='word_1_413' title='bbox 3637 3169 3810 3228; x_wconf 85' lang='lat' dir='ltr'><strong>Sancti</strong></span> 
     </span>
    </p>
   </div>
   <div class='ocr_carea' id='block_1_65' title="bbox 443 3233 3808 3336">
    <p class='ocr_par' dir='ltr' id='par_1_65' title="bbox 443 3233 3808 3336">
     <span class='ocr_line' id='line_1_65' title="bbox 443 3233 3808 3336; baseline 0.005 -22"><span class='ocrx_word' id='word_1_414' title='bbox 443 3276 517 3315; x_wconf 85' lang='lat' dir='ltr'><strong>ne</strong></span> <span class='ocrx_word' id='word_1_415' title='bbox 565 3258 826 3326; x_wconf 87' lang='lat' dir='ltr'><strong>deﬁcias,</strong></span> <span class='ocrx_word' id='word_1_416' title='bbox 858 3262 1119 3333; x_wconf 87' lang='lat' dir='ltr'><strong>tempore</strong></span> <span class='ocrx_word' id='word_1_417' title='bbox 1149 3277 1256 3317; x_wconf 91' lang='lat' dir='ltr'><strong>suo</strong></span> <span class='ocrx_word' id='word_1_418' title='bbox 1291 3267 1473 3318; x_wconf 84' lang='lat' dir='ltr'><strong>metes</strong></span> <span class='ocrx_word' id='word_1_419' title='bbox 1503 3261 1907 3318; x_wconf 87' lang='lat' dir='ltr'><strong>indeﬁciendo.</strong></span> <span class='ocrx_word' id='word_1_420' title='bbox 1931 3263 2089 3336; x_wconf 82' lang='lat' dir='ltr'><strong>Vigi-</strong></span> <span class='ocrx_word' id='word_1_421' title='bbox 2121 3233 2164 3300; x_wconf 66' lang='grc' dir='ltr'>α</span> <span class='ocrx_word' id='word_1_422' title='bbox 2204 3258 2441 3312; x_wconf 77' lang='lat' dir='ltr'><strong>Lauteni</strong></span> <span class='ocrx_word' id='word_1_423' title='bbox 2474 3274 2609 3314; x_wconf 81' lang='lat' dir='ltr'><strong>cum</strong></span> <span class='ocrx_word' id='word_1_424' title='bbox 2643 3259 2918 3315; x_wconf 75' lang='lat' dir='ltr'><strong>omnibus</strong></span> <span class='ocrx_word' id='word_1_425' title='bbox 2949 3260 3313 3332; x_wconf 70' lang='lat' dir='ltr'><strong>appendiciis</strong></span> <span class='ocrx_word' id='word_1_426' title='bbox 3343 3261 3506 3330; x_wconf 67' lang='grc' dir='ltr'><strong>δυῖεὶ</strong></span> <span class='ocrx_word' id='word_1_427' title='bbox 3539 3259 3808 3317; x_wconf 49' lang='lat' dir='ltr'><strong>ecclesiam</strong></span> 
     </span>
    </p>
   </div>
   <div class='ocr_carea' id='block_1_66' title="bbox 441 3346 2092 3423">
    <p class='ocr_par' dir='ltr' id='par_1_66' title="bbox 441 3346 2092 3423">
     <span class='ocr_line' id='line_1_66' title="bbox 441 3346 2092 3423; baseline 0.002 -21"><span class='ocrx_word' id='word_1_428' title='bbox 441 3346 632 3404; x_wconf 86' lang='lat' dir='ltr'><strong>lanter</strong></span> <span class='ocrx_word' id='word_1_429' title='bbox 656 3347 858 3420; x_wconf 85' lang='lat' dir='ltr'><strong>itaque</strong></span> <span class='ocrx_word' id='word_1_430' title='bbox 885 3351 1116 3404; x_wconf 89' lang='lat' dir='ltr'><strong>terrena</strong></span> <span class='ocrx_word' id='word_1_431' title='bbox 1143 3351 1375 3422; x_wconf 88' lang='lat' dir='ltr'><strong>negotia</strong></span> <span class='ocrx_word' id='word_1_432' title='bbox 1409 3350 1791 3423; x_wconf 87' lang='lat' dir='ltr'><strong>relinquendo</strong></span> <span class='ocrx_word' id='word_1_433' title='bbox 1837 3350 2092 3406; x_wconf 71' lang='lat' dir='ltr'><strong>coelesti-</strong></span> 
     </span>
    </p>
   </div>
   <div class='ocr_carea' id='block_1_67' title="bbox 445 3436 2092 3512">
    <p class='ocr_par' dir='ltr' id='par_1_67' title="bbox 445 3436 2092 3512">
     <span class='ocr_line' id='line_1_67' title="bbox 445 3436 2092 3512; baseline 0.002 -21"><span class='ocrx_word' id='word_1_434' title='bbox 445 3436 556 3492; x_wconf 87' lang='lat' dir='ltr'><strong>bus</strong></span> <span class='ocrx_word' id='word_1_435' title='bbox 585 3436 812 3504; x_wconf 87' lang='lat' dir='ltr'><strong>anhela,</strong></span> <span class='ocrx_word' id='word_1_436' title='bbox 847 3454 973 3510; x_wconf 63' lang='lat' dir='ltr'><strong>quas</strong></span> <span class='ocrx_word' id='word_1_437' title='bbox 1006 3442 1157 3494; x_wconf 90' lang='lat' dir='ltr'><strong>retro</strong></span> <span class='ocrx_word' id='word_1_438' title='bbox 1189 3443 1330 3494; x_wconf 89' lang='lat' dir='ltr'><strong>sunt</strong></span> <span class='ocrx_word' id='word_1_439' title='bbox 1357 3439 1727 3506; x_wconf 89' lang='lat' dir='ltr'><strong>obliviscens,</strong></span> <span class='ocrx_word' id='word_1_440' title='bbox 1759 3439 1818 3494; x_wconf 93' lang='lat' dir='ltr'><strong>in</strong></span> <span class='ocrx_word' id='word_1_441' title='bbox 1867 3458 1936 3496; x_wconf 86' lang='lat' dir='ltr'><strong>ea</strong></span> <span class='ocrx_word' id='word_1_442' title='bbox 1965 3457 2092 3512; x_wconf 73' lang='lat' dir='ltr'><strong>qua:</strong></span> 
     </span>
    </p>
   </div>
   <div class='ocr_carea' id='block_1_68' title="bbox 445 3525 2088 3598">
    <p class='ocr_par' dir='ltr' id='par_1_68' title="bbox 445 3525 2088 3598">
     <span class='ocr_line' id='line_1_68' title="bbox 445 3525 2088 3598; baseline 0.002 -18"><span class='ocrx_word' id='word_1_443' title='bbox 445 3529 582 3581; x_wconf 85' lang='lat' dir='ltr'><strong>ante</strong></span> <span class='ocrx_word' id='word_1_444' title='bbox 611 3530 754 3582; x_wconf 90' lang='lat' dir='ltr'><strong>sunt</strong></span> <span class='ocrx_word' id='word_1_445' title='bbox 781 3525 1158 3598; x_wconf 88' lang='lat' dir='ltr'><strong>temetipsum</strong></span> <span class='ocrx_word' id='word_1_446' title='bbox 1189 3527 1418 3582; x_wconf 81' lang='lat' dir='ltr'><strong>enixius</strong></span> <span class='ocrx_word' id='word_1_447' title='bbox 1439 3529 1701 3584; x_wconf 85' lang='lat' dir='ltr'><strong>extende.</strong></span> <span class='ocrx_word' id='word_1_448' title='bbox 1727 3529 1888 3584; x_wconf 86' lang='lat' dir='ltr'><strong>Mens</strong></span> <span class='ocrx_word' id='word_1_449' title='bbox 1913 3534 2009 3584; x_wconf 90' lang='lat' dir='ltr'><strong>tua</strong></span> <span class='ocrx_word' id='word_1_450' title='bbox 2031 3529 2088 3584; x_wconf 90' lang='lat' dir='ltr'><strong>in</strong></span> 
     </span>
    </p>
   </div>
   <div class='ocr_carea' id='block_1_69' title="bbox 437 3613 2091 3684">
    <p class='ocr_par' dir='ltr' id='par_1_69' title="bbox 437 3613 2091 3684">
     <span class='ocr_line' id='line_1_69' title="bbox 437 3613 2091 3684; baseline 0.002 -14"><span class='ocrx_word' id='word_1_451' title='bbox 437 3613 702 3670; x_wconf 68' lang='lat' dir='ltr'><strong>saaculari</strong></span> <span class='ocrx_word' id='word_1_452' title='bbox 749 3615 1005 3670; x_wconf 88' lang='lat' dir='ltr'><strong>vanitate</strong></span> <span class='ocrx_word' id='word_1_453' title='bbox 1063 3632 1181 3670; x_wconf 91' lang='lat' dir='ltr'><strong>non</strong></span> <span class='ocrx_word' id='word_1_454' title='bbox 1240 3615 1489 3684; x_wconf 85' lang='lat' dir='ltr'><strong>difﬂuat,</strong></span> <span class='ocrx_word' id='word_1_455' title='bbox 1538 3617 1596 3670; x_wconf 91' lang='lat' dir='ltr'><strong>in</strong></span> <span class='ocrx_word' id='word_1_456' title='bbox 1649 3633 1834 3672; x_wconf 91' lang='lat' dir='ltr'><strong>unum</strong></span> <span class='ocrx_word' id='word_1_457' title='bbox 1891 3622 2091 3673; x_wconf 88' lang='lat' dir='ltr'><strong>currat</strong></span> 
     </span>
    </p>
   </div>
   <div class='ocr_carea' id='block_1_70' title="bbox 435 3703 2086 3778">
    <p class='ocr_par' dir='ltr' id='par_1_70' title="bbox 435 3703 2086 3778">
     <span class='ocr_line' id='line_1_70' title="bbox 435 3703 2086 3778; baseline 0 -18"><span class='ocrx_word' id='word_1_458' title='bbox 435 3706 610 3778; x_wconf 82' lang='lat' dir='ltr'><strong>atque</strong></span> <span class='ocrx_word' id='word_1_459' title='bbox 641 3703 897 3761; x_wconf 84' lang='lat' dir='ltr'><strong>conﬂuat</strong></span> <span class='ocrx_word' id='word_1_460' title='bbox 926 3703 1126 3772; x_wconf 87' lang='lat' dir='ltr'><strong>ﬁnem,</strong></span> <span class='ocrx_word' id='word_1_461' title='bbox 1155 3720 1329 3775; x_wconf 88' lang='lat' dir='ltr'><strong>quem</strong></span> <span class='ocrx_word' id='word_1_462' title='bbox 1379 3704 1528 3759; x_wconf 90' lang='lat' dir='ltr'><strong>mira</strong></span> <span class='ocrx_word' id='word_1_463' title='bbox 1577 3705 1861 3760; x_wconf 85' lang='lat' dir='ltr'><strong>suavitate</strong></span> <span class='ocrx_word' id='word_1_464' title='bbox 1908 3706 2086 3761; x_wconf 87' lang='lat' dir='ltr'><strong>David</strong></span> 
     </span>
    </p>
   </div>
   <div class='ocr_carea' id='block_1_71' title="bbox 433 3791 2089 3864">
    <p class='ocr_par' dir='ltr' id='par_1_71' title="bbox 433 3791 2089 3864">
     <span class='ocr_line' id='line_1_71' title="bbox 433 3791 2089 3864; baseline 0.001 -17"><span class='ocrx_word' id='word_1_465' title='bbox 433 3794 927 3863; x_wconf 80' lang='lat' dir='ltr'><strong>respexerat,cum</strong></span> <span class='ocrx_word' id='word_1_466' title='bbox 949 3791 1182 3846; x_wconf 89' lang='lat' dir='ltr'><strong>diccbat</strong></span> <span class='ocrx_word' id='word_1_467' title='bbox 1215 3809 1228 3847; x_wconf 91' lang='lat'>:</span> <span class='ocrx_word' id='word_1_468' title='bbox 1265 3793 1439 3848; x_wconf 82' lang='lat' dir='ltr'><strong>Unam</strong></span> <span class='ocrx_word' id='word_1_469' title='bbox 1464 3793 1602 3864; x_wconf 80' lang='lat' dir='ltr'><strong>petii</strong></span> <span class='ocrx_word' id='word_1_470' title='bbox 1628 3811 1662 3848; x_wconf 82' lang='grc' dir='ltr'><em>α</em></span> <span class='ocrx_word' id='word_1_471' title='bbox 1697 3795 2089 3860; x_wconf 81' lang='lat' dir='ltr'><strong>Domino,hanc</strong></span> 
     </span>
    </p>
   </div>
   <div class='ocr_carea' id='block_1_72' title="bbox 434 3879 2087 3949">
    <p class='ocr_par' dir='ltr' id='par_1_72' title="bbox 434 3879 2087 3949">
     <span class='ocr_line' id='line_1_72' title="bbox 434 3879 2087 3949; baseline 0.004 -15"><span class='ocrx_word' id='word_1_472' title='bbox 434 3880 733 3949; x_wconf 80' lang='lat' dir='ltr'><strong>requiram,</strong></span> <span class='ocrx_word' id='word_1_473' title='bbox 792 3883 852 3932; x_wconf 84' lang='lat' dir='ltr'><strong>ut</strong></span> <span class='ocrx_word' id='word_1_474' title='bbox 901 3879 1200 3934; x_wconf 79' lang='lat' dir='ltr'><strong>inhabitem</strong></span> <span class='ocrx_word' id='word_1_475' title='bbox 1248 3881 1309 3934; x_wconf 85' lang='lat' dir='ltr'><strong>in</strong></span> <span class='ocrx_word' id='word_1_476' title='bbox 1354 3879 1510 3934; x_wconf 77' lang='lat' dir='ltr'><strong>domo</strong></span> <span class='ocrx_word' id='word_1_477' title='bbox 1558 3882 1778 3936; x_wconf 81' lang='lat' dir='ltr'><strong>Domini</strong></span> <span class='ocrx_word' id='word_1_478' title='bbox 1833 3885 2087 3940; x_wconf 80' lang='lat' dir='ltr'><strong>omnibus</strong></span> 
     </span>
    </p>
   </div>
   <div class='ocr_carea' id='block_1_73' title="bbox 435 3966 2085 4038">
    <p class='ocr_par' dir='ltr' id='par_1_73' title="bbox 435 3966 2085 4038">
     <span class='ocr_line' id='line_1_73' title="bbox 435 3966 2085 4038; baseline 0.005 -18"><span class='ocrx_word' id='word_1_479' title='bbox 435 3966 623 4022; x_wconf 82' lang='lat' dir='ltr'><strong>diebus</strong></span> <span class='ocrx_word' id='word_1_480' title='bbox 669 3969 798 4023; x_wconf 70' lang='lat' dir='ltr'><strong>vita:</strong></span> <span class='ocrx_word' id='word_1_481' title='bbox 847 3981 982 4022; x_wconf 66' lang='lat' dir='ltr'><strong>mea:</strong></span> <span class='ocrx_word' id='word_1_482' title='bbox 1030 3967 1198 4038; x_wconf 82' lang='lat' dir='ltr'><strong>(Psal.</strong></span> <span class='ocrx_word' id='word_1_483' title='bbox 1249 3984 1402 4035; x_wconf 72' lang='lat' dir='ltr'><strong>xxvr,</strong></span> <span class='ocrx_word' id='word_1_484' title='bbox 1451 3969 1525 4036; x_wconf 81' lang='grc'><strong>4).</strong></span> <span class='ocrx_word' id='word_1_485' title='bbox 1571 3973 1781 4025; x_wconf 86' lang='lat' dir='ltr'><strong>Sancta</strong></span> <span class='ocrx_word' id='word_1_486' title='bbox 1829 3971 2085 4028; x_wconf 86' lang='lat' dir='ltr'><strong>Trinitas</strong></span> 
     </span>
    </p>
   </div>
   <div class='ocr_carea' id='block_1_74' title="bbox 436 4053 2083 4129">
    <p class='ocr_par' dir='ltr' id='par_1_74' title="bbox 436 4053 2083 4129">
     <span class='ocr_line' id='line_1_74' title="bbox 436 4053 2083 4129; baseline 0.004 -18"><span class='ocrx_word' id='word_1_487' title='bbox 436 4053 858 4112; x_wconf 83' lang='lat' dir='ltr'><strong>fraternitatem</strong></span> <span class='ocrx_word' id='word_1_488' title='bbox 891 4057 1054 4110; x_wconf 90' lang='lat' dir='ltr'><strong>tuam</strong></span> <span class='ocrx_word' id='word_1_489' title='bbox 1083 4054 1285 4129; x_wconf 75' lang='lat' dir='ltr'><strong>gratiae</strong></span> <span class='ocrx_word' id='word_1_490' title='bbox 1319 4073 1437 4112; x_wconf 67' lang='lat' dir='ltr'><strong>sua:</strong></span> <span class='ocrx_word' id='word_1_491' title='bbox 1468 4059 1822 4128; x_wconf 90' lang='lat' dir='ltr'><strong>protectione</strong></span> <span class='ocrx_word' id='word_1_492' title='bbox 1861 4061 2083 4117; x_wconf 91' lang='lat' dir='ltr'><strong>circum</strong></span> 
     </span>
    </p>
   </div>
   <div class='ocr_carea' id='block_1_75' title="bbox 435 4143 2082 4220">
    <p class='ocr_par' dir='ltr' id='par_1_75' title="bbox 435 4143 2082 4220">
     <span class='ocr_line' id='line_1_75' title="bbox 435 4143 2082 4220; baseline 0.005 -22"><span class='ocrx_word' id='word_1_493' title='bbox 435 4143 554 4209; x_wconf 90' lang='lat' dir='ltr'><strong>det,</strong></span> <span class='ocrx_word' id='word_1_494' title='bbox 584 4146 644 4198; x_wconf 84' lang='lat' dir='ltr'><strong>et</strong></span> <span class='ocrx_word' id='word_1_495' title='bbox 673 4143 745 4200; x_wconf 86' lang='lat' dir='ltr'><strong>ad</strong></span> <span class='ocrx_word' id='word_1_496' title='bbox 779 4143 956 4198; x_wconf 91' lang='lat' dir='ltr'><strong>ﬁnem</strong></span> <span class='ocrx_word' id='word_1_497' title='bbox 1004 4144 1104 4216; x_wconf 92' lang='lat' dir='ltr'><strong>qui</strong></span> <span class='ocrx_word' id='word_1_498' title='bbox 1155 4161 1269 4202; x_wconf 88' lang='lat' dir='ltr'><strong>non</strong></span> <span class='ocrx_word' id='word_1_499' title='bbox 1320 4145 1524 4202; x_wconf 88' lang='lat' dir='ltr'><strong>ﬁnitur</strong></span> <span class='ocrx_word' id='word_1_500' title='bbox 1551 4149 1850 4220; x_wconf 89' lang='lat' dir='ltr'><strong>pervenire</strong></span> <span class='ocrx_word' id='word_1_501' title='bbox 1878 4167 2082 4206; x_wconf 89' lang='lat' dir='ltr'><strong>conce-</strong></span> 
     </span>
    </p>
   </div>
   <div class='ocr_carea' id='block_1_76' title="bbox 436 4231 556 4287">
    <p class='ocr_par' dir='ltr' id='par_1_76' title="bbox 436 4231 556 4287">
     <span class='ocr_line' id='line_1_76' title="bbox 436 4231 556 4287; baseline 0.008 -1"><span class='ocrx_word' id='word_1_502' title='bbox 436 4231 556 4287; x_wconf 90' lang='lat' dir='ltr'><strong>dat.</strong></span> 
     </span>
    </p>
   </div>
   <div class='ocr_carea' id='block_1_77' title="bbox 505 4321 2082 4395">
    <p class='ocr_par' dir='ltr' id='par_1_77' title="bbox 505 4321 2082 4395">
     <span class='ocr_line' id='line_1_77' title="bbox 505 4321 2082 4395; baseline 0.004 -19"><span class='ocrx_word' id='word_1_503' title='bbox 505 4321 720 4377; x_wconf 90' lang='lat' dir='ltr'><strong>Datum</strong></span> <span class='ocrx_word' id='word_1_504' title='bbox 742 4321 938 4378; x_wconf 73' lang='lat' dir='ltr'><strong>Romae</strong></span> <span class='ocrx_word' id='word_1_505' title='bbox 959 4337 1064 4395; x_wconf 89' lang='lat' dir='ltr'><strong>per</strong></span> <span class='ocrx_word' id='word_1_506' title='bbox 1085 4339 1295 4379; x_wconf 88' lang='lat' dir='ltr'><strong>manus</strong></span> <span class='ocrx_word' id='word_1_507' title='bbox 1312 4323 1557 4381; x_wconf 90' lang='lat' dir='ltr'><strong>Joannis</strong></span> <span class='ocrx_word' id='word_1_508' title='bbox 1579 4331 1792 4382; x_wconf 63' lang='lat' dir='ltr'><strong>sanctae</strong></span> <span class='ocrx_word' id='word_1_509' title='bbox 1811 4327 2082 4383; x_wconf 74' lang='lat' dir='ltr'><strong>Romanas</strong></span> 
     </span>
    </p>
   </div>
   <div class='ocr_carea' id='block_1_78' title="bbox 431 4409 2082 4483">
    <p class='ocr_par' dir='ltr' id='par_1_78' title="bbox 431 4409 2082 4483">
     <span class='ocr_line' id='line_1_78' title="bbox 431 4409 2082 4483; baseline 0.003 -16"><span class='ocrx_word' id='word_1_510' title='bbox 431 4409 696 4467; x_wconf 62' lang='lat' dir='ltr'><strong>Ecclesia</strong></span> <span class='ocrx_word' id='word_1_511' title='bbox 727 4409 955 4468; x_wconf 88' lang='lat' dir='ltr'><strong>diaconi</strong></span> <span class='ocrx_word' id='word_1_512' title='bbox 981 4411 1316 4483; x_wconf 88' lang='lat' dir='ltr'><strong>cardinalis,</strong></span> <span class='ocrx_word' id='word_1_513' title='bbox 1351 4431 1504 4470; x_wconf 91' lang='lat' dir='ltr'><strong>anno</strong></span> <span class='ocrx_word' id='word_1_514' title='bbox 1534 4413 1848 4472; x_wconf 73' lang='lat' dir='ltr'><strong>Dominicae</strong></span> <span class='ocrx_word' id='word_1_515' title='bbox 1884 4419 2082 4472; x_wconf 88' lang='lat' dir='ltr'><strong>lncar-</strong></span> 
     </span>
    </p>
   </div>
   <div class='ocr_carea' id='block_1_79' title="bbox 428 4499 2076 4574">
    <p class='ocr_par' dir='ltr' id='par_1_79' title="bbox 428 4499 2076 4574">
     <span class='ocr_line' id='line_1_79' title="bbox 428 4499 2076 4574; baseline 0.004 -19"><span class='ocrx_word' id='word_1_516' title='bbox 428 4499 682 4556; x_wconf 88' lang='lat' dir='ltr'><strong>nationis</strong></span> <span class='ocrx_word' id='word_1_517' title='bbox 716 4499 873 4566; x_wconf 84' lang='grc'>1089,</span> <span class='ocrx_word' id='word_1_518' title='bbox 906 4499 1226 4558; x_wconf 90' lang='lat' dir='ltr'><strong>indictione</strong></span> <span class='ocrx_word' id='word_1_519' title='bbox 1256 4517 1378 4571; x_wconf 81' lang='lat' dir='ltr'><strong>xm,</strong></span> <span class='ocrx_word' id='word_1_520' title='bbox 1411 4520 1511 4558; x_wconf 84' lang='lat' dir='ltr'><strong>vm</strong></span> <span class='ocrx_word' id='word_1_521' title='bbox 1545 4503 2076 4574; x_wconf 82' lang='lat' dir='ltr'><strong>Kalend.Januarii,</strong></span> 
     </span>
    </p>
   </div>
   <div class='ocr_carea' id='block_1_80' title="bbox 428 4587 2024 4663">
    <p class='ocr_par' dir='ltr' id='par_1_80' title="bbox 428 4587 2024 4663">
     <span class='ocr_line' id='line_1_80' title="bbox 428 4587 2024 4663; baseline 0.004 -19"><span class='ocrx_word' id='word_1_522' title='bbox 428 4604 580 4644; x_wconf 86' lang='lat' dir='ltr'><strong>anno</strong></span> <span class='ocrx_word' id='word_1_523' title='bbox 611 4587 987 4660; x_wconf 85' lang='lat' dir='ltr'><strong>pontiﬁcatus</strong></span> <span class='ocrx_word' id='word_1_524' title='bbox 1017 4589 1216 4644; x_wconf 87' lang='lat' dir='ltr'><strong>domui</strong></span> <span class='ocrx_word' id='word_1_525' title='bbox 1251 4589 1466 4646; x_wconf 89' lang='lat' dir='ltr'><strong>Urbani</strong></span> <span class='ocrx_word' id='word_1_526' title='bbox 1495 4590 1542 4646; x_wconf 87' lang='grc' dir='ltr'><strong>ΙΙ</strong></span> <span class='ocrx_word' id='word_1_527' title='bbox 1570 4608 1730 4663; x_wconf 67' lang='lat' dir='ltr'><strong>papa:</strong></span> <span class='ocrx_word' id='word_1_528' title='bbox 1761 4594 2024 4650; x_wconf 88' lang='lat' dir='ltr'><strong>secundi.</strong></span> 
     </span>
    </p>
   </div>
   <div class='ocr_carea' id='block_1_81' title="bbox 1135 4696 1382 4752">
    <p class='ocr_par' dir='ltr' id='par_1_81' title="bbox 1135 4696 1382 4752">
     <span class='ocr_line' id='line_1_81' title="bbox 1135 4696 1382 4752; baseline 0.004 -1"><span class='ocrx_word' id='word_1_529' title='bbox 1135 4696 1382 4752; x_wconf 86' lang='lat' dir='ltr'><strong>XXVIII.</strong></span> 
     </span>
    </p>
   </div>
   <div class='ocr_carea' id='block_1_82' title="bbox 427 4783 2074 4862">
    <p class='ocr_par' dir='ltr' id='par_1_82' title="bbox 427 4783 2074 4862">
     <span class='ocr_line' id='line_1_82' title="bbox 427 4783 2074 4862; baseline 0.002 -21"><span class='ocrx_word' id='word_1_530' title='bbox 427 4783 674 4862; x_wconf 62' lang='lat' dir='ltr'><strong>Urbanus</strong></span> <span class='ocrx_word' id='word_1_531' title='bbox 697 4785 752 4842; x_wconf 86' lang='lat' dir='ltr'><strong>II</strong></span> <span class='ocrx_word' id='word_1_532' title='bbox 775 4787 1102 4862; x_wconf 65' lang='lat' dir='ltr'><strong>monasterii</strong></span> <span class='ocrx_word' id='word_1_533' title='bbox 1127 4787 1608 4862; x_wconf 67' lang='lat' dir='ltr'><strong>Balmonsisapud</strong></span> <span class='ocrx_word' id='word_1_534' title='bbox 1652 4787 1926 4860; x_wconf 81' lang='lat' dir='ltr'><strong>Sequanos</strong></span> <span class='ocrx_word' id='word_1_535' title='bbox 1951 4807 2074 4862; x_wconf 77' lang='lat' dir='ltr'><strong>pos-</strong></span> 
     </span>
    </p>
   </div>
   <div class='ocr_carea' id='block_1_83' title="bbox 493 4858 2074 4932">
    <p class='ocr_par' dir='ltr' id='par_1_83' title="bbox 493 4858 2074 4932">
     <span class='ocr_line' id='line_1_83' title="bbox 493 4858 2074 4932; baseline 0.006 -22"><span class='ocrx_word' id='word_1_536' title='bbox 493 4858 774 4932; x_wconf 82' lang='lat' dir='ltr'><strong>sessiones,</strong></span> <span class='ocrx_word' id='word_1_537' title='bbox 809 4861 1026 4932; x_wconf 70' lang='lat' dir='ltr'><strong>petente</strong></span> <span class='ocrx_word' id='word_1_538' title='bbox 1055 4858 1296 4928; x_wconf 79' lang='lat' dir='ltr'><strong>Hugone,</strong></span> <span class='ocrx_word' id='word_1_539' title='bbox 1345 4858 1746 4932; x_wconf 67' lang='lat' dir='ltr'><strong>archiepiscopo</strong></span> <span class='ocrx_word' id='word_1_540' title='bbox 1801 4858 2074 4918; x_wconf 60' lang='lat' dir='ltr'><strong>Vesontio-</strong></span> 
     </span>
    </p>
   </div>
   <div class='ocr_carea' id='block_1_84' title="bbox 496 4928 1008 4998">
    <p class='ocr_par' dir='ltr' id='par_1_84' title="bbox 496 4928 1008 4998">
     <span class='ocr_line' id='line_1_84' title="bbox 496 4928 1008 4998; baseline 0.004 -18"><span class='ocrx_word' id='word_1_541' title='bbox 496 4928 678 4992; x_wconf 76' lang='lat' dir='ltr'><strong>nemi,</strong></span> <span class='ocrx_word' id='word_1_542' title='bbox 706 4928 1008 4998; x_wconf 74' lang='lat' dir='ltr'><strong>conﬁrmat.</strong></span> 
     </span>
    </p>
   </div>
   <div class='ocr_carea' id='block_1_85' title="bbox 1057 5015 1455 5087">
    <p class='ocr_par' dir='ltr' id='par_1_85' title="bbox 1057 5015 1455 5087">
     <span class='ocr_line' id='line_1_85' title="bbox 1057 5015 1455 5087; baseline 0.003 -16"><span class='ocrx_word' id='word_1_543' title='bbox 1057 5015 1240 5087; x_wconf 80' lang='lat' dir='ltr'><strong>(Anno</strong></span> <span class='ocrx_word' id='word_1_544' title='bbox 1273 5016 1455 5086; x_wconf 85' lang='grc'><strong>1089.)</strong></span> 
     </span>
    </p>
   </div>
   <div class='ocr_carea' id='block_1_86' title="bbox 541 5101 1950 5179">
    <p class='ocr_par' dir='ltr' id='par_1_86' title="bbox 541 5101 1950 5179">
     <span class='ocr_line' id='line_1_86' title="bbox 541 5101 1950 5179; baseline 0.005 -22"><span class='ocrx_word' id='word_1_545' title='bbox 541 5101 834 5174; x_wconf 75' lang='grc' dir='ltr'><strong>[ΜΑΒιιι.,</strong></span> <span class='ocrx_word' id='word_1_546' title='bbox 865 5108 922 5158; x_wconf 91' lang='lat' dir='ltr'><strong>et</strong></span> <span class='ocrx_word' id='word_1_547' title='bbox 951 5104 1233 5160; x_wconf 62' lang='lat' dir='ltr'><strong>Romam.</strong></span> <span class='ocrx_word' id='word_1_548' title='bbox 1269 5105 1432 5161; x_wconf 81' lang='grc' dir='ltr'><strong>Οιιυν,</strong></span> <span class='ocrx_word' id='word_1_549' title='bbox 1459 5109 1635 5177; x_wconf 78' lang='lat' dir='ltr'><strong>posth.</strong></span> <span class='ocrx_word' id='word_1_550' title='bbox 1671 5109 1768 5176; x_wconf 83' lang='lat' dir='ltr'><strong>Ili,</strong></span> <span class='ocrx_word' id='word_1_551' title='bbox 1799 5110 1950 5179; x_wconf 53' lang='lat'><strong>355.;</strong></span> 
     </span>
    </p>
   </div>
   <div class='ocr_carea' id='block_1_87' title="bbox 492 5206 2072 5284">
    <p class='ocr_par' dir='ltr' id='par_1_87' title="bbox 492 5206 2072 5284">
     <span class='ocr_line' id='line_1_87' title="bbox 492 5206 2072 5284; baseline 0.005 -20"><span class='ocrx_word' id='word_1_552' title='bbox 492 5206 773 5264; x_wconf 68' lang='lat' dir='ltr'><strong>Uanmus</strong></span> <span class='ocrx_word' id='word_1_553' title='bbox 802 5209 1112 5284; x_wconf 89' lang='lat' dir='ltr'><strong>episcopus</strong></span> <span class='ocrx_word' id='word_1_554' title='bbox 1132 5227 1336 5270; x_wconf 85' lang='lat' dir='ltr'><strong>servus</strong></span> <span class='ocrx_word' id='word_1_555' title='bbox 1363 5228 1661 5268; x_wconf 91' lang='lat' dir='ltr'><strong>servorum</strong></span> <span class='ocrx_word' id='word_1_556' title='bbox 1701 5215 1817 5282; x_wconf 88' lang='lat' dir='ltr'><strong>Dei,</strong></span> <span class='ocrx_word' id='word_1_557' title='bbox 1844 5216 2072 5272; x_wconf 73' lang='lat' dir='ltr'><strong>lluoom</strong></span> 
     </span>
    </p>
   </div>
   <div class='ocr_carea' id='block_1_88' title="bbox 488 5377 2074 5462">
    <p class='ocr_par' dir='ltr' id='par_1_88' title="bbox 488 5377 2074 5462">
     <span class='ocr_line' id='line_1_88' title="bbox 488 5377 2074 5462; baseline 0.004 -26"><span class='ocrx_word' id='word_1_558' title='bbox 488 5378 600 5462; x_wconf 83' lang='grc'>(12)</span> <span class='ocrx_word' id='word_1_559' title='bbox 631 5377 866 5462; x_wconf 69' lang='lat' dir='ltr'><strong>Celebre</strong></span> <span class='ocrx_word' id='word_1_560' title='bbox 896 5383 984 5436; x_wconf 89' lang='lat' dir='ltr'><strong>est</strong></span> <span class='ocrx_word' id='word_1_561' title='bbox 1019 5379 1168 5462; x_wconf 79' lang='lat' dir='ltr'><strong>illud</strong></span> <span class='ocrx_word' id='word_1_562' title='bbox 1203 5379 1625 5462; x_wconf 76' lang='lat' dir='ltr'><strong>monasterium</strong></span> <span class='ocrx_word' id='word_1_563' title='bbox 1647 5385 1830 5462; x_wconf 42' lang='lat' dir='ltr'><strong>hqu&#39;od</strong></span> <span class='ocrx_word' id='word_1_564' title='bbox 1873 5389 2074 5455; x_wconf 88' lang='lat' dir='ltr'><strong>postea</strong></span> 
     </span>
    </p>
   </div>
   <div class='ocr_carea' id='block_1_89' title="bbox 421 5448 2070 5521">
    <p class='ocr_par' dir='ltr' id='par_1_89' title="bbox 421 5448 2070 5521">
     <span class='ocr_line' id='line_1_89' title="bbox 421 5448 2070 5521; baseline 0.005 -17"><span class='ocrx_word' id='word_1_565' title='bbox 421 5448 696 5521; x_wconf 78' lang='lat' dir='ltr'><strong>ClUniaco</strong></span> <span class='ocrx_word' id='word_1_566' title='bbox 729 5449 856 5504; x_wconf 68' lang='lat' dir='ltr'><strong>ﬁlia)</strong></span> <span class='ocrx_word' id='word_1_567' title='bbox 889 5469 1005 5505; x_wconf 73' lang='lat' dir='ltr'><strong>sua:</strong></span> <span class='ocrx_word' id='word_1_568' title='bbox 1038 5451 1367 5521; x_wconf 78' lang='lat' dir='ltr'><strong>subjectum</strong></span> <span class='ocrx_word' id='word_1_569' title='bbox 1401 5453 1508 5514; x_wconf 89' lang='lat' dir='ltr'><strong>est,</strong></span> <span class='ocrx_word' id='word_1_570' title='bbox 1541 5450 1613 5503; x_wconf 94' lang='lat' dir='ltr'><strong>ob</strong></span> <span class='ocrx_word' id='word_1_571' title='bbox 1645 5448 1710 5506; x_wconf 38' lang='lat' dir='ltr'><strong>Si</strong></span> <span class='ocrx_word' id='word_1_572' title='bbox 1751 5448 2070 5512; x_wconf 75' lang='lat' dir='ltr'><strong>Bernoncm</strong></span> 
     </span>
    </p>
   </div>
   <div class='ocr_carea' id='block_1_90' title="bbox 421 5520 2072 5603">
    <p class='ocr_par' dir='ltr' id='par_1_90' title="bbox 421 5520 2072 5603">
     <span class='ocr_line' id='line_1_90' title="bbox 421 5520 2072 5603; baseline 0.005 -29"><span class='ocrx_word' id='word_1_573' title='bbox 421 5521 548 5603; x_wconf 63' lang='lat' dir='ltr'><strong>ejus</strong></span> <span class='ocrx_word' id='word_1_574' title='bbox 569 5520 689 5603; x_wconf 76' lang='lat' dir='ltr'><strong>loci</strong></span> <span class='ocrx_word' id='word_1_575' title='bbox 715 5521 1009 5603; x_wconf 60' lang='lat' dir='ltr'><strong>abbatem,</strong></span> <span class='ocrx_word' id='word_1_576' title='bbox 1032 5523 1126 5594; x_wconf 86' lang='lat' dir='ltr'><strong>qui</strong></span> <span class='ocrx_word' id='word_1_577' title='bbox 1151 5520 1357 5603; x_wconf 63' lang='lat' dir='ltr'><strong>exinde</strong></span> <span class='ocrx_word' id='word_1_578' title='bbox 1387 5521 2072 5603; x_wconf 72' lang='lat' dir='ltr'><strong>transmigrans,p_rimus</strong></span> 
     </span>
    </p>
   </div>
   <div class='ocr_carea' id='block_1_91' title="bbox 422 5591 2072 5668">
    <p class='ocr_par' dir='ltr' id='par_1_91' title="bbox 422 5591 2072 5668">
     <span class='ocr_line' id='line_1_91' title="bbox 422 5591 2072 5668; baseline 0.005 -23"><span class='ocrx_word' id='word_1_579' title='bbox 422 5591 531 5646; x_wconf 85' lang='lat' dir='ltr'><strong>fuit</strong></span> <span class='ocrx_word' id='word_1_580' title='bbox 561 5591 821 5668; x_wconf 70' lang='lat' dir='ltr'><strong>Cluniaci</strong></span> <span class='ocrx_word' id='word_1_581' title='bbox 850 5591 1064 5668; x_wconf 65' lang='lat' dir='ltr'><strong>abbas,</strong></span> <span class='ocrx_word' id='word_1_582' title='bbox 1085 5598 1142 5648; x_wconf 91' lang='lat' dir='ltr'><strong>et</strong></span> <span class='ocrx_word' id='word_1_583' title='bbox 1172 5591 2072 5668; x_wconf 44' lang='lat' dir='ltr'><strong>S.__Odonishinstitutor,&#39;hodie-</strong></span> 
     </span>
    </p>
   </div>
   <div class='ocr_carea' id='block_1_92' title="bbox 421 5661 2070 5740">
    <p class='ocr_par' dir='ltr' id='par_1_92' title="bbox 421 5661 2070 5740">
     <span class='ocr_line' id='line_1_92' title="bbox 421 5661 2070 5740; baseline 0 -22"><span class='ocrx_word' id='word_1_584' title='bbox 421 5677 533 5734; x_wconf 88' lang='lat' dir='ltr'><strong>que</strong></span> <span class='ocrx_word' id='word_1_585' title='bbox 558 5661 832 5720; x_wconf 83' lang='lat' dir='ltr'><strong>subsistit</strong></span> <span class='ocrx_word' id='word_1_586' title='bbox 864 5664 923 5717; x_wconf 92' lang='lat' dir='ltr'><strong>in</strong></span> <span class='ocrx_word' id='word_1_587' title='bbox 954 5663 1302 5734; x_wconf 65' lang='lat' dir='ltr'><strong>Burgundios</strong></span> <span class='ocrx_word' id='word_1_588' title='bbox 1334 5661 1638 5730; x_wconf 85' lang='lat' dir='ltr'><strong>comitatu,</strong></span> <span class='ocrx_word' id='word_1_589' title='bbox 1673 5667 1742 5724; x_wconf 82' lang='lat' dir='ltr'><strong>de</strong></span> <span class='ocrx_word' id='word_1_590' title='bbox 1789 5661 1905 5740; x_wconf 69' lang='lat' dir='ltr'><strong>q&#39;uo</strong></span> <span class='ocrx_word' id='word_1_591' title='bbox 1943 5669 2070 5727; x_wconf 82' lang='lat' dir='ltr'><strong>vide</strong></span> 
     </span>
    </p>
   </div>
   <div class='ocr_carea' id='block_1_93' title="bbox 2201 3345 3810 3422">
    <p class='ocr_par' dir='ltr' id='par_1_93' title="bbox 2201 3345 3810 3422">
     <span class='ocr_line' id='line_1_93' title="bbox 2201 3345 3810 3422; baseline 0.002 -22"><span class='ocrx_word' id='word_1_592' title='bbox 2201 3345 2395 3401; x_wconf 89' lang='lat' dir='ltr'><strong>Sancti</strong></span> <span class='ocrx_word' id='word_1_593' title='bbox 2423 3347 2668 3402; x_wconf 87' lang='lat' dir='ltr'><strong>Joannis</strong></span> <span class='ocrx_word' id='word_1_594' title='bbox 2699 3346 2910 3404; x_wconf 73' lang='lat' dir='ltr'><strong>Balmaa</strong></span> <span class='ocrx_word' id='word_1_595' title='bbox 2933 3365 3067 3404; x_wconf 92' lang='lat' dir='ltr'><strong>cum</strong></span> <span class='ocrx_word' id='word_1_596' title='bbox 3093 3347 3316 3422; x_wconf 90' lang='lat' dir='ltr'><strong>capella</strong></span> <span class='ocrx_word' id='word_1_597' title='bbox 3347 3347 3619 3418; x_wconf 77' lang='lat' dir='ltr'><strong>Francet;</strong></span> <span class='ocrx_word' id='word_1_598' title='bbox 3649 3345 3810 3404; x_wconf 87' lang='lat' dir='ltr'><strong>eccle-</strong></span> 
     </span>
    </p>
   </div>
   <div class='ocr_carea' id='block_1_94' title="bbox 2199 3434 3808 3512">
    <p class='ocr_par' dir='ltr' id='par_1_94' title="bbox 2199 3434 3808 3512">
     <span class='ocr_line' id='line_1_94' title="bbox 2199 3434 3808 3512; baseline 0.004 -22"><span class='ocrx_word' id='word_1_599' title='bbox 2199 3435 2349 3490; x_wconf 90' lang='lat' dir='ltr'><strong>siam</strong></span> <span class='ocrx_word' id='word_1_600' title='bbox 2381 3436 2576 3490; x_wconf 87' lang='lat' dir='ltr'><strong>Sancti</strong></span> <span class='ocrx_word' id='word_1_601' title='bbox 2607 3437 2843 3493; x_wconf 88' lang='lat' dir='ltr'><strong>Gervasi</strong></span> <span class='ocrx_word' id='word_1_602' title='bbox 2875 3436 3122 3492; x_wconf 89' lang='lat' dir='ltr'><strong>Victoris</strong></span> <span class='ocrx_word' id='word_1_603' title='bbox 3152 3455 3286 3494; x_wconf 91' lang='lat' dir='ltr'><strong>cum</strong></span> <span class='ocrx_word' id='word_1_604' title='bbox 3319 3438 3668 3512; x_wconf 84' lang='lat' dir='ltr'><strong>appendiciis</strong></span> <span class='ocrx_word' id='word_1_605' title='bbox 3683 3434 3808 3496; x_wconf 82' lang='lat' dir='ltr'><strong>suis.</strong></span> 
     </span>
    </p>
   </div>
   <div class='ocr_carea' id='block_1_95' title="bbox 2199 3521 3808 3595">
    <p class='ocr_par' dir='ltr' id='par_1_95' title="bbox 2199 3521 3808 3595">
     <span class='ocr_line' id='line_1_95' title="bbox 2199 3521 3808 3595; baseline -0.001 -18"><span class='ocrx_word' id='word_1_606' title='bbox 2199 3523 2502 3578; x_wconf 85' lang='lat' dir='ltr'><strong>ecclesiam</strong></span> <span class='ocrx_word' id='word_1_607' title='bbox 2536 3524 2730 3580; x_wconf 88' lang='lat' dir='ltr'><strong>Sancti</strong></span> <span class='ocrx_word' id='word_1_608' title='bbox 2780 3524 2998 3581; x_wconf 89' lang='lat' dir='ltr'><strong>Nicolai</strong></span> <span class='ocrx_word' id='word_1_609' title='bbox 3024 3525 3310 3595; x_wconf 77' lang='lat' dir='ltr'><strong>&#39;Carneti;</strong></span> <span class='ocrx_word' id='word_1_610' title='bbox 3345 3525 3636 3583; x_wconf 85' lang='lat' dir='ltr'><strong>ecclesiam</strong></span> <span class='ocrx_word' id='word_1_611' title='bbox 3667 3521 3808 3580; x_wconf 78' lang='lat' dir='ltr'><strong>Lavi-</strong></span> 
     </span>
    </p>
   </div>
   <div class='ocr_carea' id='block_1_96' title="bbox 2199 3611 3807 3681">
    <p class='ocr_par' dir='ltr' id='par_1_96' title="bbox 2199 3611 3807 3681">
     <span class='ocr_line' id='line_1_96' title="bbox 2199 3611 3807 3681; baseline -0.001 -14"><span class='ocrx_word' id='word_1_612' title='bbox 2199 3611 2370 3668; x_wconf 83' lang='lat' dir='ltr'><strong>niaci.</strong></span> <span class='ocrx_word' id='word_1_613' title='bbox 2404 3611 2617 3669; x_wconf 88' lang='lat' dir='ltr'><strong>Montis</strong></span> <span class='ocrx_word' id='word_1_614' title='bbox 2660 3613 2812 3669; x_wconf 88' lang='lat' dir='ltr'><strong>Huin</strong></span> <span class='ocrx_word' id='word_1_615' title='bbox 2870 3613 3156 3671; x_wconf 88' lang='lat' dir='ltr'><strong>Caveriaci</strong></span> <span class='ocrx_word' id='word_1_616' title='bbox 3208 3615 3534 3681; x_wconf 80' lang='lat' dir='ltr'><strong>Cavaniaci,</strong></span> <span class='ocrx_word' id='word_1_617' title='bbox 3575 3611 3807 3670; x_wconf 64' lang='grc' dir='ltr'><strong>’Βητίδοὶ</strong></span> 
     </span>
    </p>
   </div>
   <div class='ocr_carea' id='block_1_97' title="bbox 2197 3700 3805 3774">
    <p class='ocr_par' dir='ltr' id='par_1_97' title="bbox 2197 3700 3805 3774">
     <span class='ocr_line' id='line_1_97' title="bbox 2197 3700 3805 3774; baseline -0.001 -19"><span class='ocrx_word' id='word_1_618' title='bbox 2197 3718 2328 3756; x_wconf 88' lang='lat' dir='ltr'><strong>cum</strong></span> <span class='ocrx_word' id='word_1_619' title='bbox 2363 3701 2722 3774; x_wconf 85' lang='lat' dir='ltr'><strong>appendiciis</strong></span> <span class='ocrx_word' id='word_1_620' title='bbox 2754 3704 2913 3771; x_wconf 89' lang='lat' dir='ltr'><strong>suis;</strong></span> <span class='ocrx_word' id='word_1_621' title='bbox 2947 3703 3253 3760; x_wconf 88' lang='lat' dir='ltr'><strong>ecclesiam</strong></span> <span class='ocrx_word' id='word_1_622' title='bbox 3277 3704 3470 3761; x_wconf 89' lang='lat' dir='ltr'><strong>Sancti</strong></span> <span class='ocrx_word' id='word_1_623' title='bbox 3495 3700 3805 3767; x_wconf 86' lang='lat' dir='ltr'><strong>Desiderati,</strong></span> 
     </span>
    </p>
   </div>
   <div class='ocr_carea' id='block_1_98' title="bbox 2199 3790 3806 3860">
    <p class='ocr_par' dir='ltr' id='par_1_98' title="bbox 2199 3790 3806 3860">
     <span class='ocr_line' id='line_1_98' title="bbox 2199 3790 3806 3860; baseline -0.001 -14"><span class='ocrx_word' id='word_1_624' title='bbox 2199 3792 2482 3858; x_wconf 79' lang='lat' dir='ltr'><strong>Laedonis,</strong></span> <span class='ocrx_word' id='word_1_625' title='bbox 2513 3790 2831 3859; x_wconf 87' lang='lat' dir='ltr'><strong>Sisintiaci,</strong></span> <span class='ocrx_word' id='word_1_626' title='bbox 2860 3793 3126 3860; x_wconf 88' lang='lat' dir='ltr'><strong>Laracni,</strong></span> <span class='ocrx_word' id='word_1_627' title='bbox 3180 3793 3498 3850; x_wconf 88' lang='lat' dir='ltr'><strong>Desnensis</strong></span> <span class='ocrx_word' id='word_1_628' title='bbox 3553 3807 3675 3849; x_wconf 89' lang='lat' dir='ltr'><strong>cum</strong></span> <span class='ocrx_word' id='word_1_629' title='bbox 3717 3805 3806 3860; x_wconf 86' lang='lat' dir='ltr'><strong>ap-</strong></span> 
     </span>
    </p>
   </div>
   <div class='ocr_carea' id='block_1_99' title="bbox 2196 3879 3804 3950">
    <p class='ocr_par' dir='ltr' id='par_1_99' title="bbox 2196 3879 3804 3950">
     <span class='ocr_line' id='line_1_99' title="bbox 2196 3879 3804 3950; baseline 0 -17"><span class='ocrx_word' id='word_1_630' title='bbox 2196 3879 2476 3950; x_wconf 81' lang='lat' dir='ltr'><strong>pendiciis</strong></span> <span class='ocrx_word' id='word_1_631' title='bbox 2508 3895 2708 3936; x_wconf 90' lang='lat' dir='ltr'><strong>earum</strong></span> <span class='ocrx_word' id='word_1_632' title='bbox 2735 3899 2748 3948; x_wconf 92' lang='lat'><strong>;</strong></span> <span class='ocrx_word' id='word_1_633' title='bbox 2783 3881 3088 3937; x_wconf 90' lang='lat' dir='ltr'><strong>ecclesiam</strong></span> <span class='ocrx_word' id='word_1_634' title='bbox 3120 3881 3539 3939; x_wconf 89' lang='lat' dir='ltr'><strong>Dumblensem</strong></span> <span class='ocrx_word' id='word_1_635' title='bbox 3567 3895 3689 3936; x_wconf 86' lang='lat' dir='ltr'><strong>cum</strong></span> <span class='ocrx_word' id='word_1_636' title='bbox 3717 3893 3804 3948; x_wconf 88' lang='lat' dir='ltr'><strong>ap-</strong></span> 
     </span>
    </p>
   </div>
   <div class='ocr_carea' id='block_1_100' title="bbox 2197 3967 3804 4042">
    <p class='ocr_par' dir='ltr' id='par_1_100' title="bbox 2197 3967 3804 4042">
     <span class='ocr_line' id='line_1_100' title="bbox 2197 3967 3804 4042; baseline -0.001 -20"><span class='ocrx_word' id='word_1_637' title='bbox 2197 3967 2482 4038; x_wconf 84' lang='lat' dir='ltr'><strong>pendiciis</strong></span> <span class='ocrx_word' id='word_1_638' title='bbox 2513 3967 2980 4038; x_wconf 89' lang='lat' dir='ltr'><strong>suis;ecclesiam</strong></span> <span class='ocrx_word' id='word_1_639' title='bbox 3014 3967 3084 4025; x_wconf 87' lang='lat' dir='ltr'><strong>de</strong></span> <span class='ocrx_word' id='word_1_640' title='bbox 3113 3973 3324 4042; x_wconf 89' lang='lat' dir='ltr'><strong>Guars,</strong></span> <span class='ocrx_word' id='word_1_641' title='bbox 3355 3967 3804 4032; x_wconf 67' lang='lat' dir='ltr'><strong>Montis-Tolosa,</strong></span> 
     </span>
    </p>
   </div>
   <div class='ocr_carea' id='block_1_101' title="bbox 2195 4055 3803 4126">
    <p class='ocr_par' dir='ltr' id='par_1_101' title="bbox 2195 4055 3803 4126">
     <span class='ocr_line' id='line_1_101' title="bbox 2195 4055 3803 4126; baseline -0.003 -14"><span class='ocrx_word' id='word_1_642' title='bbox 2195 4055 2494 4124; x_wconf 89' lang='lat' dir='ltr'><strong>Asnensis,</strong></span> <span class='ocrx_word' id='word_1_643' title='bbox 2554 4057 3035 4126; x_wconf 83' lang='lat' dir='ltr'><strong>Montis-Alacris,</strong></span> <span class='ocrx_word' id='word_1_644' title='bbox 3099 4058 3408 4117; x_wconf 88' lang='lat' dir='ltr'><strong>Neblensis</strong></span> <span class='ocrx_word' id='word_1_645' title='bbox 3461 4058 3638 4116; x_wconf 81' lang='lat' dir='ltr'><strong>Cestri</strong></span> <span class='ocrx_word' id='word_1_646' title='bbox 3688 4069 3803 4110; x_wconf 86' lang='lat' dir='ltr'><strong>cum</strong></span> 
     </span>
    </p>
   </div>
   <div class='ocr_carea' id='block_1_102' title="bbox 2192 4145 3804 4216">
    <p class='ocr_par' dir='ltr' id='par_1_102' title="bbox 2192 4145 3804 4216">
     <span class='ocr_line' id='line_1_102' title="bbox 2192 4145 3804 4216; baseline -0.001 -18"><span class='ocrx_word' id='word_1_647' title='bbox 2192 4145 2556 4216; x_wconf 89' lang='lat' dir='ltr'><strong>appendiciis</strong></span> <span class='ocrx_word' id='word_1_648' title='bbox 2598 4163 2830 4214; x_wconf 88' lang='lat' dir='ltr'><strong>earum;</strong></span> <span class='ocrx_word' id='word_1_649' title='bbox 2873 4146 3180 4204; x_wconf 86' lang='lat' dir='ltr'><strong>ecclesiam</strong></span> <span class='ocrx_word' id='word_1_650' title='bbox 3227 4147 3548 4216; x_wconf 70' lang='lat' dir='ltr'><strong>Sarmacite,</strong></span> <span class='ocrx_word' id='word_1_651' title='bbox 3579 4145 3804 4202; x_wconf 84' lang='lat' dir='ltr'><strong>Sabona-</strong></span> 
     </span>
    </p>
   </div>
   <div class='ocr_carea' id='block_1_103' title="bbox 2192 4230 3800 4305">
    <p class='ocr_par' dir='ltr' id='par_1_103' title="bbox 2192 4230 3800 4305">
     <span class='ocr_line' id='line_1_103' title="bbox 2192 4230 3800 4305; baseline -0.002 -17"><span class='ocrx_word' id='word_1_652' title='bbox 2192 4231 2311 4300; x_wconf 60' lang='lat' dir='ltr'><strong>riae,</strong></span> <span class='ocrx_word' id='word_1_653' title='bbox 2347 4233 2679 4299; x_wconf 67' lang='lat' dir='ltr'><strong>Oleei‘ractze,</strong></span> <span class='ocrx_word' id='word_1_654' title='bbox 2723 4236 3074 4305; x_wconf 76' lang='lat' dir='ltr'><strong>Costumnze,</strong></span> <span class='ocrx_word' id='word_1_655' title='bbox 3111 4235 3353 4304; x_wconf 89' lang='lat' dir='ltr'><strong>Mulnet,</strong></span> <span class='ocrx_word' id='word_1_656' title='bbox 3397 4237 3526 4305; x_wconf 89' lang='lat' dir='ltr'><strong>Ver,</strong></span> <span class='ocrx_word' id='word_1_657' title='bbox 3560 4230 3800 4295; x_wconf 89' lang='lat' dir='ltr'><strong>Biviliaci,</strong></span> 
     </span>
    </p>
   </div>
   <div class='ocr_carea' id='block_1_104' title="bbox 2191 4318 3800 4390">
    <p class='ocr_par' dir='ltr' id='par_1_104' title="bbox 2191 4318 3800 4390">
     <span class='ocr_line' id='line_1_104' title="bbox 2191 4318 3800 4390; baseline -0.004 -12"><span class='ocrx_word' id='word_1_658' title='bbox 2191 4323 2385 4378; x_wconf 86' lang='lat' dir='ltr'><strong>Sancti</strong></span> <span class='ocrx_word' id='word_1_659' title='bbox 2421 4322 2677 4379; x_wconf 90' lang='lat' dir='ltr'><strong>Mauritii</strong></span> <span class='ocrx_word' id='word_1_660' title='bbox 2712 4327 2769 4380; x_wconf 88' lang='lat' dir='ltr'><strong>et</strong></span> <span class='ocrx_word' id='word_1_661' title='bbox 2796 4324 2992 4380; x_wconf 86' lang='lat' dir='ltr'><strong>Sancti</strong></span> <span class='ocrx_word' id='word_1_662' title='bbox 3024 4325 3297 4382; x_wconf 90' lang='lat' dir='ltr'><strong>Germani</strong></span> <span class='ocrx_word' id='word_1_663' title='bbox 3329 4326 3544 4390; x_wconf 64' lang='lat' dir='ltr'><strong>Graves,</strong></span> <span class='ocrx_word' id='word_1_664' title='bbox 3573 4318 3800 4381; x_wconf 85' lang='lat' dir='ltr'><strong>Baensis,</strong></span> 
     </span>
    </p>
   </div>
   <div class='ocr_carea' id='block_1_105' title="bbox 2191 4407 3800 4484">
    <p class='ocr_par' dir='ltr' id='par_1_105' title="bbox 2191 4407 3800 4484">
     <span class='ocr_line' id='line_1_105' title="bbox 2191 4407 3800 4484; baseline -0.003 -18"><span class='ocrx_word' id='word_1_665' title='bbox 2191 4411 2578 4478; x_wconf 86' lang='lat' dir='ltr'><strong>Bellimontis,</strong></span> <span class='ocrx_word' id='word_1_666' title='bbox 2612 4411 2828 4468; x_wconf 89' lang='lat' dir='ltr'><strong>Montis</strong></span> <span class='ocrx_word' id='word_1_667' title='bbox 2859 4411 3154 4482; x_wconf 84' lang='lat' dir='ltr'><strong>Roolenis,</strong></span> <span class='ocrx_word' id='word_1_668' title='bbox 3185 4413 3468 4484; x_wconf 86' lang='lat' dir='ltr'><strong>Esiconis,</strong></span> <span class='ocrx_word' id='word_1_669' title='bbox 3503 4407 3800 4471; x_wconf 80' lang='lat' dir='ltr'><strong>Rancinaci,</strong></span> 
     </span>
    </p>
   </div>
   <div class='ocr_carea' id='block_1_106' title="bbox 2194 4491 3802 4575">
    <p class='ocr_par' dir='ltr' id='par_1_106' title="bbox 2194 4491 3802 4575">
     <span class='ocr_line' id='line_1_106' title="bbox 2194 4491 3802 4575; baseline -0.005 -19"><span class='ocrx_word' id='word_1_670' title='bbox 2194 4500 2550 4574; x_wconf 84' lang='lat' dir='ltr'><strong>Gelerengis,</strong></span> <span class='ocrx_word' id='word_1_671' title='bbox 2604 4501 2912 4557; x_wconf 90' lang='lat' dir='ltr'><strong>Beneventi</strong></span> <span class='ocrx_word' id='word_1_672' title='bbox 2962 4518 3096 4558; x_wconf 88' lang='lat' dir='ltr'><strong>cum</strong></span> <span class='ocrx_word' id='word_1_673' title='bbox 3147 4503 3422 4560; x_wconf 86' lang='lat' dir='ltr'><strong>omnibus</strong></span> <span class='ocrx_word' id='word_1_674' title='bbox 3478 4491 3802 4575; x_wconf 83' lang='lat' dir='ltr'><strong>appendiciis</strong></span> 
     </span>
    </p>
   </div>
   <div class='ocr_carea' id='block_1_107' title="bbox 2112 4587 3798 4660">
    <p class='ocr_par' dir='ltr' id='par_1_107' title="bbox 2112 4587 3798 4660">
     <span class='ocr_line' id='line_1_107' title="bbox 2112 4587 3798 4660; baseline -0.005 -16"><span class='ocrx_word' id='word_1_675' title='bbox 2112 4593 2160 4660; x_wconf 77' lang='grc' dir='ltr'><strong>ι)</strong></span> <span class='ocrx_word' id='word_1_676' title='bbox 2190 4606 2424 4657; x_wconf 89' lang='lat' dir='ltr'><strong>earum;</strong></span> <span class='ocrx_word' id='word_1_677' title='bbox 2475 4587 2781 4645; x_wconf 88' lang='lat' dir='ltr'><strong>ecclesiam</strong></span> <span class='ocrx_word' id='word_1_678' title='bbox 2831 4589 3244 4658; x_wconf 60' lang='lat' dir='ltr'><strong>Belias-Vavrai,</strong></span> <span class='ocrx_word' id='word_1_679' title='bbox 3283 4589 3651 4648; x_wconf 77' lang='lat' dir='ltr'><strong>Ciensisvilloa</strong></span> <span class='ocrx_word' id='word_1_680' title='bbox 3688 4597 3798 4640; x_wconf 90' lang='lat' dir='ltr'><strong>cum</strong></span> 
     </span>
    </p>
   </div>
   <div class='ocr_carea' id='block_1_108' title="bbox 2187 4669 3796 4750">
    <p class='ocr_par' dir='ltr' id='par_1_108' title="bbox 2187 4669 3796 4750">
     <span class='ocr_line' id='line_1_108' title="bbox 2187 4669 3796 4750; baseline -0.006 -15"><span class='ocrx_word' id='word_1_681' title='bbox 2187 4678 2406 4750; x_wconf 88' lang='lat' dir='ltr'><strong>capella</strong></span> <span class='ocrx_word' id='word_1_682' title='bbox 2445 4677 2652 4746; x_wconf 79' lang='lat' dir='ltr'><strong>Cestri,</strong></span> <span class='ocrx_word' id='word_1_683' title='bbox 2686 4677 2882 4734; x_wconf 89' lang='lat' dir='ltr'><strong>Sancti</strong></span> <span class='ocrx_word' id='word_1_684' title='bbox 2938 4679 3268 4748; x_wconf 82' lang='lat' dir='ltr'><strong>Reneberti,</strong></span> <span class='ocrx_word' id='word_1_685' title='bbox 3319 4679 3508 4736; x_wconf 82' lang='lat' dir='ltr'><strong>Sancti</strong></span> <span class='ocrx_word' id='word_1_686' title='bbox 3553 4669 3796 4748; x_wconf 82' lang='lat' dir='ltr'><strong>Stephani</strong></span> 
     </span>
    </p>
   </div>
   <div class='ocr_carea' id='block_1_109' title="bbox 2185 4764 3796 4833">
    <p class='ocr_par' dir='ltr' id='par_1_109' title="bbox 2185 4764 3796 4833">
     <span class='ocr_line' id='line_1_109' title="bbox 2185 4764 3796 4833; baseline -0.006 -11"><span class='ocrx_word' id='word_1_687' title='bbox 2185 4769 2256 4824; x_wconf 94' lang='lat' dir='ltr'><strong>de</strong></span> <span class='ocrx_word' id='word_1_688' title='bbox 2304 4769 2504 4832; x_wconf 90' lang='lat' dir='ltr'><strong>Ponte,</strong></span> <span class='ocrx_word' id='word_1_689' title='bbox 2543 4766 2867 4822; x_wconf 86' lang='lat' dir='ltr'><strong>Doni-Petri</strong></span> <span class='ocrx_word' id='word_1_690' title='bbox 2915 4768 2986 4823; x_wconf 92' lang='lat' dir='ltr'><strong>de</strong></span> <span class='ocrx_word' id='word_1_691' title='bbox 3033 4767 3242 4833; x_wconf 84' lang='lat' dir='ltr'><strong>Arlico,</strong></span> <span class='ocrx_word' id='word_1_692' title='bbox 3275 4764 3636 4832; x_wconf 83' lang='lat' dir='ltr'><strong>Wistruciici,</strong></span> <span class='ocrx_word' id='word_1_693' title='bbox 3683 4773 3796 4817; x_wconf 88' lang='lat' dir='ltr'><strong>cum</strong></span> 
     </span>
    </p>
   </div>
   <div class='ocr_carea' id='block_1_110' title="bbox 2186 4847 3796 4930">
    <p class='ocr_par' dir='ltr' id='par_1_110' title="bbox 2186 4847 3796 4930">
     <span class='ocr_line' id='line_1_110' title="bbox 2186 4847 3796 4930; baseline -0.002 -18"><span class='ocrx_word' id='word_1_694' title='bbox 2186 4855 2546 4930; x_wconf 84' lang='lat' dir='ltr'><strong>appendiciis</strong></span> <span class='ocrx_word' id='word_1_695' title='bbox 2573 4871 2808 4924; x_wconf 91' lang='lat' dir='ltr'><strong>earum;</strong></span> <span class='ocrx_word' id='word_1_696' title='bbox 2837 4855 3081 4912; x_wconf 87' lang='lat' dir='ltr'><strong>ecclesia</strong></span> <span class='ocrx_word' id='word_1_697' title='bbox 3111 4855 3422 4925; x_wconf 89' lang='lat' dir='ltr'><strong>Poloniaci,</strong></span> <span class='ocrx_word' id='word_1_698' title='bbox 3446 4872 3573 4913; x_wconf 90' lang='lat' dir='ltr'><strong>cum</strong></span> <span class='ocrx_word' id='word_1_699' title='bbox 3593 4847 3796 4924; x_wconf 71' lang='lat' dir='ltr'><strong>capellis</strong></span> 
     </span>
    </p>
   </div>
   <div class='ocr_carea' id='block_1_111' title="bbox 2185 4937 3797 5014">
    <p class='ocr_par' dir='ltr' id='par_1_111' title="bbox 2185 4937 3797 5014">
     <span class='ocr_line' id='line_1_111' title="bbox 2185 4937 3797 5014; baseline -0.009 -11"><span class='ocrx_word' id='word_1_700' title='bbox 2185 4945 2386 5003; x_wconf 87' lang='lat' dir='ltr'><strong>sclicet</strong></span> <span class='ocrx_word' id='word_1_701' title='bbox 2433 4943 2616 5000; x_wconf 85' lang='lat' dir='ltr'><strong>Castri</strong></span> <span class='ocrx_word' id='word_1_702' title='bbox 2667 4943 2924 5010; x_wconf 88' lang='lat' dir='ltr'><strong>Mariaci,</strong></span> <span class='ocrx_word' id='word_1_703' title='bbox 2975 4945 3224 5014; x_wconf 88' lang='lat' dir='ltr'><strong>Platani,</strong></span> <span class='ocrx_word' id='word_1_704' title='bbox 3279 4945 3472 5004; x_wconf 87' lang='lat' dir='ltr'><strong>Sancti</strong></span> <span class='ocrx_word' id='word_1_705' title='bbox 3513 4937 3712 5008; x_wconf 70' lang='lat' dir='ltr'><strong>Sabini,</strong></span> <span class='ocrx_word' id='word_1_706' title='bbox 3750 4937 3797 4990; x_wconf 86' lang='lat' dir='ltr'><strong>et</strong></span> 
     </span>
    </p>
   </div>
   <div class='ocr_carea' id='block_1_112' title="bbox 2184 5032 3794 5106">
    <p class='ocr_par' dir='ltr' id='par_1_112' title="bbox 2184 5032 3794 5106">
     <span class='ocr_line' id='line_1_112' title="bbox 2184 5032 3794 5106; baseline -0.002 -16"><span class='ocrx_word' id='word_1_707' title='bbox 2184 5051 2319 5090; x_wconf 91' lang='lat' dir='ltr'><strong>cum</strong></span> <span class='ocrx_word' id='word_1_708' title='bbox 2351 5034 2627 5090; x_wconf 90' lang='lat' dir='ltr'><strong>omnibus</strong></span> <span class='ocrx_word' id='word_1_709' title='bbox 2658 5033 3023 5106; x_wconf 85' lang='lat' dir='ltr'><strong>appendiciis</strong></span> <span class='ocrx_word' id='word_1_710' title='bbox 3067 5034 3226 5103; x_wconf 89' lang='lat' dir='ltr'><strong>suis;</strong></span> <span class='ocrx_word' id='word_1_711' title='bbox 3259 5033 3560 5092; x_wconf 86' lang='lat' dir='ltr'><strong>ecclesiam</strong></span> <span class='ocrx_word' id='word_1_712' title='bbox 3594 5032 3794 5102; x_wconf 68' lang='lat' dir='ltr'><strong>Aque!!-</strong></span> 
     </span>
    </p>
   </div>
   <div class='ocr_carea' id='block_1_113' title="bbox 2185 5118 3791 5194">
    <p class='ocr_par' dir='ltr' id='par_1_113' title="bbox 2185 5118 3791 5194">
     <span class='ocr_line' id='line_1_113' title="bbox 2185 5118 3791 5194; baseline -0.007 -17"><span class='ocrx_word' id='word_1_713' title='bbox 2185 5123 2287 5188; x_wconf 79' lang='lat' dir='ltr'><strong>sis,</strong></span> <span class='ocrx_word' id='word_1_714' title='bbox 2331 5120 2592 5186; x_wconf 70' lang='lat' dir='ltr'><strong>snlciaci,</strong></span> <span class='ocrx_word' id='word_1_715' title='bbox 2625 5119 2988 5192; x_wconf 87' lang='lat' dir='ltr'><strong>Spinctensis</strong></span> <span class='ocrx_word' id='word_1_716' title='bbox 3037 5137 3172 5177; x_wconf 90' lang='lat' dir='ltr'><strong>cum</strong></span> <span class='ocrx_word' id='word_1_717' title='bbox 3223 5118 3556 5194; x_wconf 88' lang='lat' dir='ltr'><strong>appendicis</strong></span> <span class='ocrx_word' id='word_1_718' title='bbox 3591 5125 3791 5172; x_wconf 84' lang='lat' dir='ltr'><strong>earum.</strong></span> 
     </span>
    </p>
   </div>
   <div class='ocr_carea' id='block_1_114' title="bbox 2186 5202 3790 5285">
    <p class='ocr_par' dir='ltr' id='par_1_114' title="bbox 2186 5202 3790 5285">
     <span class='ocr_line' id='line_1_114' title="bbox 2186 5202 3790 5285; baseline -0.004 -19"><span class='ocrx_word' id='word_1_719' title='bbox 2186 5212 2462 5267; x_wconf 73' lang='lat' dir='ltr'><strong>Prmterea</strong></span> <span class='ocrx_word' id='word_1_720' title='bbox 2497 5227 2597 5282; x_wconf 89' lang='lat' dir='ltr'><strong>per</strong></span> <span class='ocrx_word' id='word_1_721' title='bbox 2621 5213 2966 5282; x_wconf 79' lang='lat' dir='ltr'><strong>praesentem</strong></span> <span class='ocrx_word' id='word_1_722' title='bbox 2997 5210 3185 5267; x_wconf 90' lang='lat' dir='ltr'><strong>nostri</strong></span> <span class='ocrx_word' id='word_1_723' title='bbox 3228 5207 3508 5285; x_wconf 71' lang='lat' dir='ltr'><strong>privilegii</strong></span> <span class='ocrx_word' id='word_1_724' title='bbox 3551 5202 3790 5280; x_wconf 81' lang='lat' dir='ltr'><strong>paginam</strong></span> 
     </span>
    </p>
   </div>
   <div class='ocr_carea' id='block_1_115' title="bbox 2181 5387 3774 5456">
    <p class='ocr_par' dir='ltr' id='par_1_115' title="bbox 2181 5387 3774 5456">
     <span class='ocr_line' id='line_1_115' title="bbox 2181 5387 3774 5456; baseline -0.011 -10"><span class='ocrx_word' id='word_1_725' title='bbox 2181 5388 2605 5446; x_wconf 83' lang='lat' dir='ltr'><strong>Bibliothecam</strong></span> <span class='ocrx_word' id='word_1_726' title='bbox 2634 5387 2896 5445; x_wconf 86' lang='lat' dir='ltr'><strong>Cluniae.</strong></span> <span class='ocrx_word' id='word_1_727' title='bbox 2931 5389 3040 5446; x_wconf 88' lang='lat' dir='ltr'><strong>col.</strong></span> <span class='ocrx_word' id='word_1_728' title='bbox 3583 5455 3591 5456; x_wconf 13' lang='grc' dir='ltr'>ί</span> 
     </span>
    </p>
   </div>
   <div class='ocr_carea' id='block_1_116' title="bbox 2251 5447 3786 5535">
    <p class='ocr_par' dir='ltr' id='par_1_116' title="bbox 2251 5447 3786 5535">
     <span class='ocr_line' id='line_1_116' title="bbox 2251 5447 3786 5535; baseline -0.01 -19"><span class='ocrx_word' id='word_1_729' title='bbox 2251 5461 2366 5531; x_wconf 85' lang='grc'><strong>(13)</strong></span> <span class='ocrx_word' id='word_1_730' title='bbox 2405 5460 2660 5535; x_wconf 81' lang='lat' dir='ltr'><strong>Jussano</strong></span> <span class='ocrx_word' id='word_1_731' title='bbox 2711 5465 2964 5516; x_wconf 86' lang='lat' dir='ltr'><strong>monast.</strong></span> <span class='ocrx_word' id='word_1_732' title='bbox 2997 5461 3274 5535; x_wconf 81' lang='lat' dir='ltr'><strong>regulam</strong></span> <span class='ocrx_word' id='word_1_733' title='bbox 3306 5461 3422 5535; x_wconf 61' lang='lat' dir='ltr'><strong>fere</strong></span> <span class='ocrx_word' id='word_1_734' title='bbox 3468 5473 3534 5535; x_wconf 79' lang='lat' dir='ltr'><strong>ex</strong></span> <span class='ocrx_word' id='word_1_735' title='bbox 3577 5447 3786 5535; x_wconf 53' lang='lat' dir='ltr'><strong>Donati-</strong></span> 
     </span>
    </p>
   </div>
   <div class='ocr_carea' id='block_1_117' title="bbox 2180 5523 3790 5604">
    <p class='ocr_par' dir='ltr' id='par_1_117' title="bbox 2180 5523 3790 5604">
     <span class='ocr_line' id='line_1_117' title="bbox 2180 5523 3790 5604; baseline -0.003 -18"><span class='ocrx_word' id='word_1_736' title='bbox 2180 5523 2605 5604; x_wconf 52' lang='lat' dir='ltr'><strong>cti&#39;na&#39;omnino</strong></span> <span class='ocrx_word' id='word_1_737' title='bbox 2629 5537 2960 5604; x_wconf 64' lang='lat' dir='ltr'><strong>excerptam</strong></span> <span class='ocrx_word' id='word_1_738' title='bbox 2993 5523 3236 5592; x_wconf 57' lang='lat' dir='ltr'><strong>travdidit</strong></span> <span class='ocrx_word' id='word_1_739' title='bbox 3255 5532 3573 5604; x_wconf 76' lang='lat' dir='ltr'><strong>S.Don_atus</strong></span> <span class='ocrx_word' id='word_1_740' title='bbox 3599 5523 3790 5604; x_wconf 68' lang='lat' dir='ltr'><strong>Yesqn-</strong></span> 
     </span>
    </p>
   </div>
   <div class='ocr_carea' id='block_1_118' title="bbox 2178 5588 3782 5660">
    <p class='ocr_par' dir='ltr' id='par_1_118' title="bbox 2178 5588 3782 5660">
     <span class='ocr_line' id='line_1_118' title="bbox 2178 5588 3782 5660; baseline -0.007 -3"><span class='ocrx_word' id='word_1_741' title='bbox 2178 5601 2356 5658; x_wconf 87' lang='lat' dir='ltr'><strong>tionis</strong></span> <span class='ocrx_word' id='word_1_742' title='bbox 2386 5602 2630 5656; x_wconf 87' lang='lat' dir='ltr'><strong>antistes</strong></span> <span class='ocrx_word' id='word_1_743' title='bbox 2662 5602 2732 5657; x_wconf 90' lang='lat' dir='ltr'><strong>de</strong></span> <span class='ocrx_word' id='word_1_744' title='bbox 2762 5588 2982 5658; x_wconf 58' lang='lat' dir='ltr'><strong>Sieculo</strong></span> <span class='ocrx_word' id='word_1_745' title='bbox 3015 5588 3111 5660; x_wconf 81' lang='lat' dir='ltr'><strong>Vll</strong></span> <span class='ocrx_word' id='word_1_746' title='bbox 3143 5605 3398 5660; x_wconf 89' lang='lat' dir='ltr'><strong>ineunte.</strong></span> <span class='ocrx_word' id='word_1_747' title='bbox 3431 5601 3589 5657; x_wconf 90' lang='lat' dir='ltr'><strong>Nunc</strong></span> <span class='ocrx_word' id='word_1_748' title='bbox 3612 5593 3692 5649; x_wconf 84' lang='lat' dir='ltr'><strong>hic</strong></span> <span class='ocrx_word' id='word_1_749' title='bbox 3719 5588 3782 5642; x_wconf 43' lang='lat' dir='ltr'><strong>l0.</strong></span> 
     </span>
    </p>
   </div>
   <div class='ocr_carea' id='block_1_119' title="bbox 2183 5671 2948 5730">
    <p class='ocr_par' dir='ltr' id='par_1_119' title="bbox 2183 5671 2948 5730">
     <span class='ocr_line' id='line_1_119' title="bbox 2183 5671 2948 5730; baseline 0 -2"><span class='ocrx_word' id='word_1_750' title='bbox 2183 5689 2287 5728; x_wconf 89' lang='lat' dir='ltr'><strong>cus</strong></span> <span class='ocrx_word' id='word_1_751' title='bbox 2318 5671 2422 5727; x_wconf 90' lang='lat' dir='ltr'><strong>PP.</strong></span> <span class='ocrx_word' id='word_1_752' title='bbox 2459 5671 2718 5728; x_wconf 88' lang='lat' dir='ltr'><strong>Minimis</strong></span> <span class='ocrx_word' id='word_1_753' title='bbox 2750 5675 2948 5730; x_wconf 87' lang='lat' dir='ltr'><strong>cessit.</strong></span> 
     </span>
    </p>
   </div>
  </div>
