3950 6218
151 368 294 433 313

1368 365 1776 433 EPISTOLJE
1816 364 1919 428 ET
1960 362 2438 432 PRIVILEGIA.

3481 376 3601 440 3H

162 504 519 581 apostolica
532 505 881 563 auctoritate
896 503 1213 562 statuimus
1232 508 1293 561 ut
1308 519 1671 578 quaecunque
1684 517 1840 559 nunc
1868 498 1924 569 Α
1953 501 2064 559 bus
2076 500 2366 578 episcopis
2388 507 2588 563 nostra
2605 502 2947 564 auctoritate
2968 506 3263 583 praecipito
3277 512 3345 567 ut
3363 508 3599 571 interim

164 595 343 653 idem
375 594 717 652 coenobium
748 594 1009 669 possidet
1034 593 1155 651 sive
1187 594 1245 650 in
1291 594 1613 651 crastinum
1664 592 1839 667 largi-

162 686 344 743 tione
369 685 736 758 principum,
756 682 1131 741 concessione
1176 683 1521 757 pontiﬁcum
1552 682 1640 739 vel
1682 681 1841 738 obla—

161 776 341 832 tione
362 772 926 847 ﬁdeliumlegitimis
943 772 1354 847 modispoterit
1374 771 1642 845 adipisci,
1674 771 1844 826 firma

167 864 287 921 tibi
326 864 571 936 tuisque
604 863 1047 920 successoribus
1077 867 1135 918 et
1165 861 1390 918 illibata
1438 862 1840 935 permaneant.

168 952 571 1011 Decernimus
601 968 740 1024 ergo
772 954 838 1007 ut
868 950 1014 1006 nulli
1046 952 1285 1008 omnino
1316 950 1622 1007 hominum
1673 949 1848 1005 liceat

170 1044 341 1101 idem
376 1040 717 1098 coenobium
743 1044 959 1097 temere
982 1040 1462 1113 perturbare,aut
1490 1040 1540 1095 ei
1575 1036 1845 1095 subditas

177 1130 603 1207 possessiones
641 1128 1169 1199 auferre,minuere
1184 1128 1272 1185 vel
1319 1127 1646 1185 temerariis
1676 1143 1841 1182 vexa-

178 1221 457 1278 tionibus
487 1218 734 1293 fatigare
760 1236 773 1286 ;
808 1218 910 1275 sed
940 1219 1141 1275 omnia
1169 1218 1393 1291 integre
1432 1218 1850 1273 conserventur

175 1328 418 1377 eorum,
453 1327 558 1384 pro
585 1325 839 1382 quorum
889 1308 1314 1364 sustentatione
1373 1325 1651 1364 concessa
1683 1310 1844 1373 sunt,

181 1401 405 1457 usibus
441 1400 769 1473 profutura,
794 1396 954 1454 salva
979 1396 1267 1452 Bisuntini
1299 1395 1717 1471 archiepiscopi
1751 1412 1848 1452 ca-

182 1489 407 1546 nonica
493 1486 836 1544 reverentia.
896 1490 1045 1542 Sane
1103 1486 1153 1547 si
1211 1485 1345 1558 quis
1404 1485 1464 1541 in
1524 1484 1849 1541 crastinum

184 1576 676 1650 archiepiscopus
717 1581 818 1631 aut
873 1576 1206 1647 episcopus,
1239 1576 1557 1647 imperator
1596 1580 1698 1631 aut
1730 1592 1848 1640 rex,

187 1669 472 1741 princeps
503 1671 607 1721 aut
663 1665 800 1731 dux,
829 1680 1024 1719 comes
1082 1669 1184 1719 aut
1207 1665 1409 1735 judex,
1444 1669 1543 1719 aut
1603 1680 1853 1736 persona

187 1755 496 1829 quaelibet,
530 1770 744 1826 magna
772 1752 857 1809 vel
891 1769 1085 1827 parva,
1120 1756 1327 1826 potens
1385 1757 1486 1809 aut
1536 1753 1847 1825 impotens,

185 1846 378 1918 hujus
408 1844 599 1902 nostri
632 1842 918 1916 privilegii
956 1841 1230 1916 paginam
1261 1843 1454 1899 sciens
1488 1848 1691 1899 contra
1720 1859 1863 1905 eam,
1882 1875 1931 1941 Β

187 1939 395 1992 tamen
429 1933 625 1990 venire
654 1931 988 1993 tentaverit.
1015 1932 1273 1987 secundo
1305 1932 1543 1988 tertiove
1592 1948 1848 1988 commo-

190 2026 381 2090 nitus,
412 2023 464 2079 si
495 2039 611 2078 non
671 2019 1071 2077 satisfactione
1126 2036 1387 2093 congrua
1434 2022 1850 2089 emendaverit,

189 2111 418 2170 Christi
449 2114 508 2167 et
539 2109 804 2167 Ecclesiae
858 2125 1099 2182 corpore
1130 2126 1264 2166 cum
1315 2111 1660 2167 auctoritate
1691 2115 1851 2184 pote-

122 2241 127 2244 α
191 2202 373 2262 statis
391 2198 727 2273 apostolica:
738 2215 1119 2273 segregamus
1135 2217 1149 2267 ;
1165 2200 1645 2259 conservautibus
1659 2205 1852 2257 autem

194 2309 313 2366 pax
340 2309 376 2347 a
407 2291 527 2347 Deo
556 2292 614 2345 et
645 2288 1049 2345 misericordia
1101 2289 1485 2360 praesentibus
1534 2307 1600 2346 ac
1642 2289 1855 2346 futuris

196 2379 437 2439 saeculis
466 2382 865 2435 conservetur.

271 2471 398 2543 Ego
429 2468 701 2525 Urbanus
730 2465 1026 2522 catholica:
1057 2466 1321 2524 Ecclesiae
1352 2467 1681 2541 episcopus.

274 2561 494 2616 Datum
542 2556 739 2613 Romae
770 2574 803 2611 v
832 2556 957 2612 Kal.
1014 2556 1146 2613 Jan.
1182 2574 1287 2630 per
1342 2574 1555 2614 manus
1611 2557 1855 2614 Joannis

203 2649 263 2704 S.
324 2648 394 2703 R.
457 2646 522 2701 E.
581 2644 869 2700 diaconus
939 2644 1279 2711 cardinalis,
1335 2662 1489 2701 anno
1542 2644 1855 2702 Dominicae

206 2733 635 2793 lncarnationis
650 2734 808 2799 1088,
823 2750 977 2789 anno
1010 2734 1384 2805 pontificatus
1402 2734 1622 2791 domini
1638 2733 1854 2791 Urbani

205 2842 369 2899 papa
394 2825 447 2881 II
468 2822 747 2881 secundo.

922 2929 1116 2984 XXIX.
1167 2941 1169 2943 ‘

207 3020 420 3081 Urbani
449 3022 501 3076 11
528 3019 758 3094 ερίξζοζιι
786 3018 856 3073 ait
886 3020 1209 3094 Raincrt'urn
1256 3019 1594 3094 (ordinatam
1628 3022 1856 3094 presby-

274 3101 476 3175 terum.
510 3089 581 3133 -—1
608 3091 782 3147 Μαιίιι
837 3089 1063 3145 mandat
1111 3090 1181 3145 ad
1230 3107 1312 3147 res
1372 3089 1702 3163 Hispanicae
1737 3089 1854 3165 sp}:-

276 3172 509 3221 stantia.

818 3251 1004 3322 (Anno
1035 3250 1219 3321 1089.)

608 3339 842 3414 [ΜΑΝεῃ
877 3340 1089 3396 Concit.
1122 3339 1264 3400 XIX.
1290 3340 1441 3411 698.]

283 3450 586 3514 Quantum
608 3446 685 3503 de
714 3445 994 3517 religione
1024 3451 1127 3502 tua
1153 3445 1533 3516 conﬁdentes,
1571 3464 1687 3520 qua
1726 3447 1860 3519 ﬁde,

212 3554 331 3611 qua
359 3535 665 3602 charitate,
690 3533 747 3589 in
785 3537 979 3607 partes
1036 3533 1169 3591 illas
1224 3535 1584 3604 reduximus,
1622 3537 1743 3609 ipse
1774 3541 1860 3604 tu,

212 3628 392 3684 frater
430 3623 833 3689 dilectissime,
873 3623 1261 3696 recognoscis.
1292 3626 1410 3698 Age
1457 3642 1592 3698 ergo
1624 3645 1727 3699 pro
1761 3645 1862 3700 spe

213 3730 393 3788 quam
405 3714 481 3771 de
500 3717 605 3767 tua
620 3712 984 3783 providentia
998 3713 1182 3784 gerim
1193 3729 1282 3780 us,
1301 3717 1358 3768 et
1372 3715 1598 3787 negotia
1617 3732 1863 3787 quaeque

212 3802 455 3877 poteris,
483 3801 729 3856 Domino
768 3800 1099 3870 adjuvante,
1140 3801 1416 3856 canonice
1445 3802 1698 3860 diffinire
1730 3821 1860 3875 pro-

213 3895 447 3958 cura,et
468 3906 537 3947 ea
557 3889 811 3945 maxime
834 3905 936 3961 pro
977 3888 1192 3961 quibus
1226 3889 1446 3946 missus
1478 3907 1560 3959 es,
1592 3891 1863 3950 videlicet

212 3999 340 4055 qua:
371 3980 525 4035 inter
544 3978 983 4035 Narbonensem
1002 3976 1327 4034 antistitem
1349 3982 1406 4035 et
1430 3982 1863 4041 Comoriensem

212 4070 487 4125 abbatem
510 4068 830 4138 jactentur.
864 4066 1118 4122 Veniens
1148 4065 1199 4122 si
1230 4067 1466 4139 quidem
1498 4070 1567 4125 ad
1602 4088 1708 4127 nos
1726 4088 1860 4129 cum

213 4157 690 4215 Barchinonense
744 4155 921 4212 fratre
978 4159 1179 4211 nostro
1225 4158 1538 4213 venerabili
1588 4161 1861 4233 episcopo

216 4240 743 4303 reverendissimus
798 4244 976 4299 frater
1015 4249 1212 4301 noster
1239 4244 1637 4305 Narbonensis
1668 4249 1862 4306 archi-

211 4335 543 4410 episcopus,
558 4340 735 4407 qu‘em
750 4333 1103 4405 jamdudum
1119 4333 1239 4390 vita
1257 4338 1314 4391 et
1334 4333 1613 4408 religione
1635 4345 1859 4410 specta-

211 4428 336 4480 tum
358 4423 672 4487 habemus,
687 4420 943 4495 plurima
955 4424 1202 4479 adversa
1214 4428 1416 4480 contra
1427 4424 1860 4486 Comoriensem

212 4514 480 4569 abbatem
503 4514 864 4584 conquestus
884 4516 993 4581 est,
1009 4511 1234 4568 scilicet
1265 4514 1419 4584 quod
1441 4515 1718 4572 ecclesias
1741 4535 1859 4574 sua:

1948 589 2330 661 Narbonensi,
2364 598 2645 668 tanquam
2692 595 2925 669 proprio
2957 599 3426 671 metropolitano,
3454 603 3598 659 obe-

1952 682 2134 752 diant,
2185 685 2387 751 donec,
2438 690 2676 758 parente
2707 686 2975 757 Domino,
3007 688 3464 750 Tarraconensis
3510 708 3602 750 re-

1954 776 2250 828 stauretur
2278 772 2558 831 ecclesia:
2584 775 2862 832 Toletano
2895 781 3113 845 autem,
3147 778 3301 835 sicut
3342 781 3600 853 primati,

1954 862 2335 918 reverentiam
2366 863 2696 931 exhibeant,
2732 865 2913 921 donec
2963 867 3361 925 Narbonensis
3413 869 3603 927 archi-

1954 950 2264 1022 episcopus
2296 968 2357 1007 se
2386 969 2588 1009 eorum
2636 954 2949 1026 primatem
3006 956 3188 1013 fuisse
3217 962 3374 1015 certa
3420 960 3608 1033 possit

1956 1040 2324 1096 auctortitate
2356 1043 2874 1098 monstrare.Novit
2903 1044 3195 1117 siquidem
3213 1050 3315 1103 tua
3336 1048 3607 1105 fraterni-

1957 1131 2047 1184 tas
2078 1127 2386 1200 primatem
2421 1146 2455 1184 a
2477 1131 2646 1187 nobis
2677 1130 3020 1190 Toletanum
3055 1134 3138 1190 sic
3163 1136 3610 1206 institutum,ut

1958 1217 2118 1272 salva
2139 1218 2257 1273 sint
2286 1220 2868 1292 metropolitanorum
2911 1222 3213 1295 privilegia
3242 1230 3601 1285 ceterorum.

1953 1306 2238 1363 Abbatem
2271 1324 2522 1380 quoque,
2550 1313 2615 1364 ut
2665 1315 2878 1366 sanctas
2909 1312 3201 1384 opinionis
3256 1316 3471 1384 virum,
3502 1319 3606 1375 ad-

1959 1397 2569 1471 moneas,praecipiens
2591 1415 2663 1455 ne
2682 1400 3069 1473 ulteriusque:
3085 1404 3436 1477 episcopalis
3449 1407 3606 1478 juris

1960 1489 2099 1542 sunt
2128 1486 2255 1542 sine
2275 1487 2532 1559 episcopi
2551 1488 2924 1545 concessione
2946 1491 3353 1563 recipiat,etde
3372 1493 3609 1567 injuriis

1961 1574 2321 1630 Narbonensi
2349 1575 2785 1648 archiepiscopo
2817 1577 2998 1634 illatis
3027 1581 3381 1655 competenti
3409 1598 3608 1641 emen-

1960 1662 2193 1717 datione
2225 1664 2545 1719 satisfaciat
2570 1682 2581 1720 :
2611 1665 2683 1719 de
2715 1670 2921 1722 cratere
2949 1673 3014 1723 ut
3052 1669 3350 1742 proprium
3379 1676 3438 1727 et
3468 1687 3609 1728 san-

1961 1754 2062 1806 etis
2089 1752 2544 1810 consecrationis
2574 1760 2903 1812 revereatur
2924 1757 3267 1827 antistitem,
3299 1763 3361 1817 et
3405 1776 3610 1834 pacem

1962 1857 2095 1896 cum
2123 1858 2189 1899 eo
2220 1842 2485 1899 fraternae
2544 1843 2847 1901 charitatis
2906 1846 3316 1905 inviolabiliter
3358 1851 3611 1909 retinere

1962 1935 2247 2002 procuret.
2279 1933 2363 1987 'I‘u
2395 1935 2591 1988 autem
2624 1933 2681 1988 in
2732 1935 3005 1991 omnibus
3037 1937 3310 1994 Romana
3358 1940 3613 1997 auctori-

1960 2020 2100 2075 tatis
2129 2037 2447 2077 memorem
2463 2026 2519 2079 te
2534 2022 2838 2089 exhibe,ut
2861 2023 3022 2079 nulla
3037 2024 3109 2081 de
3132 2030 3187 2082 te
3208 2028 3397 2100 possit
3417 2030 3611 2103 suspi-

1963 2108 2050 2165 cio
2081 2126 2399 2167 remanere.
2432 2111 2579 2178 Quia
2606 2126 2741 2169 vero
2770 2110 3166 2171 Narbonensis
3224 2117 3613 2193 archiepisco-

1963 2214 2073 2270 pus
2092 2198 2394 2271 privilegia
2422 2201 2495 2256 de
2528 2201 2781 2273 primatu
2803 2201 3108 2259 ecclesiam
3138 2220 3311 2262 suam
3334 2202 3614 2266 habuisse

1964 2289 2326 2357 memoravit,
2357 2305 2482 2361 quae
2508 2306 2541 2345 a
2570 2306 2676 2345 suo
2736 2292 3161 2363 pradecessore
3217 2295 3523 2364 translata,
3552 2315 3616 2353 se

1963 2378 2159 2431 tamen
2217 2380 2431 2450 sperat,
2487 2382 2731 2450 parante
2782 2379 3051 2449 Domino,
3111 2387 3516 2455 reperturum:
3549 2389 3615 2441 tu

1964 2480 2205 2522 causam
2234 2466 2545 2539 diligenter
2591 2467 2844 2541 inquire,
2879 2468 3225 2541 inquisitam
3256 2472 3330 2528 ad
3386 2488 3497 2530 nos
3525 2490 3616 2531 re-

1966 2555 2113 2611 ferre
2170 2572 2435 2629 procura.
2496 2552 2658 2621 Quod
2692 2557 2741 2613 si
2799 2558 3248 2631 previlegiorum
3292 2562 3616 2620 auctoritas

1966 2643 2293 2717 nequiverit
2324 2645 2582 2717 reperiri,
2614 2649 2679 2700 tu
2705 2663 2840 2702 cum
2900 2644 3264 2721 principibus
3320 2653 3487 2706 terra
3545 2652 3617 2709 de

1966 2734 2390 2790 restauratione
2410 2735 2861 2791 Tarraconensis
2882 2736 3136 2793 ecclesia:
3160 2739 3349 2795 stude.
3374 2738 3616 2797 Interim

1965 2825 2161 2879 tamen
2185 2826 2648 2880 Tarraconenses
2679 2824 2982 2898 episcopos
2997 2825 3070 2890 ei,
3091 2829 3378 2900 tanquam
3400 2834 3617 2886 metro-

1966 2903 2224 2985 politano
2256 2912 2510 2985 proprio,
2561 2913 2798 2969 obedire
2829 2914 3127 2987 praecipito
3165 2915 3438 2974 Elnensis
3460 2934 3613 2991 quo-

1967 3018 2080 3074 que
2110 3000 2363 3075 episcopi
2394 3016 2633 3059 causam
2661 3000 2972 3075 diligenter
3026 3004 3329 3078 inquirite,
3361 3011 3421 3064 et
3459 3008 3621 3065 inter

1966 3091 2401 3147 Narbonensem
2448 3091 2789 3164 eptscOpum
2842 3097 2902 3148 et
2956 3093 3152 3166 ipsum
3204 3096 3369 3167 justo
3417 3097 3620 3154 omnia

1914 3232 1931 3253 ,_
1964 3179 2189 3252 judicio
2222 3174 2489 3235 difﬁnito.
2526 3180 2682 3236 Idem
2715 3196 2947 3253 quoque
2983 3185 3040 3237 te
3070 3183 3142 3238 de
3169 3183 3473 3241 (k‘assensi
3502 3198 3618 3242 cta-

1975 3268 2146 3324 nobio
2167 3268 2319 3323 inter
2345 3267 2781 3325 Narbonensem
2814 3268 3620 3344 archiepiscopum'etmona-

1972 3358 2114 3413 chos
2144 3357 2409 3429 ejusdem
2440 3355 2687 3413 cesnobii
2716 3372 2978 3413 exercere
3007 3358 3398 3432 praecipimus.

2710 3464 2877 3526 XXX.

1975 3563 2180 3620 Urbani
2239 3563 2286 3618 ll
2336 3561 2564 3632 epistola
2620 3559 2691 3615 ad
2735 3564 3078 3633 Raynerz'um
3134 3561 3189 3618 S.
3244 3568 3309 3619 It.
3366 3565 3623 3624 Ecclesiae

2035 3634 2415 3716 ambs/terum
2445 3635 2495 3687 ετ
2525 3634 2782 3716 {smn
2819 3663 2888 3674 -
2918 3635 3081 3716 illam
3101 3636 3255 3716 ἐξητετ
3309 3638 3621 3716 caecarum

2048 3706 2502 3761 Barcinbnmcm
2534 3706 2947 3776 [Bcrtrannmn]
2976 3709 3029 3762 et
3075 3706 3399 3764 abbatemS.
3431 3706 3623 3767 Ρὸηιῑί

2045 3777 2434 3834 Tomeriemcm
2466 3776 2832 3851 [Frolardum]
2855 3776 3107 3850 judiccm
3133 3780 3430 3836 constituit.

2590 3867 2780 3936 (Anno
2806 3866 2993 3937 1089.)

2415 3954 2649 4026 [ΜΑΝει,
2684 3956 2891 4013 ϐοησίι.
2920 3954 3194 4027 XX,679.]

2040 4073 2320 4129 Haemus
2341 4086 2543 4128 servus
2574 4086 2875 4127 servorum
2907 4070 3028 4140 Dei,
3056 4071 3625 4147 Cbarissimoiatque

1969 4159 2314 4218 dulcissimo
2344 4158 2506 4215 fratri
2536 4160 2822 4231 Raynerio
2835 4163 3049 4217 sanctae
3065 4161 3622 4221 RomanzeEcelesizs

1970 4250 2307 4324 presbytero
2362 4253 2537 4321 atque
2579 4248 2789 4322 legato,
2839 4248 3090 4307 salutem
3120 4256 3177 4307 et
3234 4252 3617 4326 apostolicam

1970 4338 2459 4397 benedictionem.

2042 4429 2363 4499 Postquam
2395 4438 2425 4481 a
2458 4425 2651 4494 nobis,
2677 4426 2856 4482 frater
2874 4426 3617 4497 charissimeydiscessisti,

1971 4518 2180 4573 fratres
2210 4513 2546 4571 charissimi
2579 4514 2763 4570 nostri
2808 4514 3202 4571 Narbonensis
3263 4520 3321 4571 et
3350 4516 3620 4572 Barcino-

213 4600 497 4666 dioecesis,
521 4598 903 4657 saecularibus
932 4601 1324 4672 potestatibus
1355 4601 1558 4674 fultus,
1591 4604 1854 4677 invadat;
1887 4610 1935 4679 Β
1966 4606 2167 4663 nensis
2198 4604 2489 4661 antistites
2512 4607 2901 4676 pervenerunt
2919 4604 2993 4658 ad
3015 4620 3124 4659 nos
3146 4603 3442 4677 justitiam
3458 4605 3622 4662 sedis

213 4691 361 4760 quod
389 4688 930 4761 exeommupicatos
950 4689 1024 4745 ab
1045 4706 1111 4746 eo
1132 4689 1258 4745 sine
1280 4691 1439 4746 omni
1473 4693 1600 4763 ejus
1631 4694 1860 4752 absolu-

211 4780 364 4836 tione
379 4775 645 4850 recipiat;
661 4777 815 4849 quod
836 4776 897 4833 in
918 4777 1152 4835 Jacensi
1185 4780 1321 4835 sede
1348 4780 1473 4836 sine
1495 4781 1584 4836 sui
1616 4780 1854 4840 licentia

210 4867 772 4941 fecerit’episcopum
795 4867 1151 4935 consecrari;
1184 4869 1459 4941 quodque
1489 4871 1693 4927 auditu
1726 4872 1858 4929 hor-

213 4957 458 5014 rendum
478 4950 603 5026 ‘est,
630 4960 930 5011 mortuum
963 4956 1281 5030 quemdam
1312 4959 1423 5013 sub
1465 4960 1858 5031 anathemate,

214 5046 431 5119 abejus
461 5044 773 5102 monachis
803 5045 1254 5114 extumulatum,
1280 5051 1334 5103 et
1367 5045 1520 5105 inter
1559 5056 1858 5108 monaste-

214 5135 359 5191 rium
375 5132 742 5190 tumulatum
756 5133 1029 5190 asseruit.
1044 5136 1199 5191 Inter
1210 5141 1435 5203 caetera,
1450 5139 1857 5210 praejudicium

216 5223 319 5281 sibi
342 5224 567 5281 factum
600 5223 671 5279 de
699 5222 1221 5280 Tarraconensium
1280 5226 1684 5300 episcoporum
1716 5230 1854 5285 sub-

216 5314 490 5370 tractione
513 5326 618 5386 per
638 5311 963 5368 Romanam
1001 5312 1315 5369 Ecclesiam
1347 5314 1690 5388 suppliciter
1714 5316 1853 5374 inti-

218 5402 408 5468 mavit,
457 5400 619 5457 circa
648 5415 747 5457 eos
779 5404 842 5472 [f.
875 5388 1011 5457 cum
1036 5418 1136 5458 eos
1168 5418 1233 5457 ac
1282 5402 1478 5459 deinde
1505 5405 1853 5479 possederit]

213 5489 613 5547 Narbonensis
670 5489 1008 5562 metropolis
1041 5506 1142 5563 per
1169 5507 1355 5548 annos
1395 5492 1855 5566 quadringentos

214 5580 329 5637 'sine
385 5577 1102 5641 alteriusreelamatione
1161 5580 1323 5652 prius
1372 5580 1608 5637 sederit.
1644 5582 1855 5638 Nostra

214 5670 385 5741 igitur
414 5668 546 5723 vice
572 5665 630 5721 in
654 5667 917 5739 partibus
952 5665 1072 5724 illis
1101 5668 1373 5743 fungens,
1400 5669 1852 5728 Tarraconensi-

1966 4692 2295 4767 apostolics:
2325 4706 2504 4765 super
2533 4690 2659 4748 suis
2687 4691 3070 4763 querimoniis
3093 4692 3424 4766 ﬂagitantes
3445 4694 3505 4750 in
3527 4695 3623 4750 ab-

1964 4785 2157 4840 batem
2182 4781 2331 4837 beati
2355 4778 3023 4837 Pontii.Bareinonensis
3044 4783 3406 4854 querebatur
3421 4782 3621 4839 dicens

1973 4876 2033 4927 se
2064 4875 2195 4944 post
2225 4874 2561 4941 susceptum
2584 4868 2957 4942 episcopatus
2987 4870 3389 4927 officium'sub
3428 4884 3622 4929 manu

1966 4957 2420 5034 propr-inquieta
2450 4957 2779 5014 emnobium
2794 4958 2925 5014 {San
2934 4958 3014 5014 eti
3033 4959 3188 5015 Cucu
3198 4958 3334 5016 fatis
3354 4974 3513 5017 anno
3530 4960 3623 5016 in-

1965 5051 2223 5123 tcgro,ut
2250 5047 2504 5119 speciale
2559 5062 2680 5103 sua:
2711 5046 2977 5103 Ecclesiae
3024 5048 3375 5106 beneﬁcium
3422 5062 3624 5124 posse-

1965 5137 2123 5195 disse
2138 5136 2533 5207 abbatemque
2562 5135 2709 5192 inibi
2734 5147 2839 5206 per
2856 5150 2918 5192 se
2937 5135 3622 5202 electum,eonssntiente

1965 5233 2021 5284 et
2050 5216 2326 5283 laudante
2354 5224 2539 5297 legato
2571 5225 2843 5280 Romanis
2866 5224 3135 5281 Ecclesia:
3154 5225 3439 5293 Ricardo,
3456 5241 3625 5298 regu-

1965 5316 2166 5373 lariter
2195 5305 2399 5381 fuisse,
2431 5330 2609 5386 quem
2638 5317 2843 5387 postea
2871 5314 3269 5371 Tomeriensis
3286 5315 3473 5370 abbas
3505 5329 3625 5368 una

1963 5422 2096 5463 eum
2131 5402 2457 5469 monachis,
2489 5403 2778 5460 renitente
2825 5401 3624 5475 episcopo,violentcr'mona-

1965 5494 2140 5551 sterio
2162 5491 2511 5548 exturbavit.
2541 5492 2717 5548 Porro
2743 5508 2926 5563 quam
2951 5490 3179 5547 diversa
3208 5488 3300 5545 bis
3329 5493 3386 5545 te
3418 5487 3623 5545 adhuc

1964 5583 2272 5638 nobiscum
2298 5576 2491 5651 posito
2511 5580 2663 5635 beati
2688 5576 3489 5637 Pontiitabbas‘mwleritrtua
3506 5577 3620 5631 fra-

1964 5671 2207 5728 ternitas
2238 5668 2618 5739 recognoscit.
2650 5668 2787 5723 Tua:
2818 5684 2956 5739 ergo
2988 5665 3306 5740 prudentiae
3336 5662 3618 5727 intererit,
