3950 6218
339 373 456 439 315

333 619 395 672 et
417 594 752 672 deﬁnienda
779 608 1213 672 commisimus,
1236 619 1475 663 causam
1504 600 1657 657 hanc
1678 594 1991 666 diligenter

334 703 653 777 inquirere,
679 705 738 757 et
766 700 847 755 ita
880 697 1125 756 Domino
1171 697 1427 753 donante
1476 706 1644 763 agere
1693 703 1765 742 ne
1796 683 1989 738 locum

327 769 566 866 justitia
593 790 818 863 perdat,
854 804 992 844 neve
1041 788 1233 842 favore
1279 781 1596 853 cujuslibet
1643 779 1746 831 aut
1776 771 1896 828 zelo

337 856 562 956 partem
595 856 836 937 alteram
870 875 1288 950 supplanteris.
1335 875 1558 930 Memor
1586 873 1709 927 esto
1758 856 1987 920 consilii

339 976 495 1051 quod
522 991 556 1030 a
583 970 751 1028 nobis
769 968 875 1025 tibi
901 969 1103 1023 datum
1130 970 1216 1021 est
1240 963 1496 1029 abeunti,
1522 966 1578 1017 et
1594 959 1835 1015 consilio
1858 957 1991 1013 reli'

337 1048 634 1139 giosorum
685 1058 943 1114 virorum
997 1053 1429 1112 communicato
1482 1051 1566 1106 sic
1624 1048 1989 1120 disponenda

334 1137 599 1226 dispone,
634 1152 699 1204 ut
730 1149 994 1204 Romana
1035 1144 1280 1216 sequitas
1311 1141 1457 1198 nulli
1507 1140 1584 1196 sit
1628 1137 1985 1194 oblocutioni

333 1241 602 1311 obnoxia,
634 1239 733 1295 sed
768 1238 822 1292 in
858 1234 1133 1291 omnibus
1155 1232 1445 1304 judicium
1480 1235 1650 1284 tuum
1680 1226 1983 1283 veritatem

334 1347 657 1405 exsequens
674 1325 1044 1383 discretionis
1059 1322 1389 1396 apostolica:
1403 1320 1674 1376 semitam
1690 1334 1802 1373 non
1818 1317 1987 1373 relin-

335 1426 495 1495 quat.
524 1422 675 1476 Sane
704 1418 798 1473 his
831 1421 885 1472 te
915 1417 1253 1486 suspectum
1290 1428 1419 1466 esse
1478 1408 1707 1466 noveris
1736 1407 1876 1479 quia
1924 1406 1981 1460 in

334 1513 507 1568 domo
528 1505 841 1566 adversarii
857 1502 1321 1561 commmoraris.
1346 1503 1415 1557 Et
1428 1499 1614 1555 solent
1636 1496 1983 1570 plerumque

334 1599 527 1659 ofﬁcia
544 1616 579 1655 a
593 1598 783 1670 rigore
804 1594 1034 1650 animos
1052 1588 1611 1649 commutarePraeci
1620 1586 1816 1658 pimus
1846 1601 1980 1657 ergo

334 1688 630 1747 dilectioni
659 1690 772 1742 tum
804 1700 877 1740 ne
906 1683 1136 1739 abbatis
1165 1685 1266 1737 aut
1294 1678 1475 1735 ullius
1520 1675 1778 1731 hominis
1804 1692 1983 1731 causa

335 1779 574 1838 omittas
606 1775 747 1849 quin
778 1775 931 1830 hanc
961 1788 1201 1828 causam
1244 1767 1531 1826 sententia
1573 1762 1977 1821 irretractabili

334 1868 577 1926 omnino
605 1864 862 1932 decidas,
894 1878 1000 1918 nec
1031 1877 1230 1915 eorum
1255 1857 1511 1930 aliquem
1544 1872 1721 1927 super
1750 1854 1858 1909 hoc
1890 1853 1979 1908 ul-
2012 1872 2058 1937 Β

334 1959 519 2016 terius
549 1952 927 2029 apostolicam
974 1951 1169 2007 sedem
1203 1946 1495 2021 appellare
1544 1943 1868 2017 permittas.
1909 1943 1982 1998 De

335 2046 580 2105 ecclesia
609 2058 842 2117 quoque
900 2040 1057 2098 Beati
1116 2037 1411 2112 Sylvestri,
1445 2052 1562 2108 qua
1620 2032 1982 2089 Salmodien-

335 2154 430 2194 ses
461 2132 733 2190 monachi
766 2133 940 2187 Beato
969 2129 1118 2185 Rufo
1149 2125 1464 2184 abstulisse
1513 2124 1807 2187 dicuntur,
1853 2122 1982 2191 jus-

334 2231 460 2281 tum
479 2222 719 2281 omnino
748 2224 805 2276 et
823 2215 1243 2274 irretractabile
1264 2212 1507 2271 determi
1517 2216 1652 2267 nato
1666 2210 1981 2283 judicium.

334 2318 541 2373 Caetera
568 2312 822 2367 videnlur
851 2307 1173 2363 desiderari.

1056 2412 1241 2469 XXXI.

337 2510 547 2568 Urbani
575 2509 626 2564 II
651 2506 880 2572 epistola
908 2502 978 2559 ad
1006 2501 1332 2559 Frolardum
1378 2496 1985 2572 Tqmeriensempblga-

404 2590 529 2638 lem.
554 2569 907 2635 —-Horlatur
935 2582 995 2631 ut
1023 2574 1088 2630 de
1128 2574 1302 2629 illatis
1343 2571 1745 2643 archiepiscopo
1785 2569 1986 2624 Narbo-

402 2654 564 2708 nensi
590 2650 821 2722 injuriis
851 2647 1181 2718 satisfaciat.

963 2736 1149 2806 (Anno
1179 2733 1365 2800 4089.)

764 2825 996 2899 [MANSI,
1030 2823 1235 2879 Concil.
1266 2820 1379 2890 XX,
1409 2821 1560 2891 678.]

408 2921 689 2993 Haemus
710 2932 1039 3003 episcopus,
1065 2945 1265 2985 servus
1281 2943 1578 2984 servorum
1592 2925 1692 2981 Dei
1715 2922 1989 2980 charissi-

340 3043 436 3082 mo
462 3028 520 3080 et
549 3019 1031 3079 reverendi‘ssimo
1070 3018 1232 3075 fratri
1278 3018 1579 3074 Fao'rAnno
1627 3011 1987 3071 Tomeriensi

340 3113 539 3171 abbati
571 3111 818 3168 salutem
848 3114 906 3165 et
934 3107 1311 3182 apostolicam
1341 3104 1827 3161 benedictionem.

409 3201 721 3259 Venientes
750 3214 937 3272 nuper
980 3198 1051 3254 ad
1094 3212 1201 3254 nos
1257 3192 1721 3253 reverendissimi
1779 3192 1989 3247 fratres

339 3290 737 3350 Narbonensis
762 3306 828 3345 ac
859 3285 1306 3344 Barcinonensis
1347 3285 1641 3341 antistites
1678 3282 1989 3339 Dalmatius

338 3387 392 3439 et
420 3379 756 3439 Bcrlrandus
780 3379 1061 3435 adversus
1092 3376 1508 3432 fraternitatem
1541 3376 1703 3428 tuam
1731 3370 1986 3426 multum

340 3469 644 3544 conquesti
678 3472 832 3526 sunt.
867 3465 1264 3524 Narbonensis
1293 3464 1450 3521 enim
1480 3461 1754 3518 ecclesias
1785 3476 1923 3516 suas
1954 3475 1988 3514 a

339 3566 397 3618 te
442 3561 675 3616 invasas
706 3561 763 3615 et
808 3556 1344 3614 excommunicatos
1375 3570 1410 3609 a
1439 3556 1496 3609 te
1526 3553 1786 3623 receptos
1814 3552 1874 3605 et
1926 3548 1985 3604 in

340 3649 571 3709 Jacensi
603 3648 740 3705 sede
768 3664 871 3720 per
900 3649 958 3701 te
986 3646 1113 3701 sine
1143 3661 1252 3699 sua
1285 3640 1519 3698 licentia
1543 3639 1839 3696 asserebat
1866 3637 1987 3711 epi-

340 3754 583 3811 scopum
605 3738 1027 3792 consecratum.
1055 3734 1353 3788 Mortuum
1375 3745 1605 3802 quoque
1626 3728 1737 3784 sub
1754 3727 1989 3783 anathe—

342 3833 495 3885 mate
510 3825 828 3882 monachos
840 3827 973 3878 tuos
995 3819 1413 3882 extumulasse,
1428 3816 1651 3873 etintra
1662 3815 1987 3871 coenobium

340 3915 667 3973 tumulasse
717 3912 964 3968 dicebat.
1020 3909 1183 3973 Quod
1228 3908 1433 3963 auditu
1484 3921 1717 3978 quoque
1765 3904 1992 3959 videtur

340 4003 723 4063 horrendum.
755 4001 943 4071 Super
970 3999 1065 4055 his
1097 3996 1369 4054 omnibus
1402 3996 1449 4051 si
1480 4011 1614 4051 vera
1643 3997 1782 4050 sunt
1826 3997 1988 4048 tuam

342 4092 683 4165 religionem
713 4088 766 4145 ei
798 4102 1051 4161 congrue
1082 4085 1416 4142 satisfacere
1432 4084 1605 4158 legati
1639 4082 1823 4139 nostri
1836 4081 1992 4153 judi-

343 4183 453 4247 cio,
486 4184 544 4237 et
585 4179 658 4236 ab
688 4176 988 4233 invasione
1034 4190 1238 4231 eorum
1281 4190 1407 4247 qua:
1458 4176 1597 4229 sunt
1641 4169 1991 4245 episcopalis

335 4269 493 4342 juris
518 4268 591 4324 de
619 4269 825 4324 caetero
855 4263 1169 4330 abstinere,
1197 4266 1255 4318 et
1271 4277 1473 4335 pacem
1503 4276 1639 4316 cum
1667 4276 1735 4316 eo
1760 4259 1991 4314 ﬁrmam

342 4359 557 4416 habere
586 4360 652 4412 ut
680 4356 924 4428 dignum
956 4357 1043 4410 est
1063 4352 1227 4409 vobis
1248 4353 1630 4425 deprecamur
1657 4352 1834 4420 atque
1854 4365 1994 4419 prze~

343 4447 615 4520 cipimus.
647 4442 1092 4501 Barcinonensis
1123 4444 1400 4513 praeterea
1424 4438 1780 4511 querebatur
1807 4451 1994 4491 σαεηο-

342 4538 508 4594 bium
539 4534 734 4592 Sancti
768 4531 1085 4596 Cucufatis,
1121 4530 1277 4602 quod
1308 4528 1574 4600 suijuris
1604 4529 1712 4593 est,
1744 4528 1800 4580 te
1831 4524 1991 4578 iuva-

1639 366 1710 430 B.
1755 361 2048 431 URBANI
2094 362 2145 429 ll
2190 365 2443 429 PAPE.

337 522 430 581 cui
461 520 803 597 huiusmodi
833 515 1070 593 negotia
1095 514 1155 573 in
1181 513 1447 589 partibus
1466 508 1584 568 illis
1615 501 1987 597 discutienda
2012 502 2069 569 Α

3623 357 3744 425 316

2810 497 3031 559 XXXII.

2103 597 2308 682 Urbani
2330 598 2380 655 Il
2415 592 2760 682 cpistolauad
2806 585 3517 682 qumundu‘rumc'm‘niler‘n,
3553 585 3745 682 έῃηὶε-

2170 672 2346 727 ricum
2400 657 2780 733 vicecomilem,
2840 657 3044 719 cl'erum
3104 659 3474 734 populumque
3546 657 3746 715 Narbo-

2170 758 2411 798 "ensem.

2720 825 2906 897 (Anno
2938 821 3122 894 1089.)

2518 918 2750 989 [MANSI,
2784 913 2990 969 Concil.
3021 911 3135 978 XX,
3168 910 3317 976 678.]

2167 1009 2435 1066 Uasmcs
2467 1007 2796 1080 episcopus,
2838 1017 3040 1057 servus
3088 1012 3387 1055 servorum
3421 995 3544 1063 Dei,
3588 993 3738 1051 clero

2094 1102 2152 1156 et
2181 1098 2395 1172 p0pulo
2447 1092 2831 1160 Narbonensi,
2864 1092 3193 1147 RAYMUNDO
3230 1085 3499 1141 videlicet
3546 1082 3736 1140 comiti

2094 1171 2271 1262 atque
2296 1192 2596 1244 Arusmco
2624 1180 2946 1238 vicecomiti
2992 1175 3356 1234 charissimis
3386 1172 3546 1241 filiis,
3579 1171 3736 1228 salu-

2092 1286 2208 1337 tem
2243 1283 2299 1335 et
2328 1275 2706 1350 apostolicam
2741 1268 3223 1330 benedictionem.

2163 1368 2499 1424 Venientem
2533 1364 2604 1420 ad
2634 1378 2739 1418 nos
2770 1355 3320 1415 reverendissimum
3369 1351 3607 1408 fratrem
3639 1365 3736 1405 no-

2092 1461 2280 1513 strum
2294 1451 2994 1518 Dalmatium,vestratem
3015 1438 3738 1514 archiepiscOpum,debita

2089 1545 2461 1603 veneratione
2484 1539 2878 1612 suscepimus,
2901 1536 3147 1608 ejusque
3168 1531 3520 1604 probitatem
3545 1530 3602 1583 et
3621 1525 3740 1581 reli-

2090 1636 2323 1709 gionem
2350 1631 2705 1704 jamdudum
2738 1630 3142 1701 agnoscentes,
3200 1621 3395 1693 ipsum
3444 1613 3735 1673 dilectioni

2087 1727 2293 1780 vestrae
2323 1719 2654 1795 apostolica:
2690 1716 2847 1772 sedis
2877 1712 3142 1786 apicibus
3172 1704 3733 1765 commendavimus.

2090 1815 2206 1870 Vos
2240 1791 2438 1884 itaque
2467 1810 2517 1866 ei
2554 1813 2619 1864 ut
2650 1805 2860 1862 dilecto
2890 1808 2949 1860 et
3005 1797 3290 1856 catholico
3324 1795 3502 1863 Patri,
3552 1791 3742 1849 dilecti

2094 1902 2220 1969 ﬁlii,
2254 1882 2502 1964 obedite,
2538 1893 2919 1953 reverentiam
2949 1895 3007 1948 et
3030 1887 3289 1945 debitam
3322 1882 3740 1957 subjectionem

2093 1998 2158 2049 ut
2186 1990 2407 2048 domini
2427 1987 2640 2044 vicario
2667 1985 2724 2039 in
2744 1982 3022 2040 omnibus
3041 1977 3326 2041 exhibete,
3343 1973 3604 2030 decimas
3627 1970 3743 2026 uni-

2093 2082 2305 2152 cuique
2337 2076 2592 2134 ecclesiaa
2624 2073 2981 2147 pertinentes
3012 2084 3080 2124 ex
3137 2067 3363 2138 integro
3416 2061 3658 2127 reddite,
3688 2063 3741 2115 et

2094 2147 2457 2243 quaecunque
2498 2160 2846 2237 episcopalis
2892 2156 3136 2231 justitize
3169 2158 3327 2222 sunt,
3359 2151 3592 2225 integra
3635 2147 3738 2206 sibi

2094 2260 2449 2316 conservate.
2484 2235 2619 2321 Qua;
2675 2256 2873 2307 autem
2905 2246 3069 2303 vobis
3119 2262 3187 2300 ex
3216 2241 3465 2298 Domino
3523 2235 3737 2301 dixerit,

2094 2350 2296 2405 devote
2327 2363 2393 2402 ac
2423 2345 2674 2400 libenter
2727 2337 2923 2396 audite
2962 2338 3020 2392 et
3077 2332 3327 2390 obedite.
3362 2329 3475 2385 Pro
3521 2326 3739 2383 Christo

2094 2438 2251 2495 enim
2284 2433 2572 2508 legatione
2602 2429 2869 2501 fungitur
2922 2425 3075 2481 inter
3116 2438 3220 2478 vos
3277 2420 3594 2476 obsecrans
3643 2430 3739 2486 pro

2094 2525 2326 2582 Christo
2344 2503 2422 2578 ut
2460 2515 2914 2577 reconciliemini
2965 2518 3097 2569 Deo.
3144 2512 3345 2583 Ipsum
3406 2522 3545 2581 ergo
3600 2503 3742 2560 sicut

2094 2613 2393 2671 Christum
2434 2610 2740 2667 audientes
2787 2609 2844 2662 et
2872 2604 3228 2660 honorantes
3286 2612 3487 2653 mores
3528 2597 3739 2650 vestros

2094 2703 2388 2776 corrigite,
2423 2718 2456 2757 a
2482 2698 2639 2755 vitiis
2660 2695 2971 2763 abstinete,
3000 2693 3111 2748 Deo
3133 2690 3192 2743 in
3221 2686 3502 2743 omnibus
3524 2682 3739 2756 placere

2095 2796 2313 2850 curate.
2347 2790 2408 2846 Si
2438 2788 2594 2845 enim
2627 2787 2742 2843 Deo
2772 2783 2998 2857 placere
3039 2776 3408 2843 studueritis,
3456 2776 3736 2847 pastorem

2096 2882 2351 2956 profecto
2382 2879 2496 2935 Deo
2528 2876 2851 2950 placentem
2881 2868 3196 2934 habebitis,
3218 2870 3277 2922 et
3305 2879 3609 2921 summum
3640 2877 3736 2934 pro

2093 2950 2257 3028 vobis
2278 2969 2542 3041 judicem
2571 2961 2972 3036 interpellans,
3004 2956 3118 3014 nisi
3147 2960 3341 3011 vestra
3371 2951 3587 3009 delicta
3630 2950 3739 3004 im-

2095 3038 2354 3135 pediant,
2386 3053 2681 3129 ecpiosius
2737 3049 3027 3107 audietur.
3063 3045 3157 3102 Eis
3214 3047 3412 3099 autem
3465 3038 3566 3113 qui
3595 3038 3738 3094 bona

2094 3128 2490 3207 Narbonensis
2522 3142 2790 3200 Ecclesia
2820 3138 3041 3208 injuste
3072 3132 3336 3191 detinent
3364 3135 3427 3187 et
3472 3128 3739 3185 violenter

2017 3242 2060 3311 C
2100 3239 2393 3305 auferunt,
2423 3231 2841 3291 denuntiamus
2870 3226 2928 3282 in
2962 3222 3201 3280 nomine
3242 3218 3475 3276 Domini
3524 3217 3654 3275 Jesu
3686 3218 3738 3270 et

2096 3325 2417 3401 apostolica
2447 3318 2793 3379 auctoritate
2825 3312 3198 3389 praecipimus
3229 3313 3523 3383 quatenus
3551 3308 3649 3361 aut
3674 3319 3738 3358 ea

2096 3391 2529 3487 archiepiscopo
2560 3409 2827 3473 reddant,
2862 3408 2963 3461 aut
2992 3405 3230 3475 pactum
3261 3414 3399 3454 cum
3426 3413 3492 3453 eo
3525 3393 3637 3451 tale
3660 3391 3738 3447 fa-

2096 3504 2273 3571 ciant,
2299 3484 2454 3575 quod
2477 3498 2590 3572 ipsi
2614 3496 2830 3553 debent
2848 3491 3232 3565 complacere,
3255 3504 3327 3543 ne
3351 3486 3510 3575 bona
3532 3484 3739 3555 injuste

2096 3571 2434 3659 detinendo,
2456 3571 2518 3646 et
2533 3584 2845 3643 auferendo
2864 3587 3114 3648 terrena,
3139 3582 3197 3634 et
3216 3576 3427 3633 animus
3451 3571 3740 3629 incurrant

2097 3681 2424 3757 periculum
2454 3682 2512 3734 et
2539 3675 2706 3733 bonis
2740 3673 3042 3747 priventur
3064 3666 3317 3724 eternis.
3343 3662 3508 3732 Quod
3538 3661 3587 3718 si
3618 3673 3739 3715 nos-

2096 3751 2187 3829 tra
2225 3771 2512 3844 pracepta
2557 3760 3034 3835 contempserint.
3096 3772 3231 3813 cum
3254 3754 3475 3844 iterata
3523 3751 3593 3807 ad
3639 3763 3737 3844 nos

2098 3857 2336 3934 querela
2355 3853 2702 3930 pervenerit,
2736 3867 2843 3906 nos
2869 3860 3161 3906 canonum
3211 3842 3497 3899 ultionem
3538 3841 3593 3894 et
3619 3835 3737 3909 gla-

2098 3951 2261 4006 dium
2292 3944 2534 4020 spiritus
2565 3955 2907 4006 exeremus;
2940 3934 3277 3993 obedientes
3325 3946 3463 3986 vero
3510 3923 3736 3984 monitis

2099 4036 2316 4095 nostris
2350 4030 2751 4091 misericordia
2781 4027 2977 4084 divina
3007 4020 3317 4080 custodiat.

2811 4131 3048 4189 XXXIII.

2104 4231 2308 4291 Urbani
2335 4231 2386 4285 II
2408 4241 2570 4300 papae
2595 4224 2826 4300 epistola
2866 4221 2937 4277 ad
2981 4220 3187 4300 clerum
3231 4219 3283 4271 el
3322 4214 3553 4300 plebem“

2172 4278 2507 4358 ncnsemf—r
2517 4278 2990 4367 chlziep'iscopum
3019 4278 3371 4367 Viennensefn
3390 4278 3731 4367 com'r‘neudqt,

2171 4349 2500 4445 Eiiir'ééi'pa
2517 4349 3053 4445 ὦέᾇ-ἶθζςιίιᾶαηίιεζ
3076 4374 3201 4445 φωρ
3492 4349 3733 4445 poclum

2180 4430 2492 4503 Viennensis
2521 4439 2748 4496 Ataldus
2778 4430 3108 4508 praepositus
3136 4430 3524 4502 dissipaveral.

2730 4527 2913 4597 (Anno
2947 4521 3131 4592 1089.)

344 4627 516 4683 dente
545 4623 846 4681 sublatum
877 4596 1181 4677 monachis
1204 4596 1488 4674 violenter
1515 4614 1774 4687 expulsis
1799 4630 1813 4681 ;
1839 4611 1947 4667 ide:

2129 4624 2191 4680 D.
2225 4622 2519 4687 Βουουετ,
2546 4615 2805 4697 _I_tecueil,
2835 4617 2878 4669 t.
2914 4610 3078 4697 _x1v,
3112 4607 3329 4697 p.991‘,
3374 4622 3445 4662 ex
3490 4596 3728 4658 Bibliolh.

343 4715 522 4772 etiam
552 4714 624 4769 de
650 4708 912 4768 cmnobio
942 4708 1130 4766 sancti
1161 4705 1456 4763 Laurentii
1481 4706 1699 4760 factum
1724 4698 1990 4758 astruxit.

345 4802 492 4868 Quia
518 4802 700 4875 igitur
726 4802 784 4856 et
806 4798 895 4855 vir
914 4796 1050 4854 talis
1071 4800 1160 4853 est
1176 4811 1408 4851 morum
1431 4792 1716 4867 dignitate
1735 4795 1793 4847 et
1810 4790 1998 4863 ponti-

346 4890 501 4948 ﬁcali
531 4889 720 4964 gratia
747 4891 816 4944 ut
856 4887 905 4944 ci
965 4885 1295 4942 discredere
1338 4900 1451 4939 non
1502 4881 1820 4955 possimus,
1852 4882 1909 4935 et
1930 4882 1993 4934 tu

347 4978 488 5036 olim
516 4977 686 5035 nobis
716 4976 884 5032 aliter
932 4972 1203 5039 retulisti,
1244 4987 1432 5027 causa:
1480 4970 1663 5042 hujus
1696 4967 1993 5039 judicium

348 5064 753 5126 irretractabili
787 5061 1076 5119 sententia
1109 5059 1548 5117 terminandum
1574 5057 1763 5131 legato
1794 5059 1994 5113 nostro

351 5156 783 5219 mandavimus,
817 5156 874 5207 et
901 5156 958 5206 te
984 5150 1038 5206 ei
1062 5148 1289 5221 judicio
1324 5147 1596 5205 volumus
1642 5145 1899 5211 obedire,
1931 5147 1996 5200 ut

350 5261 541 5318 neque
589 5248 676 5310 tu,
736 5255 925 5311 neque
982 5237 1081 5295 ille
1139 5237 1386 5293 ulterius
1433 5251 1612 5308 super
1654 5235 1767 5289 hoc
1797 5233 1995 5289 sedem

350 5332 732 5409 apostolicam
763 5326 1183 5401 permittamini
1230 5324 1542 5398 appellare.
1583 5324 1862 5378 Praeterea
1905 5337 1997 5375 ro-

352 5407 561 5497 ganter
589 5433 886 5491 rogamus,
918 5414 1420 5488 quemadmodum
1451 5413 1524 5467 de
1542 5415 1646 5466 tua
1676 5407 1913 5481 speciali
1943 5412 2000 5463 et

351 5506 627 5570 familiari
656 5505 932 5580 religione
957 5503 1331 5569 conﬁdimus,
1353 5505 1420 5557 ut
1438 5498 1874 5556 Narbonensem
1896 5512 2000 5551 an-

352 5598 600 5658 tistitem
627 5595 781 5653 sicut
807 5592 1110 5667 proprium
1137 5597 1197 5649 et
1215 5593 1448 5649 Patrem
1478 5585 1845 5658 spiritualem
1877 5601 1999 5640 res-

355 5690 530 5763 pectu
560 5686 688 5757 ejus
719 5685 889 5757 cujus
917 5680 1040 5741 vice
1070 5681 1337 5753 fungitur
1357 5673 1669 5732 reverearis
1691 5679 1747 5733 et
1767 5672 1998 5745 diligas.

2538 4688 2768 4745 Floriac.
2792 4677 2965 4757 parte
2995 4677 3077 4749 in,
3108 4677 3166 4754 ᾖ).
3193 4677 3309 4749 76.)

2176 4783 2454 4840 υιωΑΝυε
2475 4777 2806 4850 episcopus,
2831 4789 3033 4829 servus
3055 4753 3357 4826 servorum
3377 4762 3500 4830 Dei,
3524 4753 3730 4816 dilectis

2102 4873 2258 4941 ﬁliis,
2292 4870 2445 4928 clero
2476 4872 2535 4924 et
2564 4863 2752 4922 ordini
2784 4860 3126 4926 monastico,
3160 4873 3268 4913 nec
3299 4872 3415 4912 non
3454 4845 3731 4907 nobilibus

2101 4966 2159 5020 et
2187 4960 2342 5036 plebi
2371 4957 2650 5013 Viennnae
2682 4949 3162 5014 consistentibus,
3195 4944 3446 5002 salutem
3475 4941 3533 4996 et
3576 4947 3730 5007 apos-

2102 5050 2335 5110 tolicam
2369 5042 2858 5104 benedictionem.

2176 5138 2329 5195 Beati
2358 5134 2510 5193 Petri
2541 5132 2751 5199 tilium,
2784 5131 3054 5185 nostrum
3076 5128 3272 5182 autem
3306 5121 3560 5180 fratrem,
3581 5121 3731 5189 venej

2105 5226 2347 5285 rabilem
2385 5228 2560 5296 atque
2616 5218 3029 5276 charissimam
3084 5209 3582 5284 archiepiscOpum
3615 5211 3726 5295 ves-

2103 5312 2621 5381 trum,venientem
2645 5309 2716 5363 ad
2741 5323 2847 5363 nos
2864 5319 3124 5376 congrua
3147 5296 3467 5358 reverentia
3484 5296 3540 5349 et
3551 5284 3728 5381 debita

2107 5401 2413 5461 dulcedine
2442 5397 2744 5457 cbaritatis
2781 5374 3136 5467 excepimus.
3170 5388 3317 5457 Quia
3342 5400 3473 5443 vero
3506 5374 3724 5467 antehac

2107 5459 2276 5550 nobis
2298 5490 2443 5548 facie
2462 5489 2699 5562 ignotus
2717 5459 3039 5550 exstiterat,
3058 5496 3291 5537 morum
3310 5471 3659 5560 honestatem
3676 5459 3727 5557 et

2106 5546 2753 5652 indolisvejusuegregia
2800 5546 3060 5630 volentes
3091 5566 3444 5627 industriam
3480 5546 3727 5652 experiri,

2111 5668 2418 5730 nobiscum
2439 5684 2573 5725 eum
2592 5662 2935 5739 aliquandiu
2952 5656 3316 5736 propensiori
3334 5648 3623 5712 atfectione
3640 5638 3731 5694 du-
