3950 6218
316 388 438 451 31³7

1503 378 1910 458 aptemus
1950 393 2051 458 ET
2092 391 2572 459 PRIVILEGIA.

3614 400 3733 469 3l8

316 522 519 578 ximus
551 519 957 581 detinendum.
994 526 1223 583 Gratias
1245 535 1440 584 autem
1458 527 1594 597 D605
1612 527 1825 600 quiain
1848 532 1982 584 eoet
2009 532 2065 596 Α
2093 528 2488 601 apostolorum
2505 530 2833 605 principum
2859 531 3007 589 Petri
3030 533 3258 592 etPauli
3286 537 3729 613 speculapositi,

276 612 289 619 “
317 613 587 671 scientia
616 632 885 688 saporem
917 620 973 672 et
989 616 1311 673 honestatis
1329 617 1563 673 odorem
1595 616 1980 673 bonuminve-

317 703 542 760 nimus.
585 703 816 760 Merum
868 704 1049 778 igitur
1090 706 1218 777 ejus
1268 706 1624 773 maturitate,
1676 705 1976 761 industria

316 793 636 866 probitate,
671 794 972 867 animique
1004 796 1315 867 prudentia
1343 795 1665 868 plurimum
1686 794 1974 861 delectati,

317 899 453 937 cum
479 882 609 954 jam
642 884 714 939 de
745 884 920 940 charo
946 884 1291 951 chariorem,
1324 887 1395 941 de
1425 884 1695 940 familiari
1727 884 1975 939 familia-

317 972 536 1033 riorem
599 973 921 1042 effecimus,
984 975 1127 1030 adeo
1160 979 1223 1029 ut
1279 974 1488 1029 dehinc
1532 991 1643 1029 non
1694 978 1975 1045 tanquam

316 1060 580 1130 Gallum,
615 1063 717 1117 sed
750 1065 1033 1135 tanquam
1059 1064 1387 1120 Romanum
1421 1064 1479 1118 in
1514 1064 1776 1118 Romana
1814 1062 1978 1118 curia

316 1150 863 1207 censeamus.Unde
893 1155 949 1207 et
978 1156 1360 1209 revertentem
1393 1153 1464 1208 ad
1499 1169 1601 1207 vos
1632 1151 1847 1207 nostris
1874 1150 1974 1206 lit-

316 1240 462 1295 teris
495 1240 814 1313 prosecuti,
849 1241 1116 1297 charitati
1148 1246 1350 1297 vestra
1370 1240 1647 1297 attentius
1679 1257 1973 1296 commen-

316 1330 558 1397 damus,
591 1335 657 1385 ut
688 1331 787 1403 qui
820 1347 923 1402 per
952 1347 1012 1386 se
1030 1329 1193 1386 vobis
1209 1330 1422 1387 charus
1441 1331 1724 1387 hactenus
1746 1335 1977 1386 etvene-

316 1418 527 1475 rabilis
558 1418 798 1475 habitus
856 1424 963 1488 est,
1024 1437 1127 1493 per
1166 1437 1272 1477 nos
1328 1421 1603 1493 deinceps
1635 1420 1865 1475 charior
1920 1425 1976 1475 et

313 1507 713 1564 venerabilior
740 1508 1043 1565 habeatur.
1076 1509 1191 1565 Nos
1221 1508 1375 1565 enim
1393 1525 1525 1564 cum
1554 1525 1657 1581 pro
1687 1507 1974 1581 generalis

315 1597 619 1670 aequitatis
650 1598 866 1665 debito,
900 1603 1040 1654 tunc
1071 1614 1174 1670 pro
1198 1598 1432 1669 speciali
1464 1599 1592 1669 ejus
1644 1597 1972 1666 dilectione,

314 1687 613 1763 quidquid
645 1687 903 1754 honoris,
930 1687 1215 1759 quidquid
1239 1688 1974 1760 dignitatis,antecessores

313 1776 505 1833 nostri
536 1776 776 1831 Vienna
808 1776 1078 1832 Ecclesia
1116 1775 1508 1842 contulerunt,
1568 1776 1815 1831 Domino
1858 1776 1972 1831 lar-

2087 620 2329 675 Domino
2359 619 2722 694 disponente.
2755 621 3081 690 existimus,
3101 626 3256 698 quod
3280 624 3456 701 igitur
3486 632 3734 688 necessi-

2085 709 2306 766 tatibus
2330 710 2766 783 peregrinorum
2798 712 3081 769 charitate
3112 715 3309 771 debita
3338 719 3727 790 providentes,

2085 797 2434 869 hospitalem
2452 801 2714 870 domum,
2722 803 2745 874 j
2758 807 2894 859 uxta
2906 807 3134 876 portam
3148 808 3351 861 vestra
3365 806 3732 868 Pistoriensis

2088 888 2269 953 urbis,
2329 906 2456 961 qua
2511 894 2567 944 Β.
2602 891 2755 946 Petri
2810 892 3044 960 dicitur,
3103 895 3417 965 adiuvante
3463 898 3731 965 Domino,

2083 976 2291 1031 vestris
2322 976 2607 1050 impensis
2623 972 3125 1048 adificastis;inos,
3158 988 3333 1055 prout
3354 985 3599 1059 dignum
3623 993 3731 1051 est.

2044 1082 2049 1085 ί
2085 1070 2277 1120 vestru
2289 1084 2342 1120 m
2358 1068 2619 1123 studium
2634 1068 3058 1137 collaudamus,
3074 1075 3494 1147 prasentisque
3506 1078 3731 1150 pagina

2086 1155 2427 1211 auctoritate
2452 1158 2822 1215 decernimus
2852 1162 2917 1214 ut
2944 1160 3325 1229 decimarum,
3356 1180 3483 1235 qua
3513 1166 3677 1221 vobis
3699 1184 3733 1222 α

2084 1243 2298 1315 populo
2329 1245 2561 1313 dantur,
2598 1263 2731 1318 pars
2761 1247 3008 1316 decima,
3040 1249 3374 1308 etlaborum
3400 1258 3729 1311 vestrorum

2086 1332 2329 1395 decima,
2365 1336 2913 1406 quemadmoduma
2941 1337 3104 1394 vobis
3122 1341 3481 1398 unanimiter
3510 1348 3729 1401 eststa-

2083 1423 2495 1487 tutum,eidem
2512 1425 2785 1497 hospitali
2804 1427 3002 1483 domui
3018 1429 3294 1502 deinceps
3308 1430 3365 1486 in
3383 1438 3728 1505 perpetuum

2083 1512 2474 1568 conferantur.
2508 1514 2789 1570 Praterea
2817 1516 3135 1588 apostolica
3164 1520 3506 1577 auctoritate
3535 1539 3730 1579 cense-

2082 1617 2217 1656 mus
2249 1607 2315 1658 ut
2344 1619 2703 1675 quacunque
2723 1603 2894 1661 hodie
2923 1606 3125 1662 eadem
3163 1607 3470 1680 hospitalis
3516 1611 3729 1667 domus

2073 1692 2235 1762 juste
2262 1692 2540 1763 possidet,
2574 1693 2692 1749 sive
2723 1694 2781 1748 in
2796 1694 3118 1751 crastinum
3137 1698 3510 1755 concessione
3540 1702 3729 1771 ponti-

2084 1780 2280 1845 ﬁcum,
2317 1781 2620 1853 largitione
2652 1784 3111 1857 principum,vel
3142 1784 3434 1841 oblatione
3466 1787 3727 1845 ﬁdelium

311 1865 532 1939 giente,
556 1866 792 1920 firmum
811 1864 1673 1938 perpetuumqueservabimus.
1713 1870 1785 1919 De
1803 1865 1971 1921 bonis
2005 1903 2050 1967 Β
2082 1870 2235 1941 iuste
2261 1874 2436 1941 atque
2489 1872 2763 1928 canonice
2814 1872 3025 1945 poterit
3080 1873 3347 1947 adipisci,
3381 1876 3550 1933 ﬁrma
3591 1878 3641 1934 ei
3674 1882 3731 1933 et

311 1959 516 2011 autem
536 1953 805 2010 Ecclesia
831 1959 1051 2023 vestra,
1069 1972 1193 2027 qua
1223 1953 1468 2009 Ataldus
1486 1953 1834 2027 prapositus
1852 1954 1970 2009 dis-

313 2044 551 2116 sipavit,
582 2048 646 2099 ut
678 2041 737 2098 in
768 2044 1031 2113 ejusdem
1082 2042 1499 2114 archiepiscopi
1552 2060 1762 2098 manus
1803 2043 1973 2098 resti-

312 2137 566 2188 tuantur
594 2132 835 2188 omnino
865 2132 1256 2204 praecipimus;
1286 2132 1334 2187 si
1366 2133 1463 2203 qui
1499 2148 1628 2186 vero
1668 2137 1971 2187 contuma-

312 2222 461 2278 citer
489 2222 645 2277 bona
656 2222 859 2277 eadem
875 2219 1969 2293 retinereprasumpserint,apostolica

312 2310 576 2384 profecto
600 2309 846 2382 justitia
904 2310 1157 2367 sentient
1214 2308 1520 2365 ultionem.
1584 2309 1782 2381 Neque
1812 2309 1967 2365 enim

312 2399 712 2457 Viennensem
766 2399 1084 2455 Ecclesiam
1140 2398 1398 2470 antiquis
1456 2399 1626 2454 bonis
1684 2398 1967 2464 minuere,

315 2490 420 2547 sed
449 2505 554 2563 per
582 2488 684 2544 Dei
715 2488 966 2561 gratiam
998 2504 1340 2544 conservare
1371 2493 1426 2543 (t
1468 2504 1700 2560 augere,
1733 2487 1970 2560 justitia

315 2578 593 2647 dictante,
629 2577 1021 2650 disponimus.
1056 2577 1438 2650 Omnipotens
1496 2577 1651 2633 Deus
1697 2577 1966 2650 potentiae

314 2685 436 2724 sua
468 2668 708 2724 dextera
737 2667 980 2723 interius
1011 2684 1111 2723 vos
1134 2666 1507 2737 exteriusque
1538 2665 1848 2723 custodiat.

1033 2783 1266 2839 XXXIV.

312 2875 525 2932 Urbani
566 2888 733 2945 papa
777 2875 828 2930 II
862 2873 1094 2945 epistola
1136 2872 1219 2945 ad
1272 2870 1651 2944 su/fi'agaizcos
1712 2872 1965 2945 Ecclesia

380 2944 731 3002 Arelatensis.
794 2944 919 3000 me
967 2944 1240 3016 signiﬁcat
1284 2951 1495 2998 extorta
1552 2959 1621 2997 ea:
1679 2944 1963 2999 Gm'bz’lino

379 3020 627 3089 episcopo
648 3019 967 3088 juramcnta
994 3018 1159 3089 irrita
1187 3033 1221 3069 (ι
1248 3030 1305 3069 se
1330 3016 1477 3085 facta
1507 3030 1650 3077 esse;
1679 3031 1839 3085 quem
1868 3017 1965 3087 qui

377 3088 642 3162 ceperint,
672 3105 760 3145 eos
787 3090 1020 3159 infames
1040 3088 1300 3141 declarat.

811 3172 999 3245 (Circa
1028 3191 1247 3231 annum
1276 3174 1460 3235 4089.)

740 3267 971 3337 [Musa
990 3266 1195 3335 Concil.
1224 3264 1335 3335 XX,
1365 3263 1519 3335 700.]

382 3385 664 3441 Haemus
694 3383 1026 3456 episcopus,
1060 3396 1262 3436 servus
1280 3396 1574 3435 servorum
1593 3378 1716 3445 Dei,
1753 3378 1959 3433 suifra-

316 3472 521 3546 ganeis
551 3469 822 3528 Ecclesia
851 3468 1207 3525 Arelatensis
1228 3466 1474 3523 salutem
1494 3471 1552 3523 et
1579 3466 1958 3539 apostolicam

308 3562 801 3625 benedictionem.

379 3652 487 3709 Illa
515 3650 717 3709 omnia
770 3650 1135 3705 sacramenta
1190 3662 1315 3718 qua
1363 3645 1644 3700 adversus
1690 3645 1957 3701 Ecclesia

296 3742 596 3817 justitiam
625 3744 801 3812 atque
830 3736 1172 3810 religionem
1201 3734 1491 3791 confrater
1516 3734 1849 3791 Guibilinus
1868 3753 1957 3791 ar-

304 3832 719 3906 chiepiscopus
774 3832 966 3883 vester
1002 3823 1220 3880 invitus
1252 3828 1308 3880 et
1337 3824 1612 3879 omnibus
1647 3825 1837 3880 modis
1867 3841 1955 3880 co-

302 3926 472 3979 actus
508 3921 748 3992 jurasse
795 3915 1187 3990 cognoscitur,
1239 3914 1397 3986 quia,
1432 3918 1514 3967 ~ut
1554 3913 1952 3985 praediximus,

299 4013 418 4069 Deo
448 4015 508 4067 et
531 4006 802 4066 Ecclesia
852 4002 1368 4060 constitutionibus
1402 4004 1805 4069 adversantur,
1855 4003 1951 4058 de-

299 4100 438 4157 creti
472 4097 659 4155 nostri
682 4094 1027 4152 auctoritate
1050 4091 1464 4148 irritaomnino
1496 4106 1624 4146 esse
1643 4107 1952 4147 censemus

298 4194 356 4247 et
383 4185 715 4245 Arelatensi
745 4182 1012 4240 Ecclesia
1035 4184 1328 4237 annuente
1376 4179 1625 4235 Domino
1675 4184 1952 4252 perpetuo

297 4264 643 4352 permanere
672 4272 1065 4329 decernimus.
1085 4270 1196 4325 Eos
1230 4273 1423 4324 autem
1458 4268 1558 4340 qui
1610 4269 1949 4341 pradictum

296 4369 487 4424 virum
518 4369 759 4439 captum
793 4360 1005 4436 gladiis
1036 4364 1091 4416 et
1119 4358 1518 4415 membrorum
1557 4358 1949 4414 detruncatio-

297 4457 472 4514 nibus
502 4456 896 4529 perterrentes
926 4448 1196 4507 nefandis
1227 4446 1610 4505 sacramentis
1651 4448 1779 4503 ausi
1812 4452 1950 4504 sunt

296 4546 624 4621 implicare,
658 4543 910 4598 infames
942 4539 1002 4595 in
1054 4542 1399 4611 perpetuum
1432 4552 1562 4592 esse
1607 4537 1945 4604 sancimus;

2083 1958 2308 2015 illibata
2324 1968 2723 2032 permaneant.
2740 1961 3118 2018 Decernimus
3130 1980 3266 2037 ergo
3280 1981 3350 2021 ne
3364 1963 3467 2021 ulli
3490 1967 3729 2024 omnino

2081 2046 2386 2104 hominum
2419 2049 2588 2105 liceat
2607 2052 2874 2107 eamdem
2890 2052 3131 2107 domum
3149 2056 3367 2109 temere
3389 2056 3729 2127 perturbare

2081 2142 2180 2193 aut
2209 2138 2362 2193 infra
2391 2155 2517 2194 eam
2552 2140 2807 2212 aliquem
2840 2147 3181 2214 capere,aut
3210 2142 3294 2197 eis
3318 2144 3587 2200 subditas
3600 2162 3729 2218 pos-

2079 2226 2370 2283 sessiones
2392 2230 2639 2296 auferre,
2666 2229 2949 2296 minuere,
2980 2230 3070 2287 vel
3101 2231 3426 2289 temerariis
3474 2236 3727 2292 vexatio-

2080 2316 2254 2371 nibus
2287 2316 2547 2389 fatigare.
2594 2318 2706 2373 Sed
2748 2320 2946 2375 omnia
3001 2320 3232 2393 integra
3287 2327 3724 2394 conserventur,

2078 2421 2278 2460 eorum
2313 2422 2414 2478 pro
2475 2423 2723 2478 quorum
2782 2408 3224 2464 conservatione
3282 2426 3561 2467 concessa
3590 2418 3729 2468 sunt

2077 2493 2304 2561 usibus,
2335 2511 2653 2566 eorumque
2683 2495 2856 2553 saluti
2890 2496 2990 2569 qui
3031 2497 3351 2553 obtulerint
3396 2500 3723 2571 profutura.

2075 2582 2350 2653 Ejusdem
2374 2582 2594 2639 tenoris
2608 2583 2978 2657 privilegium
2990 2584 3483 2657 caterisquoque,
3506 2588 3605 2659 qui
3625 2606 3728 2661 per

2073 2676 2265 2727 vestru
2276 2688 2329 2727 m
2344 2672 2745 2745 episcopatum
2759 2672 3313 2745 sunt,hospitalibue
3327 2673 3723 2749 indulgemus,

2073 2760 2123 2814 ei
2156 2760 2440 2826 videlicet,
2477 2778 2602 2833 qua
2626 2762 2791 2833 juxta
2821 2761 3033 2817 Villam
3065 2764 3410 2829 Quarratam
3439 2769 3531 2820 est
3551 2766 3727 2821 adiﬁ-

2072 2854 2221 2914 cata,
2253 2849 2302 2904 ei
2319 2867 2445 2922 qua
2450 2851 2622 2921 juxta
2632 2850 2936 2923 Capariam
2952 2851 3255 2923 oppidum,
3270 2852 3320 2905 ei
3336 2868 3463 2924 qua
3484 2852 3543 2909 in
3558 2858 3724 2926 prato

2070 2938 2227 3009 quod
2259 2939 2477 2994 dicitur
2504 2938 3009 3012 Episcopi,eiqua
3031 2940 3202 3011 juxta
3230 2938 3423 2995 locum
3456 2940 3563 3012 qui
3581 2942 3723 2999 dici-

2069 3032 2166 3081 tur
2195 3028 2348 3083 Crux
2379 3027 2808 3093 Brandelliana,
2841 3029 2892 3085 ei
2935 3044 3168 3100 quoque
3202 3045 3329 3101 qua
3378 3030 3438 3085 in
3474 3029 3722 3089 Blisceto

2069 3116 2276 3171 vestris
2290 3116 3216 3189 studiisimpensisqueadiﬁcata
3227 3121 3334 3173 est.
3361 3118 3496 3183 Qua
3516 3124 3721 3177 vestra

2067 3202 2150 3257 illi
2177 3207 2345 3273 juxta
2376 3209 2602 3276 portam
2664 3206 2721 3261 S.
2757 3206 2908 3261 Petri
2965 3206 3167 3261 domui
3226 3206 3521 3278 hospitali,
3569 3208 3723 3265 sicut

1990 3273 2033 3340 C
2071 3290 2242 3346 hodie
2273 3273 2393 3359 est,
2414 3293 2469 3346 in
2486 3297 2831 3365 perpetuum
2859 3294 3120 3364 subjecta
3137 3309 3265 3350 esse
3294 3273 3597 3365 praesentis
3624 3314 3722 3353 au-

2071 3381 2339 3436 ctoritate
2353 3381 2575 3455 pagina
2589 3381 3025 3437 confirmamus.
3037 3384 3174 3449 Qua
3186 3398 3318 3437 vero
3331 3386 3493 3438 extra
3512 3384 3718 3442 urbem

2068 3469 2389 3543 hospitales
2401 3472 2613 3526 domus
2630 3471 3087 3543 consistunt,huj
3098 3489 3167 3528 us
3181 3470 3466 3545 privilegii
3488 3474 3718 3531 decreto

2068 3560 2385 3615 statuimus
2415 3563 2479 3615 ut
2502 3560 2654 3615 infra
2682 3574 2869 3614 unum
2892 3561 3171 3616 stadium
3209 3576 3380 3616 nemo
3417 3561 3589 3631 juxta
3618 3580 3718 3620 eas

2068 3648 2324 3720 aliquem
2349 3665 2575 3721 capere,
2608 3648 2878 3721 pradari,
2905 3653 3007 3704 aut
3054 3649 3346 3705 hostiliter
3385 3650 3717 3709 disturbare

2066 3742 2403 3810 prasumat;
2437 3754 2687 3810 quorum
2719 3737 2985 3793 omnium
3006 3738 3405 3795 ordinationes
3437 3757 3504 3795 ac
3525 3741 3718 3813 dispo-

2066 3827 2308 3883 sitiones
2337 3826 2501 3883 vobis
2541 3826 2866 3899 vestrisque
2910 3826 3350 3884 successoribus
3390 3830 3714 3885 committi-

2066 3915 2708 3988 mus,uteorum,quiin
2721 3916 2885 3973 vobis
2899 3915 3234 3988 spirituales
3246 3932 3312 3972 ac
3326 3916 3714 3990 religiosiores

2066 4005 2281 4060 fuerint
2325 4005 2620 4061 voluntate
2674 4005 2997 4075 communi,
3051 4006 3485 4062 communicato
3533 4007 3713 4064 etiam

2062 4093 2308 4149 fratrum
2338 4093 2520 4150 Vallis
2546 4094 2919 4150 Imbrosiana
2936 4093 3201 4161 consilio,
3222 4111 3514 4151 consensu
3534 4095 3711 4152 etiam

2060 4182 2236 4238 vestri
2267 4182 2545 4255 episcopi,
2580 4182 2629 4238 si
2660 4182 2985 4239 catholicus
3001 4182 3239 4239 fueritet
3268 4182 3595 4257 religiosus,
3616 4185 3714 4240 ad-

2059 4270 2264 4326 hibito.
2299 4272 2570 4327 Rectores
2599 4272 2821 4328 eisdem
2853 4271 3129 4328 domibus
3159 4272 3577 4344 praponimus,
3610 4273 3709 4345 qui

2060 4360 2275 4416 secund
2286 4377 2383 4415 um
2398 4360 2580 4416 Deum
2594 4376 2793 4416 earum
2810 4376 3010 4416 curam
3028 4360 3264 4426 habere,
3282 4365 3339 4416 et
3356 4361 3709 4433 pauperibus

2057 4454 2115 4505 et
2144 4449 2623 4505 convenientibus
2635 4448 2882 4505 sollicite
2900 4448 3236 4505 ministrare
3252 4452 3540 4522 procuret.
3556 4449 3708 4505 Sane

2058 4538 2106 4594 si
2138 4539 2273 4610 quis
2306 4539 2363 4592 in
2397 4538 2717 4595 crastinum
2735 4539 3066 4611 episcopus,
3091 4535 3585 4609 archiepiscopus,
3605 4538 3709 4593 im-

228 4696 233 4701 ,
294 4640 352 4693 et
380 4635 495 4692 nisi
553 4646 877 4706 congruam
932 4627 1337 4702 panitentiam
1393 4626 1638 4699 egerint,
1675 4643 1708 4680 a
1736 4626 1953 4683 Christi
1977 4644 2024 4708 Ι)
2056 4631 2308 4700 perator,
2341 4632 2444 4682 aut
2464 4628 2667 4698 judex,
2719 4627 3009 4699 princeps,
3042 4630 3146 4681 aut
3183 4626 3321 4692 dux,
3354 4640 3572 4692 comes,
3604 4631 3708 4681 aut

290 4741 531 4798 corpore
559 4727 619 4779 et
647 4719 937 4795 sanguine
967 4718 1037 4775 ab
1068 4714 1445 4773 ecclesiarum
1478 4712 1719 4769 introitu
1754 4730 1947 4787 segre-

288 4831 520 4890 gamus.

1013 4893 1221 4951 XXXV.

425 4991 638 5052 Urbani
665 4990 719 5046 II
748 4987 897 5043 bulla
922 5002 1023 5058 pro
1053 4982 1331 5039 canonicis
1360 4980 1806 5036 Pistoriensibus.

925 5074 1111 5147 (Anno
1134 5071 1319 5141 1090.)

534 5170 868 5243 [bonum
898 5162 1177 5219 Anccdota
1208 5158 1378 5215 medii
1396 5161 1518 5227 avi,
1541 5159 1691 5230 222.]

222 5326 227 5331 ,
355 5262 632 5320 UasANus
666 5255 1533 5329 episcopus,servusservorum
1567 5247 1688 5315 Dei,
1722 5247 1939 5305 charis-

282 5350 447 5408 simis
460 5347 602 5405 ﬁliis
616 5341 989 5417 Pistoriensis
1003 5340 1265 5396 Ecclesia
1281 5336 1596 5401 canonicis,
1617 5353 1752 5392 coru
1763 5354 1814 5392 m
1825 5354 1936 5410 que

278 5436 729 5501 successoribus
760 5432 822 5487 in
856 5434 1221 5504 perpetuum.

216 5514 220 5518 θ
338 5530 371 5587 J
378 5528 533 5586 ustis
563 5524 719 5581 votis
741 5536 1050 5577 assensum
1065 5514 1621 5591 praberejustisque
1642 5512 1933 5587 petitioni-

264 5622 375 5678 bus
406 5632 587 5676 aures
609 5608 1056 5670 accommodare
1069 5623 1173 5664 nos
1192 5603 1478 5671 convenit,
1495 5602 1616 5674 qui,
1630 5601 1766 5657 licet
1787 5602 1931 5658 indi-

265 5710 365 5786 gni
416 5704 673 5782 justitia
730 5699 982 5757 cultores
1039 5700 1210 5767 atque
1270 5708 1561 5765 pracones
1619 5691 1677 5745 in
1706 5690 1933 5748 excelsa

2054 4716 2394 4783 vicecomes,
2420 4719 2522 4772 aut
2553 4731 2799 4789 persona
2827 4713 3117 4787 qualibet,
3143 4730 3319 4786 parva
3346 4713 3434 4769 vel
3466 4729 3702 4787 magna,

2060 4810 2266 4878 potens
2297 4809 2399 4860 aut
2428 4805 2740 4877 impotens,
2776 4803 2955 4875 hujus
2987 4803 3169 4859 nostri
3192 4800 3475 4875 privilegii
3520 4801 3703 4876 [pagi-

2057 4896 2213 4960 nam]
2244 4894 2451 4959 sciens,
2485 4897 2685 4949 contra
2715 4910 2845 4949 eam
2878 4898 3093 4948 temere
3123 4891 3321 4948 venire
3372 4892 3701 4957 tentaverit,

2054 4982 2311 5037 secundo
2340 4982 2579 5038 tertiove
2608 4982 3025 5046 commonitus,
3051 4980 3100 5035 si
3136 4997 3250 5036 non
3300 4978 3703 5036 satisfactione

2053 5087 2312 5143 congrua
2341 5070 2769 5140 emendaverit;
2793 5087 2827 5125 a
2856 5069 3069 5125 Christi
3087 5073 3144 5126 et
3173 5068 3436 5126 Ecclesia
3461 5084 3703 5141 corpore

2053 5176 2187 5216 eum
2222 5158 2566 5215 auctoritate
2595 5159 2901 5231 potestatis
2933 5158 3265 5231 apostolica
3298 5172 3697 5230 segregamus.

2045 5249 2113 5304 Hi
2145 5253 2341 5303 autem
2358 5246 2479 5319 qui,
2513 5248 2585 5303 ob
2605 5247 2705 5303 Dei
2739 5248 3107 5321 proximique
3129 5248 3497 5303 dilectionem
3528 5249 3588 5300 et
3609 5262 3698 5301 se-

2044 5336 2136 5393 dis
2165 5336 2495 5409 apostolica
2529 5336 2978 5405 institutionem,
3012 5336 3318 5408 praedictas
3345 5335 3551 5388 domos
3572 5333 3699 5387 suis

2042 5426 2213 5482 bonis
2246 5425 2429 5481 ditare
2442 5425 2763 5482 etexaltare
2789 5425 3139 5491 curaverint,
3160 5424 3252 5479 Dei
3267 5418 3696 5494 apostolorum-

1988 5546 1993 5551 -
2041 5531 2153 5587 que
2184 5516 2313 5587 ejus
2341 5513 2764 5583 benedictione,
2798 5518 2856 5571 et
2903 5517 3276 5587 peccatorum
3326 5506 3698 5564 absolutione

2040 5604 2317 5670 ditentur,
2352 5603 2472 5659 sive
2506 5601 2816 5659 donentur.
2842 5604 2966 5667 Qua
2981 5599 3255 5671 adjutiad
3287 5595 3464 5651 vitam
3496 5611 3694 5668 perve-

2042 5692 2206 5746 niant
2230 5691 2668 5765 sempiternam.
2690 5692 2900 5746 Amen.
