3950 6218
247 367 350 431 ³21

235 591 514 650 Ecclesia
538 589 1345 647 auctoritate.Constituimus
1377 606 1513 662 ergo
1544 607 1616 645 ne
1647 590 1748 646 ulli
1781 607 1905 646 om-

246 683 385 738 nino
408 682 726 738 hominum
748 678 1012 752 qualibet
1047 679 1442 751 subreptionis
1475 678 1696 734 astutia
1740 677 1910 734 liceat

245 769 420 826 vestri
453 769 836 842 episcopatus
857 768 1260 840 possessiones
1293 768 1586 833 invadere,
1619 768 1906 835 minuere,

245 859 335 914 vel
357 859 622 928 auferre,
638 863 742 914 aut
760 857 1133 930 episcopatus
1162 855 1338 913 vestri
1369 855 1626 913 decimas
1659 855 1785 914 sine
1813 873 1907 912 ve-

245 953 371 1007 stra
409 948 797 1006 concessiOne
844 947 1148 1020 subripere
1196 950 1298 1002 aut
1359 947 1638 1019 subrepta
1689 951 1910 1011 tenere,

249 1055 442 1112 neque
460 1037 642 1094 vestri
657 1037 814 1108 juris
834 1035 1114 1092 ecclesias
1135 1053 1240 1108 per
1263 1053 1503 1091 manum
1528 1035 1735 1091 laicam
1759 1036 1910 1091 obti-

247 1144 425 1196 nere;
448 1127 552 1183 sed
575 1126 780 1182 omnia
793 1142 924 1198 quze
937 1127 1098 1197 juste
1121 1125 1409 1181 hactenus
1428 1130 1620 1181 vestra
1651 1125 1912 1198 possedit

247 1215 533 1282 Ecclesia,
585 1215 708 1272 sive
736 1216 796 1270 in
831 1216 1099 1270 futurum
1132 1213 1384 1270 Domino
1414 1215 1726 1284 adjuvante
1748 1214 1911 1285 juste

252 1309 434 1378 atque
461 1305 745 1361 canonice
775 1303 987 1376 poterit
1015 1303 1282 1375 adipisci,
1317 1302 1376 1358 in
1407 1308 1510 1360 tua
1556 1308 1912 1376 tuorumque

253 1409 671 1452 successorum
727 1409 906 1448 manu
953 1392 1182 1463 integra
1228 1405 1460 1464 semper
1503 1391 1730 1450 illibata
1778 1411 1912 1466 per—

255 1489 560 1541 maneant.
594 1483 873 1537 Praeterea
903 1480 1208 1536 ecclesiam
1241 1481 1436 1536 Sancti
1491 1482 1697 1537 Donati
1729 1484 1787 1537 in
1819 1501 1910 1539 ar-

254 1572 699 1646 chiepiscopatu
730 1571 1041 1626 Viennensi
1075 1574 1270 1638 sitam,
1321 1587 1496 1642 quam
1529 1587 1562 1624 a
1612 1573 1914 1642 tyrannica

254 1666 549 1736 potestate
577 1660 922 1715 auctoritate
971 1659 1284 1731 episcopali
1317 1660 1626 1728 adjuvante
1666 1662 1912 1716 Domino

252 1749 551 1807 extorsisti
563 1749 686 1816 ,tibi
707 1749 945 1819 tuisque
969 1748 1408 1803 successoribus
1432 1750 1767 1820 regendam,
1801 1751 1916 1805 dis-

253 1840 616 1914 ponendam,
670 1854 738 1892 ac
783 1838 918 1906 jure
972 1843 1250 1908 perpetuo
1283 1837 1691 1908 possidendam
1735 1839 1913 1910 hujus

256 1929 606 1987 auctoritate
619 1925 905 1998 privilegii
923 1926 1266 1980 cont’irmam
1277 1941 1365 1990 us,
1385 1927 1827 2000 constituentes,
1845 1947 1916 1985 ne

255 2018 364 2074 ulli
397 2031 810 2074 successorum
835 2019 1068 2069 tuorum
1111 2013 1282 2069 liceat
1310 2015 1576 2070 eamdem
1608 2018 1914 2073 ecclesiam

258 2105 442 2163 alicui
460 2121 721 2179 personae
734 2101 1085 2158 velecclesiae
1107 2102 1289 2174 gratis
1307 2103 1559 2174 pretiove
1580 2105 1913 2169 concedere,

259 2195 366 2252 sed
390 2191 1193 2266 semperincommutahiliter
1209 2208 1341 2246 cum
1355 2193 1628 2247 omnibus
1642 2195 1710 2248 ad
1730 2195 1916 2266 ipsam

263 2280 702 2359 pertinentibus
718 2281 774 2335 in
792 2279 1313 2352 Gratianopolitani
1327 2281 1579 2354 episcopi
1600 2289 1918 2354 postestate

263 2378 326 2431 et
355 2371 725 2445 possessiOne
750 2375 1106 2441 permaneat.
1137 2370 1282 2434 Quia
1309 2386 1444 2425 vero
1462 2386 1732 2442 perversa
1779 2390 1920 2444 quo-

265 2462 542 2518 rumdam
565 2458 944 2533 praesumptio
966 2457 1202 2513 inolevit
1223 2464 1289 2513 ut
1319 2460 1609 2516 defunctis
1630 2462 1920 2534 episc0pis

262 2568 362 2608 res
383 2549 789 2606 ecclesiasticae
813 2548 1222 2619 pervadantur,
1247 2549 1592 2604 auctoritate
1604 2551 1922 2622 apostolica

264 2639 651 2714 prohibemus
673 2642 738 2692 ut
757 2654 894 2693 cum
910 2637 1038 2691 vitae
1055 2640 1168 2691 tuae
1185 2641 1491 2694 tuorumve
1513 2655 1920 2696 successorum

263 2728 556 2785 terminus
579 2727 908 2798 contigerit,
941 2725 1206 2781 Ecclesiae
1247 2731 1448 2781 vestrae
1495 2744 1586 2784 res
1616 2734 1672 2783 et
1695 2746 1920 2800 posses-

265 2818 463 2874 siones
484 2817 740 2889 diripere
763 2831 933 2870 nemo
954 2816 1401 2888 praesumat,sed
1435 2821 1643 2872 cuncta
1665 2817 1845 2874 libera
1866 2822 1924 2875 et

266 2906 622 2962 inconcussa
651 2904 711 2958 in
734 2903 1145 2960 canonicorum
1165 2907 1482 2976 postestate
1494 2906 1919 2977 persistant,illi

266 3013 335 3052 ex
367 2995 597 3068 integro
630 2995 1028 3049 conservanda
1053 2993 1154 3064 qui
1182 2993 1266 3049 eis
1297 2995 1573 3051 canonice
1613 2997 1924 3070 episcopus

267 3079 661 3141 ordinabitur.
722 3082 895 3137 Porro
953 3086 1289 3139 sanctorum
1355 3100 1646 3139 canonum
1695 3087 1924 3142 decreta

268 3175 492 3246 ubique
513 3171 928 3227 inviolabiliter
949 3171 1277 3225 conservari
1299 3171 1927 3243 cupientes,constitui-

268 3280 402 3321 mus
430 3267 610 3334 atque
641 3277 950 3316 censemus
983 3266 1047 3314 ut
1077 3260 1418 3316 interdictos
1449 3279 1482 3316 a
1510 3263 1673 3317 vobis
1705 3269 1805 3317 aut
1835 3281 1926 3319 ex-
1955 3238 1997 3304 (ἶ

268 3351 740 3409 communicatos
771 3349 825 3402 in
860 3347 1331 3403 communionem
1366 3350 1619 3421 recipere
1649 3356 1750 3406 aut
1779 3369 1926 3407 mor-

270 3447 405 3498 tuos
438 3437 765 3512 sepulturae
821 3439 1044 3492 tradere
1102 3453 1272 3492 nemo
1334 3443 1670 3507 praesumat.
1724 3440 1929 3495 Vestra

270 3527 790 3597 sane,charissime
814 3527 1008 3590 frater,
1031 3525 1276 3581 intentio
1302 3527 1412 3581 erit
1433 3527 1592 3600 gregi
1611 3529 1927 3584 commisso

269 3635 476 3676 curam
507 3615 820 3689 vigilanter
868 3616 1205 3684 impendere
1253 3621 1311 3670 et
1361 3617 1630 3670 Romanis
1663 3615 1926 3672 Ecclesiae

265 3710 505 3766 decreta
523 3704 934 3760 inviolabiliter
949 3705 1286 3771 observare;
1322 3711 1612 3776 quatenus
1643 3705 1924 3778 multipli-

265 3799 395 3856 cato
413 3796 696 3853 laborum
730 3794 950 3860 fructu,
986 3794 1055 3847 ad
1089 3794 1265 3848 vitam
1311 3794 1552 3849 valeatis
1585 3801 1924 3868 perpetuam

261 3885 587 3960 pervenire.
616 3885 768 3939 Sane
789 3883 833 3938 si
854 3883 987 3954 quis
1011 3882 1070 3936 in
1093 3883 1417 3938 crastinum
1450 3883 1926 3957 archiepiscOpus

262 3982 364 4031 aut
387 3975 729 4047 episcopus,
764 3972 1081 4043 imperator
1110 3976 1210 4025 aut
1228 3988 1344 4040 rex,
1381 3972 1648 4045 princeps
1669 3978 1770 4028 aut
1786 3975 1922 4041 dux,

261 4081 464 4121 comes
495 4066 600 4117 aut
629 4061 951 4116 vicecomes
983 4065 1080 4114 aut
1103 4060 1306 4130 judex,
1355 4065 1455 4115 aut
1486 4078 1736 4133 persona
1767 4078 1926 4133 quae-

265 4155 410 4210 libet
441 4168 660 4224 magna
689 4149 776 4204 vel
810 4153 1227 4222 parva,potens
1258 4154 1360 4205 aut
1390 4151 1701 4222 impotens,
1745 4151 1925 4222 hujus

267 4241 456 4300 nostri
475 4239 765 4314 privilegii
789 4238 1062 4312 paginam
1093 4239 1306 4304 sciens,
1329 4243 1528 4295 contra
1557 4257 1684 4295 eam
1709 4243 1928 4296 teme‘re

268 4333 467 4389 venire
517 4327 846 4392 tentaverit,
880 4327 1136 4383 secundo
1166 4328 1408 4384 tertiove
1433 4329 1850 4397 commonitus,
1878 4329 1926 4384 si

269 4439 386 4478 non
420 4417 825 4476 satisfactione
877 4434 1136 4488 congrua
1185 4417 1599 4482 emendaverit,
1633 4434 1666 4472 a
1713 4419 1927 4474 Christi

270 4509 527 4568 Ecclesia
558 4524 691 4563 eum
743 4506 1085 4561 austeritate
1115 4506 1418 4578 potestatis
1467 4505 1792 4578 apostolica:
1833 4524 1927 4564 se-

1423 361 1828 428 EPlSTOlaE
1873 361 1971 426 ΕΤ
2015 358 2492 425 PRIVILEGIA.

246 503 460 576 pagina
487 503 936 566 confirmamus,
986 498 1148 556 salva
1193 499 1253 555 in
1301 501 1577 556 omnibus
1631 501 1902 556 Romane
1933 500 1986 565 Α

3546 361 3667 432 32⁸2

2721 495 2953 551 XXXIX.

2020 588 2266 644 Urbanus
2317 586 2363 642 ll
2393 586 2716 640 monasterii
2761 587 2817 638 S.
2879 583 3182 654 Theotfredi
3230 584 3665 643 Calmiliaoenszls

2601 658 2742 712 bona
2772 656 3079 725 continua-1.

2642 730 2828 798 (Anno
2863 729 3043 798 1090.)

2232 800 2498 873 [ΜΑΒῐιι.
2534 797 2666 855 Acta
2689 799 2780 854 SS.
2805 797 2922 854 0rd.
2946 797 3170 865 Board,
3203 798 3270 864 Υ,
3303 799 3454 871 27-5.]

2777 887 2884 942 XL.

2194 980 2560 1048 I’rivilegium
2594 978 2800 1034 Urbani
2823 979 2871 1032 ΙΙ
2875 992 2976 1049 pro
3003 977 3489 1034 l'ullmnbrosanis.

2643 1068 2829 1138 (Anno
2862 1067 3044 1136 1090.)

2021 1156 2347 1229 [ZACIIARIA,
2382 1156 2647 1229 Anco/lota
2692 1156 2862 1229 medii
2899 1158 3032 1229 gem,
3066 1157 3170 1229 223
3222 1173 3291 1212 ex
3342 1157 3574 1214 archivo
3607 1158 3666 1213 S.

2482 1227 2784 1282 Michaelis
2802 1227 2871 1282 de
2897 1227 3208 1298 Furculis.]

2091 1316 2368 1373 [luamus
2389 1317 2718 1388 episcopus,
2735 1331 2936 1371 servus
2958 1332 3258 1371 servorum
3277 1316 3399 1383 Dei,
3414 1317 3669 1373 dilectis-

2021 1406 2189 1462 simis
2223 1406 2380 1472 filiis,
2433 1405 2714 1462 universae
2746 1404 2926 1459 Vallis
2973 1405 3324 1460 Imbrosanaa
3355 1421 3670 1478 congrega-

2020 1495 2443 1562 tioni,salutem
2475 1501 2531 1549 et
2561 1493 2938 1566 apostolicam
2970 1494 3455 1550 benedictionem.

2092 1587 2235 1639 Cum
2254 1584 2544 1638 universis
2571 1587 2784 1638 sanctae
2814 1583 3078 1637 Ecclesiae
3099 1582 3233 1637 ﬁliis
3252 1599 3320 1637 ex
3341 1583 3672 1655 apostolica:

2023 1674 2178 1729 sedis
2211 1673 2553 1727 auctoritate
2593 1689 2657 1727 ac
2691 1670 3110 1736 benevolentia,
3141 1671 3433 1728 debitores
3457 1673 3674 1728 exista-

2025 1779 2178 1829 mus,
2199 1763 2316 1817 illis
2343 1761 2630 1834 praecipue
2653 1760 2796 1815 locis
2819 1765 2990 1832 atque
3013 1761 3279 1832 personis
3299 1777 3427 1833 quae
3450 1761 3671 1834 specia-

1942 1868 1990 1934 Β
2024 1850 2138 1905 lius
2167 1850 2592 1906 acfamiliarius
2607 1849 2879 1904 Romamn
2892 1849 3494 1918 adhmrcntEcclesite,
3517 1867 3676 1922 qure-

2024 1957 2138 2012 que
2161 1939 2428 2012 ampliori
2451 1939 2751 2012 religionis
2783 1939 2970 2012 gratia
2996 1939 3278 2004 eminent,
3312 1939 3672 2012 propensiori

2024 2046 2130 2085 nos
2153 2027 2418 2084 convenit
2439 2027 2745 2083 charitatis
2774 2027 2973 2083 studio
2997 2027 3476 2092 imminere.Quia
3495 2027 3678 2100 igitur

2025 2117 2388 2190 propositum
2423 2120 2714 2186 nostrum,
2736 2116 2929 2172 divina
2961 2117 3345 2189 praeveniente
3377 2134 3442 2174 ac
3472 2118 3677 2174 subse-

2026 2213 2240 2279 quente
2272 2205 2906 2277 clementia,religionis
2926 2209 3128 2260 vestrae
3150 2204 3498 2278 simplicitas
3513 2207 3678 2263 bona)

2025 2295 2322 2368 opinionis
2354 2295 2613 2360 odorem,
2675 2299 2730 2349 et
2763 2311 2938 2366 prope
2992 2298 3049 2348 et
3075 2294 3246 2366 longe
3287 2293 3491 2366 positis
3521 2294 3680 2368 aspi-

2028 2385 2213 2446 ciunt,
2250 2400 2356 2438 nos
2386 2386 2580 2437 vestro
2621 2381 2917 2453 provectui
2950 2386 3245 2458 annuente
3269 2383 3514 2438 Domino
3545 2398 3678 2455 pro-

2025 2478 2227 2529 vectus
2249 2473 2318 2527 ad
2325 2473 2570 2543 iungere
2594 2471 3252 2544 cupientes,ca-3nobium
3284 2475 3543 2527 vestrum
3567 2487 3678 2544 pro

2028 2563 2208 2618 beatae
2241 2561 2434 2616 Mariae
2466 2576 2696 2632 semper
2741 2557 2984 2631 virginis
3019 2559 3360 2628 reverentia,
3390 2559 3482 2616 cui
3517 2559 3680 2616 dica-

2029 2656 2156 2706 tum
2189 2654 2295 2715 est,
2330 2649 2388 2704 in
2422 2650 2694 2704 Romanae
2728 2647 2998 2703 Ecclesia:
3029 2649 3467 2720 proprietatem,
3495 2653 3558 2704 et
3585 2653 3681 2705 tu-

2029 2741 2205 2796 telam
2220 2746 2394 2810 atque
2405 2738 2823 2811 protectionem
2838 2737 3164 2809 apostolicae
3189 2738 3345 2794 sedis
3357 2738 3682 2812 accipimus

2030 2827 2440 2902 et,apostolicaa
2467 2827 2610 2883 illud
2626 2827 2989 2884 auctoritatis
3007 2827 3306 2900 privilegio
3325 2827 3679 2897 munientes,

2031 2920 2102 2974 ab
2125 2918 2386 2973 omnium
2413 2916 2744 2989 principum
2771 2917 2918 2988 jugo
2939 2915 3189 2971 liberum
3210 2931 3551 2988 permanere
3580 2917 3681 2973 de—

2029 3008 2346 3065 cernimus.
2406 3007 2513 3061 Per
2559 3007 2904 3077 praesentem
2953 3003 3134 3077 igitur
3163 3005 3347 3060 nostri
3394 3004 3681 3078 priVilegii

2032 3097 2328 3169 paginam,
2359 3093 2678 3168 apostolica
2709 3093 3051 3149 auctoritate
3082 3095 3400 3149 statuimus
3431 3098 3496 3149 ut
3523 3111 3682 3167 qua:-

2035 3201 2266 3257 cunque
2289 3184 2460 3239 hodie
2479 3188 2737 3238 vestrum
2757 3183 3084 3238 ccenobium
3101 3183 3236 3253 jure
3258 3183 3539 3254 possidet,
3563 3183 3682 3240 sive

2037 3275 2095 3328 in
2127 3272 2449 3329 crastinum
2503 3271 2876 3327 concessione
2934 3270 3298 3342 pontificum,
3335 3270 3684 3329 liberalitate

2037 3362 2394 3436 principum,
2415 3360 2504 3415 vel
2536 3359 2827 3414 oblatione
2857 3359 3119 3414 fidelium
3147 3361 3279 3430 jure
3309 3363 3482 3432 atque
3512 3378 3682 3416 cano-

2036 3452 2163 3506 nice
2186 3449 2396 3522 poterit
2421 3449 2686 3520 adipisci,
2717 3449 2885 3502 firma
2911 3446 3077 3502 vobis
3106 3449 3398 3520 vestrique
3447 3465 3680 3505 succe-

2037 3541 2268 3596 soribus
2298 3543 2355 3593 et
2383 3537 2607 3592 illibata
2630 3541 3030 3608 permaneant.
3064 3535 3185 3591 Illis
3215 3538 3677 3609 successoribus,

2036 3628 2186 3696 dico,
2219 3627 2316 3699 qui
2340 3627 2609 3681 eumdem
2629 3623 2930 3696 religionis
2953 3641 3148 3692 usum,
3169 3629 3227 3679 et
3249 3625 3381 3680 ﬁdei
3405 3629 3682 3682 constan-

2035 3718 2174 3774 tiam
2209 3717 2514 3771 observare
2544 3718 2600 3770 et
2629 3718 2866 3769 strenue
2910 3713 3314 3786 ommipotenti
3346 3713 3592 3770 Domino
3622 3716 3681 3771 in

2035 3808 2237 3864 eodem
2297 3805 2594 3877 proposito
2642 3802 2933 3859 deservire
2989 3803 3328 3875 satagerint.
3387 3803 3682 3874 Chrisma,

2034 3895 2228 3951 oleum
2257 3899 2547 3961 sanctum,
2571 3893 3039 3948 consecrationes
3068 3891 3365 3960 altarium,
3385 3893 3506 3949 sive
3521 3894 3682 3950 basi-

2031 3985 2201 4050 licas,
2233 3982 2629 4040 ordinationes
2661 3981 3004 4038 clericorum
3062 3981 3231 4037 liceat
3277 3983 3444 4038 vobis
3473 4000 3507 4037 a
3536 3999 3681 4056 quo-

2034 4089 2264 4145 cunque
2283 4069 2582 4128 volueritis
2607 4070 2889 4126 catholico
2912 4069 3181 4143 episcopo
3206 4071 3684 4128 RomanzeEccle-

2035 4162 2133 4218 sise
2178 4161 2424 4234 gratiam
2458 4163 2632 4233 atque
2670 4160 3142 4215 communionem
3175 4159 3472 4232 optinente
3501 4161 3682 4233 perci-

2033 4266 2189 4322 pere.
2225 4249 2356 4319 Qui,
2391 4254 2592 4304 nostra
2609 4247 2794 4305 fultus
2825 4248 3188 4316 auctoritate,
3223 4265 3351 4321 quae
3385 4249 3685 4322 postulant

2034 4338 2357 4411 indulgeat.
2419 4339 2504 4392 Ad
2549 4338 2669 4392 haec
2716 4353 3026 4394 censemus
3060 4343 3235 4410 atque
3266 4338 3584 4395 statuimus
3613 4355 3685 4394 ne

2037 4427 2141 4482 ulli
2165 4427 2405 4483 omnino
2421 4426 2727 4481 hominum
2745 4425 2916 4482 liceat
2935 4427 3088 4481 idem
3115 4426 3443 4481 coenobium
3469 4441 3683 4493 emere,

2037 4517 2396 4589 perturbare,
2448 4520 2550 4570 aut
2598 4515 2648 4570 ei
2694 4515 2960 4571 subditas
2993 4515 3394 4586 possessiones
3437 4515 3683 4570 auferre.

269 4615 610 4676 gregamuso
635 4594 1128 4651 conservantibus
1157 4599 1352 4649 autem
1388 4611 1498 4666 Pax
1527 4612 1560 4649 θ
1593 4601 1723 4660 Deo,
1753 4597 1927 4652 mise-
1961 4607 2006 4672 D
2039 4605 2324 4682 minuere,
2354 4604 2441 4660 vel
2474 4603 2801 4659 temerariis
2849 4602 3253 4658 vexationibus
3276 4602 3550 4675 fatigare;
3584 4604 3685 4659 sed

267 4686 526 4745 ricordia
558 4683 944 4758 praesentibus
961 4700 1025 4738 ac
1056 4682 1268 4738 futuris
1291 4683 1520 4740 saeculis
1534 4689 1926 4742 conservetur.

269 4779 481 4843 Amen,
515 4786 714 4841 amen,
743 4775 935 4828 amen.

338 4865 642 4938 Scriptum
674 4878 778 4935 per
826 4879 1069 4917 manum
1129 4861 1389 4933 Gregorii
1439 4861 1932 4934 scriniarii‘atque

269 4957 488 5014 notarii
503 4953 506 4956 ’
521 4954 676 5018 sacri
714 4951 935 5024 palatii.

343 5051 560 5102 Datum
595 5041 792 5097 Roma!
820 5059 917 5114 per
943 5059 1178 5097 manum
1200 5042 1471 5110 Joannis,
1487 5048 1700 5098 sanctae
1733 5041 1936 5098 Roma-

273 5153 360 5192 ne
418 5131 690 5190 Ecclesia
753 5130 982 5188 diaconi
1033 5130 1367 5200 cardinalis,
1419 5149 1571 5188 anno
1619 5131 1934 5187 Dominica:

273 5220 713 5281 lncarnationis
781 5216 936 5285 1091,
995 5220 1313 5277 indictione
1368 5237 1493 5288 xm,
1560 5220 1936 5292 pontiﬁcatus

275 5313 477 5370 domui
559 5307 786 5365 Urbani
847 5324 1009 5381 papas
1081 5309 1128 5364 ll
1204 5325 1356 5366 anno
1417 5326 1500 5376 In,
1561 5309 1655 5366 die
1701 5308 1934 5365 Kalend.

273 5401 516 5480 Aprilis.
1080 5424 1082 5428 τ

2043 4695 2242 4750 omnia
2274 4693 2500 4766 integra
2520 4694 2902 4749 observentur
2921 4709 3124 4749 eorum
3155 4709 3258 4764 pro
3279 4703 3530 4765 quorum
3561 4709 3691 4750 sus-

2039 4784 2362 4839 tentatione
2411 4800 2475 4838 ac
2523 4782 2944 4855 gubernatione
2991 4799 3269 4837 concesa
3312 4785 3452 4837 sunt
3477 4782 3688 4838 usibus

2043 4873 2366 4945 profutura.
2400 4872 2515 4926 Nec
2540 4871 2648 4926 ulli
2677 4871 2947 4944 episcopo
2973 4875 3232 4944 potestas
3257 4871 3334 4926 sit
3353 4885 3688 4926 excommu-

2045 4962 2394 5016 nicationem
2429 4965 2529 5016 aut
2552 4961 3019 5017 interdictionem
3040 4961 3205 5016 vobis
3227 4959 3607 5033 ingeminare,
3625 4975 3666 5016 u

2044 5051 2142 5123 qui
2175 5049 2234 5104 in
2264 5048 2545 5120 speciales
2571 5048 2711 5104 estis
2745 5048 2896 5104 ﬁlios
2919 5048 3247 5120 apostOlicze
3269 5048 3447 5114 sedis,
3469 5047 3694 5106 nullius

2047 5137 2288 5194 alterius
2310 5137 2536 5208 judicio
2559 5143 2774 5193 temere
2793 5137 3184 5210 exponamini.
3208 5137 3354 5202 Quia
3372 5154 3507 5194 vero
3524 5137 3696 5210 plura

2045 5233 2250 5284 sancta
2272 5226 2646 5292 monasteria,
2664 5227 3034 5300 Congregatio
3057 5225 3324 5282 videlicet
3338 5227 3496 5282 dicta
3510 5225 3696 5282 'Salvii

2037 5317 2209 5388 juxta
2232 5315 2606 5381 Florentium,
2635 5315 2832 5371 Sancti
2865 5313 3077 5371 Fidelis
3101 5314 3172 5371 de
3201 5314 3697 5380 Strumii,'Sancti

2047 5403 2366 5461 Salvatoris
2415 5403 2488 5458 de
2518 5404 2810 5477 Sophena,
2843 5405 3067 5460 Sancta)
3113 5403 3307 5459 Mariae
3343 5404 3415 5459 de
3445 5404 3693 5470 Nerana,

2046 5492 2242 5550 Sancti
2271 5492 2506 5548 Coxiani
2547 5493 2620 5549 de
2665 5493 2858 5550 Monte
2903 5491 3224 5559 Schalario,
3258 5491 3454 5548 Sancti
3493 5490 3697 5564 Angeli

2048 5582 2119 5638 de
2134 5581 2707 5648 Passiniano,Sancti
2729 5579 3027 5640 Laurentii
3048 5580 3119 5636 de
3143 5577 3481 5648 Cultuboni,
3497 5578 3696 5640 Sancti

2049 5669 2365 5731 Salvatoris
2387 5670 2458 5729 de
2480 5668 2712 5744 Fioielo,
2744 5669 2940 5730 Sancti
2958 5668 3346 5750 Angelijuxta
3363 5669 3695 5745 Pistoriam,
