3950 6218
311 360 450 423 323-

1612 357 1684 420 B.
1730 355 2030 422 URBANI
2075 357 2126 420 II
2172 358 2422 422 ΡΑΡΛΞ.

3599 361 3728 423 3241

311 493 504 549 Sancti
537 491 854 549 Salvatoris
874 492 946 548 de
967 491 1429 560 Vadeno,Sancti
1457 491 1695 548 Petride
1727 491 1966 546 Mische-
1997 491 2046 559 Α
2081 493 2234 548 unde
2263 493 2372 548 hoc
2402 492 2731 563 exemplum
2766 491 3049 564 scriptum
3098 497 3212 557 est,
3240 493 3355 548 vidi
3390 499 3446 548 et
3475 493 3606 567 legi,
3637 502 3712 564 et,

310 587 390 649 to,
423 582 622 638 Sancti
673 581 836 638 Pauli
884 583 956 636 de
1006 582 1236 649 Rasolo,
1283 581 1506 636 Sanctae
1556 581 1852 650 Reparatai
1885 580 1959 634 ile

310 671 598 726 Marradio
654 670 979 725 Faventina:
1039 669 1326 734 dltECCSlS,
1383 676 1441 724 et
1481 668 1850 739 congregatio
1891 668 1964 722 de

311 759 471 816 Rivis
515 757 781 824 Caesaris,
830 762 886 814 et
934 757 1306 830 congregatio
1349 757 1419 812 de
1441 755 1958 822 Fontana'l‘aonis,

310 855 369 903 et
397 846 770 920 congregatio
828 847 899 902 de
941 847 1132 902 Monte
1189 849 1428 900 Armate
1488 843 1546 898 in
1605 842 1959 898 Bononiensi

310 935 564 1002 dioecesi,
594 936 915 1007 inspirante
957 934 1202 990 Domino
1252 933 1312 988 in
1361 934 1626 987 eamdem
1655 932 1960 986 vobiscum

310 1025 562 1080 formam
593 1023 894 1096 religionis
913 1021 1334 1086 consenserint,
1362 1025 1552 1085 nos,et
1580 1020 1724 1091 ipsis
1750 1025 1806 1075 et
1835 1037 1959 1075 om-

310 1113 484 1170 nibus
505 1113 605 1186 qui
639 1130 700 1168 se
733 1113 791 1167 in
823 1111 1148 1167 crastinum
1179 1110 1368 1165 eidem
1397 1108 1698 1182 religionis
1729 1108 1860 1164 usui
1891 1125 1961 1164 ex

308 1201 532 1273 integro
555 1199 776 1256 sociare
798 1199 1102 1264 voluerint,
1129 1197 1432 1270 praesentis
1475 1195 1759 1270 privilegii
1786 1196 1960 1252 liber-

306 1293 424 1344 tate
455 1289 772 1361 apostolica
801 1287 1147 1342 auctoritate
1176 1285 1556 1341 concedimus
1607 1285 1863 1356 quandiu
1899 1285 1956 1341 in

305 1378 508 1433 eadem
542 1376 840 1448 religionis
870 1381 928 1432 et
942 1374 1386 1431 consuetudinis
1410 1374 1633 1429 unitate
1650 1374 1960 1446 persistere

305 1465 764 1538 procuraverint.
813 1463 1242 1520 Constituimus
1285 1466 1482 1518 autem
1514 1466 1577 1516 ut
1607 1478 1807 1517 eorum
1841 1479 1960 1518 om-

305 1553 468 1610 nium
500 1558 676 1626 caput
702 1556 986 1617 vestrum,
1018 1551 1173 1624 quod
1201 1551 1261 1606 in
1286 1549 1448 1606 Valle
1483 1549 1846 1606 lmbroxiane
1877 1552 1954 1606 si-

304 1646 431 1696 tum
461 1641 1006 1707 est,monasterium
1027 1639 1485 1695 habeatur.Sane
1502 1655 1635 1694 cum
1668 1639 1955 1694 terminus

302 1729 433 1786 vitae
486 1728 704 1801 pastori
752 1732 944 1784 vestro
975 1727 1171 1782 divina
1195 1727 1581 1800 dispositione
1620 1727 1952 1800 contigerit,

305 1818 405 1889 qui
440 1818 570 1890 ejus
591 1815 716 1872 loco
739 1817 1190 1873 substituendus
1223 1815 1416 1882 fuerit,
1450 1815 1589 1888 quia
1618 1821 1674 1872 et
1705 1817 1868 1872 vobis
1898 1821 1956 1873 et

305 1905 442 1962 aliis
467 1905 744 1962 omnibus
768 1921 1014 1977 praeesse
1034 1904 1699 1976 debebit,omnium,qui
1730 1905 1954 1962 caeteris

302 2000 565 2068 praesunt
596 1994 988 2062 monasteriis,
1023 2010 1314 2050 consensu
1339 1999 1397 2050 et
1419 1993 1641 2066 judicio
1679 1993 1952 2066 eligatur.

303 2083 464 2148 Quod
497 2084 546 2140 si
581 2085 727 2140 forte
769 2101 844 2139 ex.
879 2083 1025 2156 ipsis
1079 2083 1392 2139 abbatibus
1429 2083 1675 2156 quilibet
1705 2083 1954 2140 Domino

304 2172 654 2245 disponente
684 2173 753 2228 ad
786 2173 893 2228 hoc
924 2173 1192 2245 generale
1223 2174 1482 2246 regimen
1515 2173 1735 2228 electus
1757 2174 1954 2240 fuerit,

303 2263 374 2317 ad
397 2267 653 2317 vestrum
681 2262 997 2334 principale
1019 2263 1344 2318 cmnobium
1360 2261 1957 2334 principalitertrans-

301 2355 418 2417 eat,
450 2356 510 2406 et
554 2352 682 2421 eius
732 2367 866 2406 mox
891 2350 1137 2421 judicio,
1171 2351 1342 2406 sicuti
1368 2351 1426 2406 in
1449 2350 1656 2407 diebus
1677 2367 1954 2407 veneran-

303 2439 389 2494 dae
424 2438 716 2495 memoria;
745 2439 992 2496 Joannis
1043 2439 1214 2512 primi
1266 2439 1496 2496 abbatis
1526 2440 1702 2498 vestri
1735 2439 1955 2495 factum

302 2531 549 2593 constat,
570 2531 777 2583 caetera
797 2527 995 2583 omnia
1009 2527 1176 2583 unita
1191 2527 1356 2582 vobis
1379 2527 1736 2584 monasteria
1755 2527 1956 2600 dispo-

306 2621 542 2672 nantur.
562 2619 678 2672 Vos
710 2615 908 2688 igitur,
941 2616 1045 2672 lilii
1079 2616 1137 2672 in
1165 2616 1396 2672 Christo
1425 2616 1816 2681 dilectissimi,
1853 2634 1958 2672 no-

302 2703 403 2760 lite
436 2704 730 2777 negligere
755 2705 1027 2776 gratiam,
1059 2721 1188 2776 qua:
1218 2705 1276 2759 in
1324 2705 1488 2762 vobis
1521 2711 1632 2772 est,
1661 2723 1788 2778 quze
1822 2705 1958 2761 data

302 2799 391 2848 est
421 2791 585 2848 vobis
604 2809 705 2864 per
727 2795 1012 2848 unitatem
1043 2798 1256 2849 sancta:
1287 2793 1710 2850 observationis
1742 2799 1798 2848 et
1831 2793 1959 2850 reli-

301 2881 512 2953 gionis.
546 2881 676 2936 Haec
716 2881 1106 2950 meditemini,
1139 2881 1196 2936 in
1230 2881 1326 2937 his
1343 2885 1546 2948 estote,
1580 2887 1642 2936 ut
1665 2883 1958 2954 profectus

301 2974 492 3026 vester
517 2969 864 3025 manifestus
891 2968 967 3024 sit
988 2969 1266 3026 omnibus
1297 2969 1342 3040 (Ι
1368 2970 1497 3024 Tim.
1525 2988 1598 3036 1v,
1637 2971 1744 3040 15).
1779 2971 1960 3026 Parti-

303 3057 628 3129 cipesenim
643 3057 1058 3114 Christietl'ecti
1079 3059 1244 3125 estis,
1277 3059 1326 3113 si
1349 3063 1542 3114 tamen
1570 3058 1802 3114 initium
1828 3060 1960 3116 sub-

303 3145 534 3204 stantiis
553 3147 685 3218 ejus
706 3163 892 3219 usque
917 3147 988 3202 ad
1009 3148 1183 3202 ﬁnem
1219 3148 1456 3203 firmum
1483 3147 1782 3204 retineatis
1805 3149 1956 3220 (Πρὸ.

2073 587 2244 652 prout
2273 581 2354 636 ibi
2384 581 2599 646 inveni,
2659 579 2754 636 hic
2787 580 2922 635 inde
2978 581 3348 652 transcripsi,
3379 586 3438 637 et
3475 581 3726 640 fideliter.

2071 669 2475 741 exeniplavi,et
2502 671 2575 725 ad
2609 671 2892 740 majorem
2917 669 3091 725 fidem
3123 669 3452 726 habendam
3483 669 3709 742 signum

2073 775 2213 814 mea;
2245 776 2458 814 manus
2489 757 2736 831 apposui
2769 774 2838 812 ex
2867 759 3215 814 auctoritate
3247 757 3392 814 mihi
3424 775 3714 831 concessa,

2070 851 2128 902 et
2156 848 2294 903 data
2348 865 2382 902 a
2435 847 2752 903 venerabili
2809 847 2980 903 Patre
3037 846 3274 904 domino
3321 848 3565 915 Thoma,
3614 849 3712 906 Dei

2069 938 2257 1010 gratia
2279 937 2613 993 Pistoriensi
2635 937 2907 1008 episcopo
2934 935 2992 992 in
3009 937 3348 1008 episcopatu
3365 935 3713 1004 Pistoriensi,

2070 1027 2458 1099 praesentibus
2479 1026 2716 1082 domino
2739 1025 2934 1081 Ticcio
2961 1025 3206 1097 plebano
3229 1024 3416 1097 plebis
3429 1025 3499 1081 de
3519 1025 3713 1082 Laiati-

2067 1121 2217 1180 co,et
2242 1115 2575 1188 presbytero
2595 1115 2806 1185 juncta
2826 1113 3166 1184 cappellano
3198 1112 3388 1186 plebis
3411 1113 3706 1184 praedictae,

2069 1210 2126 1258 et
2155 1203 2496 1259 Armaleone
2518 1203 2772 1275 qondam
2815 1201 3247 1274 Infrangipanis
3286 1207 3342 1258 et
3373 1201 3552 1257 Curso
3573 1201 3707 1258 Doni

2066 1294 2317 1349 testibus
2338 1293 2554 1364 rogatis
2571 1298 2627 1348 et
2660 1292 2878 1346 vocatis
2909 1292 2980 1345 ad
3001 1291 3140 1358 haec,
3179 1291 3290 1348 sub
3321 1290 3493 1347 annis
3523 1290 3708 1347 Domi-

2067 1383 2195 1438 nica
2228 1381 2538 1437 Nativitate
2579 1381 2738 1446 1288,
2768 1379 3087 1436 indictione
3134 1381 3412 1449 secunda,
3445 1379 3536 1436 die
3563 1379 3708 1454 vige-

2067 1472 2218 1528 sima
2229 1471 2615 1544 Septembris.

2819 1559 2959 1614 XLI.

2139 1653 2387 1708 Urbanus
2419 1653 2474 1705 11
2517 1649 3086 1720 Μη]ονι.ς-Μο›ιωίιηη’ἱ
3105 1648 3336 1702 tutelam
3377 1649 3621 1720 suscipiit

2415 1723 2882 1794 possessionesque
2909 1721 3027 1791 ejus
3053 1721 3364 1790 conﬁrmat.

2675 1830 2860 1895 (Anno
2911 1825 3098 1896 1090.)

2347 1935 2628 2004 [ΜΑΒιι.ῐ..,
2673 1934 2868 1988 Annal.
2911 1931 3116 1988 Bened.
3155 1932 3226 1998 V,
3273 1930 3428 2005 272.]

2135 2052 2249 2107 lloc
2301 2052 2424 2124 ipso
2481 2067 2634 2106 anno
2694 2049 3044 2116 Bernartius,
3106 2045 3700 2120 Majoris-Monasterii

2063 2141 2265 2207 abbas,
2300 2139 2733 2212 amplissimum
2767 2138 3084 2194 abUrbano
3115 2137 3164 2192 ll
3185 2135 3555 2216 privilegium
3570 2136 3704 2192 obti-

2064 2229 2279 2286 nuit.ln
2311 2245 2378 2285 eo
2426 2229 2702 2300 praefatur
2731 2227 3008 2300 pontifex,
3042 2243 3176 2282 cum
3209 2225 3500 2283 universis
3529 2225 3704 2280 eccle-

2065 2318 2170 2374 siis
2202 2318 2429 2373 debitor
2459 2315 2680 2384 sit,illis
2700 2320 2895 2372 tamen
2918 2314 3063 2371 locis
3085 2319 3260 2388 atque
3288 2315 3558 2388 personis
3586 2331 3704 2388 quae

2063 2405 2331 2480 ampliori
2367 2405 2667 2478 religionis
2697 2405 2886 2478 gratia
2931 2405 3210 2472 eminent,
3254 2421 3317 2460 se
3350 2403 3703 2478 propensiori

2065 2495 2370 2552 charitatis
2400 2493 2594 2550 studio
2626 2493 2929 2550 consulere
2961 2495 3190 2560 debere,
3223 2495 3487 2567 adeoque
3515 2492 3701 2550 Sancti

2065 2583 2296 2641 Martini
2333 2583 2708 2652 monasterio,
2742 2600 2876 2638 cum
2921 2601 3025 2656 pro
3059 2581 3210 2639 beati
3243 2581 3591 2640 confessoris
3612 2582 3706 2638 do-

2065 2673 2294 2728 votione
2306 2689 2372 2728 ac
2387 2672 2794 2740 reverentia,tu
2806 2689 2860 2726 m
2877 2688 2978 2744 pro
2996 2671 3296 2744 religionis
3313 2670 3701 2745 praerogativa,

2067 2780 2182 2834 qua
2212 2759 2361 2816 sacri
2392 2759 2551 2815 illius
2598 2759 2704 2815 loci
2755 2759 3023 2816 monachi
3070 2758 3496 2833 praecellebant.
3530 2760 3703 2824 Quam

2065 2851 2138 2906 ob
2171 2866 2290 2904 rem
2323 2848 2405 2904 ait
2433 2865 2492 2904 se
2517 2865 2721 2906 omnes
2751 2849 2880 2921 ejus
2902 2849 3305 2920 possessiones
3346 2849 3702 2917 confirmare,

2066 2939 2455 3010 eamdemque
2483 2937 2676 2993 locum
2710 2937 2770 2992 in
2798 2953 2965 2992 suam
3001 2937 3240 2993 tutelam
3259 2939 3594 3012 suscipere;
3619 2952 3705 2992 ve-

2066 3035 2188 3085 tare
2209 3045 2282 3084 ne
2303 3027 2496 3083 missae
2519 3026 2635 3082 illic
2657 3025 2902 3099 publica:
2925 3028 2996 3082 ab
3013 3027 3305 3100 episcopis
3327 3025 3702 3094 celebrentur,

2067 3134 2176 3174 neu
2211 3115 2482 3172 monachi
2513 3115 2586 3171 ad
2617 3120 2882 3172 externas
2933 3115 3213 3172 stationes
3242 3119 3348 3172 aut
3387 3115 3704 3188 exsequias,

303 3252 386 3302 Ill,
438 3236 546 3304 14).
581 3204 930 3292 TMementote
960 3237 1115 3308 quod
1147 3235 1435 3291 Dominus
1466 3237 1547 3292 ait
1578 3253 1591 3291 :
1647 3238 1751 3304 Qui
1775 3204 1957 3310 perse-
1987 3223 2031 3290 C
2070 3211 2275 3310 Pr‘f’ter
2305 3205 2565 3304 ‘PSQWW
2599 3204 2827 3261 abbatis
2847 3204 3702 3310 _"°“{“la“’m,compf'l‘mm‘;

300 3326 569 3381 vcraverit
592 3341 759 3396 usque
779 3327 842 3379 in
867 3326 1052 3395 ﬁnem,
1093 3325 1182 3380 hic
1207 3327 1392 3382 salvus
1421 3327 1525 3380 erit
1565 3327 1769 3395 (Matth.
1804 3345 1958 3394 xxiv,

307 3413 416 3485 13).
469 3413 670 3485 Itaque
697 3415 778 3469 sic
827 3414 1004 3469 luceat
1053 3415 1153 3470 tua:
1193 3423 1370 3470 vestra
1399 3430 1585 3470 coram
1622 3415 1955 3486 hominibus,

299 3507 360 3557 ut
408 3502 629 3558 videant
675 3517 837 3575 opera
879 3506 1053 3558 vestra
1108 3503 1266 3571 bona,
1309 3512 1360 3559 et
1403 3503 1708 3574 gloriﬁcent
1739 3506 1960 3560 Patrem

298 3599 538 3650 vestrum
565 3593 663 3662 qui
693 3592 752 3646 in
777 3591 924 3646 caelis
963 3599 1043 3646 est
1072 3591 1279 3661 (Matth.
1325 3609 1380 3658 v,
1408 3592 1516 3663 16).
1549 3593 1636 3646 Ad
1667 3591 1955 3648 indicium

300 3685 496 3734 autem
544 3683 828 3751 perceptae
859 3679 1039 3750 hujus
1055 3696 1090 3733 a
1110 3678 1372 3734 Romana
1391 3679 1649 3734 Ecclesia
1669 3680 1956 3738 libertatis

299 3784 403 3839 per
427 3783 614 3824 annos
644 3765 910 3838 singulos
959 3765 1267 3821 duodecim
1326 3766 1450 3839 sagi
1499 3767 1674 3823 cilicii
1717 3769 1958 3826 brachia

299 3855 569 3912 Laterani
590 3855 808 3928 palatio
831 3853 1194 3926 persolvetis.
1227 3855 1380 3912 Sane
1419 3855 1468 3910 si
1504 3856 1638 3928 quis
1659 3857 1718 3913 in
1751 3860 1952 3915 crasti-

299 3959 443 3999 num
473 3941 972 4014 archiepiscopus,
992 3947 1095 3999 aut
1122 3942 1454 4016 episcopus,
1485 3945 1822 4018 imperator,
1855 3953 1956 4004 aut

300 4048 417 4100 rex,
440 4031 734 4104 princeps,
768 4035 871 4086 aut
898 4031 1035 4100 dux,
1069 4048 1286 4097 comes,
1317 4037 1420 4088 aut
1460 4035 1667 4106 judex,
1699 4041 1801 4092 aut
1831 4053 1956 4109 per-

301 4137 445 4176 sona
461 4118 739 4192 quaelibet
750 4136 966 4193 magna
976 4119 1064 4176 vel
1080 4137 1274 4192 parva,
1294 4126 1503 4194 potens
1521 4127 1623 4179 aut
1637 4123 1950 4198 impotens,

299 4209 484 4282 hujus
517 4207 701 4264 nostri
753 4207 1038 4282 privilegii
1069 4209 1342 4282 paginam
1375 4212 1566 4268 sciens
1595 4219 1798 4270 contra
1826 4232 1956 4272 eam

297 4303 515 4354 temere
535 4297 731 4354 venire
747 4297 1076 4366 tentaverit,
1099 4301 1356 4357 secundo
1380 4302 1667 4374 tertioque
1695 4320 1954 4362 commo-

299 4387 480 4458 nitus,
532 4385 580 4442 si
627 4403 738 4442 non
791 4386 1189 4442 satisfactione
1213 4403 1470 4460 congrua
1497 4389 1955 4458 emendaverit,a

297 4475 507 4533 Christi
531 4480 587 4532 et
599 4475 863 4532 Ecclesia:
879 4492 1118 4548 corpore
1139 4492 1272 4532 eum
1290 4478 1632 4533 auctoritate
1646 4479 1952 4551 potestatis

296 4565 625 4638 apostolicae
656 4581 1054 4654 segregamus.
1089 4564 1582 4622 Conservantibus
1612 4572 1806 4624 autem
1841 4585 1952 4640 pax
1984 4587 2034 4654 Ι)

297 4672 332 4711 a
352 4654 555 4722 Deo,et
575 4653 976 4712 misericordia
995 4654 1384 4726 praesentibus
1403 4659 1462 4710 et
1487 4656 1702 4712 futuris
1724 4658 1952 4715 sarculis

293 4748 684 4800 conservetur.
743 4745 949 4800 Amen.
1001 4745 1206 4798 Amen.
1250 4745 1454 4800 Amen.
1500 4745 1795 4816 Scriptum
1851 4764 1953 4820 per

294 4848 537 4888 manum
567 4832 824 4906 Gregorii
856 4831 1144 4889 scriniarii
1177 4836 1353 4905 atque
1401 4834 1611 4890 notarii
1665 4835 1814 4891 sacri
1845 4853 1944 4908 pa-

293 4919 438 4977 latii.

362 5013 574 5066 Datum
596 5010 788 5066 Romae
815 5025 918 5082 per
937 5028 1149 5068 manus
1163 5010 1414 5067 Joannis
1437 5017 1648 5068 sanctae
1673 5013 1945 5071 Romanae

292 5097 558 5156 Ecclesia)
584 5098 812 5155 diaconi
845 5098 1182 5169 cardinalis,
1217 5117 1371 5156 anno
1407 5101 1943 5176 Dominicaajlncar-

293 5187 548 5245 nationis
579 5187 738 5252 1090,
791 5183 1105 5244 indictione
1136 5203 1263 5255 xm,
1307 5193 1510 5245 octavo
1539 5189 1677 5248 Idus
1705 5191 1942 5264 Aprilis,

293 5293 446 5333 anno
503 5273 877 5348 pontiﬁcatus
950 5275 1148 5332 domni
1207 5275 1424 5333 Urbani
1483 5294 1646 5350 papae
1700 5280 1944 5336 secundi

291 5366 484 5422 tertio.
804 5402 813 5406 -

363 5449 828 5523 Bartholomens,
843 5453 1135 5524 quondam
1159 5450 1403 5510 Baronis
1423 5451 1712 5524 imperiali
1745 5457 1943 5512 aucto-

294 5539 661 5612 ritatejudex
689 5539 1018 5598 ordinarius
1071 5547 1250 5616 atque
1312 5539 1598 5608 notarius,
1657 5542 1942 5615 scriptum

293 5627 748 5716 privilegium,“
771 5629 1116 5708 apostolicae
1146 5630 1460 5702 litteras,et
1487 5629 1685 5689 omnia
1702 5631 1938 5706 scripta.

2067 3300 2170 3352 aut
2199 3313 2234 3352 a
2259 3294 2464 3368 quovis
2493 3293 3073 3356 excommunicentur
3104 3311 3118 3362 ;
3151 3293 3252 3350 sed
3282 3294 3613 3368 praecipere,
3643 3295 3704 3347 ut

2067 3400 2271 3441 omnes
2301 3401 2502 3440 eorum
2537 3398 2725 3439 causae
2756 3383 3050 3456 graviores
3081 3399 3149 3438 ex
3178 3382 3507 3456 apostolica:
3555 3379 3702 3438 sedis

2059 3472 2284 3545 judicio
2337 3472 2646 3546 pendeant.
2683 3471 2754 3527 Ut
2781 3470 2966 3528 libera
2995 3471 3069 3527 sit
3101 3471 3332 3528 abbatis
3355 3469 3576 3538 electio,
3609 3468 3704 3542 qui

2065 3562 2138 3617 ab
2169 3561 2608 3634 archiepiscopo
2630 3560 3036 3622 Turonensi.si
3061 3559 3533 3616 communionem
3558 3557 3707 3615 sedis

2065 3649 2393 3724 apostolicae
2441 3649 2658 3705 habeat
2706 3650 3167 3706 consecrationem
3213 3649 3398 3722 gratis
3443 3647 3699 3720 accipiat,

2063 3741 2285 3812 absque
2316 3739 2434 3794 ulla
2457 3736 2840 3811 professionis
2868 3735 3202 3794 exactione:
3237 3737 3330 3794 sin
3363 3737 3578 3802 minus,
3609 3737 3705 3792 aut

2063 3829 2131 3884 ad
2168 3828 2496 3884 Romanum
2549 3827 2884 3899 pontificem
2915 3825 3310 3882 consecrandus
3349 3826 3703 3893 accedat,aut

2063 3935 2097 3974 a
2119 3934 2468 3991 quocunque
2487 3915 2758 3988 episcopo
2782 3915 3208 3971 consecrandum
3230 3931 3292 3970 se
3315 3915 3535 3972 offerat.
3551 3913 3700 3968 Idem

2063 4005 2252 4062 sancit
2273 4005 2530 4078 pontifex
2549 4003 2620 4060 de
2643 4020 2808 4058 sacro
2823 4003 3158 4071 chrismate,
3187 4003 3258 4058 de
3281 4001 3703 4060 consecratione

2064 4093 2336 4151 altarium
2365 4109 2468 4149 seu
2491 4090 2891 4160 basilicarum,
2933 4096 2988 4148 et
3019 4092 3089 4148 de
3122 4091 3587 4148 ordinationibus
3614 4104 3701 4144 sa-

2065 4183 2199 4240 cris.
2231 4183 2384 4239 Tum
2419 4181 2621 4237 subdit
2653 4181 2970 4238 monachos
3001 4179 3312 4254 alloquens
3339 4199 3352 4238 :
3399 4183 3491 4238 Vos
3519 4180 3700 4250 igitur,

2062 4272 2172 4342 ﬁlii
2183 4273 2241 4326 in
2261 4271 2471 4326 Christo
2492 4270 2858 4338 dilectissimi,
2885 4273 3089 4342 oportet
3105 4270 3377 4341 regularis
3403 4268 3700 4340 disciplina

2062 4361 2398 4416 institutioni
2427 4359 2718 4415 sollicitius
2745 4365 2798 4414 et
2829 4359 3072 4414 devotius
3102 4357 3364 4416 insudare
3389 4376 3407 4414 :
3448 4361 3702 4430 quatenus

2061 4457 2265 4522 quanto
2311 4449 2380 4504 ab
2407 4449 2758 4504 saecularibus
2786 4449 3108 4504 tumultibus
3148 4449 3428 4504 liberiores
3451 4443 3697 4506 antistitis.

2063 4542 2214 4594 tanto
2242 4539 2482 4610 amplius
2507 4538 2726 4610 placide
2763 4539 2867 4593 Deo
2909 4537 3152 4594 devotius
3191 4539 3390 4593 mentis
3429 4540 3479 4591 et
3506 4536 3701 4590 anime

2063 4628 2356 4683 virtutibus
2396 4626 2684 4704 anheletis.
2734 4626 2996 4698 Denique
3026 4644 3129 4700 pro
3159 4626 3268 4682 hac
3294 4625 3558 4682 libertate
3581 4621 3698 4678 sin-

2060 4715 2216 4789 gulis
2237 4715 2408 4772 annis
2440 4733 2618 4772 unam
2649 4715 2776 4771 auri
2816 4715 3049 4772 unciam
3083 4714 3327 4788 persolvi
3341 4713 3528 4786 jubet.
3561 4708 3694 4766 Scri-

2054 4809 2212 4878 ptum
2238 4821 2338 4878 per
2392 4822 2619 4860 manum
2670 4803 2919 4873 Gregorii
2973 4804 3262 4860 scriniarii
3319 4811 3473 4875 atque
3503 4795 3698 4856 notarit

2053 4896 2200 4949 sacri
2223 4894 2440 4966 palatii.
2476 4895 2672 4949 Datum
2698 4893 2880 4949 novate
2893 4910 2994 4964 per
3034 4909 3261 4980 maan
3293 4892 3517 4950 Joannis

2053 4985 2114 5038 E.
2147 4983 2366 5039 diaconi
2411 4982 2734 5048 cardinalis,
2768 4999 2913 5038 anno
2962 4973 3263 5038 Dominici'
3309 4973 3693 5036 Inearnationis

2056 5072 2214 5138 1090,
2260 5071 2560 5127 indictione
2614 5086 2736 5135 xui,
2766 5069 3116 5142 pontificatus
3153 5069 3342 5126 damni
3375 5066 3570 5126 Urbam
3589 5077 3688 5134 pa-

2047 5175 2141 5232 ραι
2169 5161 2217 5216 II
2247 5162 2428 5227 tertio,
2457 5166 2606 5215 sexto
2635 5158 2992 5214 decimo'Kal.
3027 5157 3176 5214 Maii.

2057 5366 2305 5424 Urbanus
2359 5367 2408 5422 II
2469 5275 2972 5492 Rurchardq
2995 5364 3200 5436 Basoli,
3259 5361 3444 5420 abbati
3497 5354 3686 5452 bullam

2794 5453 2844 5492 ri
2924 5454 2944 5492 τ
2977 5477 2990 5490 .

2771 5445 2990 5494 tribuit.

2676 5525 2864 5600 (Anno
2896 5526 3082 5600 1090.)

2122 5631 2385 5715 [Manna
2419 5635 2475 5692 et
2506 5632 2789 5702 Rmxsa'r,
2843 5632 3114 5708 Ouvrages
3392 5626 3486 5698 ΙΙΙ,
3517 5619 3620 5700 ί⁷·]
