  <div class='ocr_page' id='page_1' title='image "/cluster/home/n/w/nwhite01/storage/ocr_20150623/151/uva.x000829795/186.png"; bbox 0 0 3950 6218; ppageno 0'>
   <div class='ocr_carea' id='block_1_1' title="bbox 217 361 337 429">
    <p class='ocr_par' dir='ltr' id='par_1_1' title="bbox 217 361 337 429">
     <span class='ocr_line' id='line_1_1' title="bbox 217 361 337 429; baseline -0.008 0"><span class='ocrx_word' id='word_1_1' title='bbox 217 361 337 429; x_wconf 76' lang='lat'><strong>325</strong></span> 
     </span>
    </p>
   </div>
   <div class='ocr_carea' id='block_1_2' title="bbox 973 510 1166 570">
    <p class='ocr_par' dir='ltr' id='par_1_2' title="bbox 973 510 1166 570">
     <span class='ocr_line' id='line_1_2' title="bbox 973 510 1166 570; baseline 0.021 -4"><span class='ocrx_word' id='word_1_2' title='bbox 973 510 1166 570; x_wconf 81' lang='lat' dir='ltr'><strong>XLIII.</strong></span> 
     </span>
    </p>
   </div>
   <div class='ocr_carea' id='block_1_3' title="bbox 215 590 1889 687">
    <p class='ocr_par' dir='ltr' id='par_1_3' title="bbox 215 590 1889 687">
     <span class='ocr_line' id='line_1_3' title="bbox 215 590 1889 687; baseline 0.014 -41"><span class='ocrx_word' id='word_1_3' title='bbox 215 590 487 679; x_wconf 51' lang='lat' dir='ltr'><strong>Urbanus.</strong></span> <span class='ocrx_word' id='word_1_4' title='bbox 505 594 566 649; x_wconf 88' lang='lat' dir='ltr'><strong><em>II</em></strong></span> <span class='ocrx_word' id='word_1_5' title='bbox 599 596 857 687; x_wconf 50' lang='lat' dir='ltr'><strong>Ecclesiae</strong></span> <span class='ocrx_word' id='word_1_6' title='bbox 914 601 1244 687; x_wconf 51' lang='lat' dir='ltr'><strong>{inpellamus</strong></span> <span class='ocrx_word' id='word_1_7' title='bbox 1297 606 1601 687; x_wconf 66' lang='lat' dir='ltr'><strong>libertatein</strong></span> <span class='ocrx_word' id='word_1_8' title='bbox 1657 629 1722 667; x_wconf 79' lang='lat' dir='ltr'><strong>ac</strong></span> <span class='ocrx_word' id='word_1_9' title='bbox 1764 631 1889 687; x_wconf 75' lang='lat' dir='ltr'><strong>pos-</strong></span> 
     </span>
    </p>
   </div>
   <div class='ocr_carea' id='block_1_4' title="bbox 339 665 1751 752">
    <p class='ocr_par' dir='ltr' id='par_1_4' title="bbox 339 665 1751 752">
     <span class='ocr_line' id='line_1_4' title="bbox 339 665 1751 752; baseline 0.016 -35"><span class='ocrx_word' id='word_1_10' title='bbox 339 665 644 736; x_wconf 70' lang='lat' dir='ltr'><strong>sessiones,</strong></span> <span class='ocrx_word' id='word_1_11' title='bbox 671 673 885 740; x_wconf 77' lang='lat' dir='ltr'><strong>petente</strong></span> <span class='ocrx_word' id='word_1_12' title='bbox 918 673 1123 729; x_wconf 74' lang='lat' dir='ltr'><strong>Ursone</strong></span> <span class='ocrx_word' id='word_1_13' title='bbox 1151 678 1416 750; x_wconf 76' lang='lat' dir='ltr'><strong>episcopo,</strong></span> <span class='ocrx_word' id='word_1_14' title='bbox 1445 665 1751 752; x_wconf 74' lang='lat' dir='ltr'><strong>conﬁrmat.</strong></span> 
     </span>
    </p>
   </div>
   <div class='ocr_carea' id='block_1_5' title="bbox 576 759 1542 911">
    <p class='ocr_par' dir='ltr' id='par_1_5' title="bbox 576 759 1542 911">
     <span class='ocr_line' id='line_1_5' title="bbox 576 759 1542 911; baseline 0.013 -29"><span class='ocrx_word' id='word_1_15' title='bbox 576 759 1066 897; x_wconf 45' lang='grc' dir='ltr'><strong>[υαηειωέῆιῗιῖἓι</strong></span> <span class='ocrx_word' id='word_1_16' title='bbox 1087 762 1318 903; x_wconf 45' lang='grc' dir='ltr'><strong>ἶςὲε9νοἀ)1,</strong></span> <span class='ocrx_word' id='word_1_17' title='bbox 1358 837 1542 911; x_wconf 83' lang='lat' dir='ltr'><strong>tl83.]</strong></span> 
     </span>
    </p>
   </div>
   <div class='ocr_carea' id='block_1_6' title="bbox 278 911 1887 997">
    <p class='ocr_par' dir='ltr' id='par_1_6' title="bbox 278 911 1887 997">
     <span class='ocr_line' id='line_1_6' title="bbox 278 911 1887 997; baseline 0.014 -29"><span class='ocrx_word' id='word_1_18' title='bbox 278 911 583 971; x_wconf 61' lang='lat' dir='ltr'><strong>Unsarms</strong></span> <span class='ocrx_word' id='word_1_19' title='bbox 614 916 947 991; x_wconf 90' lang='lat' dir='ltr'><strong>episcopus,</strong></span> <span class='ocrx_word' id='word_1_20' title='bbox 977 938 1181 980; x_wconf 86' lang='lat' dir='ltr'><strong>servus</strong></span> <span class='ocrx_word' id='word_1_21' title='bbox 1212 942 1513 984; x_wconf 88' lang='lat' dir='ltr'><strong>servorum</strong></span> <span class='ocrx_word' id='word_1_22' title='bbox 1540 930 1887 997; x_wconf 88' lang='lat' dir='ltr'><strong>Dei,dilecto</strong></span> 
     </span>
    </p>
   </div>
   <div class='ocr_carea' id='block_1_7' title="bbox 205 999 1888 1094">
    <p class='ocr_par' dir='ltr' id='par_1_7' title="bbox 205 999 1888 1094">
     <span class='ocr_line' id='line_1_7' title="bbox 205 999 1888 1094; baseline 0.014 -40"><span class='ocrx_word' id='word_1_23' title='bbox 205 999 263 1055; x_wconf 91' lang='lat' dir='ltr'><strong>in</strong></span> <span class='ocrx_word' id='word_1_24' title='bbox 285 1001 538 1059; x_wconf 85' lang='lat' dir='ltr'><strong>Christo</strong></span> <span class='ocrx_word' id='word_1_25' title='bbox 565 1004 730 1060; x_wconf 79' lang='lat' dir='ltr'><strong>fratri</strong></span> <span class='ocrx_word' id='word_1_26' title='bbox 764 1006 922 1064; x_wconf 76' lang='lat' dir='ltr'><strong>Uaso</strong></span> <span class='ocrx_word' id='word_1_27' title='bbox 955 1009 1282 1069; x_wconf 82' lang='lat' dir='ltr'><strong>Ravellensi</strong></span> <span class='ocrx_word' id='word_1_28' title='bbox 1313 1016 1608 1089; x_wconf 87' lang='lat' dir='ltr'><strong>episcopo,</strong></span> <span class='ocrx_word' id='word_1_29' title='bbox 1641 1021 1888 1094; x_wconf 82' lang='lat' dir='ltr'><strong>ejusque</strong></span> 
     </span>
    </p>
   </div>
   <div class='ocr_carea' id='block_1_8' title="bbox 206 1093 1884 1179">
    <p class='ocr_par' dir='ltr' id='par_1_8' title="bbox 206 1093 1884 1179">
     <span class='ocr_line' id='line_1_8' title="bbox 206 1093 1884 1179; baseline 0.014 -35"><span class='ocrx_word' id='word_1_30' title='bbox 206 1093 673 1151; x_wconf 88' lang='lat' dir='ltr'><strong>successoribus</strong></span> <span class='ocrx_word' id='word_1_31' title='bbox 705 1098 985 1154; x_wconf 87' lang='lat' dir='ltr'><strong>canonice</strong></span> <span class='ocrx_word' id='word_1_32' title='bbox 1013 1099 1395 1160; x_wconf 83' lang='lat' dir='ltr'><strong>instituendis</strong></span> <span class='ocrx_word' id='word_1_33' title='bbox 1422 1106 1481 1162; x_wconf 93' lang='lat' dir='ltr'><strong>in</strong></span> <span class='ocrx_word' id='word_1_34' title='bbox 1515 1093 1884 1179; x_wconf 86' lang='lat' dir='ltr'><strong>perpetuum.</strong></span> 
     </span>
    </p>
   </div>
   <div class='ocr_carea' id='block_1_9' title="bbox 273 1179 1886 1261">
    <p class='ocr_par' dir='ltr' id='par_1_9' title="bbox 273 1179 1886 1261">
     <span class='ocr_line' id='line_1_9' title="bbox 273 1179 1886 1261; baseline 0.014 -28"><span class='ocrx_word' id='word_1_35' title='bbox 273 1179 516 1235; x_wconf 79' lang='lat' dir='ltr'><strong>Sanctae</strong></span> <span class='ocrx_word' id='word_1_36' title='bbox 552 1182 830 1241; x_wconf 63' lang='lat' dir='ltr'><strong>Romanis</strong></span> <span class='ocrx_word' id='word_1_37' title='bbox 872 1190 930 1243; x_wconf 90' lang='lat' dir='ltr'><strong>et</strong></span> <span class='ocrx_word' id='word_1_38' title='bbox 963 1190 1291 1261; x_wconf 80' lang='lat' dir='ltr'><strong>apostolicae</strong></span> <span class='ocrx_word' id='word_1_39' title='bbox 1323 1194 1672 1254; x_wconf 89' lang='lat' dir='ltr'><strong>universalis</strong></span> <span class='ocrx_word' id='word_1_40' title='bbox 1693 1198 1886 1255; x_wconf 91' lang='lat' dir='ltr'><strong>Eccle-</strong></span> 
     </span>
    </p>
   </div>
   <div class='ocr_carea' id='block_1_10' title="bbox 201 1266 1885 1346">
    <p class='ocr_par' dir='ltr' id='par_1_10' title="bbox 201 1266 1885 1346">
     <span class='ocr_line' id='line_1_10' title="bbox 201 1266 1885 1346; baseline 0.014 -25"><span class='ocrx_word' id='word_1_41' title='bbox 201 1266 302 1322; x_wconf 64' lang='lat' dir='ltr'><strong>sia</strong></span> <span class='ocrx_word' id='word_1_42' title='bbox 360 1268 642 1342; x_wconf 79' lang='lat' dir='ltr'><strong>dignitas</strong></span> <span class='ocrx_word' id='word_1_43' title='bbox 693 1273 873 1346; x_wconf 80' lang='lat' dir='ltr'><strong>exigit</strong></span> <span class='ocrx_word' id='word_1_44' title='bbox 941 1281 1009 1332; x_wconf 92' lang='lat' dir='ltr'><strong>ut</strong></span> <span class='ocrx_word' id='word_1_45' title='bbox 1064 1278 1175 1334; x_wconf 88' lang='lat' dir='ltr'><strong>sibi</strong></span> <span class='ocrx_word' id='word_1_46' title='bbox 1226 1280 1475 1339; x_wconf 82' lang='lat' dir='ltr'><strong>ﬁdeliter</strong></span> <span class='ocrx_word' id='word_1_47' title='bbox 1521 1285 1885 1345; x_wconf 67' lang='lat' dir='ltr'><strong>adhaerentes</strong></span> 
     </span>
    </p>
   </div>
   <div class='ocr_carea' id='block_1_11' title="bbox 196 1362 1884 1441">
    <p class='ocr_par' dir='ltr' id='par_1_11' title="bbox 196 1362 1884 1441">
     <span class='ocr_line' id='line_1_11' title="bbox 196 1362 1884 1441; baseline 0.014 -31"><span class='ocrx_word' id='word_1_48' title='bbox 196 1363 643 1427; x_wconf 88' lang='lat' dir='ltr'><strong>remuneret,et</strong></span> <span class='ocrx_word' id='word_1_49' title='bbox 672 1362 903 1422; x_wconf 80' lang='lat' dir='ltr'><strong>exultet.</strong></span> <span class='ocrx_word' id='word_1_50' title='bbox 936 1365 1085 1429; x_wconf 84' lang='lat' dir='ltr'><strong>Quia</strong></span> <span class='ocrx_word' id='word_1_51' title='bbox 1114 1367 1293 1441; x_wconf 79' lang='lat' dir='ltr'><strong>igitur</strong></span> <span class='ocrx_word' id='word_1_52' title='bbox 1323 1371 1596 1429; x_wconf 71' lang='lat' dir='ltr'><strong>Romana:</strong></span> <span class='ocrx_word' id='word_1_53' title='bbox 1617 1375 1884 1433; x_wconf 65' lang='lat' dir='ltr'><strong>Ecclesirs</strong></span> 
     </span>
    </p>
   </div>
   <div class='ocr_carea' id='block_1_12' title="bbox 195 1442 1883 1533">
    <p class='ocr_par' dir='ltr' id='par_1_12' title="bbox 195 1442 1883 1533">
     <span class='ocr_line' id='line_1_12' title="bbox 195 1442 1883 1533; baseline 0.015 -36"><span class='ocrx_word' id='word_1_54' title='bbox 195 1442 564 1502; x_wconf 82' lang='lat' dir='ltr'><strong>ﬁdelitatem</strong></span> <span class='ocrx_word' id='word_1_55' title='bbox 597 1465 667 1504; x_wconf 88' lang='lat' dir='ltr'><strong>ac</strong></span> <span class='ocrx_word' id='word_1_56' title='bbox 697 1448 1031 1510; x_wconf 89' lang='lat' dir='ltr'><strong>libertatem</strong></span> <span class='ocrx_word' id='word_1_57' title='bbox 1066 1455 1337 1514; x_wconf 81' lang='lat' dir='ltr'><strong>ardenter</strong></span> <span class='ocrx_word' id='word_1_58' title='bbox 1364 1462 1684 1533; x_wconf 83' lang='lat' dir='ltr'><strong>requisisti,</strong></span> <span class='ocrx_word' id='word_1_59' title='bbox 1709 1470 1766 1520; x_wconf 89' lang='lat' dir='ltr'><strong>et</strong></span> <span class='ocrx_word' id='word_1_60' title='bbox 1781 1466 1883 1521; x_wconf 92' lang='lat' dir='ltr'><strong>ob-</strong></span> 
     </span>
    </p>
   </div>
   <div class='ocr_carea' id='block_1_13' title="bbox 194 1533 1882 1618">
    <p class='ocr_par' dir='ltr' id='par_1_13' title="bbox 194 1533 1882 1618">
     <span class='ocr_line' id='line_1_13' title="bbox 194 1533 1882 1618; baseline 0.015 -32"><span class='ocrx_word' id='word_1_61' title='bbox 194 1533 429 1605; x_wconf 88' lang='lat' dir='ltr'><strong>sequiis</strong></span> <span class='ocrx_word' id='word_1_62' title='bbox 468 1539 852 1608; x_wconf 66' lang='lat' dir='ltr'><strong>prevenisiti,</strong></span> <span class='ocrx_word' id='word_1_63' title='bbox 893 1543 962 1597; x_wconf 91' lang='lat' dir='ltr'><strong>ad</strong></span> <span class='ocrx_word' id='word_1_64' title='bbox 1014 1543 1071 1599; x_wconf 89' lang='lat' dir='ltr'><strong>id</strong></span> <span class='ocrx_word' id='word_1_65' title='bbox 1121 1551 1315 1601; x_wconf 79' lang='lat' dir='ltr'><strong>vestra</strong></span> <span class='ocrx_word' id='word_1_66' title='bbox 1366 1549 1588 1618; x_wconf 83' lang='lat' dir='ltr'><strong>civitas,</strong></span> <span class='ocrx_word' id='word_1_67' title='bbox 1639 1552 1882 1610; x_wconf 90' lang='lat' dir='ltr'><strong>Domino</strong></span> 
     </span>
    </p>
   </div>
   <div class='ocr_carea' id='block_1_14' title="bbox 191 1625 1880 1703">
    <p class='ocr_par' dir='ltr' id='par_1_14' title="bbox 191 1625 1880 1703">
     <span class='ocr_line' id='line_1_14' title="bbox 191 1625 1880 1703; baseline 0.015 -28"><span class='ocrx_word' id='word_1_68' title='bbox 191 1625 551 1691; x_wconf 72' lang='lat' dir='ltr'><strong>praestante,</strong></span> <span class='ocrx_word' id='word_1_69' title='bbox 587 1629 869 1699; x_wconf 83' lang='lat' dir='ltr'><strong>pervenit,</strong></span> <span class='ocrx_word' id='word_1_70' title='bbox 908 1635 972 1685; x_wconf 92' lang='lat' dir='ltr'><strong>ut</strong></span> <span class='ocrx_word' id='word_1_71' title='bbox 1027 1634 1473 1703; x_wconf 67' lang='lat' dir='ltr'><strong>przcdecessoris</strong></span> <span class='ocrx_word' id='word_1_72' title='bbox 1505 1642 1686 1696; x_wconf 82' lang='lat' dir='ltr'><strong>nostri</strong></span> <span class='ocrx_word' id='word_1_73' title='bbox 1721 1661 1880 1699; x_wconf 90' lang='lat' dir='ltr'><strong>reve-</strong></span> 
     </span>
    </p>
   </div>
   <div class='ocr_carea' id='block_1_15' title="bbox 191 1711 1878 1805">
    <p class='ocr_par' dir='ltr' id='par_1_15' title="bbox 191 1711 1878 1805">
     <span class='ocr_line' id='line_1_15' title="bbox 191 1711 1878 1805; baseline 0.015 -40"><span class='ocrx_word' id='word_1_74' title='bbox 191 1711 391 1766; x_wconf 77' lang='lat' dir='ltr'><strong>rendae</strong></span> <span class='ocrx_word' id='word_1_75' title='bbox 434 1716 747 1771; x_wconf 61' lang='lat' dir='ltr'><strong>memerita</strong></span> <span class='ocrx_word' id='word_1_76' title='bbox 806 1717 1056 1777; x_wconf 84' lang='lat' dir='ltr'><strong>Victoris</strong></span> <span class='ocrx_word' id='word_1_77' title='bbox 1089 1722 1162 1778; x_wconf 90' lang='lat' dir='ltr'><strong>IlI</strong></span> <span class='ocrx_word' id='word_1_78' title='bbox 1219 1728 1481 1799; x_wconf 86' lang='lat' dir='ltr'><strong>tempore</strong></span> <span class='ocrx_word' id='word_1_79' title='bbox 1538 1730 1878 1805; x_wconf 86' lang='lat' dir='ltr'><strong>episcopum</strong></span> 
     </span>
    </p>
   </div>
   <div class='ocr_carea' id='block_1_16' title="bbox 193 1802 1879 1883">
    <p class='ocr_par' dir='ltr' id='par_1_16' title="bbox 193 1802 1879 1883">
     <span class='ocr_line' id='line_1_16' title="bbox 193 1802 1879 1883; baseline 0.013 -28"><span class='ocrx_word' id='word_1_80' title='bbox 193 1802 489 1857; x_wconf 87' lang='lat' dir='ltr'><strong>meruerit</strong></span> <span class='ocrx_word' id='word_1_81' title='bbox 514 1804 911 1877; x_wconf 86' lang='lat' dir='ltr'><strong>adipisci.Nos</strong></span> <span class='ocrx_word' id='word_1_82' title='bbox 928 1809 1122 1883; x_wconf 81' lang='lat' dir='ltr'><strong>itaque</strong></span> <span class='ocrx_word' id='word_1_83' title='bbox 1137 1811 1522 1873; x_wconf 86' lang='lat' dir='ltr'><strong>nihilominus</strong></span> <span class='ocrx_word' id='word_1_84' title='bbox 1542 1802 1879 1877; x_wconf 80' lang='lat' dir='ltr'><strong>exaltationi</strong></span> 
     </span>
    </p>
   </div>
   <div class='ocr_carea' id='block_1_17' title="bbox 190 1892 1954 1967">
    <p class='ocr_par' dir='ltr' id='par_1_17' title="bbox 190 1892 1954 1967">
     <span class='ocr_line' id='line_1_17' title="bbox 190 1892 1954 1967; baseline 0.014 -24"><span class='ocrx_word' id='word_1_85' title='bbox 190 1892 402 1946; x_wconf 65' lang='lat' dir='ltr'><strong>vestrm</strong></span> <span class='ocrx_word' id='word_1_86' title='bbox 435 1894 907 1965; x_wconf 83' lang='lat' dir='ltr'><strong>congaudentes,</strong></span> <span class='ocrx_word' id='word_1_87' title='bbox 940 1902 996 1953; x_wconf 89' lang='lat' dir='ltr'><strong>et</strong></span> <span class='ocrx_word' id='word_1_88' title='bbox 1025 1904 1412 1961; x_wconf 87' lang='lat' dir='ltr'><strong>antecesseris</strong></span> <span class='ocrx_word' id='word_1_89' title='bbox 1443 1908 1626 1963; x_wconf 86' lang='lat' dir='ltr'><strong>nostri</strong></span> <span class='ocrx_word' id='word_1_90' title='bbox 1658 1913 1878 1967; x_wconf 86' lang='lat' dir='ltr'><strong>statuta</strong></span> <span class='ocrx_word' id='word_1_91' title='bbox 1905 1894 1954 1960; x_wconf 86' lang='grc' dir='ltr'><strong>Β</strong></span> 
     </span>
    </p>
   </div>
   <div class='ocr_carea' id='block_1_18' title="bbox 192 1977 1874 2068">
    <p class='ocr_par' dir='ltr' id='par_1_18' title="bbox 192 1977 1874 2068">
     <span class='ocr_line' id='line_1_18' title="bbox 192 1977 1874 2068; baseline 0.014 -36"><span class='ocrx_word' id='word_1_92' title='bbox 192 1977 546 2049; x_wconf 82' lang='lat' dir='ltr'><strong>ﬁrmamus,</strong></span> <span class='ocrx_word' id='word_1_93' title='bbox 597 1985 655 2037; x_wconf 85' lang='lat' dir='ltr'><strong>et</strong></span> <span class='ocrx_word' id='word_1_94' title='bbox 683 1999 812 2039; x_wconf 90' lang='lat' dir='ltr'><strong>eam</strong></span> <span class='ocrx_word' id='word_1_95' title='bbox 843 1985 1007 2042; x_wconf 86' lang='lat' dir='ltr'><strong>vobis</strong></span> <span class='ocrx_word' id='word_1_96' title='bbox 1064 1985 1393 2048; x_wconf 89' lang='lat' dir='ltr'><strong>libertatem</strong></span> <span class='ocrx_word' id='word_1_97' title='bbox 1440 1994 1777 2068; x_wconf 76' lang='lat' dir='ltr'><strong>adjicimus,</strong></span> <span class='ocrx_word' id='word_1_98' title='bbox 1809 2003 1874 2055; x_wconf 91' lang='lat' dir='ltr'><strong>ut</strong></span> 
     </span>
    </p>
   </div>
   <div class='ocr_carea' id='block_1_19' title="bbox 194 2064 1872 2156">
    <p class='ocr_par' dir='ltr' id='par_1_19' title="bbox 194 2064 1872 2156">
     <span class='ocr_line' id='line_1_19' title="bbox 194 2064 1872 2156; baseline 0.014 -35"><span class='ocrx_word' id='word_1_99' title='bbox 194 2064 576 2125; x_wconf 82' lang='lat' dir='ltr'><strong>Ravellensis</strong></span> <span class='ocrx_word' id='word_1_100' title='bbox 605 2070 866 2129; x_wconf 87' lang='lat' dir='ltr'><strong>Ecclesia</strong></span> <span class='ocrx_word' id='word_1_101' title='bbox 896 2075 1173 2150; x_wconf 85' lang='lat' dir='ltr'><strong>deinceps</strong></span> <span class='ocrx_word' id='word_1_102' title='bbox 1221 2079 1294 2134; x_wconf 88' lang='lat' dir='ltr'><strong>ab</strong></span> <span class='ocrx_word' id='word_1_103' title='bbox 1326 2064 1528 2139; x_wconf 76' lang='lat' dir='ltr'><strong>omnis</strong></span> <span class='ocrx_word' id='word_1_104' title='bbox 1567 2064 1872 2156; x_wconf 77' lang='lat' dir='ltr'><strong>potestatis</strong></span> 
     </span>
    </p>
   </div>
   <div class='ocr_carea' id='block_1_20' title="bbox 191 2155 1872 2245">
    <p class='ocr_par' dir='ltr' id='par_1_20' title="bbox 191 2155 1872 2245">
     <span class='ocr_line' id='line_1_20' title="bbox 191 2155 1872 2245; baseline 0.013 -35"><span class='ocrx_word' id='word_1_105' title='bbox 191 2155 581 2227; x_wconf 85' lang='lat' dir='ltr'><strong>subjectione</strong></span> <span class='ocrx_word' id='word_1_106' title='bbox 608 2158 813 2229; x_wconf 88' lang='lat' dir='ltr'><strong>libera,</strong></span> <span class='ocrx_word' id='word_1_107' title='bbox 845 2161 906 2217; x_wconf 92' lang='lat' dir='ltr'><strong>in</strong></span> <span class='ocrx_word' id='word_1_108' title='bbox 939 2163 1123 2220; x_wconf 89' lang='lat' dir='ltr'><strong>solius</strong></span> <span class='ocrx_word' id='word_1_109' title='bbox 1155 2166 1403 2224; x_wconf 82' lang='lat' dir='ltr'><strong>Romani</strong></span> <span class='ocrx_word' id='word_1_110' title='bbox 1435 2155 1872 2245; x_wconf 78' lang='lat' dir='ltr'><strong>pontiﬁcisjure</strong></span> 
     </span>
    </p>
   </div>
   <div class='ocr_carea' id='block_1_21' title="bbox 189 2243 1871 2334">
    <p class='ocr_par' dir='ltr' id='par_1_21' title="bbox 189 2243 1871 2334">
     <span class='ocr_line' id='line_1_21' title="bbox 189 2243 1871 2334; baseline 0.012 -35"><span class='ocrx_word' id='word_1_111' title='bbox 189 2243 732 2320; x_wconf 71' lang='lat' dir='ltr'><strong>deminutioneque</strong></span> <span class='ocrx_word' id='word_1_112' title='bbox 790 2252 1096 2311; x_wconf 87' lang='lat' dir='ltr'><strong>consistat.</strong></span> <span class='ocrx_word' id='word_1_113' title='bbox 1130 2254 1387 2329; x_wconf 91' lang='lat' dir='ltr'><strong>Dignum</strong></span> <span class='ocrx_word' id='word_1_114' title='bbox 1436 2260 1655 2334; x_wconf 88' lang='lat' dir='ltr'><strong>quippe</strong></span> <span class='ocrx_word' id='word_1_115' title='bbox 1685 2243 1775 2319; x_wconf 81' lang='lat' dir='ltr'><strong>est</strong></span> <span class='ocrx_word' id='word_1_116' title='bbox 1806 2269 1871 2319; x_wconf 90' lang='lat' dir='ltr'><strong>ut</strong></span> 
     </span>
    </p>
   </div>
   <div class='ocr_carea' id='block_1_22' title="bbox 192 2333 1870 2419">
    <p class='ocr_par' dir='ltr' id='par_1_22' title="bbox 192 2333 1870 2419">
     <span class='ocr_line' id='line_1_22' title="bbox 192 2333 1870 2419; baseline 0.014 -33"><span class='ocrx_word' id='word_1_117' title='bbox 192 2333 288 2405; x_wconf 89' lang='lat' dir='ltr'><strong>qui</strong></span> <span class='ocrx_word' id='word_1_118' title='bbox 321 2335 381 2390; x_wconf 91' lang='lat' dir='ltr'><strong>in</strong></span> <span class='ocrx_word' id='word_1_119' title='bbox 413 2337 836 2409; x_wconf 85' lang='lat' dir='ltr'><strong>corporalibus</strong></span> <span class='ocrx_word' id='word_1_120' title='bbox 868 2340 1044 2398; x_wconf 88' lang='lat' dir='ltr'><strong>rebus</strong></span> <span class='ocrx_word' id='word_1_121' title='bbox 1096 2344 1476 2403; x_wconf 86' lang='lat' dir='ltr'><strong>vehementer</strong></span> <span class='ocrx_word' id='word_1_122' title='bbox 1506 2333 1870 2419; x_wconf 81' lang='lat' dir='ltr'><strong>excrevistis,</strong></span> 
     </span>
    </p>
   </div>
   <div class='ocr_carea' id='block_1_23' title="bbox 191 2422 1870 2510">
    <p class='ocr_par' dir='ltr' id='par_1_23' title="bbox 191 2422 1870 2510">
     <span class='ocr_line' id='line_1_23' title="bbox 191 2422 1870 2510; baseline 0.014 -35"><span class='ocrx_word' id='word_1_123' title='bbox 191 2422 613 2494; x_wconf 87' lang='lat' dir='ltr'><strong>spiritualium</strong></span> <span class='ocrx_word' id='word_1_124' title='bbox 634 2443 867 2501; x_wconf 91' lang='lat' dir='ltr'><strong>quoque</strong></span> <span class='ocrx_word' id='word_1_125' title='bbox 887 2446 1203 2489; x_wconf 89' lang='lat' dir='ltr'><strong>munerum</strong></span> <span class='ocrx_word' id='word_1_126' title='bbox 1227 2437 1870 2510; x_wconf 87' lang='lat' dir='ltr'><strong>perceptione,Domino</strong></span> 
     </span>
    </p>
   </div>
   <div class='ocr_carea' id='block_1_24' title="bbox 191 2509 1869 2596">
    <p class='ocr_par' dir='ltr' id='par_1_24' title="bbox 191 2509 1869 2596">
     <span class='ocr_line' id='line_1_24' title="bbox 191 2509 1869 2596; baseline 0.012 -31"><span class='ocrx_word' id='word_1_127' title='bbox 191 2509 515 2586; x_wconf 84' lang='lat' dir='ltr'><strong>largiente,</strong></span> <span class='ocrx_word' id='word_1_128' title='bbox 546 2517 844 2573; x_wconf 88' lang='lat' dir='ltr'><strong>crescatis.</strong></span> <span class='ocrx_word' id='word_1_129' title='bbox 880 2519 1143 2577; x_wconf 85' lang='lat' dir='ltr'><strong>Vestram</strong></span> <span class='ocrx_word' id='word_1_130' title='bbox 1203 2509 1412 2596; x_wconf 11' lang='lat' dir='ltr'><strong>igitur,</strong></span> <span class='ocrx_word' id='word_1_131' title='bbox 1442 2526 1757 2585; x_wconf 80' lang='lat' dir='ltr'><strong>Ecclesium</strong></span> <span class='ocrx_word' id='word_1_132' title='bbox 1811 2530 1869 2586; x_wconf 91' lang='lat' dir='ltr'><strong>in</strong></span> 
     </span>
    </p>
   </div>
   <div class='ocr_carea' id='block_1_25' title="bbox 194 2601 1869 2681">
    <p class='ocr_par' dir='ltr' id='par_1_25' title="bbox 194 2601 1869 2681">
     <span class='ocr_line' id='line_1_25' title="bbox 194 2601 1869 2681; baseline 0.012 -27"><span class='ocrx_word' id='word_1_133' title='bbox 194 2601 546 2671; x_wconf 67' lang='lat' dir='ltr'><strong>apostolicae</strong></span> <span class='ocrx_word' id='word_1_134' title='bbox 568 2604 728 2660; x_wconf 89' lang='lat' dir='ltr'><strong>sedis</strong></span> <span class='ocrx_word' id='word_1_135' title='bbox 758 2606 979 2678; x_wconf 89' lang='lat' dir='ltr'><strong>gremio</strong></span> <span class='ocrx_word' id='word_1_136' title='bbox 1011 2610 1346 2681; x_wconf 86' lang='lat' dir='ltr'><strong>specialiter</strong></span> <span class='ocrx_word' id='word_1_137' title='bbox 1366 2614 1735 2674; x_wconf 88' lang='lat' dir='ltr'><strong>confoventes</strong></span> <span class='ocrx_word' id='word_1_138' title='bbox 1765 2617 1869 2674; x_wconf 83' lang='lat' dir='ltr'><strong>tibi</strong></span> 
     </span>
    </p>
   </div>
   <div class='ocr_carea' id='block_1_26' title="bbox 196 2685 1870 2779">
    <p class='ocr_par' dir='ltr' id='par_1_26' title="bbox 196 2685 1870 2779">
     <span class='ocr_line' id='line_1_26' title="bbox 196 2685 1870 2779; baseline 0.013 -37"><span class='ocrx_word' id='word_1_139' title='bbox 196 2685 471 2761; x_wconf 87' lang='lat' dir='ltr'><strong>legitime</strong></span> <span class='ocrx_word' id='word_1_140' title='bbox 529 2692 973 2763; x_wconf 84' lang='lat' dir='ltr'><strong>conﬁrmamus,</strong></span> <span class='ocrx_word' id='word_1_141' title='bbox 1029 2699 1375 2774; x_wconf 88' lang='lat' dir='ltr'><strong>coepiscope</strong></span> <span class='ocrx_word' id='word_1_142' title='bbox 1407 2702 1573 2772; x_wconf 91' lang='lat' dir='ltr'><strong>Urse,</strong></span> <span class='ocrx_word' id='word_1_143' title='bbox 1633 2706 1870 2779; x_wconf 88' lang='lat' dir='ltr'><strong>tuisque</strong></span> 
     </span>
    </p>
   </div>
   <div class='ocr_carea' id='block_1_27' title="bbox 198 2774 1868 2852">
    <p class='ocr_par' dir='ltr' id='par_1_27' title="bbox 198 2774 1868 2852">
     <span class='ocr_line' id='line_1_27' title="bbox 198 2774 1868 2852; baseline 0.013 -20"><span class='ocrx_word' id='word_1_144' title='bbox 198 2774 495 2850; x_wconf 82' lang='lat' dir='ltr'><strong>legitimis</strong></span> <span class='ocrx_word' id='word_1_145' title='bbox 518 2784 979 2852; x_wconf 86' lang='lat' dir='ltr'><strong>successoribus,</strong></span> <span class='ocrx_word' id='word_1_146' title='bbox 1013 2803 1247 2844; x_wconf 90' lang='lat' dir='ltr'><strong>omnem</strong></span> <span class='ocrx_word' id='word_1_147' title='bbox 1292 2790 1692 2850; x_wconf 86' lang='lat' dir='ltr'><strong>Ravellensem</strong></span> <span class='ocrx_word' id='word_1_148' title='bbox 1723 2796 1868 2851; x_wconf 79' lang='lat' dir='ltr'><strong>dice-</strong></span> 
     </span>
    </p>
   </div>
   <div class='ocr_carea' id='block_1_28' title="bbox 199 2864 1871 2953">
    <p class='ocr_par' dir='ltr' id='par_1_28' title="bbox 199 2864 1871 2953">
     <span class='ocr_line' id='line_1_28' title="bbox 199 2864 1871 2953; baseline 0.013 -34"><span class='ocrx_word' id='word_1_149' title='bbox 199 2866 351 2924; x_wconf 89' lang='lat' dir='ltr'><strong>cesis</strong></span> <span class='ocrx_word' id='word_1_150' title='bbox 374 2868 682 2925; x_wconf 87' lang='lat' dir='ltr'><strong>ambitum</strong></span> <span class='ocrx_word' id='word_1_151' title='bbox 704 2864 1010 2943; x_wconf 70' lang='lat' dir='ltr'><strong>praesentis</strong></span> <span class='ocrx_word' id='word_1_152' title='bbox 1042 2878 1381 2936; x_wconf 87' lang='lat' dir='ltr'><strong>auctoritate</strong></span> <span class='ocrx_word' id='word_1_153' title='bbox 1412 2881 1637 2953; x_wconf 69' lang='lat' dir='ltr'><strong>paginae</strong></span> <span class='ocrx_word' id='word_1_154' title='bbox 1667 2885 1871 2941; x_wconf 83' lang='lat' dir='ltr'><strong>conﬁr-</strong></span> 
     </span>
    </p>
   </div>
   <div class='ocr_carea' id='block_1_29' title="bbox 206 2962 1867 3040">
    <p class='ocr_par' dir='ltr' id='par_1_29' title="bbox 206 2962 1867 3040">
     <span class='ocr_line' id='line_1_29' title="bbox 206 2962 1867 3040; baseline 0.013 -31"><span class='ocrx_word' id='word_1_155' title='bbox 206 2970 475 3025; x_wconf 89' lang='lat' dir='ltr'><strong>mamus,</strong></span> <span class='ocrx_word' id='word_1_156' title='bbox 508 2962 857 3029; x_wconf 87' lang='lat' dir='ltr'><strong>potestatem</strong></span> <span class='ocrx_word' id='word_1_157' title='bbox 906 2963 1069 3020; x_wconf 89' lang='lat' dir='ltr'><strong>vobis</strong></span> <span class='ocrx_word' id='word_1_158' title='bbox 1119 2965 1492 3040; x_wconf 86' lang='lat' dir='ltr'><strong>indulgentes</strong></span> <span class='ocrx_word' id='word_1_159' title='bbox 1538 2971 1692 3028; x_wconf 84' lang='lat' dir='ltr'><strong>intra</strong></span> <span class='ocrx_word' id='word_1_160' title='bbox 1739 2991 1867 3030; x_wconf 87' lang='lat' dir='ltr'><strong>eam</strong></span> 
     </span>
    </p>
   </div>
   <div class='ocr_carea' id='block_1_30' title="bbox 208 3042 1865 3119">
    <p class='ocr_par' dir='ltr' id='par_1_30' title="bbox 208 3042 1865 3119">
     <span class='ocr_line' id='line_1_30' title="bbox 208 3042 1865 3119; baseline 0.012 -20"><span class='ocrx_word' id='word_1_161' title='bbox 208 3042 437 3118; x_wconf 83' lang='lat' dir='ltr'><strong>absque</strong></span> <span class='ocrx_word' id='word_1_162' title='bbox 470 3045 652 3103; x_wconf 83' lang='lat' dir='ltr'><strong>ullius</strong></span> <span class='ocrx_word' id='word_1_163' title='bbox 684 3050 1144 3109; x_wconf 83' lang='lat' dir='ltr'><strong>contradictione</strong></span> <span class='ocrx_word' id='word_1_164' title='bbox 1172 3053 1431 3113; x_wconf 87' lang='lat' dir='ltr'><strong>chrisma</strong></span> <span class='ocrx_word' id='word_1_165' title='bbox 1468 3060 1769 3118; x_wconf 82' lang='lat' dir='ltr'><strong>conﬁcere.</strong></span> <span class='ocrx_word' id='word_1_166' title='bbox 1806 3105 1820 3118; x_wconf 97' lang='lat'><strong>.</strong></span> <span class='ocrx_word' id='word_1_167' title='bbox 1852 3106 1865 3119; x_wconf 91' lang='lat'><strong>.</strong></span> 
     </span>
    </p>
   </div>
   <div class='ocr_carea' id='block_1_31' title="bbox 206 3131 1867 3217">
    <p class='ocr_par' dir='ltr' id='par_1_31' title="bbox 206 3131 1867 3217">
     <span class='ocr_line' id='line_1_31' title="bbox 206 3131 1867 3217; baseline 0.013 -30"><span class='ocrx_word' id='word_1_168' title='bbox 206 3131 401 3202; x_wconf 66' lang='lat' dir='ltr'><strong>(Multa</strong></span> <span class='ocrx_word' id='word_1_169' title='bbox 432 3135 633 3192; x_wconf 75' lang='lat' dir='ltr'><strong>desunt</strong></span> <span class='ocrx_word' id='word_1_170' title='bbox 663 3138 723 3193; x_wconf 89' lang='lat' dir='ltr'><strong>in</strong></span> <span class='ocrx_word' id='word_1_171' title='bbox 746 3141 1067 3212; x_wconf 82' lang='lat' dir='ltr'><strong>privilegio,</strong></span> <span class='ocrx_word' id='word_1_172' title='bbox 1099 3146 1230 3216; x_wconf 83' lang='lat' dir='ltr'><strong>quia</strong></span> <span class='ocrx_word' id='word_1_173' title='bbox 1258 3147 1369 3217; x_wconf 78' lang='lat' dir='ltr'><strong>fuit</strong></span> <span class='ocrx_word' id='word_1_174' title='bbox 1390 3150 1645 3216; x_wconf 72' lang='lat' dir='ltr'><strong>recisum,</strong></span> <span class='ocrx_word' id='word_1_175' title='bbox 1672 3160 1722 3207; x_wconf 86' lang='lat' dir='ltr'><strong>et</strong></span> <span class='ocrx_word' id='word_1_176' title='bbox 1743 3169 1867 3210; x_wconf 84' lang='lat' dir='ltr'><strong>cum</strong></span> 
     </span>
    </p>
   </div>
   <div class='ocr_carea' id='block_1_32' title="bbox 202 3221 1937 3327">
    <p class='ocr_par' dir='ltr' id='par_1_32' title="bbox 202 3221 1937 3327">
     <span class='ocr_line' id='line_1_32' title="bbox 202 3221 1937 3327; baseline 0.014 -52"><span class='ocrx_word' id='word_1_177' title='bbox 202 3221 293 3290; x_wconf 78' lang='lat' dir='ltr'><strong>ﬁlo</strong></span> <span class='ocrx_word' id='word_1_178' title='bbox 319 3232 641 3293; x_wconf 69' lang='lat' dir='ltr'><strong>consutam,</strong></span> <span class='ocrx_word' id='word_1_179' title='bbox 674 3235 736 3327; x_wconf 66' lang='lat' dir='ltr'><strong>ut</strong></span> <span class='ocrx_word' id='word_1_180' title='bbox 760 3228 831 3282; x_wconf 81' lang='lat' dir='ltr'><strong>ad</strong></span> <span class='ocrx_word' id='word_1_181' title='bbox 858 3245 1101 3300; x_wconf 65' lang='lat' dir='ltr'><strong>praesens</strong></span> <span class='ocrx_word' id='word_1_182' title='bbox 1132 3236 1353 3307; x_wconf 75' lang='lat' dir='ltr'><strong>exstat.)</strong></span> <span class='ocrx_word' id='word_1_183' title='bbox 1401 3236 1631 3295; x_wconf 87' lang='lat' dir='ltr'><strong>Slatuta</strong></span> <span class='ocrx_word' id='word_1_184' title='bbox 1670 3240 1861 3298; x_wconf 88' lang='lat' dir='ltr'><strong>Eccle-</strong></span> <span class='ocrx_word' id='word_1_185' title='bbox 1894 3261 1937 3327; x_wconf 73' lang='grc' dir='ltr'><strong>ρ</strong></span> 
     </span>
    </p>
   </div>
   <div class='ocr_carea' id='block_1_33' title="bbox 200 3310 1860 3397">
    <p class='ocr_par' dir='ltr' id='par_1_33' title="bbox 200 3310 1860 3397">
     <span class='ocr_line' id='line_1_33' title="bbox 200 3310 1860 3397; baseline 0.013 -33"><span class='ocrx_word' id='word_1_186' title='bbox 200 3310 295 3364; x_wconf 67' lang='lat' dir='ltr'><strong>sia:</strong></span> <span class='ocrx_word' id='word_1_187' title='bbox 324 3317 653 3384; x_wconf 72' lang='lat' dir='ltr'><strong>praestante</strong></span> <span class='ocrx_word' id='word_1_188' title='bbox 682 3312 932 3374; x_wconf 90' lang='lat' dir='ltr'><strong>Domino</strong></span> <span class='ocrx_word' id='word_1_189' title='bbox 993 3319 1473 3395; x_wconf 85' lang='lat' dir='ltr'><strong>irrefragabiliter</strong></span> <span class='ocrx_word' id='word_1_190' title='bbox 1530 3327 1860 3397; x_wconf 87' lang='lat' dir='ltr'><strong>observare,</strong></span> 
     </span>
    </p>
   </div>
   <div class='ocr_carea' id='block_1_34' title="bbox 199 3400 1862 3490">
    <p class='ocr_par' dir='ltr' id='par_1_34' title="bbox 199 3400 1862 3490">
     <span class='ocr_line' id='line_1_34' title="bbox 199 3400 1862 3490; baseline 0.013 -37"><span class='ocrx_word' id='word_1_191' title='bbox 199 3400 455 3469; x_wconf 86' lang='lat' dir='ltr'><strong>ejusque</strong></span> <span class='ocrx_word' id='word_1_192' title='bbox 486 3401 695 3458; x_wconf 90' lang='lat' dir='ltr'><strong>honori</strong></span> <span class='ocrx_word' id='word_1_193' title='bbox 730 3421 833 3476; x_wconf 90' lang='lat' dir='ltr'><strong>pro</strong></span> <span class='ocrx_word' id='word_1_194' title='bbox 862 3407 1085 3465; x_wconf 90' lang='lat' dir='ltr'><strong>viribus</strong></span> <span class='ocrx_word' id='word_1_195' title='bbox 1102 3412 1709 3484; x_wconf 86' lang='lat' dir='ltr'><strong>sempcrinsistere.Si</strong></span> <span class='ocrx_word' id='word_1_196' title='bbox 1729 3419 1862 3490; x_wconf 91' lang='lat' dir='ltr'><strong>quis</strong></span> 
     </span>
    </p>
   </div>
   <div class='ocr_carea' id='block_1_35' title="bbox 200 3489 1858 3578">
    <p class='ocr_par' dir='ltr' id='par_1_35' title="bbox 200 3489 1858 3578">
     <span class='ocr_line' id='line_1_35' title="bbox 200 3489 1858 3578; baseline 0.013 -36"><span class='ocrx_word' id='word_1_197' title='bbox 200 3489 480 3545; x_wconf 86' lang='lat' dir='ltr'><strong>autemin</strong></span> <span class='ocrx_word' id='word_1_198' title='bbox 512 3491 836 3549; x_wconf 88' lang='lat' dir='ltr'><strong>crastinum</strong></span> <span class='ocrx_word' id='word_1_199' title='bbox 872 3496 1349 3572; x_wconf 86' lang='lat' dir='ltr'><strong>archiepiscOpus</strong></span> <span class='ocrx_word' id='word_1_200' title='bbox 1381 3506 1499 3558; x_wconf 82' lang='lat' dir='ltr'><strong>aut</strong></span> <span class='ocrx_word' id='word_1_201' title='bbox 1524 3489 1858 3578; x_wconf 87' lang='lat' dir='ltr'><strong>episcopus,</strong></span> 
     </span>
    </p>
   </div>
   <div class='ocr_carea' id='block_1_36' title="bbox 199 3573 1857 3665">
    <p class='ocr_par' dir='ltr' id='par_1_36' title="bbox 199 3573 1857 3665">
     <span class='ocr_line' id='line_1_36' title="bbox 199 3573 1857 3665; baseline 0.013 -35"><span class='ocrx_word' id='word_1_202' title='bbox 199 3573 527 3649; x_wconf 89' lang='lat' dir='ltr'><strong>imperator</strong></span> <span class='ocrx_word' id='word_1_203' title='bbox 557 3586 660 3635; x_wconf 92' lang='lat' dir='ltr'><strong>aut</strong></span> <span class='ocrx_word' id='word_1_204' title='bbox 689 3598 807 3649; x_wconf 87' lang='lat' dir='ltr'><strong>rex,</strong></span> <span class='ocrx_word' id='word_1_205' title='bbox 842 3584 1113 3658; x_wconf 89' lang='lat' dir='ltr'><strong>princeps</strong></span> <span class='ocrx_word' id='word_1_206' title='bbox 1135 3592 1237 3643; x_wconf 91' lang='lat' dir='ltr'><strong>aut</strong></span> <span class='ocrx_word' id='word_1_207' title='bbox 1268 3589 1405 3657; x_wconf 86' lang='lat' dir='ltr'><strong>dux,</strong></span> <span class='ocrx_word' id='word_1_208' title='bbox 1438 3595 1540 3647; x_wconf 92' lang='lat' dir='ltr'><strong>aut</strong></span> <span class='ocrx_word' id='word_1_209' title='bbox 1561 3573 1857 3665; x_wconf 78' lang='lat' dir='ltr'><strong>patritius,</strong></span> 
     </span>
    </p>
   </div>
   <div class='ocr_carea' id='block_1_37' title="bbox 202 3668 1857 3754">
    <p class='ocr_par' dir='ltr' id='par_1_37' title="bbox 202 3668 1857 3754">
     <span class='ocr_line' id='line_1_37' title="bbox 202 3668 1857 3754; baseline 0.012 -35"><span class='ocrx_word' id='word_1_210' title='bbox 202 3678 403 3721; x_wconf 90' lang='lat' dir='ltr'><strong>comes</strong></span> <span class='ocrx_word' id='word_1_211' title='bbox 434 3671 539 3723; x_wconf 89' lang='lat' dir='ltr'><strong>aut</strong></span> <span class='ocrx_word' id='word_1_212' title='bbox 563 3668 907 3738; x_wconf 88' lang='lat' dir='ltr'><strong>vicecomes,</strong></span> <span class='ocrx_word' id='word_1_213' title='bbox 942 3680 1043 3729; x_wconf 90' lang='lat' dir='ltr'><strong>aut</strong></span> <span class='ocrx_word' id='word_1_214' title='bbox 1054 3674 1258 3745; x_wconf 83' lang='lat' dir='ltr'><strong>judex.</strong></span> <span class='ocrx_word' id='word_1_215' title='bbox 1291 3683 1391 3733; x_wconf 89' lang='lat' dir='ltr'><strong>aut</strong></span> <span class='ocrx_word' id='word_1_216' title='bbox 1424 3695 1672 3751; x_wconf 86' lang='lat' dir='ltr'><strong>persona</strong></span> <span class='ocrx_word' id='word_1_217' title='bbox 1702 3699 1857 3754; x_wconf 61' lang='lat' dir='ltr'><strong>quaa-</strong></span> 
     </span>
    </p>
   </div>
   <div class='ocr_carea' id='block_1_38' title="bbox 202 3751 1859 3844">
    <p class='ocr_par' dir='ltr' id='par_1_38' title="bbox 202 3751 1859 3844">
     <span class='ocr_line' id='line_1_38' title="bbox 202 3751 1859 3844; baseline 0.014 -37"><span class='ocrx_word' id='word_1_218' title='bbox 202 3751 345 3811; x_wconf 87' lang='lat' dir='ltr'><strong>libet</strong></span> <span class='ocrx_word' id='word_1_219' title='bbox 374 3772 593 3844; x_wconf 87' lang='lat' dir='ltr'><strong>magna</strong></span> <span class='ocrx_word' id='word_1_220' title='bbox 620 3757 709 3814; x_wconf 89' lang='lat' dir='ltr'><strong>vel</strong></span> <span class='ocrx_word' id='word_1_221' title='bbox 740 3777 935 3832; x_wconf 89' lang='lat' dir='ltr'><strong>parva,</strong></span> <span class='ocrx_word' id='word_1_222' title='bbox 970 3767 1176 3834; x_wconf 89' lang='lat' dir='ltr'><strong>potens</strong></span> <span class='ocrx_word' id='word_1_223' title='bbox 1207 3771 1307 3822; x_wconf 87' lang='lat' dir='ltr'><strong>aut</strong></span> <span class='ocrx_word' id='word_1_224' title='bbox 1336 3767 1647 3841; x_wconf 89' lang='lat' dir='ltr'><strong>impotens,</strong></span> <span class='ocrx_word' id='word_1_225' title='bbox 1682 3751 1859 3844; x_wconf 78' lang='lat' dir='ltr'><strong>hujus</strong></span> 
     </span>
    </p>
   </div>
   <div class='ocr_carea' id='block_1_39' title="bbox 204 3843 1858 3922">
    <p class='ocr_par' dir='ltr' id='par_1_39' title="bbox 204 3843 1858 3922">
     <span class='ocr_line' id='line_1_39' title="bbox 204 3843 1858 3922; baseline 0.014 -26"><span class='ocrx_word' id='word_1_226' title='bbox 204 3843 391 3899; x_wconf 84' lang='lat' dir='ltr'><strong>nostri</strong></span> <span class='ocrx_word' id='word_1_227' title='bbox 421 3844 709 3919; x_wconf 85' lang='lat' dir='ltr'><strong>privilegii</strong></span> <span class='ocrx_word' id='word_1_228' title='bbox 744 3850 1020 3922; x_wconf 88' lang='lat' dir='ltr'><strong>paginam</strong></span> <span class='ocrx_word' id='word_1_229' title='bbox 1052 3852 1264 3920; x_wconf 89' lang='lat' dir='ltr'><strong>sciens,</strong></span> <span class='ocrx_word' id='word_1_230' title='bbox 1326 3872 1663 3914; x_wconf 86' lang='lat' dir='ltr'><strong>concessam</strong></span> <span class='ocrx_word' id='word_1_231' title='bbox 1693 3843 1858 3919; x_wconf 83' lang='lat' dir='ltr'><strong>vobis</strong></span> 
     </span>
    </p>
   </div>
   <div class='ocr_carea' id='block_1_40' title="bbox 202 3928 1858 4010">
    <p class='ocr_par' dir='ltr' id='par_1_40' title="bbox 202 3928 1858 4010">
     <span class='ocr_line' id='line_1_40' title="bbox 202 3928 1858 4010; baseline 0.013 -25"><span class='ocrx_word' id='word_1_232' title='bbox 202 3928 535 3989; x_wconf 87' lang='lat' dir='ltr'><strong>libertatem</strong></span> <span class='ocrx_word' id='word_1_233' title='bbox 603 3936 829 3993; x_wconf 89' lang='lat' dir='ltr'><strong>auferre</strong></span> <span class='ocrx_word' id='word_1_234' title='bbox 914 3941 1244 4010; x_wconf 90' lang='lat' dir='ltr'><strong>tentaverit,</strong></span> <span class='ocrx_word' id='word_1_235' title='bbox 1303 3946 1560 4002; x_wconf 90' lang='lat' dir='ltr'><strong>secundo</strong></span> <span class='ocrx_word' id='word_1_236' title='bbox 1618 3949 1858 4007; x_wconf 88' lang='lat' dir='ltr'><strong>tertiove</strong></span> 
     </span>
    </p>
   </div>
   <div class='ocr_carea' id='block_1_41' title="bbox 200 4022 1855 4105">
    <p class='ocr_par' dir='ltr' id='par_1_41' title="bbox 200 4022 1855 4105">
     <span class='ocr_line' id='line_1_41' title="bbox 200 4022 1855 4105; baseline 0.013 -30"><span class='ocrx_word' id='word_1_237' title='bbox 200 4022 673 4091; x_wconf 87' lang='lat' dir='ltr'><strong>commonitus,si</strong></span> <span class='ocrx_word' id='word_1_238' title='bbox 690 4041 803 4080; x_wconf 92' lang='lat' dir='ltr'><strong>non</strong></span> <span class='ocrx_word' id='word_1_239' title='bbox 822 4026 1221 4086; x_wconf 77' lang='lat' dir='ltr'><strong>satisfactione</strong></span> <span class='ocrx_word' id='word_1_240' title='bbox 1240 4046 1499 4105; x_wconf 89' lang='lat' dir='ltr'><strong>congrua</strong></span> <span class='ocrx_word' id='word_1_241' title='bbox 1510 4038 1855 4096; x_wconf 89' lang='lat' dir='ltr'><strong>emendave-</strong></span> 
     </span>
    </p>
   </div>
   <div class='ocr_carea' id='block_1_42' title="bbox 201 4109 1854 4199">
    <p class='ocr_par' dir='ltr' id='par_1_42' title="bbox 201 4109 1854 4199">
     <span class='ocr_line' id='line_1_42' title="bbox 201 4109 1854 4199; baseline 0.013 -36"><span class='ocrx_word' id='word_1_242' title='bbox 201 4109 294 4178; x_wconf 87' lang='lat' dir='ltr'><strong>rit,</strong></span> <span class='ocrx_word' id='word_1_243' title='bbox 327 4109 474 4181; x_wconf 87' lang='lat' dir='ltr'><strong>is,ut</strong></span> <span class='ocrx_word' id='word_1_244' title='bbox 493 4127 529 4166; x_wconf 88' lang='lat' dir='ltr'><strong>a</strong></span> <span class='ocrx_word' id='word_1_245' title='bbox 554 4111 768 4170; x_wconf 89' lang='lat' dir='ltr'><strong>Christi</strong></span> <span class='ocrx_word' id='word_1_246' title='bbox 796 4119 854 4170; x_wconf 88' lang='lat' dir='ltr'><strong>et</strong></span> <span class='ocrx_word' id='word_1_247' title='bbox 882 4116 1150 4173; x_wconf 68' lang='lat' dir='ltr'><strong>Ecclesiae</strong></span> <span class='ocrx_word' id='word_1_248' title='bbox 1173 4135 1414 4193; x_wconf 92' lang='lat' dir='ltr'><strong>corpore</strong></span> <span class='ocrx_word' id='word_1_249' title='bbox 1435 4128 1854 4199; x_wconf 90' lang='lat' dir='ltr'><strong>segregandus,</strong></span> 
     </span>
    </p>
   </div>
   <div class='ocr_carea' id='block_1_43' title="bbox 201 4194 1850 4283">
    <p class='ocr_par' dir='ltr' id='par_1_43' title="bbox 201 4194 1850 4283">
     <span class='ocr_line' id='line_1_43' title="bbox 201 4194 1850 4283; baseline 0.013 -32"><span class='ocrx_word' id='word_1_250' title='bbox 201 4194 554 4271; x_wconf 81' lang='lat' dir='ltr'><strong>honorisque</strong></span> <span class='ocrx_word' id='word_1_251' title='bbox 585 4201 675 4256; x_wconf 90' lang='lat' dir='ltr'><strong>sui</strong></span> <span class='ocrx_word' id='word_1_252' title='bbox 709 4207 765 4258; x_wconf 89' lang='lat' dir='ltr'><strong>et</strong></span> <span class='ocrx_word' id='word_1_253' title='bbox 794 4204 971 4260; x_wconf 76' lang='lat' dir='ltr'><strong>officii</strong></span> <span class='ocrx_word' id='word_1_254' title='bbox 992 4206 1247 4278; x_wconf 87' lang='lat' dir='ltr'><strong>periculo</strong></span> <span class='ocrx_word' id='word_1_255' title='bbox 1273 4194 1577 4283; x_wconf 71' lang='lat' dir='ltr'><strong>subjacere</strong></span> <span class='ocrx_word' id='word_1_256' title='bbox 1599 4194 1850 4273; x_wconf 78' lang='lat' dir='ltr'><strong>debebit.</strong></span> 
     </span>
    </p>
   </div>
   <div class='ocr_carea' id='block_1_44' title="bbox 200 4283 1854 4369">
    <p class='ocr_par' dir='ltr' id='par_1_44' title="bbox 200 4283 1854 4369">
     <span class='ocr_line' id='line_1_44' title="bbox 200 4283 1854 4369; baseline 0.013 -28"><span class='ocrx_word' id='word_1_257' title='bbox 200 4283 693 4359; x_wconf 76' lang='lat' dir='ltr'><strong>conservantibus</strong></span> <span class='ocrx_word' id='word_1_258' title='bbox 724 4296 921 4349; x_wconf 90' lang='lat' dir='ltr'><strong>autem</strong></span> <span class='ocrx_word' id='word_1_259' title='bbox 952 4293 1095 4366; x_wconf 77' lang='lat' dir='ltr'><strong>haec,</strong></span> <span class='ocrx_word' id='word_1_260' title='bbox 1122 4314 1234 4369; x_wconf 81' lang='lat' dir='ltr'><strong>pax</strong></span> <span class='ocrx_word' id='word_1_261' title='bbox 1265 4315 1299 4354; x_wconf 92' lang='lat' dir='ltr'><strong>a</strong></span> <span class='ocrx_word' id='word_1_262' title='bbox 1334 4300 1575 4357; x_wconf 89' lang='lat' dir='ltr'><strong>Domino</strong></span> <span class='ocrx_word' id='word_1_263' title='bbox 1601 4307 1657 4359; x_wconf 91' lang='lat' dir='ltr'><strong>et</strong></span> <span class='ocrx_word' id='word_1_264' title='bbox 1678 4305 1854 4363; x_wconf 89' lang='lat' dir='ltr'><strong>mise-</strong></span> 
     </span>
    </p>
   </div>
   <div class='ocr_carea' id='block_1_45' title="bbox 202 4374 1847 4452">
    <p class='ocr_par' dir='ltr' id='par_1_45' title="bbox 202 4374 1847 4452">
     <span class='ocr_line' id='line_1_45' title="bbox 202 4374 1847 4452; baseline 0.014 -24"><span class='ocrx_word' id='word_1_265' title='bbox 202 4374 449 4433; x_wconf 86' lang='lat' dir='ltr'><strong>ricordia</strong></span> <span class='ocrx_word' id='word_1_266' title='bbox 479 4381 870 4450; x_wconf 66' lang='lat' dir='ltr'><strong>presentibus</strong></span> <span class='ocrx_word' id='word_1_267' title='bbox 890 4386 948 4439; x_wconf 90' lang='lat' dir='ltr'><strong>et</strong></span> <span class='ocrx_word' id='word_1_268' title='bbox 974 4384 1189 4441; x_wconf 87' lang='lat' dir='ltr'><strong>futuris</strong></span> <span class='ocrx_word' id='word_1_269' title='bbox 1210 4386 1439 4444; x_wconf 84' lang='lat' dir='ltr'><strong>sacculis</strong></span> <span class='ocrx_word' id='word_1_270' title='bbox 1459 4397 1847 4452; x_wconf 88' lang='lat' dir='ltr'><strong>conservetur.</strong></span> 
     </span>
    </p>
   </div>
   <div class='ocr_carea' id='block_1_46' title="bbox 204 4466 857 4534">
    <p class='ocr_par' dir='ltr' id='par_1_46' title="bbox 204 4466 857 4534">
     <span class='ocr_line' id='line_1_46' title="bbox 204 4466 857 4534; baseline 0.014 -17"><span class='ocrx_word' id='word_1_271' title='bbox 204 4466 408 4531; x_wconf 79' lang='lat' dir='ltr'><strong>Amen,</strong></span> <span class='ocrx_word' id='word_1_272' title='bbox 441 4482 635 4534; x_wconf 89' lang='lat' dir='ltr'><strong>amen,</strong></span> <span class='ocrx_word' id='word_1_273' title='bbox 667 4485 857 4525; x_wconf 89' lang='lat' dir='ltr'><strong>amen.</strong></span> 
     </span>
    </p>
   </div>
   <div class='ocr_carea' id='block_1_47' title="bbox 269 4553 1844 4631">
    <p class='ocr_par' dir='ltr' id='par_1_47' title="bbox 269 4553 1844 4631">
     <span class='ocr_line' id='line_1_47' title="bbox 269 4553 1844 4631; baseline 0.013 -23"><span class='ocrx_word' id='word_1_274' title='bbox 269 4553 482 4610; x_wconf 89' lang='lat' dir='ltr'><strong>Datum</strong></span> <span class='ocrx_word' id='word_1_275' title='bbox 540 4555 765 4612; x_wconf 88' lang='lat' dir='ltr'><strong>Salerni</strong></span> <span class='ocrx_word' id='word_1_276' title='bbox 820 4575 925 4631; x_wconf 88' lang='lat' dir='ltr'><strong>per</strong></span> <span class='ocrx_word' id='word_1_277' title='bbox 979 4577 1190 4618; x_wconf 90' lang='lat' dir='ltr'><strong>manus</strong></span> <span class='ocrx_word' id='word_1_278' title='bbox 1240 4563 1484 4622; x_wconf 87' lang='lat' dir='ltr'><strong>Joannis</strong></span> <span class='ocrx_word' id='word_1_279' title='bbox 1542 4568 1718 4625; x_wconf 87' lang='lat' dir='ltr'><strong>S.‘R.</strong></span> <span class='ocrx_word' id='word_1_280' title='bbox 1781 4573 1844 4629; x_wconf 90' lang='lat' dir='ltr'><strong>E.</strong></span> 
     </span>
    </p>
   </div>
   <div class='ocr_carea' id='block_1_48' title="bbox 202 4639 1848 4722">
    <p class='ocr_par' dir='ltr' id='par_1_48' title="bbox 202 4639 1848 4722">
     <span class='ocr_line' id='line_1_48' title="bbox 202 4639 1848 4722; baseline 0.012 -26"><span class='ocrx_word' id='word_1_281' title='bbox 202 4639 426 4699; x_wconf 90' lang='lat' dir='ltr'><strong>diaconi</strong></span> <span class='ocrx_word' id='word_1_282' title='bbox 458 4645 618 4700; x_wconf 87' lang='lat' dir='ltr'><strong>card.</strong></span> <span class='ocrx_word' id='word_1_283' title='bbox 641 4645 820 4703; x_wconf 87' lang='lat' dir='ltr'><strong>Nonis</strong></span> <span class='ocrx_word' id='word_1_284' title='bbox 839 4648 1128 4718; x_wconf 89' lang='lat' dir='ltr'><strong>Octobris,</strong></span> <span class='ocrx_word' id='word_1_285' title='bbox 1152 4650 1275 4707; x_wconf 91' lang='lat' dir='ltr'><strong>ind.</strong></span> <span class='ocrx_word' id='word_1_286' title='bbox 1300 4670 1419 4722; x_wconf 85' lang='lat' dir='ltr'><strong>xm,</strong></span> <span class='ocrx_word' id='word_1_287' title='bbox 1446 4672 1598 4712; x_wconf 91' lang='lat' dir='ltr'><strong>anno</strong></span> <span class='ocrx_word' id='word_1_288' title='bbox 1621 4659 1848 4717; x_wconf 90' lang='lat' dir='ltr'><strong>lncarn.</strong></span> 
     </span>
    </p>
   </div>
   <div class='ocr_carea' id='block_1_49' title="bbox 198 4728 1849 4821">
    <p class='ocr_par' dir='ltr' id='par_1_49' title="bbox 198 4728 1849 4821">
     <span class='ocr_line' id='line_1_49' title="bbox 198 4728 1849 4821; baseline 0.012 -36"><span class='ocrx_word' id='word_1_289' title='bbox 198 4728 510 4789; x_wconf 81' lang='lat' dir='ltr'><strong>Dominicae</strong></span> <span class='ocrx_word' id='word_1_290' title='bbox 531 4733 690 4804; x_wconf 71' lang='lat'><strong>4090,</strong></span> <span class='ocrx_word' id='word_1_291' title='bbox 712 4737 1090 4808; x_wconf 84' lang='lat' dir='ltr'><strong>pontificatus</strong></span> <span class='ocrx_word' id='word_1_292' title='bbox 1119 4756 1253 4797; x_wconf 90' lang='lat' dir='ltr'><strong>vero</strong></span> <span class='ocrx_word' id='word_1_293' title='bbox 1269 4742 1336 4798; x_wconf 94' lang='lat' dir='ltr'><strong>D.</strong></span> <span class='ocrx_word' id='word_1_294' title='bbox 1373 4742 1588 4800; x_wconf 83' lang='lat' dir='ltr'><strong>Urbani</strong></span> <span class='ocrx_word' id='word_1_295' title='bbox 1620 4765 1782 4821; x_wconf 69' lang='lat' dir='ltr'><strong>papae</strong></span> <span class='ocrx_word' id='word_1_296' title='bbox 1802 4750 1849 4806; x_wconf 91' lang='grc' dir='ltr'><strong>ΙΙ</strong></span> 
     </span>
    </p>
   </div>
   <div class='ocr_carea' id='block_1_50' title="bbox 196 4820 1114 4973">
    <p class='ocr_par' dir='ltr' id='par_1_50' title="bbox 196 4820 1114 4973">
     <span class='ocr_line' id='line_1_50' title="bbox 196 4820 379 4876; baseline 0.027 -5"><span class='ocrx_word' id='word_1_297' title='bbox 196 4820 379 4876; x_wconf 87' lang='lat' dir='ltr'><strong>tertio.</strong></span> 
     </span>
     <span class='ocr_line' id='line_1_51' title="bbox 925 4915 1114 4973; baseline 0.011 -2"><span class='ocrx_word' id='word_1_298' title='bbox 925 4915 1114 4973; x_wconf 87' lang='lat' dir='ltr'><strong>XLIV.</strong></span> 
     </span>
    </p>
   </div>
   <div class='ocr_carea' id='block_1_51' title="bbox 198 4994 1844 5080">
    <p class='ocr_par' dir='ltr' id='par_1_51' title="bbox 198 4994 1844 5080">
     <span class='ocr_line' id='line_1_52' title="bbox 198 4994 1844 5080; baseline 0.013 -31"><span class='ocrx_word' id='word_1_299' title='bbox 198 4994 399 5080; x_wconf 60' lang='lat' dir='ltr'><strong>Urbani</strong></span> <span class='ocrx_word' id='word_1_300' title='bbox 428 4999 729 5080; x_wconf 49' lang='lat' dir='ltr'><strong>Ilﬂepigtola</strong></span> <span class='ocrx_word' id='word_1_301' title='bbox 756 5003 1065 5080; x_wconf 57' lang='lat' dir='ltr'><strong>adem-uin</strong></span> <span class='ocrx_word' id='word_1_302' title='bbox 1093 5012 1146 5062; x_wconf 89' lang='lat' dir='ltr'><strong>et</strong></span> <span class='ocrx_word' id='word_1_303' title='bbox 1179 5008 1388 5080; x_wconf 78' lang='lat' dir='ltr'><strong>plebem</strong></span> <span class='ocrx_word' id='word_1_304' title='bbox 1442 5011 1844 5071; x_wconf 81' lang='lat' dir='ltr'><strong>Camotemem.</strong></span> 
     </span>
    </p>
   </div>
   <div class='ocr_carea' id='block_1_52' title="bbox 256 5068 1848 5150">
    <p class='ocr_par' dir='ltr' id='par_1_52' title="bbox 256 5068 1848 5150">
     <span class='ocr_line' id='line_1_53' title="bbox 256 5068 1848 5150; baseline -0.037 36"><span class='ocrx_word' id='word_1_305' title='bbox 256 5098 325 5109; x_wconf 66' lang='lat'><strong><em>—</em></strong></span> <span class='ocrx_word' id='word_1_306' title='bbox 354 5068 544 5150; x_wconf 28' lang='lat' dir='ltr'><strong>Deda-av</strong></span> <span class='ocrx_word' id='word_1_307' title='bbox 542 5071 989 5150; x_wconf 42' lang='lat' dir='ltr'><strong>“ﬁrmi-episcopi</strong></span> <span class='ocrx_word' id='word_1_308' title='bbox 1002 5068 1362 5150; x_wconf 60' lang='lat' dir='ltr'><strong>depositione,</strong></span> <span class='ocrx_word' id='word_1_309' title='bbox 1418 5086 1470 5136; x_wconf 87' lang='lat' dir='ltr'><strong>et</strong></span> <span class='ocrx_word' id='word_1_310' title='bbox 1509 5068 1848 5142; x_wconf 62' lang='lat' dir='ltr'><strong>Ivoniseon;</strong></span> 
     </span>
    </p>
   </div>
   <div class='ocr_carea' id='block_1_53' title="bbox 259 5142 1327 5220">
    <p class='ocr_par' dir='ltr' id='par_1_53' title="bbox 259 5142 1327 5220">
     <span class='ocr_line' id='line_1_54' title="bbox 259 5142 1327 5220; baseline 0.014 -27"><span class='ocrx_word' id='word_1_311' title='bbox 259 5142 461 5196; x_wconf 71' lang='lat' dir='ltr'><strong>sacrati</strong></span> <span class='ocrx_word' id='word_1_312' title='bbox 490 5143 551 5196; x_wconf 84' lang='lat' dir='ltr'><strong>in</strong></span> <span class='ocrx_word' id='word_1_313' title='bbox 578 5143 698 5214; x_wconf 74' lang='lat' dir='ltr'><strong>ejus</strong></span> <span class='ocrx_word' id='word_1_314' title='bbox 719 5142 900 5201; x_wconf 75' lang='lat' dir='ltr'><strong>locum</strong></span> <span class='ocrx_word' id='word_1_315' title='bbox 924 5142 1327 5220; x_wconf 60' lang='lat' dir='ltr'><strong>subrogatione.</strong></span> 
     </span>
    </p>
   </div>
   <div class='ocr_carea' id='block_1_54' title="bbox 819 5234 1196 5305">
    <p class='ocr_par' dir='ltr' id='par_1_54' title="bbox 819 5234 1196 5305">
     <span class='ocr_line' id='line_1_55' title="bbox 819 5234 1196 5305; baseline 0.011 -16"><span class='ocrx_word' id='word_1_316' title='bbox 819 5234 1005 5305; x_wconf 90' lang='lat' dir='ltr'><strong>(Anno</strong></span> <span class='ocrx_word' id='word_1_317' title='bbox 1036 5237 1196 5293; x_wconf 68' lang='lat'><strong>4090.</strong></span> 
     </span>
    </p>
   </div>
   <div class='ocr_carea' id='block_1_55' title="bbox 615 5301 1427 5382">
    <p class='ocr_par' dir='ltr' id='par_1_55' title="bbox 615 5301 1427 5382">
     <span class='ocr_line' id='line_1_56' title="bbox 615 5301 1427 5382; baseline 0.016 -26"><span class='ocrx_word' id='word_1_318' title='bbox 615 5301 850 5372; x_wconf 63' lang='lat' dir='ltr'><strong>(Manet,</strong></span> <span class='ocrx_word' id='word_1_319' title='bbox 886 5308 1091 5364; x_wconf 82' lang='lat' dir='ltr'><strong>Concil.</strong></span> <span class='ocrx_word' id='word_1_320' title='bbox 1125 5301 1243 5379; x_wconf 83' lang='lat' dir='ltr'><strong>XX,</strong></span> <span class='ocrx_word' id='word_1_321' title='bbox 1276 5311 1427 5382; x_wconf 85' lang='lat'><strong>650.]</strong></span> 
     </span>
    </p>
   </div>
   <div class='ocr_carea' id='block_1_56' title="bbox 264 5386 1844 5472">
    <p class='ocr_par' dir='ltr' id='par_1_56' title="bbox 264 5386 1844 5472">
     <span class='ocr_line' id='line_1_57' title="bbox 264 5386 1844 5472; baseline 0.013 -29"><span class='ocrx_word' id='word_1_322' title='bbox 264 5386 532 5447; x_wconf 63' lang='lat' dir='ltr'><strong>Uasrmus</strong></span> <span class='ocrx_word' id='word_1_323' title='bbox 564 5390 897 5465; x_wconf 87' lang='lat' dir='ltr'><strong>episcopus,</strong></span> <span class='ocrx_word' id='word_1_324' title='bbox 921 5412 1125 5455; x_wconf 90' lang='lat' dir='ltr'><strong>servus</strong></span> <span class='ocrx_word' id='word_1_325' title='bbox 1149 5415 1446 5457; x_wconf 87' lang='lat' dir='ltr'><strong>servorum</strong></span> <span class='ocrx_word' id='word_1_326' title='bbox 1470 5401 1592 5472; x_wconf 91' lang='lat' dir='ltr'><strong>Dei,</strong></span> <span class='ocrx_word' id='word_1_327' title='bbox 1617 5405 1844 5466; x_wconf 87' lang='lat' dir='ltr'><strong>dilectis</strong></span> 
     </span>
    </p>
   </div>
   <div class='ocr_carea' id='block_1_57' title="bbox 193 5472 1840 5560">
    <p class='ocr_par' dir='ltr' id='par_1_57' title="bbox 193 5472 1840 5560">
     <span class='ocr_line' id='line_1_58' title="bbox 193 5472 1840 5560; baseline 0.015 -33"><span class='ocrx_word' id='word_1_328' title='bbox 193 5472 251 5530; x_wconf 92' lang='lat' dir='ltr'><strong>in</strong></span> <span class='ocrx_word' id='word_1_329' title='bbox 280 5474 512 5534; x_wconf 89' lang='lat' dir='ltr'><strong>Christo</strong></span> <span class='ocrx_word' id='word_1_330' title='bbox 543 5476 683 5534; x_wconf 83' lang='lat' dir='ltr'><strong>filiis</strong></span> <span class='ocrx_word' id='word_1_331' title='bbox 706 5479 859 5538; x_wconf 90' lang='lat' dir='ltr'><strong>clero</strong></span> <span class='ocrx_word' id='word_1_332' title='bbox 876 5488 931 5540; x_wconf 90' lang='lat' dir='ltr'><strong>et</strong></span> <span class='ocrx_word' id='word_1_333' title='bbox 952 5484 1165 5557; x_wconf 91' lang='lat' dir='ltr'><strong>populo</strong></span> <span class='ocrx_word' id='word_1_334' title='bbox 1188 5486 1554 5560; x_wconf 88' lang='lat' dir='ltr'><strong>Carnotensi,</strong></span> <span class='ocrx_word' id='word_1_335' title='bbox 1589 5492 1840 5553; x_wconf 88' lang='lat' dir='ltr'><strong>salutem</strong></span> 
     </span>
    </p>
   </div>
   <div class='ocr_carea' id='block_1_58' title="bbox 193 5564 1174 5638">
    <p class='ocr_par' dir='ltr' id='par_1_58' title="bbox 193 5564 1174 5638">
     <span class='ocr_line' id='line_1_59' title="bbox 193 5564 1174 5638; baseline 0.014 -21"><span class='ocrx_word' id='word_1_336' title='bbox 193 5566 243 5618; x_wconf 87' lang='lat' dir='ltr'><strong>et</strong></span> <span class='ocrx_word' id='word_1_337' title='bbox 270 5564 659 5638; x_wconf 86' lang='lat' dir='ltr'><strong>apostolicam</strong></span> <span class='ocrx_word' id='word_1_338' title='bbox 690 5568 1174 5632; x_wconf 88' lang='lat' dir='ltr'><strong>benedictionem.</strong></span> 
     </span>
    </p>
   </div>
   <div class='ocr_carea' id='block_1_59' title="bbox 256 5652 1840 5751">
    <p class='ocr_par' dir='ltr' id='par_1_59' title="bbox 256 5652 1840 5751">
     <span class='ocr_line' id='line_1_60' title="bbox 256 5652 1840 5751; baseline 0.012 -36"><span class='ocrx_word' id='word_1_339' title='bbox 256 5652 370 5715; x_wconf 83' lang='lat' dir='ltr'><strong>Nos</strong></span> <span class='ocrx_word' id='word_1_340' title='bbox 381 5654 624 5737; x_wconf 84' lang='lat' dir='ltr'><strong>quidem</strong></span> <span class='ocrx_word' id='word_1_341' title='bbox 641 5660 770 5718; x_wconf 83' lang='lat' dir='ltr'><strong>tum</strong></span> <span class='ocrx_word' id='word_1_342' title='bbox 792 5675 894 5736; x_wconf 88' lang='lat' dir='ltr'><strong>pro</strong></span> <span class='ocrx_word' id='word_1_343' title='bbox 921 5660 1099 5721; x_wconf 73' lang='lat' dir='ltr'><strong>beatae</strong></span> <span class='ocrx_word' id='word_1_344' title='bbox 1123 5664 1316 5725; x_wconf 60' lang='lat' dir='ltr'><strong>Maria</strong></span> <span class='ocrx_word' id='word_1_345' title='bbox 1337 5681 1570 5744; x_wconf 85' lang='lat' dir='ltr'><strong>semper</strong></span> <span class='ocrx_word' id='word_1_346' title='bbox 1584 5670 1840 5751; x_wconf 83' lang='lat' dir='ltr'><strong>Virginis</strong></span> 
     </span>
    </p>
   </div>
   <div class='ocr_carea' id='block_1_60' title="bbox 1414 382 2487 461">
    <p class='ocr_par' dir='ltr' id='par_1_60' title="bbox 1414 382 2487 461">
     <span class='ocr_line' id='line_1_61' title="bbox 1414 382 2487 461; baseline 0.011 -12"><span class='ocrx_word' id='word_1_347' title='bbox 1414 382 1822 453; x_wconf 76' lang='lat' dir='ltr'><strong>EPISTOL/E</strong></span> <span class='ocrx_word' id='word_1_348' title='bbox 1866 386 1965 455; x_wconf 86' lang='lat' dir='ltr'><strong>ET</strong></span> <span class='ocrx_word' id='word_1_349' title='bbox 2006 390 2487 461; x_wconf 79' lang='lat' dir='ltr'><strong>PBIVILEGIA.</strong></span> 
     </span>
    </p>
   </div>
   <div class='ocr_carea' id='block_1_61' title="bbox 1921 527 3650 613">
    <p class='ocr_par' dir='ltr' id='par_1_61' title="bbox 1921 527 3650 613">
     <span class='ocr_line' id='line_1_62' title="bbox 1921 527 3650 613; baseline 0.008 -33"><span class='ocrx_word' id='word_1_350' title='bbox 1921 527 1977 593; x_wconf 79' lang='grc' dir='ltr'><strong>Α</strong></span> <span class='ocrx_word' id='word_1_351' title='bbox 2006 527 2306 585; x_wconf 82' lang='lat' dir='ltr'><strong>devotione</strong></span> <span class='ocrx_word' id='word_1_352' title='bbox 2327 535 2384 586; x_wconf 89' lang='lat' dir='ltr'><strong>et</strong></span> <span class='ocrx_word' id='word_1_353' title='bbox 2406 534 2887 601; x_wconf 87' lang='lat' dir='ltr'><strong>reverentia,tum</strong></span> <span class='ocrx_word' id='word_1_354' title='bbox 2909 553 3012 610; x_wconf 90' lang='lat' dir='ltr'><strong>pro</strong></span> <span class='ocrx_word' id='word_1_355' title='bbox 3029 537 3407 613; x_wconf 81' lang='lat' dir='ltr'><strong>nostri&#39;ofﬁcii</strong></span> <span class='ocrx_word' id='word_1_356' title='bbox 3431 539 3650 601; x_wconf 86' lang='lat' dir='ltr'><strong>debito,</strong></span> 
     </span>
    </p>
   </div>
   <div class='ocr_carea' id='block_1_62' title="bbox 3533 402 3654 469">
    <p class='ocr_par' dir='ltr' id='par_1_62' title="bbox 3533 402 3654 469">
     <span class='ocr_line' id='line_1_63' title="bbox 3533 402 3654 469; baseline -0.008 0"><span class='ocrx_word' id='word_1_357' title='bbox 3533 402 3654 469; x_wconf 75' lang='grc'><strong>326</strong></span> 
     </span>
    </p>
   </div>
   <div class='ocr_carea' id='block_1_63' title="bbox 1999 616 3648 698">
    <p class='ocr_par' dir='ltr' id='par_1_63' title="bbox 1999 616 3648 698">
     <span class='ocr_line' id='line_1_64' title="bbox 1999 616 3648 698; baseline 0.007 -27"><span class='ocrx_word' id='word_1_358' title='bbox 1999 616 2263 673; x_wconf 79' lang='lat' dir='ltr'><strong>Ecclesiae</strong></span> <span class='ocrx_word' id='word_1_359' title='bbox 2294 623 2496 675; x_wconf 67' lang='lat' dir='ltr'><strong>vestrae</strong></span> <span class='ocrx_word' id='word_1_360' title='bbox 2527 621 2916 687; x_wconf 87' lang='lat' dir='ltr'><strong>dilectionem,</strong></span> <span class='ocrx_word' id='word_1_361' title='bbox 2934 626 3350 698; x_wconf 85' lang='lat' dir='ltr'><strong>protectionem</strong></span> <span class='ocrx_word' id='word_1_362' title='bbox 3372 631 3427 683; x_wconf 91' lang='lat' dir='ltr'><strong>et</strong></span> <span class='ocrx_word' id='word_1_363' title='bbox 3446 644 3648 683; x_wconf 90' lang='lat' dir='ltr'><strong>curam</strong></span> 
     </span>
    </p>
   </div>
   <div class='ocr_carea' id='block_1_64' title="bbox 1998 706 3647 787">
    <p class='ocr_par' dir='ltr' id='par_1_64' title="bbox 1998 706 3647 787">
     <span class='ocr_line' id='line_1_65' title="bbox 1998 706 3647 787; baseline 0.007 -27"><span class='ocrx_word' id='word_1_364' title='bbox 1998 706 2312 777; x_wconf 88' lang='lat' dir='ltr'><strong>specialius</strong></span> <span class='ocrx_word' id='word_1_365' title='bbox 2337 708 3030 787; x_wconf 85' lang='lat' dir='ltr'><strong>impendentes,ejusque</strong></span> <span class='ocrx_word' id='word_1_366' title='bbox 3059 714 3288 771; x_wconf 84' lang='lat' dir='ltr'><strong>labores</strong></span> <span class='ocrx_word' id='word_1_367' title='bbox 3317 716 3647 782; x_wconf 84' lang='lat' dir='ltr'><strong>diuturnos,</strong></span> 
     </span>
    </p>
   </div>
   <div class='ocr_carea' id='block_1_65' title="bbox 1998 797 3650 877">
    <p class='ocr_par' dir='ltr' id='par_1_65' title="bbox 1998 797 3650 877">
     <span class='ocr_line' id='line_1_66' title="bbox 1998 797 3650 877; baseline 0.009 -30"><span class='ocrx_word' id='word_1_368' title='bbox 1998 811 2146 867; x_wconf 88' lang='lat' dir='ltr'><strong>quos</strong></span> <span class='ocrx_word' id='word_1_369' title='bbox 2167 812 2201 850; x_wconf 91' lang='lat' dir='ltr'><strong>a</strong></span> <span class='ocrx_word' id='word_1_370' title='bbox 2231 797 2519 854; x_wconf 86' lang='lat' dir='ltr'><strong>Gaufredo</strong></span> <span class='ocrx_word' id='word_1_371' title='bbox 2548 802 2842 872; x_wconf 89' lang='lat' dir='ltr'><strong>quondam</strong></span> <span class='ocrx_word' id='word_1_372' title='bbox 2876 803 3149 876; x_wconf 86' lang='lat' dir='ltr'><strong>episcopo</strong></span> <span class='ocrx_word' id='word_1_373' title='bbox 3180 821 3354 876; x_wconf 80' lang='lat' dir='ltr'><strong>passa</strong></span> <span class='ocrx_word' id='word_1_374' title='bbox 3384 809 3491 873; x_wconf 87' lang='lat' dir='ltr'><strong>est,</strong></span> <span class='ocrx_word' id='word_1_375' title='bbox 3523 822 3650 877; x_wconf 52' lang='lat' dir='ltr'><strong>pro.</strong></span> 
     </span>
    </p>
   </div>
   <div class='ocr_carea' id='block_1_66' title="bbox 1997 884 3650 962">
    <p class='ocr_par' dir='ltr' id='par_1_66' title="bbox 1997 884 3650 962">
     <span class='ocr_line' id='line_1_67' title="bbox 1997 884 3650 962; baseline 0.007 -25"><span class='ocrx_word' id='word_1_376' title='bbox 1997 884 2267 954; x_wconf 89' lang='lat' dir='ltr'><strong>pensiore</strong></span> <span class='ocrx_word' id='word_1_377' title='bbox 2300 887 2497 942; x_wconf 89' lang='lat' dir='ltr'><strong>animo</strong></span> <span class='ocrx_word' id='word_1_378' title='bbox 2536 892 2980 962; x_wconf 70' lang='lat' dir='ltr'><strong>perpendentes,</strong></span> <span class='ocrx_word' id='word_1_379' title='bbox 3040 893 3119 948; x_wconf 87' lang='lat' dir='ltr'><strong>rei</strong></span> <span class='ocrx_word' id='word_1_380' title='bbox 3150 893 3392 949; x_wconf 84' lang='lat' dir='ltr'><strong>veritate</strong></span> <span class='ocrx_word' id='word_1_381' title='bbox 3425 893 3650 949; x_wconf 88' lang='lat' dir='ltr'><strong>diutius</strong></span> 
     </span>
    </p>
   </div>
   <div class='ocr_carea' id='block_1_67' title="bbox 1997 974 3650 1056">
    <p class='ocr_par' dir='ltr' id='par_1_67' title="bbox 1997 974 3650 1056">
     <span class='ocr_line' id='line_1_68' title="bbox 1997 974 3650 1056; baseline 0.008 -30"><span class='ocrx_word' id='word_1_382' title='bbox 1997 977 2174 1045; x_wconf 85' lang='lat' dir='ltr'><strong>atque</strong></span> <span class='ocrx_word' id='word_1_383' title='bbox 2203 974 2544 1049; x_wconf 87' lang='lat' dir='ltr'><strong>diligentius</strong></span> <span class='ocrx_word' id='word_1_384' title='bbox 2574 980 3237 1055; x_wconf 83' lang='lat' dir='ltr'><strong>pertractata.largiente</strong></span> <span class='ocrx_word' id='word_1_385' title='bbox 3262 982 3650 1056; x_wconf 87' lang='lat' dir='ltr'><strong>Domino,ju-</strong></span> 
     </span>
    </p>
   </div>
   <div class='ocr_carea' id='block_1_68' title="bbox 1996 1061 3651 1141">
    <p class='ocr_par' dir='ltr' id='par_1_68' title="bbox 1996 1061 3651 1141">
     <span class='ocr_line' id='line_1_69' title="bbox 1996 1061 3651 1141; baseline 0.008 -27"><span class='ocrx_word' id='word_1_386' title='bbox 1996 1061 2167 1117; x_wconf 56' lang='lat' dir='ltr'><strong>stitia:</strong></span> <span class='ocrx_word' id='word_1_387' title='bbox 2197 1064 2608 1122; x_wconf 80' lang='lat' dir='ltr'><strong>satisfacimus.</strong></span> <span class='ocrx_word' id='word_1_388' title='bbox 2642 1068 2859 1124; x_wconf 81' lang='lat' dir='ltr'><strong>Bonam</strong></span> <span class='ocrx_word' id='word_1_389' title='bbox 2894 1069 3092 1141; x_wconf 87' lang='lat' dir='ltr'><strong>itaque</strong></span> <span class='ocrx_word' id='word_1_390' title='bbox 3123 1070 3301 1126; x_wconf 89' lang='lat' dir='ltr'><strong>animi</strong></span> <span class='ocrx_word' id='word_1_391' title='bbox 3344 1072 3521 1127; x_wconf 86' lang='lat' dir='ltr'><strong>vestri</strong></span> <span class='ocrx_word' id='word_1_392' title='bbox 3552 1089 3651 1128; x_wconf 88' lang='lat' dir='ltr'><strong>vo-</strong></span> 
     </span>
    </p>
   </div>
   <div class='ocr_carea' id='block_1_69' title="bbox 1997 1140 3649 1231">
    <p class='ocr_par' dir='ltr' id='par_1_69' title="bbox 1997 1140 3649 1231">
     <span class='ocr_line' id='line_1_70' title="bbox 1997 1140 3649 1231; baseline 0.008 -28"><span class='ocrx_word' id='word_1_393' title='bbox 1997 1149 2053 1203; x_wconf 88' lang='lat' dir='ltr'><strong>lu</strong></span> <span class='ocrx_word' id='word_1_394' title='bbox 2064 1140 2279 1206; x_wconf 53' lang='lat' dir='ltr'><strong>n&#39;tatem</strong></span> <span class='ocrx_word' id='word_1_395' title='bbox 2296 1154 2710 1223; x_wconf 65' lang='lat' dir='ltr'><strong>praevenientes</strong></span> <span class='ocrx_word' id='word_1_396' title='bbox 2724 1175 2788 1213; x_wconf 85' lang='lat' dir='ltr'><strong>ac</strong></span> <span class='ocrx_word' id='word_1_397' title='bbox 2802 1159 3649 1231; x_wconf 78' lang='lat' dir='ltr'><strong>subsequentes,venerabilem</strong></span> 
     </span>
    </p>
   </div>
   <div class='ocr_carea' id='block_1_70' title="bbox 1992 1238 3651 1323">
    <p class='ocr_par' dir='ltr' id='par_1_70' title="bbox 1992 1238 3651 1323">
     <span class='ocr_line' id='line_1_71' title="bbox 1992 1238 3651 1323; baseline 0.008 -32"><span class='ocrx_word' id='word_1_398' title='bbox 1992 1238 2184 1294; x_wconf 88' lang='lat' dir='ltr'><strong>virum</strong></span> <span class='ocrx_word' id='word_1_399' title='bbox 2218 1245 2448 1297; x_wconf 83' lang='lat' dir='ltr'><strong>Ivonem</strong></span> <span class='ocrx_word' id='word_1_400' title='bbox 2485 1246 2913 1317; x_wconf 86' lang='lat' dir='ltr'><strong>presbyterum,</strong></span> <span class='ocrx_word' id='word_1_401' title='bbox 2948 1265 3144 1320; x_wconf 88' lang='lat' dir='ltr'><strong>quem,</strong></span> <span class='ocrx_word' id='word_1_402' title='bbox 3206 1249 3497 1309; x_wconf 80' lang='lat' dir='ltr'><strong>Gaufredo</strong></span> <span class='ocrx_word' id='word_1_403' title='bbox 3548 1267 3651 1323; x_wconf 91' lang='lat' dir='ltr'><strong>per</strong></span> 
     </span>
    </p>
   </div>
   <div class='ocr_carea' id='block_1_71' title="bbox 1993 1328 3646 1408">
    <p class='ocr_par' dir='ltr' id='par_1_71' title="bbox 1993 1328 3646 1408">
     <span class='ocr_line' id='line_1_72' title="bbox 1993 1328 3646 1408; baseline 0.008 -27"><span class='ocrx_word' id='word_1_404' title='bbox 1993 1344 2098 1383; x_wconf 83' lang='lat' dir='ltr'><strong>nos</strong></span> <span class='ocrx_word' id='word_1_405' title='bbox 2129 1328 2414 1401; x_wconf 90' lang='lat' dir='ltr'><strong>deposito,</strong></span> <span class='ocrx_word' id='word_1_406' title='bbox 2449 1332 2731 1390; x_wconf 73' lang='lat' dir='ltr'><strong>catholica</strong></span> <span class='ocrx_word' id='word_1_407' title='bbox 2774 1339 2949 1408; x_wconf 90' lang='lat' dir='ltr'><strong>atque</strong></span> <span class='ocrx_word' id='word_1_408' title='bbox 2999 1338 3272 1394; x_wconf 85' lang='lat' dir='ltr'><strong>canonice</strong></span> <span class='ocrx_word' id='word_1_409' title='bbox 3322 1339 3646 1394; x_wconf 90' lang='lat' dir='ltr'><strong>secundum</strong></span> 
     </span>
    </p>
   </div>
   <div class='ocr_carea' id='block_1_72' title="bbox 1993 1420 3648 1497">
    <p class='ocr_par' dir='ltr' id='par_1_72' title="bbox 1993 1420 3648 1497">
     <span class='ocr_line' id='line_1_73' title="bbox 1993 1420 3648 1497; baseline 0.008 -27"><span class='ocrx_word' id='word_1_410' title='bbox 1993 1421 2193 1472; x_wconf 89' lang='lat' dir='ltr'><strong>nostra</strong></span> <span class='ocrx_word' id='word_1_411' title='bbox 2224 1420 2447 1475; x_wconf 89' lang='lat' dir='ltr'><strong>monita</strong></span> <span class='ocrx_word' id='word_1_412' title='bbox 2477 1420 2756 1493; x_wconf 80' lang='lat' dir='ltr'><strong>elegistis,</strong></span> <span class='ocrx_word' id='word_1_413' title='bbox 2789 1441 2861 1479; x_wconf 88' lang='lat' dir='ltr'><strong>ne</strong></span> <span class='ocrx_word' id='word_1_414' title='bbox 2889 1427 3040 1497; x_wconf 88' lang='lat' dir='ltr'><strong>quod</strong></span> <span class='ocrx_word' id='word_1_415' title='bbox 3080 1425 3325 1482; x_wconf 82' lang='lat' dir='ltr'><strong>ulterius</strong></span> <span class='ocrx_word' id='word_1_416' title='bbox 3357 1427 3465 1483; x_wconf 87' lang='lat' dir='ltr'><strong>hac</strong></span> <span class='ocrx_word' id='word_1_417' title='bbox 3494 1427 3554 1483; x_wconf 90' lang='lat' dir='ltr'><strong>in</strong></span> <span class='ocrx_word' id='word_1_418' title='bbox 3587 1445 3648 1483; x_wconf 90' lang='lat' dir='ltr'><strong>re</strong></span> 
     </span>
    </p>
   </div>
   <div class='ocr_carea' id='block_1_73' title="bbox 1991 1505 3647 1586">
    <p class='ocr_par' dir='ltr' id='par_1_73' title="bbox 1991 1505 3647 1586">
     <span class='ocr_line' id='line_1_74' title="bbox 1991 1505 3647 1586; baseline 0.008 -27"><span class='ocrx_word' id='word_1_419' title='bbox 1991 1505 2408 1564; x_wconf 88' lang='lat' dir='ltr'><strong>detrimentum</strong></span> <span class='ocrx_word' id='word_1_420' title='bbox 2439 1516 2632 1567; x_wconf 87' lang='lat' dir='ltr'><strong>vestra</strong></span> <span class='ocrx_word' id='word_1_421' title='bbox 2661 1512 2918 1569; x_wconf 84' lang='lat' dir='ltr'><strong>Ecclesia</strong></span> <span class='ocrx_word' id='word_1_422' title='bbox 2948 1518 3260 1586; x_wconf 85' lang='lat' dir='ltr'><strong>pateretur,</strong></span> <span class='ocrx_word' id='word_1_423' title='bbox 3314 1516 3441 1571; x_wconf 89' lang='lat' dir='ltr'><strong>sine</strong></span> <span class='ocrx_word' id='word_1_424' title='bbox 3472 1532 3647 1573; x_wconf 74' lang='lat' dir='ltr'><strong>moraa</strong></span> 
     </span>
    </p>
   </div>
   <div class='ocr_carea' id='block_1_74' title="bbox 1990 1592 3117 1665">
    <p class='ocr_par' dir='ltr' id='par_1_74' title="bbox 1990 1592 3117 1665">
     <span class='ocr_line' id='line_1_75' title="bbox 1990 1592 3117 1665; baseline 0.01 -19"><span class='ocrx_word' id='word_1_425' title='bbox 1990 1592 2270 1665; x_wconf 87' lang='lat' dir='ltr'><strong>longioris</strong></span> <span class='ocrx_word' id='word_1_426' title='bbox 2300 1596 2602 1654; x_wconf 84' lang='lat' dir='ltr'><strong>obstaculo</strong></span> <span class='ocrx_word' id='word_1_427' title='bbox 2627 1603 3117 1657; x_wconf 86' lang='lat' dir='ltr'><strong>consecravimus.</strong></span> 
     </span>
    </p>
   </div>
   <div class='ocr_carea' id='block_1_75' title="bbox 2061 1683 3647 1764">
    <p class='ocr_par' dir='ltr' id='par_1_75' title="bbox 2061 1683 3647 1764">
     <span class='ocr_line' id='line_1_76' title="bbox 2061 1683 3647 1764; baseline 0.008 -28"><span class='ocrx_word' id='word_1_428' title='bbox 2061 1683 2225 1737; x_wconf 87' lang='lat' dir='ltr'><strong>Nunc</strong></span> <span class='ocrx_word' id='word_1_429' title='bbox 2256 1700 2388 1740; x_wconf 85' lang='lat' dir='ltr'><strong>eum</strong></span> <span class='ocrx_word' id='word_1_430' title='bbox 2425 1687 2494 1741; x_wconf 91' lang='lat' dir='ltr'><strong>ad</strong></span> <span class='ocrx_word' id='word_1_431' title='bbox 2529 1704 2631 1744; x_wconf 90' lang='lat' dir='ltr'><strong>vos</strong></span> <span class='ocrx_word' id='word_1_432' title='bbox 2663 1689 3047 1756; x_wconf 80' lang='lat' dir='ltr'><strong>remittentes,</strong></span> <span class='ocrx_word' id='word_1_433' title='bbox 3080 1695 3364 1764; x_wconf 87' lang='lat' dir='ltr'><strong>tanquam</strong></span> <span class='ocrx_word' id='word_1_434' title='bbox 3398 1693 3456 1748; x_wconf 88' lang='grc' dir='ltr'><strong>Β.</strong></span> <span class='ocrx_word' id='word_1_435' title='bbox 3494 1694 3647 1749; x_wconf 89' lang='lat' dir='ltr'><strong>Petri</strong></span> 
     </span>
    </p>
   </div>
   <div class='ocr_carea' id='block_1_76' title="bbox 1989 1772 3649 1854">
    <p class='ocr_par' dir='ltr' id='par_1_76' title="bbox 1989 1772 3649 1854">
     <span class='ocr_line' id='line_1_77' title="bbox 1989 1772 3649 1854; baseline 0.008 -29"><span class='ocrx_word' id='word_1_436' title='bbox 1989 1772 2264 1829; x_wconf 91' lang='lat' dir='ltr'><strong>manibus</strong></span> <span class='ocrx_word' id='word_1_437' title='bbox 2294 1779 2789 1839; x_wconf 86' lang='lat' dir='ltr'><strong>consecratum,B.</strong></span> <span class='ocrx_word' id='word_1_438' title='bbox 2826 1779 2976 1834; x_wconf 87' lang='lat' dir='ltr'><strong>Petri</strong></span> <span class='ocrx_word' id='word_1_439' title='bbox 3008 1780 3135 1834; x_wconf 89' lang='lat' dir='ltr'><strong>vice</strong></span> <span class='ocrx_word' id='word_1_440' title='bbox 3156 1797 3257 1836; x_wconf 90' lang='lat' dir='ltr'><strong>vos</strong></span> <span class='ocrx_word' id='word_1_441' title='bbox 3293 1797 3570 1854; x_wconf 88' lang='lat' dir='ltr'><strong>rogamus</strong></span> <span class='ocrx_word' id='word_1_442' title='bbox 3592 1787 3649 1839; x_wconf 91' lang='lat' dir='ltr'><strong>et</strong></span> 
     </span>
    </p>
   </div>
   <div class='ocr_carea' id='block_1_77' title="bbox 1988 1860 3652 1942">
    <p class='ocr_par' dir='ltr' id='par_1_77' title="bbox 1988 1860 3652 1942">
     <span class='ocr_line' id='line_1_78' title="bbox 1988 1860 3652 1942; baseline 0.009 -29"><span class='ocrx_word' id='word_1_443' title='bbox 1988 1860 2363 1919; x_wconf 89' lang='lat' dir='ltr'><strong>obsecramus</strong></span> <span class='ocrx_word' id='word_1_444' title='bbox 2386 1868 2677 1935; x_wconf 87' lang='lat' dir='ltr'><strong>quatenus</strong></span> <span class='ocrx_word' id='word_1_445' title='bbox 2708 1881 2841 1921; x_wconf 87' lang='lat' dir='ltr'><strong>eum</strong></span> <span class='ocrx_word' id='word_1_446' title='bbox 2868 1867 3117 1941; x_wconf 86' lang='lat' dir='ltr'><strong>benigne</strong></span> <span class='ocrx_word' id='word_1_447' title='bbox 3142 1869 3535 1942; x_wconf 87' lang='lat' dir='ltr'><strong>suscipientes</strong></span> <span class='ocrx_word' id='word_1_448' title='bbox 3555 1872 3652 1927; x_wconf 85' lang='lat' dir='ltr'><strong>de-</strong></span> 
     </span>
    </p>
   </div>
   <div class='ocr_carea' id='block_1_78' title="bbox 1984 1948 3645 2027">
    <p class='ocr_par' dir='ltr' id='par_1_78' title="bbox 1984 1948 3645 2027">
     <span class='ocr_line' id='line_1_79' title="bbox 1984 1948 3645 2027; baseline 0.007 -24"><span class='ocrx_word' id='word_1_449' title='bbox 1984 1948 2106 2004; x_wconf 89' lang='lat' dir='ltr'><strong>bita</strong></span> <span class='ocrx_word' id='word_1_450' title='bbox 2138 1954 2202 2004; x_wconf 89' lang='lat' dir='ltr'><strong>ut</strong></span> <span class='ocrx_word' id='word_1_451' title='bbox 2219 1952 2469 2022; x_wconf 85' lang='lat' dir='ltr'><strong>pastoris</strong></span> <span class='ocrx_word' id='word_1_452' title='bbox 2483 1954 2601 2008; x_wconf 89' lang='lat' dir='ltr'><strong>veri</strong></span> <span class='ocrx_word' id='word_1_453' title='bbox 2623 1956 2952 2011; x_wconf 91' lang='lat' dir='ltr'><strong>membrum</strong></span> <span class='ocrx_word' id='word_1_454' title='bbox 2977 1956 3218 2012; x_wconf 91' lang='lat' dir='ltr'><strong>obedien</strong></span> <span class='ocrx_word' id='word_1_455' title='bbox 3228 1957 3307 2013; x_wconf 89' lang='lat' dir='ltr'><strong>tia</strong></span> <span class='ocrx_word' id='word_1_456' title='bbox 3326 1958 3645 2027; x_wconf 75' lang='lat' dir='ltr'><strong>honoratis;</strong></span> 
     </span>
    </p>
   </div>
   <div class='ocr_carea' id='block_1_79' title="bbox 1982 2037 3641 2114">
    <p class='ocr_par' dir='ltr' id='par_1_79' title="bbox 1982 2037 3641 2114">
     <span class='ocr_line' id='line_1_80' title="bbox 1982 2037 3641 2114; baseline 0.009 -23"><span class='ocrx_word' id='word_1_457' title='bbox 1982 2037 2178 2093; x_wconf 88' lang='lat' dir='ltr'><strong>debita</strong></span> <span class='ocrx_word' id='word_1_458' title='bbox 2206 2038 2600 2097; x_wconf 81' lang='lat' dir='ltr'><strong>sollicitudine</strong></span> <span class='ocrx_word' id='word_1_459' title='bbox 2634 2060 2762 2114; x_wconf 61' lang='lat' dir='ltr'><strong>quia</strong></span> <span class='ocrx_word' id='word_1_460' title='bbox 2792 2044 2958 2100; x_wconf 89' lang='lat' dir='ltr'><strong>vobis</strong></span> <span class='ocrx_word' id='word_1_461' title='bbox 2980 2047 3415 2103; x_wconf 88' lang='lat' dir='ltr'><strong>annuntiaverit</strong></span> <span class='ocrx_word' id='word_1_462' title='bbox 3443 2049 3641 2105; x_wconf 86' lang='lat' dir='ltr'><strong>obser-</strong></span> 
     </span>
    </p>
   </div>
   <div class='ocr_carea' id='block_1_80' title="bbox 1984 2126 3641 2208">
    <p class='ocr_par' dir='ltr' id='par_1_80' title="bbox 1984 2126 3641 2208">
     <span class='ocr_line' id='line_1_81' title="bbox 1984 2126 3641 2208; baseline 0.008 -29"><span class='ocrx_word' id='word_1_463' title='bbox 1984 2126 2126 2181; x_wconf 88' lang='lat' dir='ltr'><strong>vetis</strong></span> <span class='ocrx_word' id='word_1_464' title='bbox 2149 2145 2162 2193; x_wconf 89' lang='lat'><strong>;</strong></span> <span class='ocrx_word' id='word_1_465' title='bbox 2189 2132 2247 2182; x_wconf 91' lang='lat' dir='ltr'><strong>et</strong></span> <span class='ocrx_word' id='word_1_466' title='bbox 2277 2133 2341 2183; x_wconf 91' lang='lat' dir='ltr'><strong>ut</strong></span> <span class='ocrx_word' id='word_1_467' title='bbox 2371 2129 2496 2202; x_wconf 88' lang='lat' dir='ltr'><strong>ipse</strong></span> <span class='ocrx_word' id='word_1_468' title='bbox 2551 2131 2667 2186; x_wconf 93' lang='lat' dir='ltr'><strong>Deo</strong></span> <span class='ocrx_word' id='word_1_469' title='bbox 2699 2131 2947 2204; x_wconf 88' lang='lat' dir='ltr'><strong>placere,</strong></span> <span class='ocrx_word' id='word_1_470' title='bbox 3000 2139 3056 2188; x_wconf 92' lang='lat' dir='ltr'><strong>et</strong></span> <span class='ocrx_word' id='word_1_471' title='bbox 3085 2150 3221 2191; x_wconf 89' lang='lat' dir='ltr'><strong>eum</strong></span> <span class='ocrx_word' id='word_1_472' title='bbox 3279 2153 3383 2208; x_wconf 91' lang='lat' dir='ltr'><strong>pro</strong></span> <span class='ocrx_word' id='word_1_473' title='bbox 3429 2138 3641 2194; x_wconf 86' lang='lat' dir='ltr'><strong>vestris</strong></span> 
     </span>
    </p>
   </div>
   <div class='ocr_carea' id='block_1_81' title="bbox 1980 2213 3643 2296">
    <p class='ocr_par' dir='ltr' id='par_1_81' title="bbox 1980 2213 3643 2296">
     <span class='ocr_line' id='line_1_82' title="bbox 1980 2213 3643 2296; baseline 0.01 -30"><span class='ocrx_word' id='word_1_474' title='bbox 1980 2213 2170 2269; x_wconf 79' lang='lat' dir='ltr'><strong>valeat</strong></span> <span class='ocrx_word' id='word_1_475' title='bbox 2196 2218 2532 2274; x_wconf 87' lang='lat' dir='ltr'><strong>excessibus</strong></span> <span class='ocrx_word' id='word_1_476' title='bbox 2560 2220 2738 2293; x_wconf 86' lang='lat' dir='ltr'><strong>digne</strong></span> <span class='ocrx_word' id='word_1_477' title='bbox 2796 2221 3206 2279; x_wconf 85' lang='lat' dir='ltr'><strong>intercedendo</strong></span> <span class='ocrx_word' id='word_1_478' title='bbox 3255 2224 3508 2296; x_wconf 89' lang='lat' dir='ltr'><strong>placare,</strong></span> <span class='ocrx_word' id='word_1_479' title='bbox 3539 2243 3643 2282; x_wconf 91' lang='lat' dir='ltr'><strong>vos</strong></span> 
     </span>
    </p>
   </div>
   <div class='ocr_carea' id='block_1_82' title="bbox 1982 2305 3635 2385">
    <p class='ocr_par' dir='ltr' id='par_1_82' title="bbox 1982 2305 3635 2385">
     <span class='ocr_line' id='line_1_83' title="bbox 1982 2305 3635 2385; baseline 0.008 -29"><span class='ocrx_word' id='word_1_480' title='bbox 1982 2319 2214 2375; x_wconf 90' lang='lat' dir='ltr'><strong>quoque</strong></span> <span class='ocrx_word' id='word_1_481' title='bbox 2245 2305 2471 2376; x_wconf 75' lang='lat' dir='ltr'><strong>placere</strong></span> <span class='ocrx_word' id='word_1_482' title='bbox 2501 2307 2617 2362; x_wconf 91' lang='lat' dir='ltr'><strong>Deo</strong></span> <span class='ocrx_word' id='word_1_483' title='bbox 2648 2310 2786 2364; x_wconf 90' lang='lat' dir='ltr'><strong>totis</strong></span> <span class='ocrx_word' id='word_1_484' title='bbox 2843 2312 3253 2367; x_wconf 86' lang='lat' dir='ltr'><strong>conaminibus</strong></span> <span class='ocrx_word' id='word_1_485' title='bbox 3306 2320 3635 2385; x_wconf 87' lang='lat' dir='ltr'><strong>procurate.</strong></span> 
     </span>
    </p>
   </div>
   <div class='ocr_carea' id='block_1_83' title="bbox 1982 2393 3639 2474">
    <p class='ocr_par' dir='ltr' id='par_1_83' title="bbox 1982 2393 3639 2474">
     <span class='ocr_line' id='line_1_84' title="bbox 1982 2393 3639 2474; baseline 0.007 -29"><span class='ocrx_word' id='word_1_486' title='bbox 1982 2393 2038 2445; x_wconf 89' lang='lat' dir='ltr'><strong>Si</strong></span> <span class='ocrx_word' id='word_1_487' title='bbox 2092 2393 2247 2448; x_wconf 89' lang='lat' dir='ltr'><strong>enim</strong></span> <span class='ocrx_word' id='word_1_488' title='bbox 2282 2394 2509 2466; x_wconf 89' lang='lat' dir='ltr'><strong>placere</strong></span> <span class='ocrx_word' id='word_1_489' title='bbox 2537 2396 2651 2452; x_wconf 91' lang='lat' dir='ltr'><strong>Deo</strong></span> <span class='ocrx_word' id='word_1_490' title='bbox 2683 2399 3028 2466; x_wconf 88' lang='lat' dir='ltr'><strong>statueritis,</strong></span> <span class='ocrx_word' id='word_1_491' title='bbox 3082 2405 3377 2471; x_wconf 86' lang='lat' dir='ltr'><strong>pastorem</strong></span> <span class='ocrx_word' id='word_1_492' title='bbox 3436 2402 3639 2474; x_wconf 89' lang='lat' dir='ltr'><strong>procul</strong></span> 
     </span>
    </p>
   </div>
   <div class='ocr_carea' id='block_1_84' title="bbox 1982 2481 3641 2562">
    <p class='ocr_par' dir='ltr' id='par_1_84' title="bbox 1982 2481 3641 2562">
     <span class='ocr_line' id='line_1_85' title="bbox 1982 2481 3641 2562; baseline 0.007 -27"><span class='ocrx_word' id='word_1_493' title='bbox 1982 2481 2160 2537; x_wconf 86' lang='lat' dir='ltr'><strong>dubio</strong></span> <span class='ocrx_word' id='word_1_494' title='bbox 2191 2482 2309 2538; x_wconf 90' lang='lat' dir='ltr'><strong>Deo</strong></span> <span class='ocrx_word' id='word_1_495' title='bbox 2340 2482 2666 2556; x_wconf 90' lang='lat' dir='ltr'><strong>placentem</strong></span> <span class='ocrx_word' id='word_1_496' title='bbox 2704 2486 3018 2554; x_wconf 89' lang='lat' dir='ltr'><strong>habebitis,</strong></span> <span class='ocrx_word' id='word_1_497' title='bbox 3052 2504 3159 2544; x_wconf 90' lang='lat' dir='ltr'><strong>nos</strong></span> <span class='ocrx_word' id='word_1_498' title='bbox 3192 2505 3423 2562; x_wconf 90' lang='lat' dir='ltr'><strong>quoque</strong></span> <span class='ocrx_word' id='word_1_499' title='bbox 3455 2490 3514 2546; x_wconf 92' lang='lat' dir='ltr'><strong>in</strong></span> <span class='ocrx_word' id='word_1_500' title='bbox 3546 2505 3641 2546; x_wconf 90' lang='lat' dir='ltr'><strong>ve-</strong></span> 
     </span>
    </p>
   </div>
   <div class='ocr_carea' id='block_1_85' title="bbox 1979 2568 3642 2651">
    <p class='ocr_par' dir='ltr' id='par_1_85' title="bbox 1979 2568 3642 2651">
     <span class='ocr_line' id='line_1_86' title="bbox 1979 2568 3642 2651; baseline 0.006 -28"><span class='ocrx_word' id='word_1_501' title='bbox 1979 2568 2120 2624; x_wconf 88' lang='lat' dir='ltr'><strong>stris</strong></span> <span class='ocrx_word' id='word_1_502' title='bbox 2152 2572 2690 2643; x_wconf 82' lang='lat' dir='ltr'><strong>opportunitatibus</strong></span> <span class='ocrx_word' id='word_1_503' title='bbox 2721 2574 2791 2629; x_wconf 90' lang='lat' dir='ltr'><strong>ad</strong></span> <span class='ocrx_word' id='word_1_504' title='bbox 2825 2575 3256 2632; x_wconf 81' lang='lat' dir='ltr'><strong>exaudiendum</strong></span> <span class='ocrx_word' id='word_1_505' title='bbox 3293 2582 3529 2651; x_wconf 88' lang='lat' dir='ltr'><strong>paratos</strong></span> <span class='ocrx_word' id='word_1_506' title='bbox 3559 2578 3642 2633; x_wconf 87' lang='lat' dir='ltr'><strong>in-</strong></span> 
     </span>
    </p>
   </div>
   <div class='ocr_carea' id='block_1_86' title="bbox 1978 2658 3641 2737">
    <p class='ocr_par' dir='ltr' id='par_1_86' title="bbox 1978 2658 3641 2737">
     <span class='ocr_line' id='line_1_87' title="bbox 1978 2658 3641 2737; baseline 0.006 -25"><span class='ocrx_word' id='word_1_507' title='bbox 1978 2658 2239 2715; x_wconf 90' lang='lat' dir='ltr'><strong>venietis.</strong></span> <span class='ocrx_word' id='word_1_508' title='bbox 2274 2658 2452 2717; x_wconf 89' lang='lat' dir='ltr'><strong>Porro</strong></span> <span class='ocrx_word' id='word_1_509' title='bbox 2513 2662 2583 2717; x_wconf 88' lang='lat' dir='ltr'><strong>de</strong></span> <span class='ocrx_word' id='word_1_510' title='bbox 2613 2662 2929 2731; x_wconf 83' lang='lat' dir='ltr'><strong>Gaufredo,</strong></span> <span class='ocrx_word' id='word_1_511' title='bbox 2964 2665 3065 2737; x_wconf 92' lang='lat' dir='ltr'><strong>qui</strong></span> <span class='ocrx_word' id='word_1_512' title='bbox 3121 2665 3247 2722; x_wconf 90' lang='lat' dir='ltr'><strong>sine</strong></span> <span class='ocrx_word' id='word_1_513' title='bbox 3306 2666 3641 2723; x_wconf 89' lang='lat' dir='ltr'><strong>conditione</strong></span> 
     </span>
    </p>
   </div>
   <div class='ocr_carea' id='block_1_87' title="bbox 1979 2747 3640 2826">
    <p class='ocr_par' dir='ltr' id='par_1_87' title="bbox 1979 2747 3640 2826">
     <span class='ocr_line' id='line_1_88' title="bbox 1979 2747 3640 2826; baseline 0.005 -24"><span class='ocrx_word' id='word_1_514' title='bbox 1979 2747 2138 2803; x_wconf 91' lang='lat' dir='ltr'><strong>omni</strong></span> <span class='ocrx_word' id='word_1_515' title='bbox 2171 2749 2388 2805; x_wconf 90' lang='lat' dir='ltr'><strong>nostris</strong></span> <span class='ocrx_word' id='word_1_516' title='bbox 2421 2750 2696 2807; x_wconf 89' lang='lat' dir='ltr'><strong>manibus</strong></span> <span class='ocrx_word' id='word_1_517' title='bbox 2724 2752 3132 2826; x_wconf 86' lang='lat' dir='ltr'><strong>episcopatum</strong></span> <span class='ocrx_word' id='word_1_518' title='bbox 3166 2750 3440 2821; x_wconf 90' lang='lat' dir='ltr'><strong>reddidit,</strong></span> <span class='ocrx_word' id='word_1_519' title='bbox 3483 2756 3640 2811; x_wconf 90' lang='lat' dir='ltr'><strong>indi-</strong></span> 
     </span>
    </p>
   </div>
   <div class='ocr_carea' id='block_1_88' title="bbox 1978 2842 3634 2917">
    <p class='ocr_par' dir='ltr' id='par_1_88' title="bbox 1978 2842 3634 2917">
     <span class='ocr_line' id='line_1_89' title="bbox 1978 2842 3634 2917; baseline 0.007 -28"><span class='ocrx_word' id='word_1_520' title='bbox 1978 2851 2159 2908; x_wconf 87' lang='lat' dir='ltr'><strong>gnum</strong></span> <span class='ocrx_word' id='word_1_521' title='bbox 2183 2853 2246 2890; x_wconf 90' lang='lat' dir='ltr'><strong>se</strong></span> <span class='ocrx_word' id='word_1_522' title='bbox 2276 2842 2543 2909; x_wconf 90' lang='lat' dir='ltr'><strong>patenter</strong></span> <span class='ocrx_word' id='word_1_523' title='bbox 2571 2856 2919 2913; x_wconf 89' lang='lat' dir='ltr'><strong>agnoscens,</strong></span> <span class='ocrx_word' id='word_1_524' title='bbox 2938 2843 3322 2915; x_wconf 66' lang='lat' dir='ltr'><strong>praecepimus</strong></span> <span class='ocrx_word' id='word_1_525' title='bbox 3346 2847 3405 2899; x_wconf 88' lang='lat' dir='ltr'><strong>et</strong></span> <span class='ocrx_word' id='word_1_526' title='bbox 3433 2845 3634 2917; x_wconf 64' lang='lat' dir='ltr'><strong>praeci-</strong></span> 
     </span>
    </p>
   </div>
   <div class='ocr_carea' id='block_1_89' title="bbox 1978 2925 3635 3006">
    <p class='ocr_par' dir='ltr' id='par_1_89' title="bbox 1978 2925 3635 3006">
     <span class='ocr_line' id='line_1_90' title="bbox 1978 2925 3635 3006; baseline 0.007 -27"><span class='ocrx_word' id='word_1_527' title='bbox 1978 2925 2175 2996; x_wconf 90' lang='lat' dir='ltr'><strong>pimus</strong></span> <span class='ocrx_word' id='word_1_528' title='bbox 2207 2942 2279 2982; x_wconf 90' lang='lat' dir='ltr'><strong>ne</strong></span> <span class='ocrx_word' id='word_1_529' title='bbox 2312 2927 2445 2999; x_wconf 90' lang='lat' dir='ltr'><strong>quis</strong></span> <span class='ocrx_word' id='word_1_530' title='bbox 2476 2928 2526 2984; x_wconf 89' lang='lat' dir='ltr'><strong>ei</strong></span> <span class='ocrx_word' id='word_1_531' title='bbox 2561 2929 2676 2985; x_wconf 91' lang='lat' dir='ltr'><strong>ullo</strong></span> <span class='ocrx_word' id='word_1_532' title='bbox 2699 2931 2874 2986; x_wconf 90' lang='lat' dir='ltr'><strong>modo</strong></span> <span class='ocrx_word' id='word_1_533' title='bbox 2895 2932 2966 2986; x_wconf 90' lang='lat' dir='ltr'><strong>ad</strong></span> <span class='ocrx_word' id='word_1_534' title='bbox 2990 2930 3392 3006; x_wconf 88' lang='lat' dir='ltr'><strong>episcopatum</strong></span> <span class='ocrx_word' id='word_1_535' title='bbox 3411 2932 3635 2990; x_wconf 88' lang='lat' dir='ltr'><strong>reinva-</strong></span> 
     </span>
    </p>
   </div>
   <div class='ocr_carea' id='block_1_90' title="bbox 1979 3013 3635 3078">
    <p class='ocr_par' dir='ltr' id='par_1_90' title="bbox 1979 3013 3635 3078">
     <span class='ocr_line' id='line_1_91' title="bbox 1979 3013 3635 3078; baseline 0.007 -11"><span class='ocrx_word' id='word_1_536' title='bbox 1979 3013 2236 3070; x_wconf 88' lang='lat' dir='ltr'><strong>dendum</strong></span> <span class='ocrx_word' id='word_1_537' title='bbox 2264 3014 2353 3070; x_wconf 92' lang='lat' dir='ltr'><strong>vel</strong></span> <span class='ocrx_word' id='word_1_538' title='bbox 2386 3014 2782 3074; x_wconf 83' lang='lat' dir='ltr'><strong>infestandum</strong></span> <span class='ocrx_word' id='word_1_539' title='bbox 2823 3036 3131 3076; x_wconf 81' lang='lat' dir='ltr'><strong>assensum</strong></span> <span class='ocrx_word' id='word_1_540' title='bbox 3194 3023 3635 3078; x_wconf 89' lang='lat' dir='ltr'><strong>accommodare</strong></span> 
     </span>
    </p>
   </div>
   <div class='ocr_carea' id='block_1_91' title="bbox 1977 3101 3637 3179">
    <p class='ocr_par' dir='ltr' id='par_1_91' title="bbox 1977 3101 3637 3179">
     <span class='ocr_line' id='line_1_92' title="bbox 1977 3101 3637 3179; baseline 0.005 -23"><span class='ocrx_word' id='word_1_541' title='bbox 1977 3108 2314 3173; x_wconf 67' lang='lat' dir='ltr'><strong>praesumat,</strong></span> <span class='ocrx_word' id='word_1_542' title='bbox 2339 3101 2484 3159; x_wconf 89' lang='lat' dir='ltr'><strong>alias</strong></span> <span class='ocrx_word' id='word_1_543' title='bbox 2514 3109 2571 3160; x_wconf 91' lang='lat' dir='ltr'><strong>et</strong></span> <span class='ocrx_word' id='word_1_544' title='bbox 2601 3104 2794 3177; x_wconf 90' lang='lat' dir='ltr'><strong>ipsum</strong></span> <span class='ocrx_word' id='word_1_545' title='bbox 2818 3110 2873 3161; x_wconf 88' lang='lat' dir='ltr'><strong>et</strong></span> <span class='ocrx_word' id='word_1_546' title='bbox 2903 3107 3090 3179; x_wconf 89' lang='lat' dir='ltr'><strong>ipsius</strong></span> <span class='ocrx_word' id='word_1_547' title='bbox 3124 3107 3382 3164; x_wconf 82' lang='lat' dir='ltr'><strong>fautores</strong></span> <span class='ocrx_word' id='word_1_548' title='bbox 3410 3114 3637 3166; x_wconf 85' lang='lat' dir='ltr'><strong>excom-</strong></span> 
     </span>
    </p>
   </div>
   <div class='ocr_carea' id='block_1_92' title="bbox 1978 3191 3635 3265">
    <p class='ocr_par' dir='ltr' id='par_1_92' title="bbox 1978 3191 3635 3265">
     <span class='ocr_line' id='line_1_93' title="bbox 1978 3191 3635 3265; baseline 0.005 -20"><span class='ocrx_word' id='word_1_549' title='bbox 1978 3191 2359 3247; x_wconf 89' lang='lat' dir='ltr'><strong>municationi</strong></span> <span class='ocrx_word' id='word_1_550' title='bbox 2375 3193 2678 3265; x_wconf 88' lang='lat' dir='ltr'><strong>subjacere</strong></span> <span class='ocrx_word' id='word_1_551' title='bbox 2691 3194 3376 3251; x_wconf 89' lang='lat' dir='ltr'><strong>censemus.0bedientes</strong></span> <span class='ocrx_word' id='word_1_552' title='bbox 3387 3213 3488 3253; x_wconf 91' lang='lat' dir='ltr'><strong>vos</strong></span> <span class='ocrx_word' id='word_1_553' title='bbox 3500 3212 3635 3253; x_wconf 88' lang='lat' dir='ltr'><strong>vero</strong></span> 
     </span>
    </p>
   </div>
   <div class='ocr_carea' id='block_1_93' title="bbox 1974 3280 3239 3353">
    <p class='ocr_par' dir='ltr' id='par_1_93' title="bbox 1974 3280 3239 3353">
     <span class='ocr_line' id='line_1_94' title="bbox 1974 3280 3239 3353; baseline 0.003 -20"><span class='ocrx_word' id='word_1_554' title='bbox 1974 3280 2215 3335; x_wconf 89' lang='lat' dir='ltr'><strong>monitis</strong></span> <span class='ocrx_word' id='word_1_555' title='bbox 2246 3280 2462 3336; x_wconf 89' lang='lat' dir='ltr'><strong>nostris</strong></span> <span class='ocrx_word' id='word_1_556' title='bbox 2491 3282 2679 3353; x_wconf 88' lang='lat' dir='ltr'><strong>gratia</strong></span> <span class='ocrx_word' id='word_1_557' title='bbox 2706 3283 2901 3337; x_wconf 87' lang='lat' dir='ltr'><strong>divina</strong></span> <span class='ocrx_word' id='word_1_558' title='bbox 2927 3283 3239 3339; x_wconf 89' lang='lat' dir='ltr'><strong>custodiat.</strong></span> 
     </span>
    </p>
   </div>
   <div class='ocr_carea' id='block_1_94' title="bbox 2043 3367 3345 3440">
    <p class='ocr_par' dir='ltr' id='par_1_94' title="bbox 2043 3367 3345 3440">
     <span class='ocr_line' id='line_1_95' title="bbox 2043 3367 3345 3440; baseline 0.004 -18"><span class='ocrx_word' id='word_1_559' title='bbox 2043 3367 2189 3423; x_wconf 89' lang='lat' dir='ltr'><strong>Data</strong></span> <span class='ocrx_word' id='word_1_560' title='bbox 2207 3368 2414 3440; x_wconf 67' lang='lat' dir='ltr'><strong>Capuae</strong></span> <span class='ocrx_word' id='word_1_561' title='bbox 2446 3374 2646 3425; x_wconf 89' lang='lat' dir='ltr'><strong>octavo</strong></span> <span class='ocrx_word' id='word_1_562' title='bbox 2669 3369 2962 3427; x_wconf 86' lang='lat' dir='ltr'><strong>Kalendas</strong></span> <span class='ocrx_word' id='word_1_563' title='bbox 2993 3372 3345 3427; x_wconf 85' lang='lat' dir='ltr'><strong>Decembris.</strong></span> 
     </span>
    </p>
   </div>
   <div class='ocr_carea' id='block_1_95' title="bbox 2716 3485 2870 3540">
    <p class='ocr_par' dir='ltr' id='par_1_95' title="bbox 2716 3485 2870 3540">
     <span class='ocr_line' id='line_1_96' title="bbox 2716 3485 2870 3540; baseline 0 0"><span class='ocrx_word' id='word_1_564' title='bbox 2716 3485 2870 3540; x_wconf 87' lang='lat' dir='ltr'><strong>XLV.</strong></span> 
     </span>
    </p>
   </div>
   <div class='ocr_carea' id='block_1_96' title="bbox 1973 3570 3629 3644">
    <p class='ocr_par' dir='ltr' id='par_1_96' title="bbox 1973 3570 3629 3644">
     <span class='ocr_line' id='line_1_97' title="bbox 1973 3570 3629 3644; baseline 0.003 -15"><span class='ocrx_word' id='word_1_565' title='bbox 1973 3570 2182 3629; x_wconf 83' lang='lat' dir='ltr'><strong>Urbani</strong></span> <span class='ocrx_word' id='word_1_566' title='bbox 2208 3572 2260 3644; x_wconf 85' lang='lat' dir='ltr'><strong>II</strong></span> <span class='ocrx_word' id='word_1_567' title='bbox 2279 3586 2447 3643; x_wconf 55' lang='lat' dir='ltr'><strong>papa&quot;:</strong></span> <span class='ocrx_word' id='word_1_568' title='bbox 2482 3572 2707 3644; x_wconf 74' lang='lat' dir='ltr'><strong>epistola</strong></span> <span class='ocrx_word' id='word_1_569' title='bbox 2737 3572 2807 3628; x_wconf 83' lang='lat' dir='ltr'><strong>ad</strong></span> <span class='ocrx_word' id='word_1_570' title='bbox 2868 3572 3201 3644; x_wconf 80' lang='lat' dir='ltr'><strong>Richerium,</strong></span> <span class='ocrx_word' id='word_1_571' title='bbox 3261 3577 3629 3642; x_wconf 79' lang='lat' dir='ltr'><strong>archiepisco-</strong></span> 
     </span>
    </p>
   </div>
   <div class='ocr_carea' id='block_1_97' title="bbox 2033 3642 3632 3718">
    <p class='ocr_par' dir='ltr' id='par_1_97' title="bbox 2033 3642 3632 3718">
     <span class='ocr_line' id='line_1_98' title="bbox 2033 3642 3632 3718; baseline 0.005 -22"><span class='ocrx_word' id='word_1_572' title='bbox 2033 3658 2170 3714; x_wconf 86' lang='lat' dir='ltr'><strong>pum</strong></span> <span class='ocrx_word' id='word_1_573' title='bbox 2218 3642 2598 3718; x_wconf 72' lang='lat' dir='ltr'><strong>Senonensém.</strong></span> <span class='ocrx_word' id='word_1_574' title='bbox 2633 3676 2716 3718; x_wconf 78' lang='lat'><strong>—_</strong></span> <span class='ocrx_word' id='word_1_575' title='bbox 2756 3646 2993 3718; x_wconf 75' lang='lat' dir='ltr'><strong>Ironem,</strong></span> <span class='ocrx_word' id='word_1_576' title='bbox 3052 3642 3363 3718; x_wconf 77' lang='lat' dir='ltr'><strong>episcopum</strong></span> <span class='ocrx_word' id='word_1_577' title='bbox 3423 3647 3632 3704; x_wconf 84' lang='lat' dir='ltr'><strong>Carno-</strong></span> 
     </span>
    </p>
   </div>
   <div class='ocr_carea' id='block_1_98' title="bbox 2037 3715 3635 3785">
    <p class='ocr_par' dir='ltr' id='par_1_98' title="bbox 2037 3715 3635 3785">
     <span class='ocr_line' id='line_1_99' title="bbox 2037 3715 3635 3785; baseline 0.005 -17"><span class='ocrx_word' id='word_1_578' title='bbox 2037 3717 2243 3769; x_wconf 76' lang='lat' dir='ltr'><strong>tensem</strong></span> <span class='ocrx_word' id='word_1_579' title='bbox 2300 3715 2392 3769; x_wconf 79' lang='lat' dir='ltr'><strong>illi</strong></span> <span class='ocrx_word' id='word_1_580' title='bbox 2438 3716 2778 3771; x_wconf 76' lang='lat' dir='ltr'><strong>comnwndat</strong></span> <span class='ocrx_word' id='word_1_581' title='bbox 2835 3715 3191 3785; x_wconf 79' lang='lat' dir='ltr'><strong>Gaufredum,</strong></span> <span class='ocrx_word' id='word_1_582' title='bbox 3228 3715 3311 3773; x_wconf 45' lang='lat' dir='ltr'><strong>_si</strong></span> <span class='ocrx_word' id='word_1_583' title='bbox 3372 3720 3635 3776; x_wconf 80' lang='lat' dir='ltr'><strong>invadere</strong></span> 
     </span>
    </p>
   </div>
   <div class='ocr_carea' id='block_1_99' title="bbox 2038 3787 3626 3858">
    <p class='ocr_par' dir='ltr' id='par_1_99' title="bbox 2038 3787 3626 3858">
     <span class='ocr_line' id='line_1_100' title="bbox 2038 3787 3626 3858; baseline 0.005 -19"><span class='ocrx_word' id='word_1_584' title='bbox 2038 3787 2406 3858; x_wconf 72' lang='lat' dir='ltr'><strong>episwpatum</strong></span> <span class='ocrx_word' id='word_1_585' title='bbox 2463 3789 2776 3856; x_wconf 67' lang='lat' dir='ltr'><strong>temtauerit,</strong></span> <span class='ocrx_word' id='word_1_586' title='bbox 2850 3788 3375 3846; x_wconf 66' lang='lat' dir='ltr'><strong>anathematizatum</strong></span> <span class='ocrx_word' id='word_1_587' title='bbox 3439 3790 3626 3847; x_wconf 74' lang='lat' dir='ltr'><strong>decla-</strong></span> 
     </span>
    </p>
   </div>
   <div class='ocr_carea' id='block_1_100' title="bbox 2038 3859 2147 3911">
    <p class='ocr_par' dir='ltr' id='par_1_100' title="bbox 2038 3859 2147 3911">
     <span class='ocr_line' id='line_1_101' title="bbox 2038 3859 2147 3911; baseline 0 0"><span class='ocrx_word' id='word_1_588' title='bbox 2038 3859 2147 3911; x_wconf 81' lang='lat' dir='ltr'><strong>rut.</strong></span> 
     </span>
    </p>
   </div>
   <div class='ocr_carea' id='block_1_101' title="bbox 2590 3946 2989 4020">
    <p class='ocr_par' dir='ltr' id='par_1_101' title="bbox 2590 3946 2989 4020">
     <span class='ocr_line' id='line_1_102' title="bbox 2590 3946 2989 4020; baseline 0 -18"><span class='ocrx_word' id='word_1_589' title='bbox 2590 3947 2778 4019; x_wconf 88' lang='lat' dir='ltr'><strong>(Anno</strong></span> <span class='ocrx_word' id='word_1_590' title='bbox 2806 3946 2989 4020; x_wconf 86' lang='grc'><strong>1090.)</strong></span> 
     </span>
    </p>
   </div>
   <div class='ocr_carea' id='block_1_102' title="bbox 2406 4052 3193 4127">
    <p class='ocr_par' dir='ltr' id='par_1_102' title="bbox 2406 4052 3193 4127">
     <span class='ocr_line' id='line_1_103' title="bbox 2406 4052 3193 4127; baseline 0.001 -19"><span class='ocrx_word' id='word_1_591' title='bbox 2406 4052 2636 4123; x_wconf 72' lang='grc' dir='ltr'><strong>[ΜΑΝει,</strong></span> <span class='ocrx_word' id='word_1_592' title='bbox 2672 4054 2875 4110; x_wconf 82' lang='lat' dir='ltr'><strong>Concit.</strong></span> <span class='ocrx_word' id='word_1_593' title='bbox 2908 4054 3018 4121; x_wconf 80' lang='lat' dir='ltr'><strong>XX,</strong></span> <span class='ocrx_word' id='word_1_594' title='bbox 3042 4055 3193 4127; x_wconf 75' lang='lat'><strong>651.]</strong></span> 
     </span>
    </p>
   </div>
   <div class='ocr_carea' id='block_1_103' title="bbox 2034 4166 3629 4246">
    <p class='ocr_par' dir='ltr' id='par_1_103' title="bbox 2034 4166 3629 4246">
     <span class='ocr_line' id='line_1_104' title="bbox 2034 4166 3629 4246; baseline 0.005 -24"><span class='ocrx_word' id='word_1_595' title='bbox 2034 4166 2300 4232; x_wconf 88' lang='lat' dir='ltr'><strong>Quantas</strong></span> <span class='ocrx_word' id='word_1_596' title='bbox 2329 4185 2434 4241; x_wconf 91' lang='lat' dir='ltr'><strong>pro</strong></span> <span class='ocrx_word' id='word_1_597' title='bbox 2465 4169 2755 4226; x_wconf 84' lang='lat' dir='ltr'><strong>Gaul‘redo</strong></span> <span class='ocrx_word' id='word_1_598' title='bbox 2786 4171 3085 4244; x_wconf 89' lang='lat' dir='ltr'><strong>quondam</strong></span> <span class='ocrx_word' id='word_1_599' title='bbox 3112 4172 3386 4246; x_wconf 89' lang='lat' dir='ltr'><strong>episcopo</strong></span> <span class='ocrx_word' id='word_1_600' title='bbox 3415 4174 3629 4230; x_wconf 91' lang='lat' dir='ltr'><strong>Carno-</strong></span> 
     </span>
    </p>
   </div>
   <div class='ocr_carea' id='block_1_104' title="bbox 1963 4254 3627 4333">
    <p class='ocr_par' dir='ltr' id='par_1_104' title="bbox 1963 4254 3627 4333">
     <span class='ocr_line' id='line_1_105' title="bbox 1963 4254 3627 4333; baseline 0.004 -22"><span class='ocrx_word' id='word_1_601' title='bbox 1963 4256 2149 4312; x_wconf 87' lang='lat' dir='ltr'><strong>tensis</strong></span> <span class='ocrx_word' id='word_1_602' title='bbox 2180 4256 2448 4313; x_wconf 70' lang='lat' dir='ltr'><strong>Ecclesiae</strong></span> <span class='ocrx_word' id='word_1_603' title='bbox 2497 4258 2798 4315; x_wconf 88' lang='lat' dir='ltr'><strong>molestias</strong></span> <span class='ocrx_word' id='word_1_604' title='bbox 2848 4254 3222 4328; x_wconf 90' lang='lat' dir='ltr'><strong>sustinuerit,</strong></span> <span class='ocrx_word' id='word_1_605' title='bbox 3270 4266 3502 4333; x_wconf 69' lang='lat' dir='ltr'><strong>quantae</strong></span> <span class='ocrx_word' id='word_1_606' title='bbox 3556 4264 3627 4318; x_wconf 87' lang='lat' dir='ltr'><strong>ad</strong></span> 
     </span>
    </p>
   </div>
   <div class='ocr_carea' id='block_1_105' title="bbox 1964 4345 3628 4421">
    <p class='ocr_par' dir='ltr' id='par_1_105' title="bbox 1964 4345 3628 4421">
     <span class='ocr_line' id='line_1_106' title="bbox 1964 4345 3628 4421; baseline 0.004 -21"><span class='ocrx_word' id='word_1_607' title='bbox 1964 4345 2343 4417; x_wconf 87' lang='lat' dir='ltr'><strong>apostolicam</strong></span> <span class='ocrx_word' id='word_1_608' title='bbox 2377 4348 2577 4403; x_wconf 88' lang='lat' dir='ltr'><strong>sedem</strong></span> <span class='ocrx_word' id='word_1_609' title='bbox 2611 4348 2862 4419; x_wconf 70' lang='lat' dir='ltr'><strong>querelae</strong></span> <span class='ocrx_word' id='word_1_610' title='bbox 2901 4348 3134 4421; x_wconf 56' lang='lat' dir='ltr'><strong>perlata</strong></span> <span class='ocrx_word' id='word_1_611' title='bbox 3165 4351 3403 4417; x_wconf 79' lang='lat' dir='ltr'><strong>fuerint,</strong></span> <span class='ocrx_word' id='word_1_612' title='bbox 3436 4349 3628 4407; x_wconf 88' lang='lat' dir='ltr'><strong>delec-</strong></span> 
     </span>
    </p>
   </div>
   <div class='ocr_carea' id='block_1_106' title="bbox 1962 4433 3629 4509">
    <p class='ocr_par' dir='ltr' id='par_1_106' title="bbox 1962 4433 3629 4509">
     <span class='ocr_line' id='line_1_107' title="bbox 1962 4433 3629 4509; baseline 0.004 -21"><span class='ocrx_word' id='word_1_613' title='bbox 1962 4433 2141 4489; x_wconf 90' lang='lat' dir='ltr'><strong>tionis</strong></span> <span class='ocrx_word' id='word_1_614' title='bbox 2173 4438 2286 4489; x_wconf 72' lang='lat' dir='ltr'><strong>tuae</strong></span> <span class='ocrx_word' id='word_1_615' title='bbox 2317 4435 2641 4491; x_wconf 88' lang='lat' dir='ltr'><strong>strenuitas</strong></span> <span class='ocrx_word' id='word_1_616' title='bbox 2668 4437 3051 4509; x_wconf 87' lang='lat' dir='ltr'><strong>recognoscit.</strong></span> <span class='ocrx_word' id='word_1_617' title='bbox 3080 4438 3342 4494; x_wconf 84' lang='lat' dir='ltr'><strong>Tandem</strong></span> <span class='ocrx_word' id='word_1_618' title='bbox 3374 4439 3454 4494; x_wconf 91' lang='lat' dir='ltr'><strong>rei</strong></span> <span class='ocrx_word' id='word_1_619' title='bbox 3486 4440 3629 4494; x_wconf 90' lang='lat' dir='ltr'><strong>veri-</strong></span> 
     </span>
    </p>
   </div>
   <div class='ocr_carea' id='block_1_107' title="bbox 1961 4522 3624 4599">
    <p class='ocr_par' dir='ltr' id='par_1_107' title="bbox 1961 4522 3624 4599">
     <span class='ocr_line' id='line_1_108' title="bbox 1961 4522 3624 4599; baseline 0.004 -23"><span class='ocrx_word' id='word_1_620' title='bbox 1961 4524 2079 4577; x_wconf 90' lang='lat' dir='ltr'><strong>tate</strong></span> <span class='ocrx_word' id='word_1_621' title='bbox 2101 4522 2438 4594; x_wconf 85' lang='lat' dir='ltr'><strong>diligentius</strong></span> <span class='ocrx_word' id='word_1_622' title='bbox 2454 4524 3093 4599; x_wconf 87' lang='lat' dir='ltr'><strong>perquisita,largiente</strong></span> <span class='ocrx_word' id='word_1_623' title='bbox 3110 4525 3624 4598; x_wconf 68' lang='lat' dir='ltr'><strong>DominoJustitize</strong></span> 
     </span>
    </p>
   </div>
   <div class='ocr_carea' id='block_1_108' title="bbox 1883 4611 3623 4694">
    <p class='ocr_par' dir='ltr' id='par_1_108' title="bbox 1883 4611 3623 4694">
     <span class='ocr_line' id='line_1_109' title="bbox 1883 4611 3623 4694; baseline 0.003 -29"><span class='ocrx_word' id='word_1_624' title='bbox 1883 4630 1931 4694; x_wconf 72' lang='grc' dir='ltr'><strong>Ι)</strong></span> <span class='ocrx_word' id='word_1_625' title='bbox 1962 4611 2376 4679; x_wconf 75' lang='lat' dir='ltr'><strong>satisfacimus,</strong></span> <span class='ocrx_word' id='word_1_626' title='bbox 2410 4617 2467 4667; x_wconf 91' lang='lat' dir='ltr'><strong>et</strong></span> <span class='ocrx_word' id='word_1_627' title='bbox 2497 4612 2569 4667; x_wconf 91' lang='lat' dir='ltr'><strong>ab</strong></span> <span class='ocrx_word' id='word_1_628' title='bbox 2618 4612 2745 4685; x_wconf 91' lang='lat' dir='ltr'><strong>ipso</strong></span> <span class='ocrx_word' id='word_1_629' title='bbox 2794 4613 2853 4669; x_wconf 92' lang='lat' dir='ltr'><strong>in</strong></span> <span class='ocrx_word' id='word_1_630' title='bbox 2898 4614 3116 4671; x_wconf 89' lang='lat' dir='ltr'><strong>nostris</strong></span> <span class='ocrx_word' id='word_1_631' title='bbox 3164 4614 3438 4670; x_wconf 89' lang='lat' dir='ltr'><strong>manibus</strong></span> <span class='ocrx_word' id='word_1_632' title='bbox 3495 4615 3623 4671; x_wconf 91' lang='lat' dir='ltr'><strong>sine</strong></span> 
     </span>
    </p>
   </div>
   <div class='ocr_carea' id='block_1_109' title="bbox 1961 4699 3625 4775">
    <p class='ocr_par' dir='ltr' id='par_1_109' title="bbox 1961 4699 3625 4775">
     <span class='ocr_line' id='line_1_110' title="bbox 1961 4699 3625 4775; baseline 0.002 -21"><span class='ocrx_word' id='word_1_633' title='bbox 1961 4699 2277 4772; x_wconf 90' lang='lat' dir='ltr'><strong>cujuslibet</strong></span> <span class='ocrx_word' id='word_1_634' title='bbox 2305 4704 2503 4757; x_wconf 89' lang='lat' dir='ltr'><strong>tenore</strong></span> <span class='ocrx_word' id='word_1_635' title='bbox 2537 4701 2890 4758; x_wconf 87' lang='lat' dir='ltr'><strong>conditionis</strong></span> <span class='ocrx_word' id='word_1_636' title='bbox 2921 4703 3295 4775; x_wconf 88' lang='lat' dir='ltr'><strong>episcopatus</strong></span> <span class='ocrx_word' id='word_1_637' title='bbox 3331 4702 3625 4758; x_wconf 86' lang='lat' dir='ltr'><strong>refutatus</strong></span> 
     </span>
    </p>
   </div>
   <div class='ocr_carea' id='block_1_110' title="bbox 1958 4787 3621 4863">
    <p class='ocr_par' dir='ltr' id='par_1_110' title="bbox 1958 4787 3621 4863">
     <span class='ocr_line' id='line_1_111' title="bbox 1958 4787 3621 4863; baseline 0.002 -21"><span class='ocrx_word' id='word_1_638' title='bbox 1958 4793 2067 4843; x_wconf 88' lang='lat' dir='ltr'><strong>est.</strong></span> <span class='ocrx_word' id='word_1_639' title='bbox 2101 4787 2362 4844; x_wconf 87' lang='lat' dir='ltr'><strong>Tandem</strong></span> <span class='ocrx_word' id='word_1_640' title='bbox 2396 4789 2466 4845; x_wconf 91' lang='lat' dir='ltr'><strong>ad</strong></span> <span class='ocrx_word' id='word_1_641' title='bbox 2498 4794 2663 4846; x_wconf 86' lang='lat' dir='ltr'><strong>tuam</strong></span> <span class='ocrx_word' id='word_1_642' title='bbox 2694 4790 3117 4846; x_wconf 81' lang='lat' dir='ltr'><strong>fraternitatem</strong></span> <span class='ocrx_word' id='word_1_643' title='bbox 3151 4790 3371 4863; x_wconf 89' lang='lat' dir='ltr'><strong>scripta</strong></span> <span class='ocrx_word' id='word_1_644' title='bbox 3412 4788 3621 4846; x_wconf 82' lang='lat' dir='ltr'><strong>direxi-</strong></span> 
     </span>
    </p>
   </div>
   <div class='ocr_carea' id='block_1_111' title="bbox 1957 4877 3620 4949">
    <p class='ocr_par' dir='ltr' id='par_1_111' title="bbox 1957 4877 3620 4949">
     <span class='ocr_line' id='line_1_112' title="bbox 1957 4877 3620 4949; baseline 0.003 -20"><span class='ocrx_word' id='word_1_645' title='bbox 1957 4892 2113 4943; x_wconf 89' lang='lat' dir='ltr'><strong>mus,</strong></span> <span class='ocrx_word' id='word_1_646' title='bbox 2149 4877 2230 4932; x_wconf 90' lang='lat' dir='ltr'><strong>rei</strong></span> <span class='ocrx_word' id='word_1_647' title='bbox 2262 4881 2439 4949; x_wconf 69' lang='lat' dir='ltr'><strong>gestaa</strong></span> <span class='ocrx_word' id='word_1_648' title='bbox 2500 4878 2765 4933; x_wconf 87' lang='lat' dir='ltr'><strong>ordinem</strong></span> <span class='ocrx_word' id='word_1_649' title='bbox 2817 4878 3167 4947; x_wconf 89' lang='lat' dir='ltr'><strong>indicantes,</strong></span> <span class='ocrx_word' id='word_1_650' title='bbox 3230 4883 3289 4934; x_wconf 86' lang='lat' dir='ltr'><strong>et</strong></span> <span class='ocrx_word' id='word_1_651' title='bbox 3337 4882 3402 4934; x_wconf 89' lang='lat' dir='ltr'><strong>ut</strong></span> <span class='ocrx_word' id='word_1_652' title='bbox 3448 4883 3620 4935; x_wconf 89' lang='lat' dir='ltr'><strong>tuum</strong></span> 
     </span>
    </p>
   </div>
   <div class='ocr_carea' id='block_1_112' title="bbox 1958 4964 3625 5040">
    <p class='ocr_par' dir='ltr' id='par_1_112' title="bbox 1958 4964 3625 5040">
     <span class='ocr_line' id='line_1_113' title="bbox 1958 4964 3625 5040; baseline 0.003 -21"><span class='ocrx_word' id='word_1_653' title='bbox 1958 4964 2419 5022; x_wconf 81' lang='lat' dir='ltr'><strong>Carnotensibus</strong></span> <span class='ocrx_word' id='word_1_654' title='bbox 2451 4966 2522 5022; x_wconf 91' lang='lat' dir='ltr'><strong>ad</strong></span> <span class='ocrx_word' id='word_1_655' title='bbox 2555 4965 2890 5040; x_wconf 89' lang='lat' dir='ltr'><strong>eligendum</strong></span> <span class='ocrx_word' id='word_1_656' title='bbox 2922 4972 2977 5023; x_wconf 91' lang='lat' dir='ltr'><strong>et</strong></span> <span class='ocrx_word' id='word_1_657' title='bbox 2994 4968 3460 5024; x_wconf 87' lang='lat' dir='ltr'><strong>consecrandum</strong></span> <span class='ocrx_word' id='word_1_658' title='bbox 3476 4969 3625 5024; x_wconf 87' lang='lat' dir='ltr'><strong>anti-</strong></span> 
     </span>
    </p>
   </div>
   <div class='ocr_carea' id='block_1_113' title="bbox 1958 5052 3622 5130">
    <p class='ocr_par' dir='ltr' id='par_1_113' title="bbox 1958 5052 3622 5130">
     <span class='ocr_line' id='line_1_114' title="bbox 1958 5052 3622 5130; baseline 0.003 -22"><span class='ocrx_word' id='word_1_659' title='bbox 1958 5053 2154 5110; x_wconf 88' lang='lat' dir='ltr'><strong>stitem</strong></span> <span class='ocrx_word' id='word_1_660' title='bbox 2195 5052 2481 5110; x_wconf 83' lang='lat' dir='ltr'><strong>auxilium</strong></span> <span class='ocrx_word' id='word_1_661' title='bbox 2538 5055 2938 5113; x_wconf 90' lang='lat' dir='ltr'><strong>contribueres</strong></span> <span class='ocrx_word' id='word_1_662' title='bbox 2991 5056 3345 5130; x_wconf 83' lang='lat' dir='ltr'><strong>ﬂagitantes.</strong></span> <span class='ocrx_word' id='word_1_663' title='bbox 3406 5054 3622 5115; x_wconf 81' lang='lat' dir='ltr'><strong>Nostra</strong></span> 
     </span>
    </p>
   </div>
   <div class='ocr_carea' id='block_1_114' title="bbox 1956 5143 3614 5215">
    <p class='ocr_par' dir='ltr' id='par_1_114' title="bbox 1956 5143 3614 5215">
     <span class='ocr_line' id='line_1_115' title="bbox 1956 5143 3614 5215; baseline 0.001 -17"><span class='ocrx_word' id='word_1_664' title='bbox 1956 5143 2155 5215; x_wconf 86' lang='lat' dir='ltr'><strong>itaque</strong></span> <span class='ocrx_word' id='word_1_665' title='bbox 2185 5143 2316 5199; x_wconf 86' lang='lat' dir='ltr'><strong>fulti</strong></span> <span class='ocrx_word' id='word_1_666' title='bbox 2346 5143 2579 5200; x_wconf 89' lang='lat' dir='ltr'><strong>licentia</strong></span> <span class='ocrx_word' id='word_1_667' title='bbox 2608 5147 2989 5202; x_wconf 88' lang='lat' dir='ltr'><strong>Carnotenses</strong></span> <span class='ocrx_word' id='word_1_668' title='bbox 3011 5146 3403 5202; x_wconf 89' lang='lat' dir='ltr'><strong>venerabilem</strong></span> <span class='ocrx_word' id='word_1_669' title='bbox 3423 5145 3614 5202; x_wconf 90' lang='lat' dir='ltr'><strong>virum</strong></span> 
     </span>
    </p>
   </div>
   <div class='ocr_carea' id='block_1_115' title="bbox 1955 5232 3614 5307">
    <p class='ocr_par' dir='ltr' id='par_1_115' title="bbox 1955 5232 3614 5307">
     <span class='ocr_line' id='line_1_116' title="bbox 1955 5232 3614 5307; baseline 0.002 -21"><span class='ocrx_word' id='word_1_670' title='bbox 1955 5232 2361 5305; x_wconf 83' lang='lat' dir='ltr'><strong>presbyterum</strong></span> <span class='ocrx_word' id='word_1_671' title='bbox 2394 5232 2622 5289; x_wconf 92' lang='lat' dir='ltr'><strong>Ivonem</strong></span> <span class='ocrx_word' id='word_1_672' title='bbox 2659 5232 2938 5291; x_wconf 90' lang='lat' dir='ltr'><strong>canonico</strong></span> <span class='ocrx_word' id='word_1_673' title='bbox 2962 5234 3167 5291; x_wconf 91' lang='lat' dir='ltr'><strong>ordine</strong></span> <span class='ocrx_word' id='word_1_674' title='bbox 3187 5233 3246 5291; x_wconf 90' lang='lat' dir='ltr'><strong>in</strong></span> <span class='ocrx_word' id='word_1_675' title='bbox 3272 5234 3614 5307; x_wconf 90' lang='lat' dir='ltr'><strong>episcopum</strong></span> 
     </span>
    </p>
   </div>
   <div class='ocr_carea' id='block_1_116' title="bbox 1953 5320 3611 5420">
    <p class='ocr_par' dir='ltr' id='par_1_116' title="bbox 1953 5320 3611 5420">
     <span class='ocr_line' id='line_1_117' title="bbox 1953 5320 3611 5420; baseline 0 -44"><span class='ocrx_word' id='word_1_676' title='bbox 1953 5320 2272 5394; x_wconf 90' lang='lat' dir='ltr'><strong>elegerunt.</strong></span> <span class='ocrx_word' id='word_1_677' title='bbox 2307 5321 2451 5377; x_wconf 90' lang='lat' dir='ltr'><strong>Cum</strong></span> <span class='ocrx_word' id='word_1_678' title='bbox 2483 5326 2680 5378; x_wconf 90' lang='lat' dir='ltr'><strong>autem</strong></span> <span class='ocrx_word' id='word_1_679' title='bbox 2711 5339 2745 5377; x_wconf 90' lang='lat' dir='ltr'><strong>a</strong></span> <span class='ocrx_word' id='word_1_680' title='bbox 2771 5326 2830 5378; x_wconf 90' lang='lat' dir='ltr'><strong>te</strong></span> <span class='ocrx_word' id='word_1_681' title='bbox 2858 5324 3315 5381; x_wconf 88' lang='lat' dir='ltr'><strong>consecrationis</strong></span> <span class='ocrx_word' id='word_1_682' title='bbox 3360 5321 3611 5420; x_wconf 76' lang='lat' dir='ltr'><strong>gratiam</strong></span> 
     </span>
    </p>
   </div>
   <div class='ocr_carea' id='block_1_117' title="bbox 1952 5408 3613 5484">
    <p class='ocr_par' dir='ltr' id='par_1_117' title="bbox 1952 5408 3613 5484">
     <span class='ocr_line' id='line_1_118' title="bbox 1952 5408 3613 5484; baseline -0.001 -19"><span class='ocrx_word' id='word_1_683' title='bbox 1952 5427 2057 5484; x_wconf 91' lang='lat' dir='ltr'><strong>pro</strong></span> <span class='ocrx_word' id='word_1_684' title='bbox 2088 5426 2249 5466; x_wconf 88' lang='lat' dir='ltr'><strong>more</strong></span> <span class='ocrx_word' id='word_1_685' title='bbox 2288 5408 2555 5467; x_wconf 67' lang='lat' dir='ltr'><strong>Ecclesia:</strong></span> <span class='ocrx_word' id='word_1_686' title='bbox 2613 5411 2978 5484; x_wconf 89' lang='lat' dir='ltr'><strong>petivissent,</strong></span> <span class='ocrx_word' id='word_1_687' title='bbox 3007 5418 3110 5469; x_wconf 89' lang='lat' dir='ltr'><strong>tua</strong></span> <span class='ocrx_word' id='word_1_688' title='bbox 3166 5410 3502 5469; x_wconf 84' lang='lat' dir='ltr'><strong>fraternitas</strong></span> <span class='ocrx_word' id='word_1_689' title='bbox 3560 5408 3613 5465; x_wconf 91' lang='lat' dir='ltr'><strong>ei</strong></span> 
     </span>
    </p>
   </div>
   <div class='ocr_carea' id='block_1_118' title="bbox 1954 5498 3615 5574">
    <p class='ocr_par' dir='ltr' id='par_1_118' title="bbox 1954 5498 3615 5574">
     <span class='ocr_line' id='line_1_119' title="bbox 1954 5498 3615 5574; baseline -0.001 -19"><span class='ocrx_word' id='word_1_690' title='bbox 1954 5516 2197 5555; x_wconf 89' lang='lat' dir='ltr'><strong>manum</strong></span> <span class='ocrx_word' id='word_1_691' title='bbox 2236 5499 2535 5573; x_wconf 87' lang='lat' dir='ltr'><strong>imponere</strong></span> <span class='ocrx_word' id='word_1_692' title='bbox 2565 5499 2872 5559; x_wconf 81' lang='lat' dir='ltr'><strong>recusavit.</strong></span> <span class='ocrx_word' id='word_1_693' title='bbox 2899 5503 2984 5557; x_wconf 87' lang='lat' dir='ltr'><strong>Ad</strong></span> <span class='ocrx_word' id='word_1_694' title='bbox 3002 5517 3109 5556; x_wconf 90' lang='lat' dir='ltr'><strong>nos</strong></span> <span class='ocrx_word' id='word_1_695' title='bbox 3138 5500 3319 5574; x_wconf 86' lang='lat' dir='ltr'><strong>igitur</strong></span> <span class='ocrx_word' id='word_1_696' title='bbox 3347 5498 3493 5570; x_wconf 90' lang='lat' dir='ltr'><strong>ipsis</strong></span> <span class='ocrx_word' id='word_1_697' title='bbox 3514 5512 3615 5554; x_wconf 87' lang='lat' dir='ltr'><strong>ve-</strong></span> 
     </span>
    </p>
   </div>
   <div class='ocr_carea' id='block_1_119' title="bbox 1951 5585 3604 5662">
    <p class='ocr_par' dir='ltr' id='par_1_119' title="bbox 1951 5585 3604 5662">
     <span class='ocr_line' id='line_1_120' title="bbox 1951 5585 3604 5662; baseline -0.001 -20"><span class='ocrx_word' id='word_1_698' title='bbox 1951 5587 2269 5655; x_wconf 88' lang='lat' dir='ltr'><strong>nientibus,</strong></span> <span class='ocrx_word' id='word_1_699' title='bbox 2301 5593 2357 5644; x_wconf 89' lang='lat' dir='ltr'><strong>et</strong></span> <span class='ocrx_word' id='word_1_700' title='bbox 2413 5587 2869 5645; x_wconf 84' lang='lat' dir='ltr'><strong>consecrationis</strong></span> <span class='ocrx_word' id='word_1_701' title='bbox 2926 5586 3460 5662; x_wconf 70' lang='lat' dir='ltr'><strong>ejusdemfgratiam</strong></span> <span class='ocrx_word' id='word_1_702' title='bbox 3504 5585 3604 5642; x_wconf 89' lang='lat' dir='ltr'><strong>de-</strong></span> 
     </span>
    </p>
   </div>
   <div class='ocr_carea' id='block_1_120' title="bbox 1949 5674 3605 5759">
    <p class='ocr_par' dir='ltr' id='par_1_120' title="bbox 1949 5674 3605 5759">
     <span class='ocr_line' id='line_1_121' title="bbox 1949 5674 3605 5759; baseline 0.001 -23"><span class='ocrx_word' id='word_1_703' title='bbox 1949 5677 2349 5757; x_wconf 86' lang='lat' dir='ltr'><strong>poscentibus,</strong></span> <span class='ocrx_word' id='word_1_704' title='bbox 2381 5693 2489 5736; x_wconf 89' lang='lat' dir='ltr'><strong>nos</strong></span> <span class='ocrx_word' id='word_1_705' title='bbox 2522 5677 2622 5754; x_wconf 87' lang='lat' dir='ltr'><strong>qui</strong></span> <span class='ocrx_word' id='word_1_706' title='bbox 2653 5676 2761 5736; x_wconf 87' lang='lat' dir='ltr'><strong>viri</strong></span> <span class='ocrx_word' id='word_1_707' title='bbox 2808 5678 3151 5759; x_wconf 82' lang='lat' dir='ltr'><strong>religionem</strong></span> <span class='ocrx_word' id='word_1_708' title='bbox 3192 5677 3320 5755; x_wconf 81' lang='lat' dir='ltr'><strong>jam</strong></span> <span class='ocrx_word' id='word_1_709' title='bbox 3379 5674 3605 5738; x_wconf 78' lang='lat' dir='ltr'><strong>dudum</strong></span> 
     </span>
    </p>
   </div>
  </div>
