3950 6218
384 337 502 400 327
1687 317 1758 381 Β.
1805 314 2029 380 URBAl

2176 312 2197 371 Ι
2249 312 2342 371 PA
2353 309 2496 370 WE.
3673 297 3782 361 328

384 464 820 536 noveramusget
847 458 1020 532 cujus
1051 455 1310 531 eligendi
1339 452 1637 510 licentiam
1669 451 2039 515 dederamus,
2073 447 2125 514 Α

385 552 657 634 petitioni
709 551 882 630 iusta
925 547 1128 604 deesse
1185 541 1575 617 nequivimus.
1631 543 2044 596 Consecratum

387 625 574 720 igitur
603 625 740 700 cum
772 637 934 704 salva
960 642 1072 692 tua
1104 633 1372 692 Ecclesia
1405 629 1733 688 obedientia
1754 625 2044 684 remitten-

387 715 504 803 tes,
562 727 896 788 dilectionis
953 731 1066 782 tua
1129 723 1498 780 dulcedinem
1549 717 1938 794 postulamus,
1971 715 2048 803 Aut

387 801 553 882 omni
580 819 704 876 litis
732 817 934 874 fomite
965 814 1292 886 consepito,
1313 809 1673 883 benignitate
1688 821 1823 862 eum
1852 801 2050 860 debita

391 906 825 986 complecteris,
885 908 942 960 et
997 902 1070 959 ad
1128 899 1392 956 Ecclesia
1447 897 1708 971 regimen
1763 891 2046 950 auxilium

391 982 564 1078 tuum
585 997 637 1056 ei
665 993 954 1075 largiaris.
1013 991 1190 1078 Porro
1223 987 1601 1054 Gaufredum,
1637 983 1687 1040 si
1745 982 2047 1057 episcopa-

391 1095 520 1148 tum
550 1068 842 1150 invadere,
899 1084 1002 1137 aut
1026 1076 1346 1136 Ecclesiam
1395 1075 1672 1143 infestare
1719 1068 2046 1142 tentaverit,

390 1178 586 1254 ipsum
622 1173 928 1250 ipsiusque
957 1169 1213 1225 fautores
1245 1162 1604 1224 anathemati
1627 1161 1931 1233 subjacere
1949 1158 2048 1214 de-

2721 435 2950 494 CAPUT
2990 433 3234 492 XLVIII.

2265 534 2510 590 Urbanus
2539 531 2589 586 II
2636 527 2994 602 permotionis
3025 524 3080 580 S.
3115 523 3302 602 (Erucis
3331 521 3686 578 Pictaviensis

2625 595 2988 674 possessione:
3015 595 3322 665 conﬁrmat.

2775 705 2962 776 (Anno
2996 700 3179 771 1091.)

2333 798 2622 868 [ΜΑΒιιιη
2656 793 2856 851 Annal.
2887 791 3006 848 0rd.
3040 791 3094 846 S.
3127 788 3325 850 Bened.
3359 786 3427 856 V,
3458 785 3606 857 282.]

2225 903 2572 962 Pictaviensi
2605 903 2831 958 Sancta
2886 898 3087 956 Crucis
3139 893 3509 956 nobilissimo
3563 892 3779 966 parthe-

2157 995 2295 1052 noni
2325 997 2458 1067 post
2477 989 2849 1049 Petronillam
2899 986 3259 1046 abbatissam
3291 982 3525 1056 prafuit
3553 981 3779 1048 Adclais,

2160 1101 2290 1158 qua
2319 1083 2393 1140 ab
2441 1081 2674 1138 Urbano
2728 1079 2780 1135 ΙΙ
2811 1077 2968 1134 sedis
3018 1072 3354 1148 apostolica
3407 1069 3708 1128 tuitionem
3733 1074 3782 1129 et

2157 1171 2659 1233 conﬁrmationem
2692 1165 3132 1240 possessionum
3161 1161 3438 1228 obtinuit,
3488 1158 3782 1232 diplomate

393 1264 702 1358 οῐὶεξνὶωιιξ-
991 1345 1026 1358 Α
1165 1348 1210 1358 ﬂ
1253 1341 1267 1358 ‘
1370 1343 1384 1358 ἱ
1491 1341 1533 1358 ᾗ
1707 1339 1733 1358 L
1781 1337 1793 1350 .
2157 1265 2292 1322 dato
2321 1257 2631 1318 Beneventi
2660 1274 2764 1330 per
2783 1271 3025 1314 manum
3053 1251 3300 1310 Joannis
3320 1251 3378 1306 S.
3405 1249 3472 1304 Β.
3493 1249 3556 1307 Ε.
3575 1247 3781 1305 diaconi

462 1357 610 1413 Data
637 1352 846 1430 Capua
877 1345 1130 1422 septimo
1165 1341 1460 1400 Kalendas
1491 1337 1849 1398 Decembris.

2176 1348 2496 1415 :ardinalis,
2519 1365 2575 1404 ιν
2605 1345 2730 1402 Kal.
2755 1343 2992 1417 Aprilis,
3025 1357 3178 1398 anno
3205 1337 3522 1398 Dominica
3543 1341 3784 1397 lacerna-

1125 1432 1319 1490 XLVI.

2176 1439 2340 1498 .ionis
2362 1439 2494 1495 4094
2510 1481 2524 1507 ,
2558 1435 2932 1509 pontificatus
2962 1429 3180 1489 Urbani
3199 1445 3354 1486 anno
3385 1445 3463 1486 ιγ.
3489 1427 3607 1484 Sub
3629 1427 3781 1484 [inem

397 1533 603 1594 Urbani
627 1531 680 1588 11
705 1525 936 1602 epistola
966 1525 1037 1582 ad
1098 1523 1467 1579 Altmannum
1525 1517 1906 1573 Pataviensem
1934 1515 2029 1587 epit

2176 1527 2499 1601 liplomatis
2521 1525 2883 1583 abbatissam
2907 1525 2966 1578 et
2985 1535 3214 1576 sorores
3233 1519 3570 1576 commouet
3585 1519 3650 1574 ut
3666 1530 3782 1587 apo-

1095 1609 1387 1684 δεθρῳῗζ-
1427 1661 1564 1684 mm
1593 1661 1607 1684 χ
2159 1617 2376 1674 stolica
2409 1615 2566 1672 sedis
2613 1611 2958 1684 benignitati
3007 1608 3225 1668 sanctis
3279 1605 3513 1662 actibus
3565 1619 3781 1676 respon—

843 1668 1096 1740 (Fragm.
1130 1661 1196 1707 —'
1227 1667 1392 1720 Anno
1425 1661 1609 1730 1090.)

471 1765 616 1832 [Vita
642 1759 930 1816 Altmanni
947 1774 1039 1829 ap.
1073 1755 1358 1824 BOLLAND,
1383 1755 1428 1808 t.
1463 1750 1532 1819 ΙΙ,
1566 1755 1715 1821 Aug.
1739 1764 1795 1820 p.
1833 1747 1976 1814 4711.]

468 1851 748 1909 Danaus
777 1847 1115 1920 episcopus,
1161 1857 1363 1900 servus
1393 1853 1694 1896 servorum
1731 1835 1856 1905 Dei,
1914 1835 1984 1891 ch

398 1940 636 2000 rissimo
666 1935 829 1993 fratri
857 1936 1198 1998 Amumao,
1219 1930 1491 2004 episcopo
1521 1925 1868 1994 Pataviensi,
1891 1923 2050 1981 salu-

394 2036 516 2088 tem
535 2032 606 2086 iet
625 2021 1006 2100 apostolicam
1033 2019 1517 2079 benedictionem.

462 2115 882 2174 Btrenuitatem
912 2116 1075 2168 tuam
1104 2109 1166 2165 in
1199 2107 1301 2164 Dei
1360 2107 1536 2162 rebus
1564 2108 1623 2160 et
1668 2101 1934 2159 Ecclesia
1966 2100 2050 2156 la-

397 2207 646 2265 boribus
671 2204 998 2266 audientes,
1032 2199 1089 2254 in
1141 2195 1388 2254 Domino
1417 2194 1745 2268 gaudemus
1771 2210 1784 2261 ;
1813 2195 1870 2248 et
1921 2190 2051 2246 ideo

402 2309 610 2372 preces
637 2295 864 2350 vestras
885 2291 944 2345 in
975 2288 1071 2344 his
1099 2289 1460 2360 qua-contra
1483 2297 1703 2339 morem
1727 2284 1938 2337 nostra
1967 2277 2052 2333 vi-

403 2380 932 2444 dentur'Ecclesia,
958 2375 1312 2442 audivimus,
1337 2380 1444 2430 etc.

1113 2463 1326 2520 XLVII.

404 2563 610 2622 Urbani
637 2562 688 2618 il
707 2557 936 2632 spatiata
962 2555 1034 2611 ad
1069 2553 1376 2632 temonem
1402 2558 1458 2608 et
1487 2549 1780 2632 Rodulflum
1807 2546 2050 2632 «Iobates,

461 2619 942 2690 'et’Adalbéronem
991 2625 1394 2699 primiceriam,
1427 2652 1499 2699 —_-
1541 2619 1852 2699 _Conﬁrmat
1907 2619 2052 2673 elec-

449 2709 674 2764 tionem
699 2701 948 2761 letensis
975 2694 1212 2770 épiswpi
1241 2695 1307 2752 ab
1335 2695 1416 2749 eis
1443 2694 1668 2764 facturn.

643 2815 646 2818 ~
1010 2787 1198 2855 (Anno
1230 2783 1438 2906 400910ζ

833 2859 1068 2906 ΓΜΑκει-
1104 2854 1306 2906 Conari.
1341 2855 1408 2906 Χ,

833 2852 1068 2930 [Massa
1104 2854 1306 2910 Concil.
1341 2852 1460 2921 ΧΧ,
1481 2852 1632 2920 705.]

477 2952 761 3010 Uananus
791 2947 1120 3020 episcopus,
1153 2959 1357 3000 servus
1378 2955 1678 2999 servorum
1702 2935 2056 3004 Dei,dilectis

407 3044 470 3100 in
500 3039 700 3124 (ἰδίειῐο
726 3036 864 3092 filiis
894 3035 1164 3100 Lauzom,
1203 3031 1469 3086 Ronunro
1513 3025 1851 3092 abbatibus,
1877 3027 2058 3081 Anax.-

405 3113 627 3190 Bsaom'
645 3124 998 3202 primicerio,
1031 3119 1478 3187 archidiaconis,
1511 3123 1567 3174 et
1614 3116 1773 3184 omni
1806 3113 2054 3170 catholi-

404 3237 472 3276 co
503 3179 1082 3275 MetehsisﬂEcclesia
1139 3209 1293 3266 clero
1347 3225 1412 3263 ac
1449 3179 1663 3284 pepqu
1715 3180 1965 3260 salutem
1995 3207 2054 3258 et
2087 3179 2130 3247 (ἶ

406 3303 784 3381 apostolicam
815 3297 1304 3361 benedictionem.

476 3393 836 3460 Gaudemus,
867 3389 972 3445 ﬁlii
1005 3389 1064 3444 in
1095 3386 1330 3443 Christo
1363 3382 1724 3448 charissimi,
1758 3381 1897 3454 quia
1953 3396 2056 3435 vos

405 3483 676 3560 gaudetis
705 3481 765 3537 in
796 3479 1043 3560 Domino
1071 3475 1210 3550 quia
1237 3473 1536 3531 catholica
1562 3473 1695 3528 fidei
1728 3471 2057 3542 lucernam,

404 3556 534 3651 qua
566 3572 626 3628 in
655 3556 1010 3627 Herimanno
1041 3569 1254 3623 sancta
1283 3563 1580 3620 memoria
1601 3559 1926 3634 permansit
1943 3557 2061 3630 epi-

405 3647 601 3736 scopo,
653 3659 905 3717 necdum
957 3655 1243 3720 exctincta
1272 3656 1394 3720 est;
1455 3651 1597 3724 quia
1643 3647 2058 3722 pradecessori

405 3751 558 3816 bono
605 3761 1006 3806 successorem
1037 3739 1400 3816 probabilem
1447 3737 1802 3812 providistis.
1834 3738 1906 3796 Et
1953 3753 2059 3792 nos

407 3839 588 3912 igitur
613 3835 783 3892 bonis
809 3833 958 3889 votis
985 3830 1195 3888 vestris
1225 3830 1404 3885 robur
1431 3832 1778 3900 praestantes
1806 3825 2058 3890 auctori-

407 3924 546 3981 tatis
575 3919 905 3996 apostolica
927 3917 1314 3982 devotionem,
1348 3920 1406 3972 et
1433 3915 1776 3971 electionem
1803 3919 2057 3972 vestram

409 4011 622 4068 litteris
653 4007 1050 4082 prasentibus
1081 4004 1494 4081 approhamus.
1555 4002 1778 4059 Vestris
1829 4020 2060 4077 quoque

400 4095 904 4181 postulationibus
935 4109 1244 4154 assensum
1273 4091 1650 4160 conferimus,
1671 4095 1736 4146 ut
1759 4092 1933 4148 vestri
1965 4093 2060 4149 in-

411 4187 580 4244 tersit
599 4185 852 4253 arbitrii,
883 4201 918 4241 a
965 4182 1182 4257 quibus
1212 4180 1587 4256 potissimum
1617 4179 1930 4238 catholicis
1960 4183 2059 4238 de-

410 4276 544 4335 beat
589 4273 878 4353 episGOpis
909 4271 1257 4354 consecrari.
1296 4269 1438 4326 Illud
1497 4287 1638 4326 sane
1668 4269 1828 4326 omni
1886 4274 2060 4328 modo

411 4363 827 4438 requirendum
871 4368 963 4422 est
1023 4367 1220 4418 utrum
1269 4377 1373 4433 per
1401 4376 1644 4416 manum
1701 4359 2061 4417 Trevirensis

408 4454 570 4512 illius
601 4453 741 4512 dicti
763 4451 1106 4526 archiepisc.
1133 4448 1462 4506 Simoniace
1484 4447 1655 4504 fuerit
1677 4447 1736 4502 in
1757 4448 2059 4506 diaconem

2159 1703 2648 1778 deant,regularis
2661 1700 2804 1759 disci
2812 1699 2982 1774 plina
2997 1695 3472 1754 institutionibus
3489 1691 3781 1752 studiosius

1988 1850 2052 1891 α,
2081 1815 2130 1880 Β
2159 1797 2574 1868 dentOperam,
2602 1797 2660 1848 et
2685 1791 2756 1848 ad
2790 1794 3064 1846 aternam
3096 1785 3345 1859 gloriam
3379 1782 3518 1842 totis
3564 1779 3778 1848 viribus,

2159 1867 2451 1944 anhelent.
2486 1881 2698 1938 Eodem
2725 1877 3044 1951 diplomate
3077 1873 3282 1934 statuit
3301 1871 3579 1946 pontifex,
3605 1874 3666 1926 ut
3682 1867 3781 1926 col-

2155 1975 2370 2047 legiata
2427 1972 2486 2028 Β.
2549 1967 2924 2041 Radegundis
3001 1962 3250 2023 ecclesia
3305 1962 3535 2020 Sancta
3605 1957 3780 2047 Grecis

2159 2045 2426 2136 regimini
2461 2061 2518 2116 in
2548 2061 2915 2131 perpetuum,
2945 2054 3028 2112 uti
3053 2057 3242 2120 antea,
3275 2050 3596 2122 subjaceat.
3641 2045 3781 2112 Quod

2151 2133 2278 2223 jam
2328 2148 2490 2222 prius
2521 2145 2868 2204 deﬁnierant
2899 2145 3140 2200 Amatae
3177 2137 3509 2202 .Ellorensis
3537 2141 3594 2196 et
3640 2133 3782 2223 Hugo

2159 2221 2392 2297 Diensis
2424 2235 2704 2310 episcopi,
2738 2231 3068 2306 apostolicae
3097 2228 3258 2286 sedis
3284 2225 3552 2300 legati,in
3567 2221 3784 2284 concilio

2160 2325 2551 2394 Santonensi;
2587 2325 2860 2394 idemque
2914 2317 3229 2392 Gregorius
3283 2315 3392 2371 VII
3423 2313 3635 2372 litteris
3673 2310 3783 2372 suis

2161 2418 2622 2480 contirmaverat,
2653 2409 2885 2484 Hugoni
2917 2412 2973 2464 et
3017 2405 3238 2463 caeteris
3269 2403 3502 2461 clericis
3543 2399 3784 2473 ejusdem

2161 2505 2416 2564 ecclesia
2450 2499 2766 2574 inscriptis.

2757 2612 2984 2670 CAPUT
3022 2611 3218 2667 XLIX.

2169 2711 2374 2769 Urbani
2429 2709 2481 2764 11
2543 2706 2773 2779 epistola
2831 2703 2903 2758 ad
2958 2699 3347 2779 Romualdum”
3367 2696 3790 2779 “Monopolitame

2233 2763 2492 2838 Eccieaia
2527 2763 2856 2850 episwpum.
2912 2803 3011 2850 ——__
3037 2774 3128 2827 Ex.
3174 2770 3402 2850 concilii
3449 2763 3792 2850 Benesqucni

2234 2835 2503 2908 sententia
2547 2835 3429 2921 épiscdpatzgmjlonopolitanum
3457 2855 3582 2921 ἠυνξ

2234 2905 2336 3050 iis
2358 2905 2737 3050 ξναηάὰδίηᾶέ
2759 2917 2852 2976 sed
2909 2905 3168 2973 Romana:
3208 2913 3324 2969 sedi
3381 2911 3671 2982 subiectum
3711 2905 3788 2963 de-

2236 3013 2264 3050 c
2287 3011 2389 3050 ara
2417 3036 2429 3050 .

2236 3001 2429 3050 claret.

2792 3079 2981 3150 (Anno
3015 3074 3142 3130 1094
3159 3076 3198 3146 .)

2593 3169 2824 3240 [ΜΑΝει,
2859 3165 3064 3221 Concil.
3094 3162 3209 3231 XX,
3238 3161 3391 3232 739.]

2235 3287 2514 3345 Uasauus
2544 3285 2875 3359 episcopus,
2901 3297 3104 3338 servus
3133 3294 3435 3336 servorum
3467 3275 3584 3344 Dei,
3605 3272 3788 3332 dilecto

2167 3377 2333 3434 fratri
2365 3376 2709 3444 BOMUALDO,
2742 3368 3187 3444 Monopolitana
3215 3365 3486 3426 Ecclesia
3521 3363 3786 3438 episcopo,

2167 3467 2412 3538 suisque
2441 3461 2881 3520 successoribus
2937 3457 3213 3516 canonice
3269 3451 3691 3514 substituendis
3739 3449 3788 3506 in

2167 3557 2541 3630 perpetuum.

2229 3627 2547 3702 Sacrorum
2569 3655 2862 3698 canonum
2892 3641 2950 3695 et
2977 3638 3348 3694 decretorum
3394 3627 3790 3707 pontiﬁcalia!!!

2167 3733 2432 3807 deposcit
2461 3727 2775 3788 auctoritas
2805 3733 2872 3784 ut
2899 3727 3154 3800 majores
3185 3721 3577 3792 Ecclesiarum
3623 3730 3790 3780 causa

2167 3805 2498 3896 apostolica
2522 3818 2681 3876 sedis
2705 3817 2930 3890 judicio
2953 3814 3365 3880 terminentur,
3415 3809 3510 3868 cui
3535 3825 3638 3866 nos
3677 3805 3792 3861 licet

2165 3910 2392 3984 indigni
2440 3908 2648 3966 divina
2702 3904 3103 3978 dispositionis
3153 3899 3395 3960 arbitrio
3443 3896 3790 3984 prasidentes

2166 3980 2430 4059 eamdem
2449 3996 2903 4056 sollicitudinem
2939 3992 3223 4052 universis
3253 4007 3356 4064 per
3389 3989 3593 4047 orbem
3620 3980 3790 4040 Eccle-

2165 4090 2474 4163 siis,prout
2486 4086 2658 4158 nobis
2669 4083 3067 4158 apostolorum
3079 4097 3328 4138 suorum
3339 4079 3542 4136 divina
3555 4069 3790 4147 dignatio

2167 4162 2494 4252 maiestatis
2523 4176 2674 4232 scire
2716 4179 2774 4230 et
2827 4188 3002 4246 posse
3034 4169 3344 4244 impendit,
3391 4162 3780 4252 impendimus.

2166 4245 2312 4326 Cum
2342 4282 2480 4340 ergo
2508 4245 2839 4338 praestante
2865 4260 3110 4318 Domino
3166 4253 3587 4315 incarnationis
3614 4245 3788 4308 Domi-

2168 4358 2310 4414 nica
2343 4372 2496 4413 anno
2529 4352 2656 4422 1091
2697 4349 2976 4424 synodale
2991 4347 3304 4406 concilium
3327 4347 3387 4402 in
3406 4343 3783 4412 Beneventi!!!a

2130 4475 2135 4480 θ
2166 4450 2323 4504 esset
2349 4442 2607 4500 Ecclesia
2635 4442 2746 4497 sub
2777 4443 2978 4496 nostra
3029 4435 3342 4510 prasentia
3368 4431 3782 4506 congregatum.

409 4545 734 4612 ordinatus.
769 4519 1065 4616 Quidquid
1093 4540 1250 4601 enim
1281 4538 1352 4595 ab
1399 4555 1466 4594 eo
1495 4537 1964 4594 extraordinaria
1983 4538 2071 4594 in-
2100 4544 2148 4610 Β
2177 4540 2236 4592 et
2261 4535 2544 4605 adversus
2576 4529 2995 4589 fraternitatem
3026 4531 3189 4582 tuam
3245 4519 3788 4616 Brundusinus,“seu

409 4635 701 4714 digneque
732 4599 1012 4704 suscepit,
1045 4646 1152 4686 nos
1172 4599 1366 4686 sancti
1399 4626 1654 4714 Spiritus
1676 4625 1903 4698 judicio
1931 4627 2070 4684 irri-
2100 4599 2144 4610 ν
2178 4601 2454 4681 Oritanus
2501 4622 2956 4692 conquereretur
3011 4615 3342 4688 episcopus,
3401 4616 3461 4668 et
3489 4614 3598 4678 tua
3651 4599 3787 4697 illius

414 4687 697 4714 “'p"'.2'*‘
903 4687 923 4704 ι
995 4687 1011 4696 ν
1441 4687 1460 4700 ι
1676 4687 1700 4698 -
2631 4687 2652 4692 _

410 4729 538 4780 tum
567 4739 696 4783 esse
727 4735 1056 4786 censemus,
1089 4722 1153 4774 ut
1199 4715 1435 4774 eosdem
1463 4713 1700 4770 ordines
1751 4715 1824 4770 ab
1872 4715 2068 4788 aliquo
2176 4711 2444 4770 Ecclesia
2493 4707 2860 4778 munimenta
2916 4709 3220 4778 perspecta
3277 4705 3437 4758 sunt.
3491 4695 3698 4764 Quibus
3738 4687 3787 4744 in

409 4813 692 4884 sortiatur
739 4810 1014 4884 episcopo
1046 4805 1329 4866 catholico
1387 4803 1656 4877 praesenti
1719 4804 2062 4861 auctoritate

407 4901 803 4976 pracipimus.
835 4899 997 4955 Talis
1044 4897 1202 4952 enim
1260 4893 1581 4963 ordinator,
1612 4906 1748 4948 cum
1781 4891 1926 4948 nihil
1958 4893 2062 4949 ha-

409 4987 625 5054 buerit,
657 4988 794 5044 dare
819 4986 965 5044 nihil
998 4984 1206 5058 potuit.
1243 4982 1354 5040 Vos
1384 4982 1584 5052 itaque
1615 4979 1718 5036 filii
1753 4980 1814 5035 in
1833 4981 2064 5037 Christo

415 5073 1144 5152 charissimi,perseVerate
1166 5071 1225 5126 in
1255 5071 1351 5126 his
1373 5087 1504 5142 qua
1531 5087 1566 5126 a
1595 5069 2065 5128 reverentissimo

413 5164 705 5223 confratre
738 5167 956 5238 nostra,
989 5175 1148 5216 nunc
1203 5157 1546 5232 angelorum
1601 5157 1848 5224 concivi,
1901 5157 2065 5214 Heri-

2173 4803 2484 4874 conspectu
2537 4802 2735 4854 nostro
2765 4776 2996 4852 concilii
3029 4791 3285 4849 universi
3340 4779 3681 4860 diligentiori
3709 4776 3785 4873 iu-

2172 4861 2383 4964 dagine
2415 4886 2751 4961 perquisilis
2781 4901 2816 4940 a
2843 4880 3278 4954 venerabilibus
3296 4876 3508 4935 nostris
3526 4861 3786 4964 episcopis

2173 4955 2648 5054 prasbyterisque
2678 4971 3078 5030 cardinalibus
3099 4967 3500 5041 adjudicatum
3517 4962 3602 5018 est
3614 4955 3786 5054 ligno-

2174 5042 2492 5142 politanam
2513 5042 2833 5120 Ecclesiam
2871 5059 3082 5130 majori
3114 5058 3464 5130 scriptorum
3494 5042 3784 5142 pontiﬁca-

2175 5126 2321 5212 lium
2353 5152 2698 5210 auctoritate
2734 5149 2942 5206 fultam
2966 5126 3370 5203 Drundusina.
3387 5134 3638 5198 Ecclesia
3665 5126 3784 5185 sub-

415 5249 634 5311 manno
656 5227 1470 5328 episcopoIdidicistiszgite
1499 5261 1627 5318 qua
1685 5244 1878 5318 agitis,
1929 5246 2068 5318 quia
2167 5244 2484 5318 jectionem
2514 5245 2571 5298 et
2599 5237 2991 5306 obedientiam
3023 5253 3145 5292 non
3171 5234 3396 5300 debere.
3429 5227 3778 5328 Quorumknoﬁ

414 5339 704 5426 serpentis
731 5342 905 5412 caput
926 5335 1288 5399 calcantibus
1309 5341 1526 5392 aterna
1542 5351 1576 5392 a
1591 5332 1838 5390 Domino
1855 5349 2069 5392 corona

413 5420 794 5508 praebebitur.
827 5427 851 5485 Ι
857 5443 958 5500 pse
985 5443 1090 5483 vos
1110 5443 1218 5484 sua
1241 5424 1431 5499 gratia
1450 5420 1700 5478 fideliter
1719 5424 1943 5478 certare
1969 5423 2071 5480 tri-

395 5502 578 5589 Ibuat,
609 5522 666 5575 et
696 5516 894 5574 aterni
922 5515 1250 5575 mercedem
1277 5511 1460 5571 bravii
1492 5509 1786 5583 dignetur.

475 5609 638 5671 .Data
662 5605 976 5667 Beneventi
1008 5601 1281 5664 Kalendis
1311 5596 1630 5662 Februarii.

2177 5307 2527 5396 gementium
2561 5329 2948 5404 approbantes
2987 5329 3200 5382 nostra
3233 5313 3580 5404 auctoritatis
3607 5307 3782 5404 robo"

2177 5395 2671 5485 confirmavimus,
2699 5420 2758 5474 et
2787 5433 2890 5490 per
2915 5413 3217 5489 prasentis
3247 5403 3524 5490 privilegii
3541 5395 3781 5490 paginam

2176 5515 2234 5568 te
2260 5514 2510 5582 tuosque
2538 5521 2908 5564 successores
2937 5503 3014 5562 ab
3042 5479 3299 5561 Oritana
3324 5511 3423 5556 seu
3441 5479 3779 5582 Brundusio!!!

2177 5568 2446 5660 Ecclesia
2487 5595 2846 5674 subiectione
2872 5593 3088 5655 liberos
3119 5591 3230 5652 sub
3261 5587 3441 5648 solius
3491 5568 3778 5658 apostolica
