3950 6218
176 268 283 332 329

1319 267 1725 332 EPISTOLAZ
1771 269 1873 330 ET
1914 270 2389 332 PlthlLEGIA.

3432 269 3557 329 330

175 401 310 459 sedis
338 399 659 456 obedientia
687 398 743 455 in
776 404 1124 474 perpetuum
1156 418 1498 474 permanere
1528 402 1787 457 decerni-
1816 406 1872 472 Α
1903 401 2228 458 accolarum
2263 401 2471 457 raritas
2506 418 2617 457 non
2665 406 2939 466 meretur,
2987 401 3407 457 monasterium
3458 406 3548 457 ta—

173 508 307 561 mus,
335 492 650 545 statuentes
676 495 739 544 ut
763 506 1113 563 quacunque
1136 489 1572 562 Monopolitana
1593 488 1780 545 Eccle-

171 581 247 636 sia
273 580 543 635 hactenus
563 578 722 650 juste
741 580 1023 651 possedit,
1046 584 1148 634 aut
1168 579 1339 635 hodie
1360 578 1639 650 possidet,
1664 578 1783 635 sive

170 669 218 722 in
246 667 549 723 crastinum
564 668 724 739 juste
742 671 914 740 atque
934 668 1214 724 canonice
1237 668 1448 740 poterit
1462 666 1703 738 adipisci
1722 667 1777 721 in

170 756 414 824 castellis,
448 755 620 825 villis,
651 756 833 825 silvis,
865 757 923 812 in
966 756 1247 823 ecclesiis,
1298 756 1358 811 in
1411 756 1782 811 monasteriis

168 845 256 900 tibi
282 845 507 917 tuisque
534 846 976 902 successoribus
1002 844 1317 918 episcopali
1340 846 1476 916 jure
1504 844 1777 917 regenda,

170 934 501 1006 disponenda
528 951 595 990 ac
622 934 976 1006 possidenda
1007 936 1180 990 firma
1216 940 1273 989 et
1322 932 1545 988 illibata
1596 932 1781 1004 persi-

169 1025 318 1089 stant,
333 1021 487 1077 salva
503 1021 563 1077 in
580 1023 853 1079 omnibus
875 1023 1146 1079 Romana
1169 1027 1225 1078 et
1246 1022 1572 1095 apostolica
1586 1020 1777 1077 Eccle-

167 1112 251 1167 sia
290 1111 614 1167 reverentia.
670 1111 931 1167 Obeunte
977 1116 1054 1179 te,
1102 1110 1189 1168 vel
1238 1115 1473 1167 tuorum
1521 1109 1783 1182 quolibet

166 1198 724 1266 successorum,clero
737 1199 1068 1273 populoque
1084 1199 1516 1272 Monopolitano
1532 1199 1776 1254 facultas

164 1288 243 1354 sit,
268 1293 482 1345 semota
511 1289 672 1345 omni
700 1289 1000 1361 pravitate,
1024 1290 1365 1361 episcopum
1387 1288 1660 1344 canonice
1682 1286 1779 1342 eli-

163 1375 331 1448 gendi,
363 1376 581 1434 electus
611 1382 809 1434 autem
842 1395 874 1433 a
897 1378 1158 1435 Romano
1180 1377 1452 1451 pontifice
1474 1392 1774 1433 consecra-

162 1463 310 1521 bitur.
340 1465 487 1521 Sane
536 1465 584 1523 si
636 1466 772 1538 quis
819 1466 879 1521 in
928 1466 1251 1522 crastinum
1301 1465 1775 1537 archiepiscopus

161 1558 241 1607 aut
264 1554 584 1625 episcopus,
621 1555 941 1626 imperator
971 1560 1072 1610 aut
1095 1572 1210 1620 rex,
1236 1555 1505 1627 princeps
1520 1554 1772 1618 autdux,

158 1658 323 1698 comes
350 1649 447 1699 aut
475 1644 824 1710 vicecomes,
851 1645 1033 1715 judex
1061 1648 1163 1700 aut
1211 1660 1458 1716 persona
1505 1641 1777 1714 quaelibet

1891 507 2023 546 men
2058 490 2141 547 illi
2175 492 2409 558 habere,
2470 495 2525 547 et
2554 491 2735 547 totius
2759 491 2965 548 insulsa
3016 490 3309 546 ambitum
3358 490 3547 564 possi-

1889 580 2025 636 dere
2055 586 2354 653 praesentis
2384 580 2607 653 paginm
2626 580 2967 637 auctoritate
2984 578 3306 637 sancimus.
3350 582 3544 652 Ipsum

1890 668 2064 725 etiam
2117 670 2563 739 monasterium,
2614 670 2707 725 cui
2758 669 3088 726 fraternitas
3130 671 3254 737 tua,
3305 673 3545 725 auctore

1890 758 2156 827 Domino,
2191 758 2482 831 praesidet,
2514 759 2572 814 in
2607 759 2667 813 B.
2689 758 3097 815 Barth‘olomaai
3120 757 3339 814 honore
3358 762 3415 814 et
3436 774 3542 814 no-

1890 847 2048 903 mine
2078 852 2502 915 consecratum,
2554 847 2613 903 in
2662 849 2717 903 S.
2778 848 2844 903 R.
2892 852 2950 904 et
2999 846 3328 920 apostolicis
3385 845 3545 903 sedis

1889 935 2200 992 favendum
2231 937 2466 1009 speciali
2485 937 2841 1009 protectione
2858 935 3240 1010 suscipimus.
3278 936 3387 992 Per
3406 946 3545 1008 pra-

1887 1030 2112 1080 sentem
2144 1026 2326 1098 igitur
2354 1025 2539 1082 nostri
2571 1025 2857 1098 privilegii
2890 1025 3164 1099 paginam
3222 1024 3544 1098 apostoiica

1886 1113 2229 1170 auctoritate
2276 1114 2594 1172 statuimus
2642 1119 2706 1170 ut
2753 1130 3117 1187 quaecunque
3164 1112 3337 1170 hodie
3384 1113 3541 1169 idem

1885 1203 2209 1259 crenobium
2232 1205 2393 1275 juste
2422 1204 2701 1276 possidet,
2734 1203 2854 1260 sive
2886 1204 2946 1259 in
2979 1208 3281 1275 posterum
3304 1218 3539 1258 conces-

1884 1291 2046 1346 sione
2078 1291 2441 1363 pontiﬁcum,
2469 1291 2819 1349 liberalitate
2848 1292 3201 1364 principum,
3232 1290 3323 1347 vel
3374 1290 3539 1347 obla-

1884 1380 2040 1435 tione
2084 1380 2365 1449 ﬂdelium,
2411 1382 2573 1453 juste
2613 1387 2787 1453 atque
2834 1380 3110 1437 canonice
3161 1380 3376 1453 poterit
3421 1380 3540 1436 adi-

1883 1468 2050 1540 pisci,
2082 1472 2250 1526 ﬁrma
2297 1469 2401 1524 tibi
2448 1471 2683 1542 tuisque
2729 1469 3166 1526 successoribus
3206 1473 3264 1525 et
3310 1468 3539 1527 illibata

1883 1564 2282 1628 permaneant.
2316 1559 2695 1615 Decernimus
2751 1575 2886 1632 ergo
2951 1562 3018 1614 ut
3066 1557 3212 1613 nulli
3291 1558 3534 1615 omnino

1879 1645 2186 1702 hominum
2210 1646 2379 1703 liceat
2399 1649 2552 1705 idem
2575 1648 2906 1705 cmnobium
2926 1651 3146 1703 temere
3167 1647 3534 1722 perturbare,

158 1747 341 1803 magna
368 1732 449 1788 vel
482 1750 687 1805 parva,
719 1737 927 1804 potens
957 1737 1059 1788 aut
1089 1734 1403 1806 impotens,
1454 1732 1632 1803 hujus
1671 1748 1771 1786 no-
1800 1779 1846 1844 Β
1879 1740 1981 1789 aut
2010 1736 2058 1791 ei
2103 1737 2369 1793 subditas
2419 1738 2820 1810 possessiones
2865 1737 3112 1803 auferre,
3162 1734 3253 1791 vel
3298 1733 3525 1791 ablatas

158 1819 239 1844 -|._'
268 1821 537 1844 -.._'_-3|-_!!
578 1822 849 1844 ---ξ-,μ
891 1824 1079 1844 -,2-..,
1142 1827 1330 1844 --_L__
1387 1837 1502 1844 --μ
1555 1824 1768 1844 ιΑ-.-.υι
1876 1822 2016 1844 ..-ιξμ
2040 1841 2118 1844 -μ-
2179 1825 2262 1844 hil
2301 1827 2375 1844 ρκ’
2697 1826 2708 1844 I
2756 1831 2766 1844 ι
2789 1843 2798 1844 κ
2828 1842 2860 1844 1,
2885 1842 2958 1844 ,ηᾼ
2981 1843 2984 1844 ,
3010 1825 3075 1844 ’ἓξ
3125 1822 3525 1844 __-_AL2-_A_'L___

158 1819 241 1875 stri
266 1821 541 1895 privilegii
574 1822 855 1895 paginam
889 1824 1103 1890 sciens,
1137 1827 1338 1877 contra
1379 1837 1508 1877 eam
1555 1824 1771 1876 temere

156 1908 319 1965 venire
364 1912 696 1979 tentavcrit,
756 1912 1016 1967 secundo
1072 1911 1314 1967 tertiove
1379 1908 1773 1965 commonitus

154 1995 195 2052 si
240 2015 341 2054 non
389 2000 802 2056 satisfactione
855 2017 1115 2073 congrua
1170 1996 1583 2066 emendaverit,
1637 2013 1773 2053 eum

155 2084 357 2143 honoris
386 2089 473 2144 sui
494 2094 552 2145 et
576 2088 755 2143 ofﬁcii
776 2089 1035 2161 periculo
1058 2088 1363 2159 subjacere
1379 2086 1771 2153 decernimus,

152 2178 197 2227 et
220 2190 249 2229 a
273 2175 471 2231 Christi
504 2180 693 2248 atque
723 2177 989 2233 Ecclesia:
1020 2193 1260 2249 corpore
1299 2176 1642 2231 auctoritate
1672 2191 1772 2247 po-

154 2264 349 2320 testatis
404 2264 746 2337 apostolicae
804 2281 1229 2340 segregamus;
1292 2262 1774 2320 conservantibus

157 2357 321 2408 autem
350 2370 457 2426 pax
487 2371 523 2410 a
551 2354 699 2420 Deo,
733 2358 792 2410 et
819 2355 1028 2410 merito
1056 2353 1443 2427 prmsentibus
1474 2368 1539 2407 ac
1562 2350 1774 2407 futuris

155 2439 352 2497 seculis
379 2448 783 2500 conservetur.
811 2446 1015 2511 Amen,
1048 2459 1242 2509 amen,
1276 2458 1466 2498 amen.

211 2529 476 2602 Scriptum
538 2547 656 2604 per
713 2547 925 2587 manus
984 2532 1290 2588 Lanfranci
1352 2530 1563 2586 notarii
1623 2529 1774 2586 sacri

154 2615 340 2686 palatii.
1049 2642 1052 2644 ν

212 2705 401 2764 Datum
430 2708 749 2765 Beneventi
782 2726 885 2782 per
928 2726 1140 2765 manus
1186 2708 1429 2765 Joannis
1481 2710 1539 2764 S.
1592 2708 1658 2763 Β.
1710 2707 1770 2763 Ε.

157 2794 347 2852 diaconi
378 2800 562 2867 card.,
602 2813 756 2854 anno
798 2799 1029 2855 Domini
1079 2799 1303 2855 incarn.
1358 2799 1516 2866 1091,
1567 2797 1771 2853 indict.

155 2899 228 2937 xiv
252 2884 364 2940 Kal.
395 2887 639 2960 Aprilis,
684 2903 835 2944 anno
886 2888 1261 2961 pontiﬁcatus
1291 2887 1356 2942 D.
1409 2886 1622 2942 Urbani
1671 2902 1773 2958 pa-

159 2988 231 3043 pae
257 2974 296 3030 ll
325 2981 548 3047 quarto.

1876 1822 2147 1892 retinere,
2178 1825 2266 1881 vel
2300 1827 2581 1894 minuere,
2623 1826 2712 1882 vel
2751 1825 3078 1881 temerariis
3124 1822 3530 1881 vexationibus

1882 1911 2152 1985 fatigare;
2204 1915 2302 1969 sed
2353 1914 2551 1971 omnia
2598 1915 2825 1987 integra
2871 1916 3289 1969 conserventur
3329 1928 3535 1968 eorum

1882 2017 1984 2072 pro
2018 2019 2268 2073 quorum
2301 2004 2725 2059 sustentatione
2741 2008 2798 2058 et
2813 2002 3233 2075 gubernatione
3254 2017 3534 2058 concessa

1882 2094 2041 2157 sunt,
2074 2090 2280 2146 usibus
2312 2092 2635 2163 profutura.
2668 2091 2928 2146 Obeunte
2958 2096 3011 2145 te
3050 2106 3208 2145 nunc
3256 2090 3529 2160 ejusdem

1879 2177 1989 2232 loci
2023 2179 2251 2245 abbate,
2286 2180 2372 2235 vel
2402 2184 2633 2235 tuorum
2669 2179 2931 2251 quolibet
2962 2194 3390 2245 successorum,
3426 2176 3530 2232 nul

1879 2264 1974 2321 lus
2006 2267 2083 2322 ibi
2114 2267 2375 2339 qualibet
2418 2268 2814 2340 subreptionis
2861 2266 3077 2324 astutia
3121 2266 3209 2322 vel
3258 2265 3535 2322 violentia

1882 2361 2270 2427 praeponatur,
2306 2357 2419 2412 nisi
2450 2373 2625 2428 quem
2656 2357 2865 2411 fratres
2896 2354 3195 2411 communi
3228 2355 3417 2409 favore
3439 2353 3529 2409 vel

1878 2444 2125 2498 fratrum
2156 2461 2291 2516 pars
2321 2444 2549 2500 consilii
2580 2444 2830 2500 sanioris
2862 2443 3122 2517 elegerit,
3157 2441 3379 2498 electus
3424 2458 3527 2498 au-

1879 2537 1996 2588 tem
2029 2533 2101 2589 ad
2130 2534 2295 2589 Rom.
2329 2537 2489 2606 pont.
2517 2534 2949 2589 consecrandus
2980 2532 3232 2588 accedat.
3263 2530 3382 2593 Vos
3412 2532 3524 2587 ita-

1882 2638 2016 2693 que,
2050 2620 2154 2677 ﬁlii
2186 2622 2242 2677 in
2276 2622 2505 2677 Christo
2536 2621 2751 2689 dilecti,
2785 2624 3012 2694 oportet
3040 2619 3326 2693 regularis
3356 2619 3534 2676 disci-

1885 2710 2054 2782 plinae
2102 2711 2465 2767 institutione
2514 2711 2801 2766 ferventer
2847 2709 3135 2777 insistere,
3197 2713 3256 2765 et
3322 2708 3531 2764 divinas

1884 2799 2028 2872 legis
2059 2804 2345 2872 praecepta
2384 2800 2707 2855 studiosius
2759 2800 3088 2864 observare,
3120 2802 3187 2853 ut
3234 2801 3452 2870 quanto
3501 2814 3536 2854 ο.

1883 2887 2263 2943 saecularibus
2283 2887 2637 2943 tumultibus
2660 2887 2961 2943 liberiores
2982 2886 3144 2955 estis,
3166 2890 3328 2942 tanto
3350 2884 3534 2942 soler-

1881 2977 1998 3032 tius
2029 2976 2257 3048 placere
2282 2977 2398 3032 Deo
2429 2976 2566 3033 totis
2596 2976 2810 3033 mentis
2840 2980 2899 3032 et
2921 2976 3131 3032 animae
3156 2975 3379 3031 viribus
3427 2992 3535 3031 an-

1880 3067 2112 3123 hcletis.
2141 3068 2225 3121 Ad
2279 3066 2563 3123 indicium
2616 3071 2812 3122 autem
2862 3070 3143 3138 perceptae
3193 3082 3229 3121 a
3265 3066 3531 3121 Romana

159 3150 373 3207 Urbanus
398 3155 445 3209 11
469 3156 872 3209 monasterium
919 3156 973 3209 S.
1027 3154 1413 3209 Bartholomaai
1457 3154 1516 3207 in
1566 3153 1769 3222 Liparo
1798 3147 1841 3211 C
1885 3156 2137 3212 Ecclesia
2167 3155 2473 3222 libertatis,
2504 3172 2682 3210 unam
2729 3155 2853 3209 auri
2906 3154 3143 3209 unciam
3194 3169 3298 3224 per
3342 3169 3529 3209 annos

223 3225 389 3280 insula
417 3226 686 3281 tuendum
712 3228 940 3298 suscipit
969 3230 1021 3281 et
1058 3228 1173 3297 ejus
1204 3226 1342 3280 bona
1371 3225 1676 3295 conﬁrmat.

751 3316 937 3387 (Anno
967 3315 1147 3386 1091.)

461 3404 763 3476 [υσιιειιῃ
793 3405 957 3459 Italia
986 3421 1164 3472 sacra,
1195 3404 1240 3475 Ι,
1270 3404 1419 3475 775.]

209 3506 462 3566 υῐιΒΑΝυε
492 3510 835 3583 episcopus,
865 3528 1067 3566 servus
1090 3527 1385 3566 servorum
1411 3508 1535 3575 Dei,
1558 3507 1768 3563 dilecto

152 3594 289 3652 fratri
315 3600 640 3666 AMnaosm,
674 3599 865 3655 abbati
895 3600 1245 3673 Liparitano,
1269 3601 1513 3671 ejusque
1539 3612 1767 3654 succes-

147 3686 351 3743 soribus
380 3689 733 3762 regulariter
761 3676 1189 3745 substitueudis
1219 3689 1278 3743 in
1311 3692 1677 3760 perpetuum.

203 3778 329 3831 Cum
356 3778 645 3834 universas
678 3776 882 3832 insula:
911 3779 1237 3833 secundum
1260 3777 1526 3833 instituta
1558 3773 1768 3848 regalis

142 3861 276 3929 juris
302 3865 434 3934 sint,
466 3870 705 3923 constat
755 3868 1010 3938 profecto
1066 3867 1165 3938 qui
1216 3866 1470 3939 religiosi
1517 3866 1769 3937 impera-

146 3950 270 4007 toris
295 3954 661 4012 Conslantini
697 3954 998 4028 privilegio
1026 3955 1082 4011 in
1111 3957 1214 4026 jus
1242 3956 1541 4028 proprium
1566 3956 1627 4010 B.
1667 3955 1769 4011 Pe-

149 4042 225 4093 tro
244 4042 474 4115 ejusque
487 4045 934 4101 successoribus
947 4045 1334 4101 occidentales
1348 4062 1551 4101 omnes
1567 4044 1768 4100 insulae

148 4130 452 4187 condonatee
483 4138 650 4197 sunt,
700 4134 954 4190 maxime
1003 4151 1131 4205 qua:
1181 4134 1335 4189 circa
1380 4134 1555 4190 Italiae
1607 4153 1770 4192 oram

150 4214 424 4288 habentur,
446 4236 703 4294 quorum
730 4222 925 4278 multae
951 4224 1205 4295 peccatis
1225 4223 1587 4296 exigentibus
1608 4243 1771 4283 acco-

147 4302 315 4362 larum
334 4326 367 4364 a
386 4310 696 4368 Saracenis
719 4314 890 4383 capta
908 4311 1219 4367 Christiani
1252 4312 1507 4370 nominis
1527 4314 1771 4386 gloriam

150 4394 464 4456 amiserunt.
529 4400 691 4456 Inter
746 4417 895 4472 quas
956 4400 1183 4471 Liparis
1239 4401 1300 4455 Β.
1363 4401 1774 4461 Bartholomzei

149 4486 367 4581 apostoli
400 4490 974 4581 corpore‘quondam
1007 4488 1307 4559 insignita,
1362 4490 1539 4544 eremi
1590 4491 1776 4549 instar
1808 4515 1851 4581 ι)

151 4571 359 4631 redacta
386 4576 784 4650 cognoscitur,
817 4593 995 4649 quam
1029 4577 1233 4633 multis
1273 4594 1561 4633 annorum
1590 4582 1775 4637 curri-

150 4658 276 4715 culis
303 4664 572 4732 evolutis,
598 4682 735 4721 cum
758 4670 1180 4722 Saracenorum
1204 4666 1355 4723 vires
1375 4667 1581 4724 divinae
1607 4670 1777 4728 mise.

149 4747 383 4807 ricordise
448 4754 713 4827 potentia
774 4755 1179 4828 repressisset,
1248 4754 1505 4828 religiosi
1568 4758 1776 4817 fratres

149 4833 333 4893 divinae
362 4843 665 4898 servitutis
695 4844 892 4899 studio
920 4844 1189 4899 eamdem
1222 4844 1468 4917 ingressi
1500 4847 1775 4917 insulam,

147 4930 483 4987 monasteria
513 4930 599 4985 illi
634 4930 933 4987 domicilia
963 4938 1300 4988 construere
1331 4941 1701 5005 curaverunt,
1722 4943 1779 4994 et

150 5010 418 5081 plurimos
450 5019 508 5073 in
531 5020 799 5075 eamdem
821 5018 1079 5076 insulam
1101 5020 1337 5077 colonos
1359 5038 1467 5078 sua
1488 5024 1777 5082 industria

148 5103 577 5163 constituerunt.
598 5108 718 5164 Nos
738 5107 955 5180 itaque,
979 5108 1196 5179 quibus
1216 5125 1284 5164 ex
1304 5108 1511 5166 divinae
1537 5113 1777 5171 arbitrio

148 5188 446 5252 voluntatis
478 5213 579 5268 per
611 5197 942 5269 apostolicae
976 5197 1134 5253 sedis
1166 5198 1400 5255 culmen
1431 5206 1776 5260 cunctarum

150 5275 466 5341 sollicitudo
508 5286 783 5343 imminet
822 5285 1234 5355 Ecclesiarum,
1284 5287 1420 5344 licet
1465 5290 1525 5346 in
1572 5293 1775 5350 eadem

149 5362 326 5462 insula
352 5373 756 5448 apiscepatum
787 5375 1085 5449 quondam
1119 5376 1299 5433 fuisse
1342 5378 1398 5433 in
1450 5379 1507 5435 S.
1561 5380 1775 5455 Grego-

150 5467 309 5512 mnze
348 5462 571 5533 paginae
621 5463 882 5538 registris
931 5479 1340 5537 agnoscamus,
1392 5468 1532 5541 quia
1578 5473 1775 5528 tamen

148 5543 386 5626 episcopi
416 5551 761 5629 dignitatem
792 5570 950 5614 nunc
998 5553 1186 5629 ipsius
1232 5553 1341 5613 loci
1389 5556 1674 5633 exiguitas
1720 5563 1777 5621 et

452 5676 713 5744 ΡΑι-ιιοι.
759 5680 901 5748 CLI.

1878 3246 2142 3318 singulos
2192 3245 2569 3300 Lateranensi
2619 3243 2833 3316 palatio
2879 3243 3240 3317 persolvetis.
3285 3247 3433 3299 Sane
3476 3243 3528 3298 si

1879 3336 2011 3408 quis
2040 3334 2099 3389 in
2134 3334 2455 3391 crastinum
2505 3333 2999 3405 archiepiscopus,
3047 3333 3378 3405 episcopus,
3425 3331 3530 3387 im-

1878 3429 2109 3497 perator
2138 3428 2234 3478 aut
2267 3441 2385 3492 rex,
2420 3424 2690 3495 princeps
2719 3427 2822 3478 aut
2851 3425 2989 3487 dux,
3022 3436 3216 3477 comes
3243 3420 3346 3476 aut
3373 3420 3528 3476 vice-

1877 3530 2092 3581 comes,
2114 3517 2214 3569 aut
2223 3512 2426 3583 judex,
2450 3515 2551 3567 aut
2569 3528 2861 3584 personna
2878 3509 3168 3583 quaelibet,
3196 3523 3414 3580 magna
3440 3506 3532 3563 vel

1877 3620 2070 3675 parva.
2106 3607 2313 3675 potens
2342 3602 2429 3657 vel
2461 3602 2771 3675 impotens,
2806 3600 2989 3672 hujus
3017 3598 3204 3655 nostri
3234 3596 3525 3670 privilegii

1878 3691 2154 3765 paginam
2185 3690 2377 3747 sciens
2411 3696 2613 3747 contra
2640 3706 2769 3746 eam
2800 3694 3018 3745 temere
3052 3687 3248 3745 venire
3276 3686 3531 3742 tentave-

1879 3780 1972 3845 rit,
2008 3780 2265 3836 secundo
2298 3779 2537 3835 tertiove
2579 3778 2995 3845 commonitus,
3042 3777 3091 3833 si
3141 3792 3257 3831 non
3303 3774 3533 3831 satisfa-

1878 3870 2067 3925 ctione
2099 3885 2359 3942 congrua
2398 3867 2811 3938 emendaverit,
2861 3883 2993 3922 cum
3037 3865 3277 3921 honoris
3325 3864 3419 3919 sui
3477 3865 3535 3919 et

1878 3958 2053 4015 officii
2088 3957 2342 4030 periculo
2374 3958 2675 4028 subjacere
2704 3956 3095 4023 decernimus,
3146 3958 3203 4011 et
3250 3970 3285 4009 a
3311 3950 3531 4009 Christi

1879 4055 2054 4121 atque
2084 4047 2348 4103 Ecclesia:
2371 4064 2606 4120 corpore
2624 4046 2964 4102 auctoritate
2982 4042 3305 4117 apostolica
3339 4057 3533 4115 segre-

1880 4154 2111 4210 gamus.
2138 4135 2625 4192 Conservantibus
2656 4140 2852 4191 autem
2885 4151 2997 4207 pax
3026 4151 3061 4189 a
3089 4133 3227 4198 Deo,
3258 4136 3315 4187 et
3356 4130 3533 4187 mise-

1882 4225 2132 4281 ricordia
2153 4224 2540 4297 praesentibus
2559 4228 2615 4280 et
2635 4224 2851 4280 futuris
2872 4222 3101 4279 saeculis
3131 4223 3531 4276 conservetur.

1882 4319 2086 4382 Amen,
2120 4331 2310 4382 amen,
2338 4330 2527 4369 amen.

1954 4402 2165 4458 Datum
2198 4399 2363 4455 Militi
2399 4416 2501 4472 per
2531 4416 2741 4456 manus
2768 4399 3014 4456 Joannis
3045 4398 3103 4453 S.
3155 4395 3222 4451 Η.
3269 4394 3333 4449 Ε.
3375 4392 3527 4447 diae.

1884 4492 2065 4557 card.,
2102 4507 2159 4544 un
2192 4490 2387 4544 Nonas
2426 4488 2612 4556 Junii,
2663 4490 2783 4544 ind.
2829 4506 2989 4545 xvm.
3034 4486 3260 4541 incarn.
3297 4479 3533 4538 Domini

1886 4581 2044 4649 1091,
2079 4583 2238 4650 pont.
2261 4593 2392 4633 vero
2426 4582 2488 4632 D.
2524 4576 2741 4632 Urbani
2776 4577 2821 4632 ll
2840 4593 2992 4633 anno
3014 4578 3243 4647 quarto.

2660 4692 2744 4747 LI.

1891 4784 2138 4842 Urbanus
2178 4782 2223 4836 ΙΙ
2273 4782 2550 4835 Corsicam
2600 4783 2844 4837 insulam
2888 4782 2985 4837 sub
3034 4776 3285 4849 Gregorio
3322 4774 3433 4849 _VII
3480 4770 3541 4827 ia

1954 4855 2254 4927 pristinam
2311 4853 2565 4927 Ecclesiae
2608 4854 2867 4927 Romam?
2911 4845 3176 4907 ditionem
3241 4845 3540 4927 redactam,

1960 4917 2295 5049 Daimberéo,
2338 4925 2582 4994 episcopo
2631 4926 2833 4979 Pisano
2879 4932 2929 4978 et
2976 4928 3091 4994 eius
3146 4917 3544 4975 successoribus

1960 5003 2219 5049 committi
2256 5039 2262 5045 .

1957 5003 2262 5052 committit.

2512 5084 2697 5153 (Anno
2730 5084 2914 5155 1091.)

2207 5172 2503 5240 [UGaELL1,
2536 5173 2705 5227 Italia
2733 5189 2910 5241 sacra,
2948 5171 3042 5238 III,
3067 5166 3218 5237 369.]

1954 5290 2234 5347 Uanmus
2264 5287 2596 5360 episcopus,
2630 5303 2832 5343 servus
2853 5299 3149 5341 servorum
3172 5279 3295 5346 Dei,
3327 5275 3537 5331 dilecto

1884 5378 2047 5435 fratri
2078 5376 2429 5445 Damasum,
2462 5375 2806 5432 Pisanorum
2829 5371 3379 5447 episcopo,ejusque
3401 5374 3531 5416 suc-

1884 5465 2213 5526 cessoribus
2243 5464 2517 5521 canonice
2547 5462 2975 5521 substitneudis
3006 5462 3061 5515 in
3094 5458 3465 5543 perpetuum-
3504 5530 3516 5543 .

1962 5557 2110 5617 Cum
2132 5570 2336 5614 omnes
2360 5552 2565 5611 insulas
2590 5552 2800 5612 secant=
2813 5568 2912 5610 um
2939 5552 3162 5609 statuta
3178 5538 3555 5622 legaliajuril

3153 5674 3225 5741 11
