  <div class='ocr_page' id='page_1' title='image "/cluster/home/n/w/nwhite01/storage/ocr_20150623/151/uva.x000829795/189.png"; bbox 0 0 3950 6218; ppageno 0'>
   <div class='ocr_carea' id='block_1_1' title="bbox 443 312 2093 384">
    <p class='ocr_par' dir='ltr' id='par_1_1' title="bbox 443 314 2093 384">
     <span class='ocr_line' id='line_1_1' title="bbox 443 314 2093 384; baseline 0.001 -6"><span class='ocrx_word' id='word_1_1' title='bbox 443 318 553 379; x_wconf 76' lang='grc'>331</span> <span class='ocrx_word' id='word_1_2' title='bbox 1743 315 1813 380; x_wconf 88' lang='grc' dir='ltr'>Β.</span> <span class='ocrx_word' id='word_1_3' title='bbox 1859 314 2093 384; x_wconf 77' lang='lat' dir='ltr'>URBAI</span> 
     </span>
    </p>
   </div>
   <div class='ocr_carea' id='block_1_2' title="bbox 2215 312 3816 384">
    <p class='ocr_par' dir='ltr' id='par_1_2' title="bbox 2215 312 3816 382">
     <span class='ocr_line' id='line_1_2' title="bbox 2215 312 3816 382; baseline 0.002 -3"><span class='ocrx_word' id='word_1_4' title='bbox 2215 312 2254 379; x_wconf 85' lang='grc' dir='ltr'>[Ι</span> <span class='ocrx_word' id='word_1_5' title='bbox 2299 313 2550 380; x_wconf 71' lang='lat' dir='ltr'>PAP/E.</span> <span class='ocrx_word' id='word_1_6' title='bbox 3716 315 3816 382; x_wconf 75' lang='lat'>332</span> 
     </span>
    </p>
   </div>
   <div class='ocr_carea' id='block_1_3' title="bbox 443 445 3817 524">
    <p class='ocr_par' dir='ltr' id='par_1_3' title="bbox 443 445 3817 524">
     <span class='ocr_line' id='line_1_3' title="bbox 443 445 3817 524; baseline 0.001 -19"><span class='ocrx_word' id='word_1_7' title='bbox 443 451 664 524; x_wconf 81' lang='lat' dir='ltr'>publici</span> <span class='ocrx_word' id='word_1_8' title='bbox 695 451 1045 519; x_wconf 77' lang='lat' dir='ltr'>habeantur,</span> <span class='ocrx_word' id='word_1_9' title='bbox 1069 455 1298 508; x_wconf 82' lang='lat' dir='ltr'>constat</span> <span class='ocrx_word' id='word_1_10' title='bbox 1313 452 1492 508; x_wconf 89' lang='lat' dir='ltr'>etiam</span> <span class='ocrx_word' id='word_1_11' title='bbox 1515 469 1612 507; x_wconf 86' lang='lat' dir='ltr'>eas</span> <span class='ocrx_word' id='word_1_12' title='bbox 1635 451 1889 524; x_wconf 82' lang='lat' dir='ltr'>religiosi.</span> <span class='ocrx_word' id='word_1_13' title='bbox 1909 451 2090 522; x_wconf 87' lang='lat' dir='ltr'>impe-</span> <span class='ocrx_word' id='word_1_14' title='bbox 2121 454 2174 518; x_wconf 71' lang='grc' dir='ltr'>Α</span> <span class='ocrx_word' id='word_1_15' title='bbox 2203 445 3817 521; x_wconf 79' lang='lat' dir='ltr'>nensemnietropolimtranslato,ejusquesuccessoribus</span> 
     </span>
    </p>
   </div>
   <div class='ocr_carea' id='block_1_4' title="bbox 419 537 3430 614">
    <p class='ocr_par' dir='ltr' id='par_1_4' title="bbox 419 537 3430 614">
     <span class='ocr_line' id='line_1_4' title="bbox 419 537 3430 614; baseline -0.001 -20"><span class='ocrx_word' id='word_1_16' title='bbox 419 539 655 594; x_wconf 86' lang='lat' dir='ltr'>-ratoris</span> <span class='ocrx_word' id='word_1_17' title='bbox 695 541 1058 596; x_wconf 81' lang='lat' dir='ltr'>Constantini</span> <span class='ocrx_word' id='word_1_18' title='bbox 1082 540 1424 596; x_wconf 85' lang='lat' dir='ltr'>liberalitate</span> <span class='ocrx_word' id='word_1_19' title='bbox 1444 559 1508 596; x_wconf 89' lang='lat' dir='ltr'>ac</span> <span class='ocrx_word' id='word_1_20' title='bbox 1531 540 1832 614; x_wconf 83' lang='lat' dir='ltr'>privilegio</span> <span class='ocrx_word' id='word_1_21' title='bbox 1857 540 1914 595; x_wconf 89' lang='lat' dir='ltr'>in</span> <span class='ocrx_word' id='word_1_22' title='bbox 1948 537 2100 594; x_wconf 88' lang='lat' dir='ltr'>beati</span> <span class='ocrx_word' id='word_1_23' title='bbox 2209 539 2484 594; x_wconf 85' lang='lat' dir='ltr'>canonice</span> <span class='ocrx_word' id='word_1_24' title='bbox 2515 539 2944 594; x_wconf 82' lang='lat' dir='ltr'>substituendis</span> <span class='ocrx_word' id='word_1_25' title='bbox 2975 539 3032 592; x_wconf 91' lang='lat' dir='ltr'>in</span> <span class='ocrx_word' id='word_1_26' title='bbox 3063 541 3430 610; x_wconf 88' lang='lat' dir='ltr'>perpetuum.</span> 
     </span>
    </p>
   </div>
   <div class='ocr_carea' id='block_1_5' title="bbox 445 627 2098 702">
    <p class='ocr_par' dir='ltr' id='par_1_5' title="bbox 445 627 2098 702">
     <span class='ocr_line' id='line_1_5' title="bbox 445 627 2098 702; baseline -0.001 -20"><span class='ocrx_word' id='word_1_27' title='bbox 445 627 597 684; x_wconf 90' lang='lat' dir='ltr'>Petri</span> <span class='ocrx_word' id='word_1_28' title='bbox 629 627 1098 700; x_wconf 81' lang='lat' dir='ltr'>vicariorumque</span> <span class='ocrx_word' id='word_1_29' title='bbox 1129 630 1257 700; x_wconf 84' lang='lat' dir='ltr'>ejus</span> <span class='ocrx_word' id='word_1_30' title='bbox 1277 631 1380 702; x_wconf 85' lang='lat' dir='ltr'>jus</span> <span class='ocrx_word' id='word_1_31' title='bbox 1412 629 1713 702; x_wconf 90' lang='lat' dir='ltr'>proprium</span> <span class='ocrx_word' id='word_1_32' title='bbox 1745 647 1872 685; x_wconf 86' lang='lat' dir='ltr'>esse</span> <span class='ocrx_word' id='word_1_33' title='bbox 1923 627 2098 684; x_wconf 88' lang='lat' dir='ltr'>colla-</span> 
     </span>
    </p>
   </div>
   <div class='ocr_carea' id='block_1_6' title="bbox 446 715 2099 788">
    <p class='ocr_par' dir='ltr' id='par_1_6' title="bbox 446 715 2099 788">
     <span class='ocr_line' id='line_1_6' title="bbox 446 715 2099 788; baseline -0.001 -18"><span class='ocrx_word' id='word_1_34' title='bbox 446 719 559 770; x_wconf 87' lang='lat' dir='ltr'>tas.</span> <span class='ocrx_word' id='word_1_35' title='bbox 593 715 1080 772; x_wconf 87' lang='lat' dir='ltr'>Intercidentibus</span> <span class='ocrx_word' id='word_1_36' title='bbox 1110 721 1306 772; x_wconf 86' lang='lat' dir='ltr'>autem</span> <span class='ocrx_word' id='word_1_37' title='bbox 1343 716 1608 788; x_wconf 78' lang='lat' dir='ltr'>plurimis</span> <span class='ocrx_word' id='word_1_38' title='bbox 1632 717 1829 771; x_wconf 80' lang='lat' dir='ltr'>divina</span> <span class='ocrx_word' id='word_1_39' title='bbox 1850 717 2099 788; x_wconf 84' lang='lat' dir='ltr'>disposi-</span> 
     </span>
    </p>
   </div>
   <div class='ocr_carea' id='block_1_7' title="bbox 446 800 2101 877">
    <p class='ocr_par' dir='ltr' id='par_1_7' title="bbox 446 800 2101 877">
     <span class='ocr_line' id='line_1_7' title="bbox 446 800 2101 877; baseline -0.001 -18"><span class='ocrx_word' id='word_1_40' title='bbox 446 802 604 860; x_wconf 85' lang='lat' dir='ltr'>tione</span> <span class='ocrx_word' id='word_1_41' title='bbox 626 800 987 876; x_wconf 86' lang='lat' dir='ltr'>judiciorum</span> <span class='ocrx_word' id='word_1_42' title='bbox 1019 804 1475 872; x_wconf 82' lang='lat' dir='ltr'>calamitatibus,</span> <span class='ocrx_word' id='word_1_43' title='bbox 1509 805 1882 877; x_wconf 81' lang='lat' dir='ltr'>proprietatis</span> <span class='ocrx_word' id='word_1_44' title='bbox 1923 804 2101 872; x_wconf 78' lang='lat' dir='ltr'>hujus</span> 
     </span>
    </p>
   </div>
   <div class='ocr_carea' id='block_1_8' title="bbox 449 889 2098 966">
    <p class='ocr_par' dir='ltr' id='par_1_8' title="bbox 449 889 2098 966">
     <span class='ocr_line' id='line_1_8' title="bbox 449 889 2098 966; baseline 0.001 -22"><span class='ocrx_word' id='word_1_45' title='bbox 449 889 508 945; x_wconf 91' lang='lat' dir='ltr'>in</span> <span class='ocrx_word' id='word_1_46' title='bbox 542 891 897 964; x_wconf 90' lang='lat' dir='ltr'>quibusdam</span> <span class='ocrx_word' id='word_1_47' title='bbox 920 909 1095 966; x_wconf 86' lang='lat' dir='ltr'>passa</span> <span class='ocrx_word' id='word_1_48' title='bbox 1118 895 1207 948; x_wconf 88' lang='lat' dir='ltr'>est</span> <span class='ocrx_word' id='word_1_49' title='bbox 1228 892 1482 948; x_wconf 86' lang='lat' dir='ltr'>Ecclesia</span> <span class='ocrx_word' id='word_1_50' title='bbox 1505 894 2098 964; x_wconf 79' lang='lat' dir='ltr'>Romanajacturam.</span> 
     </span>
    </p>
   </div>
   <div class='ocr_carea' id='block_1_9' title="bbox 450 980 2100 1054">
    <p class='ocr_par' dir='ltr' id='par_1_9' title="bbox 450 980 2100 1054">
     <span class='ocr_line' id='line_1_9' title="bbox 450 980 2100 1054; baseline -0.002 -19"><span class='ocrx_word' id='word_1_51' title='bbox 450 983 730 1036; x_wconf 75' lang='lat' dir='ltr'>Caeterum</span> <span class='ocrx_word' id='word_1_52' title='bbox 760 986 817 1036; x_wconf 90' lang='lat' dir='ltr'>et</span> <span class='ocrx_word' id='word_1_53' title='bbox 845 981 1160 1046; x_wconf 89' lang='lat' dir='ltr'>canonicis,</span> <span class='ocrx_word' id='word_1_54' title='bbox 1194 985 1252 1036; x_wconf 89' lang='lat' dir='ltr'>et</span> <span class='ocrx_word' id='word_1_55' title='bbox 1299 980 1586 1054; x_wconf 89' lang='lat' dir='ltr'>legalibus</span> <span class='ocrx_word' id='word_1_56' title='bbox 1647 980 1934 1036; x_wconf 79' lang='lat' dir='ltr'>institutis</span> <span class='ocrx_word' id='word_1_57' title='bbox 1983 981 2100 1035; x_wconf 79' lang='lat' dir='ltr'>Ito-</span> 
     </span>
    </p>
   </div>
   <div class='ocr_carea' id='block_1_10' title="bbox 451 1068 2105 1142">
    <p class='ocr_par' dir='ltr' id='par_1_10' title="bbox 451 1068 2105 1142">
     <span class='ocr_line' id='line_1_10' title="bbox 451 1068 2105 1142; baseline -0.002 -18"><span class='ocrx_word' id='word_1_58' title='bbox 451 1086 636 1124; x_wconf 70' lang='lat' dir='ltr'>mana:</span> <span class='ocrx_word' id='word_1_59' title='bbox 667 1069 972 1142; x_wconf 83' lang='lat' dir='ltr'>dignitatis</span> <span class='ocrx_word' id='word_1_60' title='bbox 1004 1069 1328 1142; x_wconf 85' lang='lat' dir='ltr'>proprietas</span> <span class='ocrx_word' id='word_1_61' title='bbox 1360 1087 1477 1124; x_wconf 92' lang='lat' dir='ltr'>non</span> <span class='ocrx_word' id='word_1_62' title='bbox 1520 1068 1858 1142; x_wconf 85' lang='lat' dir='ltr'>prolixitate</span> <span class='ocrx_word' id='word_1_63' title='bbox 1883 1073 2105 1140; x_wconf 83' lang='lat' dir='ltr'>tempo-</span> 
     </span>
    </p>
   </div>
   <div class='ocr_carea' id='block_1_11' title="bbox 2281 626 3818 699">
    <p class='ocr_par' dir='ltr' id='par_1_11' title="bbox 2281 626 3818 699">
     <span class='ocr_line' id='line_1_11' title="bbox 2281 626 3818 699; baseline 0.003 -17"><span class='ocrx_word' id='word_1_64' title='bbox 2281 628 2436 683; x_wconf 86' lang='lat' dir='ltr'>lnter</span> <span class='ocrx_word' id='word_1_65' title='bbox 2447 626 2666 699; x_wconf 87' lang='lat' dir='ltr'>primas</span> <span class='ocrx_word' id='word_1_66' title='bbox 2681 627 3093 699; x_wconf 79' lang='lat' dir='ltr'>Hispaniarum</span> <span class='ocrx_word' id='word_1_67' title='bbox 3111 627 3285 682; x_wconf 87' lang='lat' dir='ltr'>urbes</span> <span class='ocrx_word' id='word_1_68' title='bbox 3298 627 3676 684; x_wconf 83' lang='lat' dir='ltr'>Tarraconem</span> <span class='ocrx_word' id='word_1_69' title='bbox 3697 628 3818 686; x_wconf 82' lang='lat' dir='ltr'>fuis-</span> 
     </span>
    </p>
   </div>
   <div class='ocr_carea' id='block_1_12' title="bbox 2211 714 3818 790">
    <p class='ocr_par' dir='ltr' id='par_1_12' title="bbox 2211 714 3818 790">
     <span class='ocr_line' id='line_1_12' title="bbox 2211 714 3818 790; baseline 0.004 -22"><span class='ocrx_word' id='word_1_70' title='bbox 2211 733 2270 770; x_wconf 78' lang='lat' dir='ltr'>se</span> <span class='ocrx_word' id='word_1_71' title='bbox 2288 715 2578 788; x_wconf 83' lang='lat' dir='ltr'>insignem</span> <span class='ocrx_word' id='word_1_72' title='bbox 2595 719 2650 771; x_wconf 90' lang='lat' dir='ltr'>et</span> <span class='ocrx_word' id='word_1_73' title='bbox 2669 715 2944 788; x_wconf 87' lang='lat' dir='ltr'>gentilcm</span> <span class='ocrx_word' id='word_1_74' title='bbox 2957 763 2969 774; x_wconf 77' lang='lat'>.</span> <span class='ocrx_word' id='word_1_75' title='bbox 2987 715 3165 771; x_wconf 87' lang='lat' dir='ltr'>etiam</span> <span class='ocrx_word' id='word_1_76' title='bbox 3175 714 3513 772; x_wconf 68' lang='lat' dir='ltr'>Christiane</span> <span class='ocrx_word' id='word_1_77' title='bbox 3527 717 3818 790; x_wconf 73' lang='lat' dir='ltr'>paginzeju-</span> 
     </span>
    </p>
   </div>
   <div class='ocr_carea' id='block_1_13' title="bbox 2210 804 3820 863">
    <p class='ocr_par' dir='ltr' id='par_1_13' title="bbox 2210 804 3820 863">
     <span class='ocr_line' id='line_1_13' title="bbox 2210 804 3820 863; baseline 0.002 -5"><span class='ocrx_word' id='word_1_78' title='bbox 2210 804 2378 859; x_wconf 87' lang='lat' dir='ltr'>diciis</span> <span class='ocrx_word' id='word_1_79' title='bbox 2408 805 2836 860; x_wconf 82' lang='lat' dir='ltr'>demonstrant.</span> <span class='ocrx_word' id='word_1_80' title='bbox 2869 805 3077 861; x_wconf 85' lang='lat' dir='ltr'>Justus</span> <span class='ocrx_word' id='word_1_81' title='bbox 3109 808 3305 860; x_wconf 88' lang='lat' dir='ltr'>autem</span> <span class='ocrx_word' id='word_1_82' title='bbox 3329 804 3607 861; x_wconf 87' lang='lat' dir='ltr'>Dominus</span> <span class='ocrx_word' id='word_1_83' title='bbox 3640 805 3692 860; x_wconf 88' lang='lat' dir='ltr'>in</span> <span class='ocrx_word' id='word_1_84' title='bbox 3729 806 3820 863; x_wconf 84' lang='lat' dir='ltr'>viis</span> 
     </span>
    </p>
   </div>
   <div class='ocr_carea' id='block_1_14' title="bbox 2211 893 3822 966">
    <p class='ocr_par' dir='ltr' id='par_1_14' title="bbox 2211 893 3822 966">
     <span class='ocr_line' id='line_1_14' title="bbox 2211 893 3822 966; baseline 0.001 -16"><span class='ocrx_word' id='word_1_85' title='bbox 2211 895 2356 954; x_wconf 84' lang='lat' dir='ltr'>suis.</span> <span class='ocrx_word' id='word_1_86' title='bbox 2391 899 2448 948; x_wconf 91' lang='lat' dir='ltr'>et</span> <span class='ocrx_word' id='word_1_87' title='bbox 2477 899 2718 950; x_wconf 89' lang='lat' dir='ltr'>sanctus</span> <span class='ocrx_word' id='word_1_88' title='bbox 2739 893 2796 948; x_wconf 91' lang='lat' dir='ltr'>in</span> <span class='ocrx_word' id='word_1_89' title='bbox 2821 893 3098 950; x_wconf 91' lang='lat' dir='ltr'>omnibus</span> <span class='ocrx_word' id='word_1_90' title='bbox 3119 893 3396 966; x_wconf 85' lang='lat' dir='ltr'>operibus</span> <span class='ocrx_word' id='word_1_91' title='bbox 3417 894 3560 964; x_wconf 85' lang='lat' dir='ltr'>suis,</span> <span class='ocrx_word' id='word_1_92' title='bbox 3582 894 3822 966; x_wconf 88' lang='lat' dir='ltr'>qui,cum</span> 
     </span>
    </p>
   </div>
   <div class='ocr_carea' id='block_1_15' title="bbox 2211 981 3822 1054">
    <p class='ocr_par' dir='ltr' id='par_1_15' title="bbox 2211 981 3822 1054">
     <span class='ocr_line' id='line_1_15' title="bbox 2211 981 3822 1054; baseline 0.001 -18"><span class='ocrx_word' id='word_1_93' title='bbox 2211 982 2269 1036; x_wconf 91' lang='lat' dir='ltr'>in</span> <span class='ocrx_word' id='word_1_94' title='bbox 2292 982 2835 1054; x_wconf 79' lang='lat' dir='ltr'>plerisquejudiciis</span> <span class='ocrx_word' id='word_1_95' title='bbox 2851 981 3462 1054; x_wconf 85' lang='lat' dir='ltr'>incomprehensibilis</span> <span class='ocrx_word' id='word_1_96' title='bbox 3483 981 3822 1049; x_wconf 87' lang='lat' dir='ltr'>babeatur,in</span> 
     </span>
    </p>
   </div>
   <div class='ocr_carea' id='block_1_16' title="bbox 2212 1068 3824 1143">
    <p class='ocr_par' dir='ltr' id='par_1_16' title="bbox 2212 1068 3824 1143">
     <span class='ocr_line' id='line_1_16' title="bbox 2212 1068 3824 1143; baseline 0.002 -20"><span class='ocrx_word' id='word_1_97' title='bbox 2212 1069 2374 1124; x_wconf 91' lang='lat' dir='ltr'>nullo</span> <span class='ocrx_word' id='word_1_98' title='bbox 2401 1087 2659 1142; x_wconf 84' lang='lat' dir='ltr'>unquam</span> <span class='ocrx_word' id='word_1_99' title='bbox 2687 1068 2840 1125; x_wconf 88' lang='lat' dir='ltr'>valet</span> <span class='ocrx_word' id='word_1_100' title='bbox 2871 1069 3346 1142; x_wconf 89' lang='lat' dir='ltr'>reprehensibilis</span> <span class='ocrx_word' id='word_1_101' title='bbox 3386 1069 3675 1138; x_wconf 68' lang='lat' dir='ltr'>aestimari,</span> <span class='ocrx_word' id='word_1_102' title='bbox 3720 1070 3824 1143; x_wconf 86' lang='lat' dir='ltr'>ipse</span> 
     </span>
    </p>
   </div>
   <div class='ocr_carea' id='block_1_17' title="bbox 451 1157 2103 1230">
    <p class='ocr_par' dir='ltr' id='par_1_17' title="bbox 451 1157 2103 1230">
     <span class='ocr_line' id='line_1_17' title="bbox 451 1157 2103 1230; baseline -0.001 -18"><span class='ocrx_word' id='word_1_103' title='bbox 451 1175 584 1213; x_wconf 90' lang='lat' dir='ltr'>rum</span> <span class='ocrx_word' id='word_1_104' title='bbox 643 1175 758 1214; x_wconf 90' lang='lat' dir='ltr'>non</span> <span class='ocrx_word' id='word_1_105' title='bbox 814 1159 1098 1214; x_wconf 90' lang='lat' dir='ltr'>divisione</span> <span class='ocrx_word' id='word_1_106' title='bbox 1146 1175 1457 1230; x_wconf 90' lang='lat' dir='ltr'>regnorum</span> <span class='ocrx_word' id='word_1_107' title='bbox 1516 1157 1638 1213; x_wconf 89' lang='lat' dir='ltr'>ulla</span> <span class='ocrx_word' id='word_1_108' title='bbox 1717 1157 2103 1212; x_wconf 89' lang='lat' dir='ltr'>diuturnitate</span> 
     </span>
    </p>
   </div>
   <div class='ocr_carea' id='block_1_18' title="bbox 454 1245 2104 1318">
    <p class='ocr_par' dir='ltr' id='par_1_18' title="bbox 454 1245 2104 1318">
     <span class='ocr_line' id='line_1_18' title="bbox 454 1245 2104 1318; baseline -0.001 -17"><span class='ocrx_word' id='word_1_109' title='bbox 454 1247 841 1318; x_wconf 88' lang='lat' dir='ltr'>possessionis</span> <span class='ocrx_word' id='word_1_110' title='bbox 871 1247 1216 1302; x_wconf 86' lang='lat' dir='ltr'>excluditur.</span> <span class='ocrx_word' id='word_1_111' title='bbox 1253 1247 1410 1303; x_wconf 88' lang='lat' dir='ltr'>Licet</span> <span class='ocrx_word' id='word_1_112' title='bbox 1441 1247 1618 1318; x_wconf 82' lang='lat' dir='ltr'>igitur</span> <span class='ocrx_word' id='word_1_113' title='bbox 1647 1247 1818 1302; x_wconf 88' lang='lat' dir='ltr'>annis</span> <span class='ocrx_word' id='word_1_114' title='bbox 1833 1245 2104 1318; x_wconf 88' lang='lat' dir='ltr'>plurimis</span> 
     </span>
    </p>
   </div>
   <div class='ocr_carea' id='block_1_19' title="bbox 431 1334 2101 1408">
    <p class='ocr_par' dir='ltr' id='par_1_19' title="bbox 431 1334 2101 1408">
     <span class='ocr_line' id='line_1_19' title="bbox 431 1334 2101 1408; baseline -0.001 -18"><span class='ocrx_word' id='word_1_115' title='bbox 431 1336 715 1390; x_wconf 83' lang='lat' dir='ltr'>-Romana</span> <span class='ocrx_word' id='word_1_116' title='bbox 771 1335 1031 1390; x_wconf 89' lang='lat' dir='ltr'>Ecclesia</span> <span class='ocrx_word' id='word_1_117' title='bbox 1087 1336 1331 1390; x_wconf 66' lang='lat' dir='ltr'>Corsicae</span> <span class='ocrx_word' id='word_1_118' title='bbox 1395 1335 1763 1408; x_wconf 83' lang='lat' dir='ltr'>possessione</span> <span class='ocrx_word' id='word_1_119' title='bbox 1831 1334 2101 1400; x_wconf 81' lang='lat' dir='ltr'>caruerit,</span> 
     </span>
    </p>
   </div>
   <div class='ocr_carea' id='block_1_20' title="bbox 453 1423 2102 1496">
    <p class='ocr_par' dir='ltr' id='par_1_20' title="bbox 453 1423 2102 1496">
     <span class='ocr_line' id='line_1_20' title="bbox 453 1423 2102 1496; baseline 0 -18"><span class='ocrx_word' id='word_1_120' title='bbox 453 1423 903 1496; x_wconf 70' lang='lat' dir='ltr'>praedecessoris</span> <span class='ocrx_word' id='word_1_121' title='bbox 927 1428 1124 1479; x_wconf 87' lang='lat' dir='ltr'>tamen</span> <span class='ocrx_word' id='word_1_122' title='bbox 1156 1424 1337 1479; x_wconf 87' lang='lat' dir='ltr'>nostri</span> <span class='ocrx_word' id='word_1_123' title='bbox 1360 1423 1617 1495; x_wconf 74' lang='lat' dir='ltr'>Gregorii</span> <span class='ocrx_word' id='word_1_124' title='bbox 1637 1423 1734 1478; x_wconf 86' lang='lat' dir='ltr'>Vll</span> <span class='ocrx_word' id='word_1_125' title='bbox 1761 1423 1818 1477; x_wconf 91' lang='lat' dir='ltr'>in</span> <span class='ocrx_word' id='word_1_126' title='bbox 1839 1424 2102 1494; x_wconf 85' lang='lat' dir='ltr'>ejusdem</span> 
     </span>
    </p>
   </div>
   <div class='ocr_carea' id='block_1_21' title="bbox 443 1511 2108 1584">
    <p class='ocr_par' dir='ltr' id='par_1_21' title="bbox 443 1511 2108 1584">
     <span class='ocr_line' id='line_1_21' title="bbox 443 1511 2108 1584; baseline -0.001 -17"><span class='ocrx_word' id='word_1_127' title='bbox 443 1514 546 1584; x_wconf 87' lang='lat' dir='ltr'>jus</span> <span class='ocrx_word' id='word_1_128' title='bbox 577 1513 842 1568; x_wconf 89' lang='lat' dir='ltr'>noscitur</span> <span class='ocrx_word' id='word_1_129' title='bbox 895 1517 1132 1568; x_wconf 86' lang='lat' dir='ltr'>auctore</span> <span class='ocrx_word' id='word_1_130' title='bbox 1184 1513 1432 1568; x_wconf 91' lang='lat' dir='ltr'>Domino</span> <span class='ocrx_word' id='word_1_131' title='bbox 1478 1511 1742 1567; x_wconf 85' lang='lat' dir='ltr'>rediisse.</span> <span class='ocrx_word' id='word_1_132' title='bbox 1777 1511 1894 1566; x_wconf 89' lang='lat' dir='ltr'>Nos</span> <span class='ocrx_word' id='word_1_133' title='bbox 1927 1511 2108 1584; x_wconf 87' lang='lat' dir='ltr'>igitur</span> 
     </span>
    </p>
   </div>
   <div class='ocr_carea' id='block_1_22' title="bbox 456 1600 2103 1672">
    <p class='ocr_par' dir='ltr' id='par_1_22' title="bbox 456 1600 2103 1672">
     <span class='ocr_line' id='line_1_22' title="bbox 456 1600 2103 1672; baseline -0.001 -16"><span class='ocrx_word' id='word_1_134' title='bbox 456 1601 736 1656; x_wconf 91' lang='lat' dir='ltr'>dilectiss.</span> <span class='ocrx_word' id='word_1_135' title='bbox 773 1603 840 1656; x_wconf 90' lang='lat' dir='ltr'>fr.</span> <span class='ocrx_word' id='word_1_136' title='bbox 874 1601 1056 1656; x_wconf 90' lang='lat' dir='ltr'>nostri</span> <span class='ocrx_word' id='word_1_137' title='bbox 1083 1601 1401 1657; x_wconf 87' lang='lat' dir='ltr'>Daimberti</span> <span class='ocrx_word' id='word_1_138' title='bbox 1433 1601 1779 1656; x_wconf 90' lang='lat' dir='ltr'>Pisanorum</span> <span class='ocrx_word' id='word_1_139' title='bbox 1824 1600 2103 1672; x_wconf 89' lang='lat' dir='ltr'>episcopi,</span> 
     </span>
    </p>
   </div>
   <div class='ocr_carea' id='block_1_23' title="bbox 457 1688 2103 1756">
    <p class='ocr_par' dir='ltr' id='par_1_23' title="bbox 457 1688 2103 1756">
     <span class='ocr_line' id='line_1_23' title="bbox 457 1688 2103 1756; baseline -0.002 -12"><span class='ocrx_word' id='word_1_140' title='bbox 457 1707 522 1744; x_wconf 86' lang='lat' dir='ltr'>ac</span> <span class='ocrx_word' id='word_1_141' title='bbox 556 1689 842 1744; x_wconf 90' lang='lat' dir='ltr'>nobilium</span> <span class='ocrx_word' id='word_1_142' title='bbox 877 1689 1115 1756; x_wconf 91' lang='lat' dir='ltr'>civium,</span> <span class='ocrx_word' id='word_1_143' title='bbox 1137 1694 1195 1746; x_wconf 88' lang='lat' dir='ltr'>et</span> <span class='ocrx_word' id='word_1_144' title='bbox 1225 1689 1585 1746; x_wconf 67' lang='lat' dir='ltr'>charissima</span> <span class='ocrx_word' id='word_1_145' title='bbox 1617 1689 1770 1742; x_wconf 87' lang='lat' dir='ltr'>beati</span> <span class='ocrx_word' id='word_1_146' title='bbox 1808 1688 1953 1744; x_wconf 88' lang='lat' dir='ltr'>Petri</span> <span class='ocrx_word' id='word_1_147' title='bbox 1975 1688 2103 1742; x_wconf 61' lang='lat' dir='ltr'>filiae</span> 
     </span>
    </p>
   </div>
   <div class='ocr_carea' id='block_1_24' title="bbox 457 1775 2183 1880">
    <p class='ocr_par' dir='ltr' id='par_1_24' title="bbox 457 1775 2183 1880">
     <span class='ocr_line' id='line_1_24' title="bbox 457 1775 2183 1880; baseline -0.002 -46"><span class='ocrx_word' id='word_1_148' title='bbox 457 1776 759 1834; x_wconf 88' lang='lat' dir='ltr'>Mathildis</span> <span class='ocrx_word' id='word_1_149' title='bbox 785 1777 1096 1832; x_wconf 68' lang='lat' dir='ltr'>comitissa:</span> <span class='ocrx_word' id='word_1_150' title='bbox 1127 1777 1624 1850; x_wconf 85' lang='lat' dir='ltr'>postulationibus</span> <span class='ocrx_word' id='word_1_151' title='bbox 1655 1776 1940 1880; x_wconf 70' lang='lat' dir='ltr'>inclinati,</span> <span class='ocrx_word' id='word_1_152' title='bbox 1968 1775 2107 1847; x_wconf 88' lang='lat' dir='ltr'>quia</span> <span class='ocrx_word' id='word_1_153' title='bbox 2136 1814 2183 1880; x_wconf 77' lang='grc' dir='ltr'><strong>Β</strong></span> 
     </span>
    </p>
   </div>
   <div class='ocr_carea' id='block_1_25' title="bbox 457 1863 2108 1938">
    <p class='ocr_par' dir='ltr' id='par_1_25' title="bbox 457 1863 2108 1938">
     <span class='ocr_line' id='line_1_25' title="bbox 457 1863 2108 1938; baseline -0.001 -16"><span class='ocrx_word' id='word_1_154' title='bbox 457 1865 712 1922; x_wconf 91' lang='lat' dir='ltr'>multum</span> <span class='ocrx_word' id='word_1_155' title='bbox 737 1867 865 1938; x_wconf 88' lang='lat' dir='ltr'>jam</span> <span class='ocrx_word' id='word_1_156' title='bbox 899 1867 1122 1921; x_wconf 89' lang='lat' dir='ltr'>dudum</span> <span class='ocrx_word' id='word_1_157' title='bbox 1155 1865 1454 1938; x_wconf 88' lang='lat' dir='ltr'>obsequiis</span> <span class='ocrx_word' id='word_1_158' title='bbox 1483 1867 1828 1921; x_wconf 88' lang='lat' dir='ltr'>Pisanorum</span> <span class='ocrx_word' id='word_1_159' title='bbox 1854 1863 2108 1937; x_wconf 87' lang='lat' dir='ltr'>gloriosa</span> 
     </span>
    </p>
   </div>
   <div class='ocr_carea' id='block_1_26' title="bbox 459 1953 2106 2020">
    <p class='ocr_par' dir='ltr' id='par_1_26' title="bbox 459 1953 2106 2020">
     <span class='ocr_line' id='line_1_26' title="bbox 459 1953 2106 2020; baseline -0.001 -10"><span class='ocrx_word' id='word_1_160' title='bbox 459 1954 734 2010; x_wconf 86' lang='lat' dir='ltr'>nobilitas</span> <span class='ocrx_word' id='word_1_161' title='bbox 765 1955 1090 2010; x_wconf 83' lang='lat' dir='ltr'>Romanam</span> <span class='ocrx_word' id='word_1_162' title='bbox 1125 1955 1237 2011; x_wconf 90' lang='lat' dir='ltr'>sibi</span> <span class='ocrx_word' id='word_1_163' title='bbox 1271 1955 1583 2010; x_wconf 86' lang='lat' dir='ltr'>Ecclesiam</span> <span class='ocrx_word' id='word_1_164' title='bbox 1616 1955 1748 2010; x_wconf 89' lang='lat' dir='ltr'>fecit</span> <span class='ocrx_word' id='word_1_165' title='bbox 1769 1953 2106 2020; x_wconf 84' lang='lat' dir='ltr'>obnoxiam,</span> 
     </span>
    </p>
   </div>
   <div class='ocr_carea' id='block_1_27' title="bbox 460 2041 2108 2116">
    <p class='ocr_par' dir='ltr' id='par_1_27' title="bbox 460 2041 2108 2116">
     <span class='ocr_line' id='line_1_27' title="bbox 460 2041 2108 2116; baseline -0.001 -18"><span class='ocrx_word' id='word_1_166' title='bbox 460 2043 798 2116; x_wconf 70' lang='lat' dir='ltr'>praedictam</span> <span class='ocrx_word' id='word_1_167' title='bbox 852 2042 1107 2098; x_wconf 87' lang='lat' dir='ltr'>insulam</span> <span class='ocrx_word' id='word_1_168' title='bbox 1151 2044 1273 2098; x_wconf 84' lang='lat' dir='ltr'>vice</span> <span class='ocrx_word' id='word_1_169' title='bbox 1323 2048 1520 2098; x_wconf 85' lang='lat' dir='ltr'>nostra</span> <span class='ocrx_word' id='word_1_170' title='bbox 1562 2043 1781 2098; x_wconf 75' lang='lat' dir='ltr'>Pisanze</span> <span class='ocrx_word' id='word_1_171' title='bbox 1843 2041 2108 2097; x_wconf 65' lang='lat' dir='ltr'>Ecclesiae</span> 
     </span>
    </p>
   </div>
   <div class='ocr_carea' id='block_1_28' title="bbox 461 2131 2110 2202">
    <p class='ocr_par' dir='ltr' id='par_1_28' title="bbox 461 2131 2110 2202">
     <span class='ocr_line' id='line_1_28' title="bbox 461 2131 2110 2202; baseline -0.002 -15"><span class='ocrx_word' id='word_1_172' title='bbox 461 2131 702 2188; x_wconf 88' lang='lat' dir='ltr'>consilio</span> <span class='ocrx_word' id='word_1_173' title='bbox 750 2131 1094 2188; x_wconf 90' lang='lat' dir='ltr'>clericorum</span> <span class='ocrx_word' id='word_1_174' title='bbox 1154 2131 1560 2199; x_wconf 88' lang='lat' dir='ltr'>cardinalium,</span> <span class='ocrx_word' id='word_1_175' title='bbox 1613 2131 1978 2202; x_wconf 88' lang='lat' dir='ltr'>aliorumque</span> <span class='ocrx_word' id='word_1_176' title='bbox 2005 2146 2110 2185; x_wconf 91' lang='lat' dir='ltr'>no-</span> 
     </span>
    </p>
   </div>
   <div class='ocr_carea' id='block_1_29' title="bbox 455 2218 2110 2282">
    <p class='ocr_par' dir='ltr' id='par_1_29' title="bbox 455 2218 2110 2282">
     <span class='ocr_line' id='line_1_29' title="bbox 455 2218 2110 2282; baseline -0.002 -6"><span class='ocrx_word' id='word_1_177' title='bbox 455 2227 718 2276; x_wconf 85' lang='lat' dir='ltr'>strorum</span> <span class='ocrx_word' id='word_1_178' title='bbox 749 2219 1010 2276; x_wconf 82' lang='lat' dir='ltr'>fidelium</span> <span class='ocrx_word' id='word_1_179' title='bbox 1041 2220 1470 2276; x_wconf 86' lang='lat' dir='ltr'>committimus</span> <span class='ocrx_word' id='word_1_180' title='bbox 1500 2225 1557 2276; x_wconf 87' lang='lat' dir='ltr'>et</span> <span class='ocrx_word' id='word_1_181' title='bbox 1584 2219 2007 2282; x_wconf 91' lang='lat' dir='ltr'>condonamus,</span> <span class='ocrx_word' id='word_1_182' title='bbox 2029 2218 2110 2273; x_wconf 90' lang='lat' dir='ltr'>ita</span> 
     </span>
    </p>
   </div>
   <div class='ocr_carea' id='block_1_30' title="bbox 459 2307 2109 2381">
    <p class='ocr_par' dir='ltr' id='par_1_30' title="bbox 459 2307 2109 2381">
     <span class='ocr_line' id='line_1_30' title="bbox 459 2307 2109 2381; baseline -0.001 -17"><span class='ocrx_word' id='word_1_183' title='bbox 459 2308 727 2364; x_wconf 83' lang='lat' dir='ltr'>videlicet</span> <span class='ocrx_word' id='word_1_184' title='bbox 757 2312 822 2364; x_wconf 91' lang='lat' dir='ltr'>ut</span> <span class='ocrx_word' id='word_1_185' title='bbox 850 2309 1112 2381; x_wconf 89' lang='lat' dir='ltr'>quandiu</span> <span class='ocrx_word' id='word_1_186' title='bbox 1144 2310 1346 2365; x_wconf 89' lang='lat' dir='ltr'>eadem</span> <span class='ocrx_word' id='word_1_187' title='bbox 1381 2309 1591 2364; x_wconf 90' lang='lat' dir='ltr'>Pisana</span> <span class='ocrx_word' id='word_1_188' title='bbox 1634 2309 1837 2364; x_wconf 85' lang='lat' dir='ltr'>civitas</span> <span class='ocrx_word' id='word_1_189' title='bbox 1887 2307 2109 2380; x_wconf 88' lang='lat' dir='ltr'>episco-</span> 
     </span>
    </p>
   </div>
   <div class='ocr_carea' id='block_1_31' title="bbox 459 2395 2110 2472">
    <p class='ocr_par' dir='ltr' id='par_1_31' title="bbox 459 2395 2110 2472">
     <span class='ocr_line' id='line_1_31' title="bbox 459 2395 2110 2472; baseline -0.002 -18"><span class='ocrx_word' id='word_1_190' title='bbox 459 2414 602 2471; x_wconf 89' lang='lat' dir='ltr'>pum</span> <span class='ocrx_word' id='word_1_191' title='bbox 630 2414 744 2453; x_wconf 92' lang='lat' dir='ltr'>non</span> <span class='ocrx_word' id='word_1_192' title='bbox 777 2397 1074 2454; x_wconf 87' lang='lat' dir='ltr'>invasione</span> <span class='ocrx_word' id='word_1_193' title='bbox 1107 2397 1430 2472; x_wconf 85' lang='lat' dir='ltr'>tyrannica,</span> <span class='ocrx_word' id='word_1_194' title='bbox 1481 2398 1582 2454; x_wconf 90' lang='lat' dir='ltr'>sed</span> <span class='ocrx_word' id='word_1_195' title='bbox 1624 2397 1758 2453; x_wconf 91' lang='lat' dir='ltr'>cleri</span> <span class='ocrx_word' id='word_1_196' title='bbox 1809 2401 1867 2452; x_wconf 90' lang='lat' dir='ltr'>et</span> <span class='ocrx_word' id='word_1_197' title='bbox 1912 2395 2110 2469; x_wconf 90' lang='lat' dir='ltr'>populi</span> 
     </span>
    </p>
   </div>
   <div class='ocr_carea' id='block_1_32' title="bbox 458 2485 2111 2559">
    <p class='ocr_par' dir='ltr' id='par_1_32' title="bbox 458 2485 2111 2559">
     <span class='ocr_line' id='line_1_32' title="bbox 458 2485 2111 2559; baseline -0.001 -15"><span class='ocrx_word' id='word_1_198' title='bbox 458 2487 736 2544; x_wconf 88' lang='lat' dir='ltr'>electione</span> <span class='ocrx_word' id='word_1_199' title='bbox 779 2487 1058 2542; x_wconf 90' lang='lat' dir='ltr'>canonica</span> <span class='ocrx_word' id='word_1_200' title='bbox 1100 2505 1203 2559; x_wconf 91' lang='lat' dir='ltr'>per</span> <span class='ocrx_word' id='word_1_201' title='bbox 1253 2486 1494 2542; x_wconf 80' lang='lat' dir='ltr'>Romani</span> <span class='ocrx_word' id='word_1_202' title='bbox 1546 2485 1840 2558; x_wconf 84' lang='lat' dir='ltr'>pontiﬁcis</span> <span class='ocrx_word' id='word_1_203' title='bbox 1899 2502 2111 2542; x_wconf 89' lang='lat' dir='ltr'>manus</span> 
     </span>
    </p>
   </div>
   <div class='ocr_carea' id='block_1_33' title="bbox 457 2575 2111 2648">
    <p class='ocr_par' dir='ltr' id='par_1_33' title="bbox 457 2575 2111 2648">
     <span class='ocr_line' id='line_1_33' title="bbox 457 2575 2111 2648; baseline -0.002 -17"><span class='ocrx_word' id='word_1_204' title='bbox 457 2577 763 2644; x_wconf 85' lang='lat' dir='ltr'>acceperit,</span> <span class='ocrx_word' id='word_1_205' title='bbox 789 2577 1284 2647; x_wconf 87' lang='lat' dir='ltr'>quemadmodum</span> <span class='ocrx_word' id='word_1_206' title='bbox 1308 2575 1740 2648; x_wconf 88' lang='lat' dir='ltr'>Landulphum,</span> <span class='ocrx_word' id='word_1_207' title='bbox 1763 2575 2111 2641; x_wconf 85' lang='lat' dir='ltr'>Gerardum,</span> 
     </span>
    </p>
   </div>
   <div class='ocr_carea' id='block_1_34' title="bbox 459 2663 2111 2734">
    <p class='ocr_par' dir='ltr' id='par_1_34' title="bbox 459 2663 2111 2734">
     <span class='ocr_line' id='line_1_34' title="bbox 459 2663 2111 2734; baseline -0.001 -15"><span class='ocrx_word' id='word_1_208' title='bbox 459 2667 516 2720; x_wconf 92' lang='lat' dir='ltr'>et</span> <span class='ocrx_word' id='word_1_209' title='bbox 545 2668 620 2732; x_wconf 90' lang='lat' dir='ltr'>te,</span> <span class='ocrx_word' id='word_1_210' title='bbox 649 2663 996 2719; x_wconf 87' lang='lat' dir='ltr'>charissime</span> <span class='ocrx_word' id='word_1_211' title='bbox 1019 2665 1194 2718; x_wconf 87' lang='lat' dir='ltr'>frater</span> <span class='ocrx_word' id='word_1_212' title='bbox 1214 2665 1566 2730; x_wconf 89' lang='lat' dir='ltr'>Daimberte,</span> <span class='ocrx_word' id='word_1_213' title='bbox 1593 2663 1888 2734; x_wconf 84' lang='lat' dir='ltr'>accepisse</span> <span class='ocrx_word' id='word_1_214' title='bbox 1910 2663 2111 2734; x_wconf 86' lang='lat' dir='ltr'>digno-</span> 
     </span>
    </p>
   </div>
   <div class='ocr_carea' id='block_1_35' title="bbox 461 2750 2112 2824">
    <p class='ocr_par' dir='ltr' id='par_1_35' title="bbox 461 2750 2112 2824">
     <span class='ocr_line' id='line_1_35' title="bbox 461 2750 2112 2824; baseline -0.001 -16"><span class='ocrx_word' id='word_1_215' title='bbox 461 2753 666 2820; x_wconf 85' lang='lat' dir='ltr'>scitur,</span> <span class='ocrx_word' id='word_1_216' title='bbox 699 2757 756 2808; x_wconf 89' lang='lat' dir='ltr'>et</span> <span class='ocrx_word' id='word_1_217' title='bbox 785 2751 1046 2824; x_wconf 90' lang='lat' dir='ltr'>quandiu</span> <span class='ocrx_word' id='word_1_218' title='bbox 1077 2753 1135 2807; x_wconf 91' lang='lat' dir='ltr'>in</span> <span class='ocrx_word' id='word_1_219' title='bbox 1164 2769 1232 2808; x_wconf 91' lang='lat' dir='ltr'>ea</span> <span class='ocrx_word' id='word_1_220' title='bbox 1261 2770 1439 2824; x_wconf 89' lang='lat' dir='ltr'>quam</span> <span class='ocrx_word' id='word_1_221' title='bbox 1471 2753 1644 2808; x_wconf 91' lang='lat' dir='ltr'>hodie</span> <span class='ocrx_word' id='word_1_222' title='bbox 1674 2751 1905 2807; x_wconf 84' lang='lat' dir='ltr'>exhibet</span> <span class='ocrx_word' id='word_1_223' title='bbox 1927 2750 2112 2806; x_wconf 88' lang='lat' dir='ltr'>Eccle-</span> 
     </span>
    </p>
   </div>
   <div class='ocr_carea' id='block_1_36' title="bbox 461 2840 2113 2912">
    <p class='ocr_par' dir='ltr' id='par_1_36' title="bbox 461 2840 2113 2912">
     <span class='ocr_line' id='line_1_36' title="bbox 461 2840 2113 2912; baseline -0.001 -15"><span class='ocrx_word' id='word_1_224' title='bbox 461 2841 564 2897; x_wconf 67' lang='lat' dir='ltr'>siae</span> <span class='ocrx_word' id='word_1_225' title='bbox 593 2841 866 2896; x_wconf 67' lang='lat' dir='ltr'>Romanis</span> <span class='ocrx_word' id='word_1_226' title='bbox 899 2840 1176 2896; x_wconf 85' lang='lat' dir='ltr'>fidelitate</span> <span class='ocrx_word' id='word_1_227' title='bbox 1200 2842 1538 2912; x_wconf 88' lang='lat' dir='ltr'>perstiterit,</span> <span class='ocrx_word' id='word_1_228' title='bbox 1572 2841 1750 2910; x_wconf 81' lang='lat' dir='ltr'>hujus</span> <span class='ocrx_word' id='word_1_229' title='bbox 1773 2847 1981 2896; x_wconf 70' lang='lat' dir='ltr'>nostra:</span> <span class='ocrx_word' id='word_1_230' title='bbox 2014 2841 2113 2896; x_wconf 84' lang='lat' dir='ltr'>do-</span> 
     </span>
    </p>
   </div>
   <div class='ocr_carea' id='block_1_37' title="bbox 461 2927 2113 3002">
    <p class='ocr_par' dir='ltr' id='par_1_37' title="bbox 461 2927 2113 3002">
     <span class='ocr_line' id='line_1_37' title="bbox 461 2927 2113 3002; baseline -0.001 -18"><span class='ocrx_word' id='word_1_231' title='bbox 461 2929 719 2984; x_wconf 88' lang='lat' dir='ltr'>nationis</span> <span class='ocrx_word' id='word_1_232' title='bbox 749 2927 1126 2984; x_wconf 89' lang='lat' dir='ltr'>locationisve</span> <span class='ocrx_word' id='word_1_233' title='bbox 1153 2930 1340 3002; x_wconf 89' lang='lat' dir='ltr'>gratia</span> <span class='ocrx_word' id='word_1_234' title='bbox 1369 2929 1775 3002; x_wconf 89' lang='lat' dir='ltr'>perfungatur,</span> <span class='ocrx_word' id='word_1_235' title='bbox 1805 2946 1873 2984; x_wconf 90' lang='lat' dir='ltr'>ea</span> <span class='ocrx_word' id='word_1_236' title='bbox 1889 2928 2113 2984; x_wconf 88' lang='lat' dir='ltr'>scilicet</span> 
     </span>
    </p>
   </div>
   <div class='ocr_carea' id='block_1_38' title="bbox 461 3016 2110 3089">
    <p class='ocr_par' dir='ltr' id='par_1_38' title="bbox 461 3016 2110 3089">
     <span class='ocr_line' id='line_1_38' title="bbox 461 3016 2110 3089; baseline -0.001 -16"><span class='ocrx_word' id='word_1_237' title='bbox 461 3016 794 3073; x_wconf 89' lang='lat' dir='ltr'>conditione</span> <span class='ocrx_word' id='word_1_238' title='bbox 824 3017 1152 3088; x_wconf 89' lang='lat' dir='ltr'>interjecta,</span> <span class='ocrx_word' id='word_1_239' title='bbox 1170 3023 1234 3072; x_wconf 90' lang='lat' dir='ltr'>ut</span> <span class='ocrx_word' id='word_1_240' title='bbox 1256 3033 1357 3089; x_wconf 89' lang='lat' dir='ltr'>per</span> <span class='ocrx_word' id='word_1_241' title='bbox 1377 3034 1562 3073; x_wconf 89' lang='lat' dir='ltr'>annos</span> <span class='ocrx_word' id='word_1_242' title='bbox 1581 3016 1846 3088; x_wconf 85' lang='lat' dir='ltr'>singulos</span> <span class='ocrx_word' id='word_1_243' title='bbox 1869 3019 2110 3072; x_wconf 67' lang='lat' dir='ltr'>Lucana:</span> 
     </span>
    </p>
   </div>
   <div class='ocr_carea' id='block_1_39' title="bbox 461 3105 2106 3179">
    <p class='ocr_par' dir='ltr' id='par_1_39' title="bbox 461 3105 2106 3179">
     <span class='ocr_line' id='line_1_39' title="bbox 461 3105 2106 3179; baseline -0.001 -17"><span class='ocrx_word' id='word_1_244' title='bbox 461 3110 707 3162; x_wconf 79' lang='lat' dir='ltr'>monetae</span> <span class='ocrx_word' id='word_1_245' title='bbox 739 3105 919 3162; x_wconf 89' lang='lat' dir='ltr'>libras</span> <span class='ocrx_word' id='word_1_246' title='bbox 972 3105 1405 3179; x_wconf 84' lang='lat' dir='ltr'>quinquaginta</span> <span class='ocrx_word' id='word_1_247' title='bbox 1450 3105 1818 3162; x_wconf 86' lang='lat' dir='ltr'>Lateranensi</span> <span class='ocrx_word' id='word_1_248' title='bbox 1869 3105 2106 3178; x_wconf 86' lang='lat' dir='ltr'>palatio,</span> 
     </span>
    </p>
   </div>
   <div class='ocr_carea' id='block_1_40' title="bbox 2210 1157 3824 1232">
    <p class='ocr_par' dir='ltr' id='par_1_40' title="bbox 2210 1157 3824 1232">
     <span class='ocr_line' id='line_1_40' title="bbox 2210 1157 3824 1232; baseline 0 -18"><span class='ocrx_word' id='word_1_249' title='bbox 2210 1160 2489 1214; x_wconf 86' lang='lat' dir='ltr'>transfert</span> <span class='ocrx_word' id='word_1_250' title='bbox 2520 1175 2698 1232; x_wconf 88' lang='lat' dir='ltr'>regna</span> <span class='ocrx_word' id='word_1_251' title='bbox 2727 1161 2784 1214; x_wconf 87' lang='lat' dir='ltr'>et</span> <span class='ocrx_word' id='word_1_252' title='bbox 2815 1162 3005 1214; x_wconf 87' lang='lat' dir='ltr'>mutat</span> <span class='ocrx_word' id='word_1_253' title='bbox 3036 1163 3316 1230; x_wconf 87' lang='lat' dir='ltr'>tempora:</span> <span class='ocrx_word' id='word_1_254' title='bbox 3344 1157 3457 1232; x_wconf 91' lang='lat' dir='ltr'>ipsi</span> <span class='ocrx_word' id='word_1_255' title='bbox 3487 1157 3670 1213; x_wconf 88' lang='lat' dir='ltr'>visum</span> <span class='ocrx_word' id='word_1_256' title='bbox 3683 1158 3824 1214; x_wconf 88' lang='lat' dir='ltr'>estin</span> 
     </span>
    </p>
   </div>
   <div class='ocr_carea' id='block_1_41' title="bbox 2211 1245 3826 1320">
    <p class='ocr_par' dir='ltr' id='par_1_41' title="bbox 2211 1245 3826 1320">
     <span class='ocr_line' id='line_1_41' title="bbox 2211 1245 3826 1320; baseline -0.001 -17"><span class='ocrx_word' id='word_1_257' title='bbox 2211 1249 2413 1303; x_wconf 86' lang='lat' dir='ltr'>eadem</span> <span class='ocrx_word' id='word_1_258' title='bbox 2447 1248 2589 1302; x_wconf 89' lang='lat' dir='ltr'>urbe</span> <span class='ocrx_word' id='word_1_259' title='bbox 2610 1247 2749 1304; x_wconf 88' lang='lat' dir='ltr'>olim</span> <span class='ocrx_word' id='word_1_260' title='bbox 2771 1247 3226 1303; x_wconf 88' lang='lat' dir='ltr'>Tarraconensis</span> <span class='ocrx_word' id='word_1_261' title='bbox 3249 1247 3413 1303; x_wconf 90' lang='lat' dir='ltr'>urbis</span> <span class='ocrx_word' id='word_1_262' title='bbox 3433 1245 3668 1320; x_wconf 79' lang='lat' dir='ltr'>gloriam</span> <span class='ocrx_word' id='word_1_263' title='bbox 3700 1245 3826 1303; x_wconf 83' lang='lat' dir='ltr'>exal-</span> 
     </span>
    </p>
   </div>
   <div class='ocr_carea' id='block_1_42' title="bbox 2211 1333 3824 1408">
    <p class='ocr_par' dir='ltr' id='par_1_42' title="bbox 2211 1333 3824 1408">
     <span class='ocr_line' id='line_1_42' title="bbox 2211 1333 3824 1408; baseline -0.001 -18"><span class='ocrx_word' id='word_1_264' title='bbox 2211 1340 2356 1396; x_wconf 83' lang='lat' dir='ltr'>tare:</span> <span class='ocrx_word' id='word_1_265' title='bbox 2399 1337 2508 1406; x_wconf 83' lang='lat' dir='ltr'>ipsi</span> <span class='ocrx_word' id='word_1_266' title='bbox 2551 1337 2740 1390; x_wconf 88' lang='lat' dir='ltr'>visum</span> <span class='ocrx_word' id='word_1_267' title='bbox 2772 1341 2860 1390; x_wconf 91' lang='lat' dir='ltr'>est</span> <span class='ocrx_word' id='word_1_268' title='bbox 2889 1337 2946 1390; x_wconf 91' lang='lat' dir='ltr'>in</span> <span class='ocrx_word' id='word_1_269' title='bbox 2978 1336 3180 1391; x_wconf 88' lang='lat' dir='ltr'>eadem</span> <span class='ocrx_word' id='word_1_270' title='bbox 3215 1335 3356 1390; x_wconf 88' lang='lat' dir='ltr'>urbe</span> <span class='ocrx_word' id='word_1_271' title='bbox 3391 1339 3622 1408; x_wconf 81' lang='lat' dir='ltr'>peccata</span> <span class='ocrx_word' id='word_1_272' title='bbox 3652 1333 3824 1408; x_wconf 89' lang='lat' dir='ltr'>populi</span> 
     </span>
    </p>
   </div>
   <div class='ocr_carea' id='block_1_43' title="bbox 2215 1423 3826 1496">
    <p class='ocr_par' dir='ltr' id='par_1_43' title="bbox 2215 1423 3826 1496">
     <span class='ocr_line' id='line_1_43' title="bbox 2215 1423 3826 1496; baseline 0.001 -17"><span class='ocrx_word' id='word_1_273' title='bbox 2215 1424 2302 1479; x_wconf 89' lang='lat' dir='ltr'>sui</span> <span class='ocrx_word' id='word_1_274' title='bbox 2338 1425 2590 1479; x_wconf 83' lang='lat' dir='ltr'>visitare.</span> <span class='ocrx_word' id='word_1_275' title='bbox 2623 1425 2766 1479; x_wconf 88' lang='lat' dir='ltr'>Cum</span> <span class='ocrx_word' id='word_1_276' title='bbox 2785 1425 2940 1479; x_wconf 90' lang='lat' dir='ltr'>enim</span> <span class='ocrx_word' id='word_1_277' title='bbox 2969 1424 3026 1478; x_wconf 91' lang='lat' dir='ltr'>in</span> <span class='ocrx_word' id='word_1_278' title='bbox 3044 1441 3111 1478; x_wconf 90' lang='lat' dir='ltr'>ea</span> <span class='ocrx_word' id='word_1_279' title='bbox 3127 1423 3584 1480; x_wconf 84' lang='lat' dir='ltr'>Christianorum</span> <span class='ocrx_word' id='word_1_280' title='bbox 3604 1424 3826 1496; x_wconf 85' lang='lat' dir='ltr'>populus</span> 
     </span>
    </p>
   </div>
   <div class='ocr_carea' id='block_1_44' title="bbox 2215 1512 3824 1584">
    <p class='ocr_par' dir='ltr' id='par_1_44' title="bbox 2215 1512 3824 1584">
     <span class='ocr_line' id='line_1_44' title="bbox 2215 1512 3824 1584; baseline 0 -16"><span class='ocrx_word' id='word_1_281' title='bbox 2215 1515 2524 1576; x_wconf 73' lang='lat' dir='ltr'>habitaret,</span> <span class='ocrx_word' id='word_1_282' title='bbox 2556 1513 2814 1568; x_wconf 79' lang='lat' dir='ltr'>visitavit</span> <span class='ocrx_word' id='word_1_283' title='bbox 2843 1513 2900 1568; x_wconf 89' lang='lat' dir='ltr'>in</span> <span class='ocrx_word' id='word_1_284' title='bbox 2935 1513 3096 1584; x_wconf 87' lang='lat' dir='ltr'>virga</span> <span class='ocrx_word' id='word_1_285' title='bbox 3123 1512 3468 1584; x_wconf 88' lang='lat' dir='ltr'>iniquitates</span> <span class='ocrx_word' id='word_1_286' title='bbox 3499 1529 3689 1568; x_wconf 90' lang='lat' dir='ltr'>corum</span> <span class='ocrx_word' id='word_1_287' title='bbox 3710 1513 3824 1568; x_wconf 87' lang='lat' dir='ltr'>etin</span> 
     </span>
    </p>
   </div>
   <div class='ocr_carea' id='block_1_45' title="bbox 2214 1601 3826 1673">
    <p class='ocr_par' dir='ltr' id='par_1_45' title="bbox 2214 1601 3826 1673">
     <span class='ocr_line' id='line_1_45' title="bbox 2214 1601 3826 1673; baseline 0.002 -20"><span class='ocrx_word' id='word_1_288' title='bbox 2214 1603 2556 1656; x_wconf 72' lang='lat' dir='ltr'>verberibus</span> <span class='ocrx_word' id='word_1_289' title='bbox 2589 1607 2821 1673; x_wconf 82' lang='lat' dir='ltr'>peccata</span> <span class='ocrx_word' id='word_1_290' title='bbox 2850 1618 3074 1656; x_wconf 89' lang='lat' dir='ltr'>eorum.</span> <span class='ocrx_word' id='word_1_291' title='bbox 3099 1601 3208 1656; x_wconf 88' lang='lat' dir='ltr'>Sed</span> <span class='ocrx_word' id='word_1_292' title='bbox 3241 1617 3373 1657; x_wconf 89' lang='lat' dir='ltr'>ecce</span> <span class='ocrx_word' id='word_1_293' title='bbox 3397 1602 3524 1672; x_wconf 88' lang='lat' dir='ltr'>jam</span> <span class='ocrx_word' id='word_1_294' title='bbox 3551 1601 3826 1657; x_wconf 85' lang='lat' dir='ltr'>transactis</span> 
     </span>
    </p>
   </div>
   <div class='ocr_carea' id='block_1_46' title="bbox 2213 1689 3825 1762">
    <p class='ocr_par' dir='ltr' id='par_1_46' title="bbox 2213 1689 3825 1762">
     <span class='ocr_line' id='line_1_46' title="bbox 2213 1689 3825 1762; baseline 0 -18"><span class='ocrx_word' id='word_1_295' title='bbox 2213 1690 2488 1745; x_wconf 87' lang='lat' dir='ltr'>trecentis</span> <span class='ocrx_word' id='word_1_296' title='bbox 2519 1690 2840 1762; x_wconf 81' lang='lat' dir='ltr'>nonaginta</span> <span class='ocrx_word' id='word_1_297' title='bbox 2869 1690 3060 1758; x_wconf 89' lang='lat' dir='ltr'>annis,</span> <span class='ocrx_word' id='word_1_298' title='bbox 3094 1707 3162 1746; x_wconf 84' lang='lat' dir='ltr'>ex</span> <span class='ocrx_word' id='word_1_299' title='bbox 3195 1706 3311 1761; x_wconf 89' lang='lat' dir='ltr'>quo</span> <span class='ocrx_word' id='word_1_300' title='bbox 3333 1690 3628 1762; x_wconf 67' lang='lat' dir='ltr'>praefatam</span> <span class='ocrx_word' id='word_1_301' title='bbox 3655 1689 3825 1745; x_wconf 88' lang='lat' dir='ltr'>urbem</span> 
     </span>
    </p>
   </div>
   <div class='ocr_carea' id='block_1_47' title="bbox 2214 1777 3824 1851">
    <p class='ocr_par' dir='ltr' id='par_1_47' title="bbox 2214 1777 3824 1851">
     <span class='ocr_line' id='line_1_47' title="bbox 2214 1777 3824 1851; baseline -0.002 -17"><span class='ocrx_word' id='word_1_302' title='bbox 2214 1781 2611 1850; x_wconf 85' lang='lat' dir='ltr'>Agarenorum</span> <span class='ocrx_word' id='word_1_303' title='bbox 2644 1795 2787 1851; x_wconf 91' lang='lat' dir='ltr'>gens</span> <span class='ocrx_word' id='word_1_304' title='bbox 2819 1795 2997 1851; x_wconf 89' lang='lat' dir='ltr'>prope</span> <span class='ocrx_word' id='word_1_305' title='bbox 3029 1777 3351 1834; x_wconf 88' lang='lat' dir='ltr'>solitariam</span> <span class='ocrx_word' id='word_1_306' title='bbox 3389 1778 3602 1848; x_wconf 84' lang='lat' dir='ltr'>fecerit,</span> <span class='ocrx_word' id='word_1_307' title='bbox 3643 1777 3824 1850; x_wconf 88' lang='lat' dir='ltr'>princi-</span> 
     </span>
    </p>
   </div>
   <div class='ocr_carea' id='block_1_48' title="bbox 2220 1866 3826 1939">
    <p class='ocr_par' dir='ltr' id='par_1_48' title="bbox 2220 1866 3826 1939">
     <span class='ocr_line' id='line_1_48' title="bbox 2220 1866 3826 1939; baseline -0.001 -17"><span class='ocrx_word' id='word_1_308' title='bbox 2220 1883 2356 1939; x_wconf 90' lang='lat' dir='ltr'>pum</span> <span class='ocrx_word' id='word_1_309' title='bbox 2373 1884 2612 1922; x_wconf 89' lang='lat' dir='ltr'>suorum</span> <span class='ocrx_word' id='word_1_310' title='bbox 2633 1867 2908 1923; x_wconf 86' lang='lat' dir='ltr'>cordibus</span> <span class='ocrx_word' id='word_1_311' title='bbox 2927 1867 3212 1938; x_wconf 89' lang='lat' dir='ltr'>inspirare</span> <span class='ocrx_word' id='word_1_312' title='bbox 3229 1866 3510 1939; x_wconf 89' lang='lat' dir='ltr'>dignatus</span> <span class='ocrx_word' id='word_1_313' title='bbox 3527 1871 3612 1923; x_wconf 91' lang='lat' dir='ltr'>est</span> <span class='ocrx_word' id='word_1_314' title='bbox 3633 1869 3690 1921; x_wconf 91' lang='lat' dir='ltr'>ut</span> <span class='ocrx_word' id='word_1_315' title='bbox 3701 1866 3826 1936; x_wconf 82' lang='lat' dir='ltr'>ejus-</span> 
     </span>
    </p>
   </div>
   <div class='ocr_carea' id='block_1_49' title="bbox 2218 1955 3825 2028">
    <p class='ocr_par' dir='ltr' id='par_1_49' title="bbox 2218 1955 3825 2028">
     <span class='ocr_line' id='line_1_49' title="bbox 2218 1955 3825 2028; baseline -0.001 -17"><span class='ocrx_word' id='word_1_316' title='bbox 2218 1957 2348 2011; x_wconf 88' lang='lat' dir='ltr'>dem</span> <span class='ocrx_word' id='word_1_317' title='bbox 2367 1957 2529 2012; x_wconf 88' lang='lat' dir='ltr'>urbis</span> <span class='ocrx_word' id='word_1_318' title='bbox 2545 1955 2919 2022; x_wconf 82' lang='lat' dir='ltr'>restitutioni,</span> <span class='ocrx_word' id='word_1_319' title='bbox 2933 1955 3257 2011; x_wconf 90' lang='lat' dir='ltr'>secundum</span> <span class='ocrx_word' id='word_1_320' title='bbox 3273 1959 3623 2028; x_wconf 66' lang='lat' dir='ltr'>praeceptum</span> <span class='ocrx_word' id='word_1_321' title='bbox 3635 1959 3825 2026; x_wconf 86' lang='lat' dir='ltr'>aposto-</span> 
     </span>
    </p>
   </div>
   <div class='ocr_carea' id='block_1_50' title="bbox 2217 2030 3826 2116">
    <p class='ocr_par' dir='ltr' id='par_1_50' title="bbox 2217 2030 3826 2116">
     <span class='ocr_line' id='line_1_50' title="bbox 2217 2030 3826 2116; baseline 0 -18"><span class='ocrx_word' id='word_1_322' title='bbox 2217 2044 2338 2100; x_wconf 66' lang='lat' dir='ltr'>licae</span> <span class='ocrx_word' id='word_1_323' title='bbox 2379 2045 2553 2109; x_wconf 82' lang='lat' dir='ltr'>sedis,</span> <span class='ocrx_word' id='word_1_324' title='bbox 2597 2045 2690 2098; x_wconf 84' lang='lat' dir='ltr'>cui</span> <span class='ocrx_word' id='word_1_325' title='bbox 2739 2030 3083 2100; x_wconf 83' lang='lat' dir='ltr'>auctoritate</span> <span class='ocrx_word' id='word_1_326' title='bbox 3134 2043 3233 2100; x_wconf 87' lang='lat' dir='ltr'>Dei</span> <span class='ocrx_word' id='word_1_327' title='bbox 3283 2045 3370 2116; x_wconf 64' lang='lat'>[[2,</span> <span class='ocrx_word' id='word_1_328' title='bbox 3427 2048 3652 2100; x_wconf 89' lang='lat' dir='ltr'>auctore</span> <span class='ocrx_word' id='word_1_329' title='bbox 3697 2043 3826 2114; x_wconf 89' lang='lat' dir='ltr'>Deo],</span> 
     </span>
    </p>
   </div>
   <div class='ocr_carea' id='block_1_51' title="bbox 2217 2131 3828 2205">
    <p class='ocr_par' dir='ltr' id='par_1_51' title="bbox 2217 2131 3828 2205">
     <span class='ocr_line' id='line_1_51' title="bbox 2217 2131 3828 2205; baseline -0.001 -19"><span class='ocrx_word' id='word_1_330' title='bbox 2217 2131 2353 2188; x_wconf 88' lang='lat' dir='ltr'>licet</span> <span class='ocrx_word' id='word_1_331' title='bbox 2383 2132 2630 2204; x_wconf 88' lang='lat' dir='ltr'>indigni,</span> <span class='ocrx_word' id='word_1_332' title='bbox 2665 2132 3067 2204; x_wconf 67' lang='lat' dir='ltr'>praesidemus,</span> <span class='ocrx_word' id='word_1_333' title='bbox 3094 2133 3459 2189; x_wconf 85' lang='lat' dir='ltr'>insisterent.</span> <span class='ocrx_word' id='word_1_334' title='bbox 3483 2131 3828 2205; x_wconf 82' lang='lat' dir='ltr'>Berengarius</span> 
     </span>
    </p>
   </div>
   <div class='ocr_carea' id='block_1_52' title="bbox 2219 2222 3828 2294">
    <p class='ocr_par' dir='ltr' id='par_1_52' title="bbox 2219 2222 3828 2294">
     <span class='ocr_line' id='line_1_52' title="bbox 2219 2222 3828 2294; baseline -0.002 -17"><span class='ocrx_word' id='word_1_335' title='bbox 2219 2223 2349 2294; x_wconf 89' lang='lat' dir='ltr'>siqu</span> <span class='ocrx_word' id='word_1_336' title='bbox 2361 2222 3030 2288; x_wconf 87' lang='lat' dir='ltr'>idem,Barchinonensis</span> <span class='ocrx_word' id='word_1_337' title='bbox 3044 2239 3260 2289; x_wconf 91' lang='lat' dir='ltr'>comes,</span> <span class='ocrx_word' id='word_1_338' title='bbox 3275 2222 3639 2278; x_wconf 86' lang='lat' dir='ltr'>auctoritatis</span> <span class='ocrx_word' id='word_1_339' title='bbox 3651 2225 3828 2276; x_wconf 71' lang='lat' dir='ltr'>nostra</span> 
     </span>
    </p>
   </div>
   <div class='ocr_carea' id='block_1_53' title="bbox 2220 2307 3828 2383">
    <p class='ocr_par' dir='ltr' id='par_1_53' title="bbox 2220 2307 3828 2383">
     <span class='ocr_line' id='line_1_53' title="bbox 2220 2307 3828 2383; baseline -0.001 -18"><span class='ocrx_word' id='word_1_340' title='bbox 2220 2311 2598 2383; x_wconf 82' lang='lat' dir='ltr'>persuasione</span> <span class='ocrx_word' id='word_1_341' title='bbox 2629 2309 3042 2378; x_wconf 89' lang='lat' dir='ltr'>commonitus,</span> <span class='ocrx_word' id='word_1_342' title='bbox 3076 2326 3180 2383; x_wconf 93' lang='lat' dir='ltr'>pro</span> <span class='ocrx_word' id='word_1_343' title='bbox 3226 2311 3440 2366; x_wconf 66' lang='lat' dir='ltr'>animae</span> <span class='ocrx_word' id='word_1_344' title='bbox 3489 2325 3606 2368; x_wconf 70' lang='lat' dir='ltr'>sum</span> <span class='ocrx_word' id='word_1_345' title='bbox 3649 2307 3828 2374; x_wconf 89' lang='lat' dir='ltr'>salute,</span> 
     </span>
    </p>
   </div>
   <div class='ocr_carea' id='block_1_54' title="bbox 2219 2396 3832 2471">
    <p class='ocr_par' dir='ltr' id='par_1_54' title="bbox 2219 2396 3832 2471">
     <span class='ocr_line' id='line_1_54' title="bbox 2219 2396 3832 2471; baseline -0.002 -18"><span class='ocrx_word' id='word_1_346' title='bbox 2219 2415 2350 2453; x_wconf 92' lang='lat' dir='ltr'>cum</span> <span class='ocrx_word' id='word_1_347' title='bbox 2380 2415 2497 2453; x_wconf 69' lang='lat' dir='ltr'>sua:</span> <span class='ocrx_word' id='word_1_348' title='bbox 2529 2397 2831 2470; x_wconf 86' lang='lat' dir='ltr'>potestatis</span> <span class='ocrx_word' id='word_1_349' title='bbox 2861 2398 3236 2471; x_wconf 89' lang='lat' dir='ltr'>magnatibus</span> <span class='ocrx_word' id='word_1_350' title='bbox 3266 2415 3385 2454; x_wconf 88' lang='lat' dir='ltr'>non</span> <span class='ocrx_word' id='word_1_351' title='bbox 3418 2397 3606 2456; x_wconf 90' lang='lat' dir='ltr'>solum</span> <span class='ocrx_word' id='word_1_352' title='bbox 3633 2396 3832 2454; x_wconf 85' lang='lat' dir='ltr'>restitu-</span> 
     </span>
    </p>
   </div>
   <div class='ocr_carea' id='block_1_55' title="bbox 2217 2485 3831 2558">
    <p class='ocr_par' dir='ltr' id='par_1_55' title="bbox 2217 2485 3831 2558">
     <span class='ocr_line' id='line_1_55' title="bbox 2217 2485 3831 2558; baseline -0.002 -16"><span class='ocrx_word' id='word_1_353' title='bbox 2217 2485 2362 2542; x_wconf 91' lang='lat' dir='ltr'>tioni</span> <span class='ocrx_word' id='word_1_354' title='bbox 2394 2486 2642 2558; x_wconf 66' lang='lat' dir='ltr'>praefatis</span> <span class='ocrx_word' id='word_1_355' title='bbox 2675 2487 2836 2541; x_wconf 87' lang='lat' dir='ltr'>urbis</span> <span class='ocrx_word' id='word_1_356' title='bbox 2868 2486 3091 2542; x_wconf 88' lang='lat' dir='ltr'>insistit</span> <span class='ocrx_word' id='word_1_357' title='bbox 3121 2486 3405 2558; x_wconf 88' lang='lat' dir='ltr'>[institit],</span> <span class='ocrx_word' id='word_1_358' title='bbox 3437 2487 3535 2544; x_wconf 89' lang='lat' dir='ltr'>sed</span> <span class='ocrx_word' id='word_1_359' title='bbox 3567 2491 3623 2543; x_wconf 88' lang='lat' dir='ltr'>et</span> <span class='ocrx_word' id='word_1_360' title='bbox 3657 2485 3831 2542; x_wconf 86' lang='lat' dir='ltr'>urbem</span> 
     </span>
    </p>
   </div>
   <div class='ocr_carea' id='block_1_56' title="bbox 2219 2573 3833 2648">
    <p class='ocr_par' dir='ltr' id='par_1_56' title="bbox 2219 2573 3833 2648">
     <span class='ocr_line' id='line_1_56' title="bbox 2219 2573 3833 2648; baseline -0.002 -18"><span class='ocrx_word' id='word_1_361' title='bbox 2219 2576 2430 2648; x_wconf 86' lang='lat' dir='ltr'>ipsam,</span> <span class='ocrx_word' id='word_1_362' title='bbox 2465 2580 2521 2629; x_wconf 87' lang='lat' dir='ltr'>et</span> <span class='ocrx_word' id='word_1_363' title='bbox 2551 2591 2782 2629; x_wconf 88' lang='lat' dir='ltr'>omnem</span> <span class='ocrx_word' id='word_1_364' title='bbox 2815 2591 2934 2630; x_wconf 71' lang='lat' dir='ltr'>suae</span> <span class='ocrx_word' id='word_1_365' title='bbox 2967 2575 3270 2646; x_wconf 85' lang='lat' dir='ltr'>potestatis</span> <span class='ocrx_word' id='word_1_366' title='bbox 3302 2580 3542 2643; x_wconf 87' lang='lat' dir='ltr'>terram,</span> <span class='ocrx_word' id='word_1_367' title='bbox 3588 2576 3648 2631; x_wconf 94' lang='lat' dir='ltr'>B.</span> <span class='ocrx_word' id='word_1_368' title='bbox 3697 2573 3833 2628; x_wconf 86' lang='lat' dir='ltr'>Petro</span> 
     </span>
    </p>
   </div>
   <div class='ocr_carea' id='block_1_57' title="bbox 2219 2661 3834 2735">
    <p class='ocr_par' dir='ltr' id='par_1_57' title="bbox 2219 2661 3834 2735">
     <span class='ocr_line' id='line_1_57' title="bbox 2219 2661 3834 2735; baseline -0.002 -17"><span class='ocrx_word' id='word_1_369' title='bbox 2219 2663 2467 2735; x_wconf 82' lang='lat' dir='ltr'>ejusque</span> <span class='ocrx_word' id='word_1_370' title='bbox 2480 2663 2710 2718; x_wconf 82' lang='lat' dir='ltr'>vicariis</span> <span class='ocrx_word' id='word_1_371' title='bbox 2731 2661 2898 2735; x_wconf 84' lang='lat' dir='ltr'>legali</span> <span class='ocrx_word' id='word_1_372' title='bbox 2920 2661 3296 2734; x_wconf 88' lang='lat' dir='ltr'>stipulatione</span> <span class='ocrx_word' id='word_1_373' title='bbox 3317 2663 3580 2731; x_wconf 88' lang='lat' dir='ltr'>tradidit,</span> <span class='ocrx_word' id='word_1_374' title='bbox 3603 2676 3834 2719; x_wconf 85' lang='lat' dir='ltr'>censum-</span> 
     </span>
    </p>
   </div>
   <div class='ocr_carea' id='block_1_58' title="bbox 2221 2750 3831 2825">
    <p class='ocr_par' dir='ltr' id='par_1_58' title="bbox 2221 2750 3831 2825">
     <span class='ocr_line' id='line_1_58' title="bbox 2221 2750 3831 2825; baseline -0.002 -18"><span class='ocrx_word' id='word_1_375' title='bbox 2221 2769 2334 2824; x_wconf 89' lang='lat' dir='ltr'>que</span> <span class='ocrx_word' id='word_1_376' title='bbox 2363 2753 2620 2825; x_wconf 89' lang='lat' dir='ltr'>quinque</span> <span class='ocrx_word' id='word_1_377' title='bbox 2649 2751 2932 2807; x_wconf 90' lang='lat' dir='ltr'>librarum</span> <span class='ocrx_word' id='word_1_378' title='bbox 2965 2751 3188 2824; x_wconf 87' lang='lat' dir='ltr'>argenti</span> <span class='ocrx_word' id='word_1_379' title='bbox 3223 2752 3600 2808; x_wconf 86' lang='lat' dir='ltr'>Lateranensi</span> <span class='ocrx_word' id='word_1_380' title='bbox 3647 2750 3831 2823; x_wconf 85' lang='lat' dir='ltr'>palatio</span> 
     </span>
    </p>
   </div>
   <div class='ocr_carea' id='block_1_59' title="bbox 2222 2839 3833 2913">
    <p class='ocr_par' dir='ltr' id='par_1_59' title="bbox 2222 2839 3833 2913">
     <span class='ocr_line' id='line_1_59' title="bbox 2222 2839 3833 2913; baseline -0.002 -17"><span class='ocrx_word' id='word_1_381' title='bbox 2222 2841 2394 2913; x_wconf 83' lang='lat' dir='ltr'>[add.,</span> <span class='ocrx_word' id='word_1_382' title='bbox 2428 2841 2698 2912; x_wconf 83' lang='lat' dir='ltr'>singulis]</span> <span class='ocrx_word' id='word_1_383' title='bbox 2731 2841 2902 2895; x_wconf 89' lang='lat' dir='ltr'>annis</span> <span class='ocrx_word' id='word_1_384' title='bbox 2932 2839 3274 2896; x_wconf 90' lang='lat' dir='ltr'>solvendum</span> <span class='ocrx_word' id='word_1_385' title='bbox 3309 2840 3590 2898; x_wconf 88' lang='lat' dir='ltr'>instituit.</span> <span class='ocrx_word' id='word_1_386' title='bbox 3622 2839 3730 2896; x_wconf 90' lang='lat' dir='ltr'>Nos</span> <span class='ocrx_word' id='word_1_387' title='bbox 3748 2839 3833 2894; x_wconf 81' lang='lat' dir='ltr'>ita-</span> 
     </span>
    </p>
   </div>
   <div class='ocr_carea' id='block_1_60' title="bbox 2221 2927 3835 3002">
    <p class='ocr_par' dir='ltr' id='par_1_60' title="bbox 2221 2927 3835 3002">
     <span class='ocr_line' id='line_1_60' title="bbox 2221 2927 3835 3002; baseline -0.001 -18"><span class='ocrx_word' id='word_1_388' title='bbox 2221 2947 2354 3002; x_wconf 87' lang='lat' dir='ltr'>que,</span> <span class='ocrx_word' id='word_1_389' title='bbox 2390 2935 2698 3002; x_wconf 64' lang='lat' dir='ltr'>praestante</span> <span class='ocrx_word' id='word_1_390' title='bbox 2721 2929 2856 2995; x_wconf 91' lang='lat' dir='ltr'>Deo,</span> <span class='ocrx_word' id='word_1_391' title='bbox 2871 2929 3262 2984; x_wconf 87' lang='lat' dir='ltr'>restitutionis</span> <span class='ocrx_word' id='word_1_392' title='bbox 3279 2927 3462 3000; x_wconf 88' lang='lat' dir='ltr'>hujus</span> <span class='ocrx_word' id='word_1_393' title='bbox 3483 2935 3742 3002; x_wconf 84' lang='lat' dir='ltr'>optamus</span> <span class='ocrx_word' id='word_1_394' title='bbox 3763 2944 3835 2984; x_wconf 90' lang='lat' dir='ltr'>co-</span> 
     </span>
    </p>
   </div>
   <div class='ocr_carea' id='block_1_61' title="bbox 2220 3017 3828 3090">
    <p class='ocr_par' dir='ltr' id='par_1_61' title="bbox 2220 3017 3828 3090">
     <span class='ocr_line' id='line_1_61' title="bbox 2220 3017 3828 3090; baseline -0.001 -16"><span class='ocrx_word' id='word_1_395' title='bbox 2220 3023 2550 3090; x_wconf 90' lang='lat' dir='ltr'>operatores</span> <span class='ocrx_word' id='word_1_396' title='bbox 2591 3017 2858 3088; x_wconf 86' lang='lat' dir='ltr'>existere,</span> <span class='ocrx_word' id='word_1_397' title='bbox 2907 3017 3166 3090; x_wconf 67' lang='lat' dir='ltr'>praedicti</span> <span class='ocrx_word' id='word_1_398' title='bbox 3213 3018 3451 3074; x_wconf 90' lang='lat' dir='ltr'>comitis</span> <span class='ocrx_word' id='word_1_399' title='bbox 3500 3019 3828 3082; x_wconf 86' lang='lat' dir='ltr'>institutum,</span> 
     </span>
    </p>
   </div>
   <div class='ocr_carea' id='block_1_62' title="bbox 2223 3105 3835 3178">
    <p class='ocr_par' dir='ltr' id='par_1_62' title="bbox 2223 3105 3835 3178">
     <span class='ocr_line' id='line_1_62' title="bbox 2223 3105 3835 3178; baseline -0.001 -17"><span class='ocrx_word' id='word_1_400' title='bbox 2223 3107 2638 3178; x_wconf 86' lang='lat' dir='ltr'>libertatesque</span> <span class='ocrx_word' id='word_1_401' title='bbox 2667 3111 2723 3162; x_wconf 89' lang='lat' dir='ltr'>et</span> <span class='ocrx_word' id='word_1_402' title='bbox 2743 3105 3218 3173; x_wconf 89' lang='lat' dir='ltr'>consuetudines,</span> <span class='ocrx_word' id='word_1_403' title='bbox 3243 3122 3393 3178; x_wconf 88' lang='lat' dir='ltr'>quas</span> <span class='ocrx_word' id='word_1_404' title='bbox 3417 3108 3578 3163; x_wconf 91' lang='lat' dir='ltr'>novis</span> <span class='ocrx_word' id='word_1_405' title='bbox 3597 3107 3835 3162; x_wconf 85' lang='lat' dir='ltr'>Tarraco-</span> 
     </span>
    </p>
   </div>
   <div class='ocr_carea' id='block_1_63' title="bbox 459 3181 3834 3268">
    <p class='ocr_par' dir='ltr' id='par_1_63' title="bbox 459 3181 3834 3268">
     <span class='ocr_line' id='line_1_63' title="bbox 459 3181 3834 3268; baseline -0.001 -18"><span class='ocrx_word' id='word_1_406' title='bbox 459 3201 682 3252; x_wconf 86' lang='lat' dir='ltr'>remota</span> <span class='ocrx_word' id='word_1_407' title='bbox 709 3195 970 3267; x_wconf 88' lang='lat' dir='ltr'>qualibet</span> <span class='ocrx_word' id='word_1_408' title='bbox 1000 3195 1324 3261; x_wconf 89' lang='lat' dir='ltr'>occasione,</span> <span class='ocrx_word' id='word_1_409' title='bbox 1376 3194 1685 3267; x_wconf 89' lang='lat' dir='ltr'>persolvat.</span> <span class='ocrx_word' id='word_1_410' title='bbox 1737 3195 1927 3266; x_wconf 87' lang='lat' dir='ltr'>Hujus</span> <span class='ocrx_word' id='word_1_411' title='bbox 1965 3211 2103 3267; x_wconf 90' lang='lat' dir='ltr'>ergo</span> <span class='ocrx_word' id='word_1_412' title='bbox 2137 3181 2180 3247; x_wconf 87' lang='lat' dir='ltr'><strong><em>C</em></strong></span> <span class='ocrx_word' id='word_1_413' title='bbox 2219 3195 2418 3252; x_wconf 89' lang='lat' dir='ltr'>nensis</span> <span class='ocrx_word' id='word_1_414' title='bbox 2451 3195 2612 3250; x_wconf 90' lang='lat' dir='ltr'>urbis</span> <span class='ocrx_word' id='word_1_415' title='bbox 2645 3193 2867 3250; x_wconf 90' lang='lat' dir='ltr'>colonis</span> <span class='ocrx_word' id='word_1_416' title='bbox 2897 3192 3304 3266; x_wconf 89' lang='lat' dir='ltr'>promulgasse</span> <span class='ocrx_word' id='word_1_417' title='bbox 3332 3195 3718 3268; x_wconf 87' lang='lat' dir='ltr'>cognoscitur,</span> <span class='ocrx_word' id='word_1_418' title='bbox 3744 3191 3834 3248; x_wconf 89' lang='lat' dir='ltr'>col-</span> 
     </span>
    </p>
   </div>
   <div class='ocr_carea' id='block_1_64' title="bbox 458 3283 2105 3340">
    <p class='ocr_par' dir='ltr' id='par_1_64' title="bbox 458 3283 2105 3340">
     <span class='ocr_line' id='line_1_64' title="bbox 458 3283 2105 3340; baseline -0.001 0"><span class='ocrx_word' id='word_1_419' title='bbox 458 3289 668 3340; x_wconf 70' lang='lat' dir='ltr'>nostrze</span> <span class='ocrx_word' id='word_1_420' title='bbox 727 3283 1032 3340; x_wconf 88' lang='lat' dir='ltr'>locationis</span> <span class='ocrx_word' id='word_1_421' title='bbox 1075 3288 1335 3340; x_wconf 78' lang='lat' dir='ltr'>tenorem</span> <span class='ocrx_word' id='word_1_422' title='bbox 1407 3285 1820 3340; x_wconf 91' lang='lat' dir='ltr'>inconcussum</span> <span class='ocrx_word' id='word_1_423' title='bbox 1867 3284 2105 3339; x_wconf 90' lang='lat' dir='ltr'>omnino</span> 
     </span>
    </p>
   </div>
   <div class='ocr_carea' id='block_1_65' title="bbox 459 3373 2102 3446">
    <p class='ocr_par' dir='ltr' id='par_1_65' title="bbox 459 3373 2102 3446">
     <span class='ocr_line' id='line_1_65' title="bbox 459 3373 2102 3446; baseline -0.001 -16"><span class='ocrx_word' id='word_1_424' title='bbox 459 3390 696 3430; x_wconf 82' lang='lat' dir='ltr'>manere</span> <span class='ocrx_word' id='word_1_425' title='bbox 742 3377 942 3430; x_wconf 89' lang='lat' dir='ltr'>nostra</span> <span class='ocrx_word' id='word_1_426' title='bbox 1014 3373 1335 3446; x_wconf 87' lang='lat' dir='ltr'>apostolica</span> <span class='ocrx_word' id='word_1_427' title='bbox 1382 3373 1724 3429; x_wconf 89' lang='lat' dir='ltr'>auctoritate</span> <span class='ocrx_word' id='word_1_428' title='bbox 1782 3373 2102 3440; x_wconf 86' lang='lat' dir='ltr'>sancimus,</span> 
     </span>
    </p>
   </div>
   <div class='ocr_carea' id='block_1_66' title="bbox 457 3461 2106 3536">
    <p class='ocr_par' dir='ltr' id='par_1_66' title="bbox 457 3461 2106 3536">
     <span class='ocr_line' id='line_1_66' title="bbox 457 3461 2106 3536; baseline 0 -18"><span class='ocrx_word' id='word_1_429' title='bbox 457 3462 720 3536; x_wconf 90' lang='lat' dir='ltr'>quandiu</span> <span class='ocrx_word' id='word_1_430' title='bbox 751 3479 818 3520; x_wconf 90' lang='lat' dir='ltr'>ac</span> <span class='ocrx_word' id='word_1_431' title='bbox 843 3461 955 3535; x_wconf 90' lang='lat' dir='ltr'>ipsi</span> <span class='ocrx_word' id='word_1_432' title='bbox 989 3463 1342 3535; x_wconf 64' lang='lat' dir='ltr'>praescripta;</span> <span class='ocrx_word' id='word_1_433' title='bbox 1367 3461 1664 3518; x_wconf 83' lang='lat' dir='ltr'>fidelitatis</span> <span class='ocrx_word' id='word_1_434' title='bbox 1689 3463 2106 3534; x_wconf 90' lang='lat' dir='ltr'>pensionisque</span> 
     </span>
    </p>
   </div>
   <div class='ocr_carea' id='block_1_67' title="bbox 457 3551 2106 3614">
    <p class='ocr_par' dir='ltr' id='par_1_67' title="bbox 457 3551 2106 3614">
     <span class='ocr_line' id='line_1_67' title="bbox 457 3551 2106 3614; baseline -0.001 -6"><span class='ocrx_word' id='word_1_435' title='bbox 457 3557 719 3608; x_wconf 77' lang='lat' dir='ltr'>tenorem</span> <span class='ocrx_word' id='word_1_436' title='bbox 775 3552 971 3608; x_wconf 90' lang='lat' dir='ltr'>debita</span> <span class='ocrx_word' id='word_1_437' title='bbox 1018 3553 1324 3609; x_wconf 89' lang='lat' dir='ltr'>devotione</span> <span class='ocrx_word' id='word_1_438' title='bbox 1389 3552 1760 3607; x_wconf 87' lang='lat' dir='ltr'>servaverint.</span> <span class='ocrx_word' id='word_1_439' title='bbox 1826 3551 2106 3614; x_wconf 87' lang='lat' dir='ltr'>Quocirca</span> 
     </span>
    </p>
   </div>
   <div class='ocr_carea' id='block_1_68' title="bbox 455 3641 2105 3712">
    <p class='ocr_par' dir='ltr' id='par_1_68' title="bbox 455 3641 2105 3712">
     <span class='ocr_line' id='line_1_68' title="bbox 455 3641 2105 3712; baseline -0.001 -15"><span class='ocrx_word' id='word_1_440' title='bbox 455 3657 828 3698; x_wconf 87' lang='lat' dir='ltr'>successores</span> <span class='ocrx_word' id='word_1_441' title='bbox 875 3644 1106 3696; x_wconf 90' lang='lat' dir='ltr'>nostros</span> <span class='ocrx_word' id='word_1_442' title='bbox 1149 3657 1424 3712; x_wconf 89' lang='lat' dir='ltr'>rogamus</span> <span class='ocrx_word' id='word_1_443' title='bbox 1473 3646 1538 3695; x_wconf 91' lang='lat' dir='ltr'>ut</span> <span class='ocrx_word' id='word_1_444' title='bbox 1584 3644 1702 3708; x_wconf 77' lang='lat' dir='ltr'>tam</span> <span class='ocrx_word' id='word_1_445' title='bbox 1757 3656 1859 3712; x_wconf 91' lang='lat' dir='ltr'>pro</span> <span class='ocrx_word' id='word_1_446' title='bbox 1925 3641 2105 3696; x_wconf 62' lang='lat' dir='ltr'>beatis</span> 
     </span>
    </p>
   </div>
   <div class='ocr_carea' id='block_1_69' title="bbox 457 3727 2104 3802">
    <p class='ocr_par' dir='ltr' id='par_1_69' title="bbox 457 3727 2104 3802">
     <span class='ocr_line' id='line_1_69' title="bbox 457 3727 2104 3802; baseline -0.001 -17"><span class='ocrx_word' id='word_1_447' title='bbox 457 3730 650 3786; x_wconf 68' lang='lat' dir='ltr'>Mariae</span> <span class='ocrx_word' id='word_1_448' title='bbox 680 3744 914 3802; x_wconf 89' lang='lat' dir='ltr'>semper</span> <span class='ocrx_word' id='word_1_449' title='bbox 938 3727 1184 3801; x_wconf 89' lang='lat' dir='ltr'>virginis</span> <span class='ocrx_word' id='word_1_450' title='bbox 1213 3729 1553 3799; x_wconf 87' lang='lat' dir='ltr'>reverentia,</span> <span class='ocrx_word' id='word_1_451' title='bbox 1585 3745 1762 3800; x_wconf 89' lang='lat' dir='ltr'>quam</span> <span class='ocrx_word' id='word_1_452' title='bbox 1795 3746 1898 3801; x_wconf 90' lang='lat' dir='ltr'>pro</span> <span class='ocrx_word' id='word_1_453' title='bbox 1938 3729 2104 3784; x_wconf 89' lang='lat' dir='ltr'>nobi-</span> 
     </span>
    </p>
   </div>
   <div class='ocr_carea' id='block_1_70' title="bbox 454 3816 2105 3874">
    <p class='ocr_par' dir='ltr' id='par_1_70' title="bbox 454 3816 2105 3874">
     <span class='ocr_line' id='line_1_70' title="bbox 454 3816 2105 3874; baseline 0.001 -2"><span class='ocrx_word' id='word_1_454' title='bbox 454 3817 696 3873; x_wconf 70' lang='lat' dir='ltr'>lissimae</span> <span class='ocrx_word' id='word_1_455' title='bbox 723 3817 976 3872; x_wconf 89' lang='lat' dir='ltr'>civitatis</span> <span class='ocrx_word' id='word_1_456' title='bbox 1007 3816 1355 3872; x_wconf 89' lang='lat' dir='ltr'>Pisanorum</span> <span class='ocrx_word' id='word_1_457' title='bbox 1383 3833 1580 3873; x_wconf 89' lang='lat' dir='ltr'>amore</span> <span class='ocrx_word' id='word_1_458' title='bbox 1613 3833 1680 3872; x_wconf 92' lang='lat' dir='ltr'>ac</span> <span class='ocrx_word' id='word_1_459' title='bbox 1709 3817 2105 3874; x_wconf 87' lang='lat' dir='ltr'>familiaritate</span> 
     </span>
    </p>
   </div>
   <div class='ocr_carea' id='block_1_71' title="bbox 454 3904 2107 3979">
    <p class='ocr_par' dir='ltr' id='par_1_71' title="bbox 454 3904 2107 3979">
     <span class='ocr_line' id='line_1_71' title="bbox 454 3904 2107 3979; baseline 0.001 -19"><span class='ocrx_word' id='word_1_460' title='bbox 454 3905 721 3960; x_wconf 89' lang='lat' dir='ltr'>eamdem</span> <span class='ocrx_word' id='word_1_461' title='bbox 754 3904 1259 3960; x_wconf 85' lang='lat' dir='ltr'>honorificentiam</span> <span class='ocrx_word' id='word_1_462' title='bbox 1305 3905 1523 3961; x_wconf 74' lang='lat' dir='ltr'>Pisanze</span> <span class='ocrx_word' id='word_1_463' title='bbox 1575 3905 1842 3962; x_wconf 64' lang='lat' dir='ltr'>Ecclesia:</span> <span class='ocrx_word' id='word_1_464' title='bbox 1875 3923 2107 3979; x_wconf 87' lang='lat' dir='ltr'>semper</span> 
     </span>
    </p>
   </div>
   <div class='ocr_carea' id='block_1_72' title="bbox 455 3993 2098 4067">
    <p class='ocr_par' dir='ltr' id='par_1_72' title="bbox 455 3993 2098 4067">
     <span class='ocr_line' id='line_1_72' title="bbox 455 3993 2098 4067; baseline 0.001 -19"><span class='ocrx_word' id='word_1_465' title='bbox 455 3993 826 4066; x_wconf 88' lang='lat' dir='ltr'>impendant:</span> <span class='ocrx_word' id='word_1_466' title='bbox 861 4009 1157 4064; x_wconf 88' lang='lat' dir='ltr'>rogamus,</span> <span class='ocrx_word' id='word_1_467' title='bbox 1190 3999 1247 4049; x_wconf 89' lang='lat' dir='ltr'>et</span> <span class='ocrx_word' id='word_1_468' title='bbox 1267 3993 1585 4050; x_wconf 88' lang='lat' dir='ltr'>Daimberti</span> <span class='ocrx_word' id='word_1_469' title='bbox 1607 3995 1908 4066; x_wconf 65' lang='lat' dir='ltr'>praesentis</span> <span class='ocrx_word' id='word_1_470' title='bbox 1922 3995 2098 4067; x_wconf 90' lang='lat' dir='ltr'>episc.</span> 
     </span>
    </p>
   </div>
   <div class='ocr_carea' id='block_1_73' title="bbox 454 4081 2104 4156">
    <p class='ocr_par' dir='ltr' id='par_1_73' title="bbox 454 4081 2104 4156">
     <span class='ocr_line' id='line_1_73' title="bbox 454 4081 2104 4156; baseline 0.001 -18"><span class='ocrx_word' id='word_1_471' title='bbox 454 4097 846 4147; x_wconf 87' lang='lat' dir='ltr'>successores,</span> <span class='ocrx_word' id='word_1_472' title='bbox 879 4085 936 4136; x_wconf 92' lang='lat' dir='ltr'>et</span> <span class='ocrx_word' id='word_1_473' title='bbox 965 4082 1267 4138; x_wconf 91' lang='lat' dir='ltr'>universos</span> <span class='ocrx_word' id='word_1_474' title='bbox 1297 4081 1516 4138; x_wconf 69' lang='lat' dir='ltr'>Pisanm</span> <span class='ocrx_word' id='word_1_475' title='bbox 1561 4083 1727 4138; x_wconf 90' lang='lat' dir='ltr'>urbis</span> <span class='ocrx_word' id='word_1_476' title='bbox 1775 4083 1928 4138; x_wconf 88' lang='lat' dir='ltr'>cives</span> <span class='ocrx_word' id='word_1_477' title='bbox 1973 4091 2104 4156; x_wconf 90' lang='lat' dir='ltr'>post</span> 
     </span>
    </p>
   </div>
   <div class='ocr_carea' id='block_1_74' title="bbox 452 4170 2102 4244">
    <p class='ocr_par' dir='ltr' id='par_1_74' title="bbox 452 4170 2102 4244">
     <span class='ocr_line' id='line_1_74' title="bbox 452 4170 2102 4244; baseline 0.001 -18"><span class='ocrx_word' id='word_1_478' title='bbox 452 4170 761 4244; x_wconf 61' lang='lat' dir='ltr'>praesentia</span> <span class='ocrx_word' id='word_1_479' title='bbox 778 4175 1042 4244; x_wconf 89' lang='lat' dir='ltr'>tempora</span> <span class='ocrx_word' id='word_1_480' title='bbox 1061 4175 1457 4240; x_wconf 89' lang='lat' dir='ltr'>secuturos,ut</span> <span class='ocrx_word' id='word_1_481' title='bbox 1475 4171 1740 4227; x_wconf 89' lang='lat' dir='ltr'>eamdem</span> <span class='ocrx_word' id='word_1_482' title='bbox 1766 4171 2102 4228; x_wconf 83' lang='lat' dir='ltr'>fidelitatem</span> 
     </span>
    </p>
   </div>
   <div class='ocr_carea' id='block_1_75' title="bbox 453 4259 2104 4333">
    <p class='ocr_par' dir='ltr' id='par_1_75' title="bbox 453 4259 2104 4333">
     <span class='ocr_line' id='line_1_75' title="bbox 453 4259 2104 4333; baseline 0 -16"><span class='ocrx_word' id='word_1_483' title='bbox 453 4259 836 4332; x_wconf 88' lang='lat' dir='ltr'>eamdemque</span> <span class='ocrx_word' id='word_1_484' title='bbox 866 4259 1232 4316; x_wconf 86' lang='lat' dir='ltr'>devotionem</span> <span class='ocrx_word' id='word_1_485' title='bbox 1265 4261 1534 4316; x_wconf 71' lang='lat' dir='ltr'>Romana:</span> <span class='ocrx_word' id='word_1_486' title='bbox 1567 4261 1831 4316; x_wconf 77' lang='lat' dir='ltr'>Ecclesiae</span> <span class='ocrx_word' id='word_1_487' title='bbox 1862 4277 2104 4333; x_wconf 84' lang='lat' dir='ltr'>semper</span> 
     </span>
    </p>
   </div>
   <div class='ocr_carea' id='block_1_76' title="bbox 451 4348 2101 4422">
    <p class='ocr_par' dir='ltr' id='par_1_76' title="bbox 451 4348 2101 4422">
     <span class='ocr_line' id='line_1_76' title="bbox 451 4348 2101 4422; baseline 0 -18"><span class='ocrx_word' id='word_1_488' title='bbox 451 4348 785 4417; x_wconf 85' lang='lat' dir='ltr'>exhibeant,</span> <span class='ocrx_word' id='word_1_489' title='bbox 818 4355 884 4404; x_wconf 92' lang='lat' dir='ltr'>ut</span> <span class='ocrx_word' id='word_1_490' title='bbox 905 4349 1073 4404; x_wconf 85' lang='lat' dir='ltr'>ﬁrma</span> <span class='ocrx_word' id='word_1_491' title='bbox 1099 4349 1250 4404; x_wconf 90' lang='lat' dir='ltr'>inter</span> <span class='ocrx_word' id='word_1_492' title='bbox 1270 4353 1548 4421; x_wconf 89' lang='lat' dir='ltr'>utrosque</span> <span class='ocrx_word' id='word_1_493' title='bbox 1572 4350 1737 4414; x_wconf 82' lang='lat' dir='ltr'>ﬁdes,</span> <span class='ocrx_word' id='word_1_494' title='bbox 1770 4350 2101 4422; x_wconf 85' lang='lat' dir='ltr'>benignitas</span> 
     </span>
    </p>
   </div>
   <div class='ocr_carea' id='block_1_77' title="bbox 449 4437 1848 4511">
    <p class='ocr_par' dir='ltr' id='par_1_77' title="bbox 449 4437 1848 4511">
     <span class='ocr_line' id='line_1_77' title="bbox 449 4437 1848 4511; baseline -0.001 -17"><span class='ocrx_word' id='word_1_495' title='bbox 449 4437 844 4510; x_wconf 87' lang='lat' dir='ltr'>amicitiaque,</span> <span class='ocrx_word' id='word_1_496' title='bbox 877 4437 1122 4493; x_wconf 90' lang='lat' dir='ltr'>Domino</span> <span class='ocrx_word' id='word_1_497' title='bbox 1165 4444 1478 4504; x_wconf 90' lang='lat' dir='ltr'>annuente,</span> <span class='ocrx_word' id='word_1_498' title='bbox 1489 4443 1848 4511; x_wconf 89' lang='lat' dir='ltr'>permaneat.</span> 
     </span>
    </p>
   </div>
   <div class='ocr_carea' id='block_1_78' title="bbox 2217 3282 3831 3349">
    <p class='ocr_par' dir='ltr' id='par_1_78' title="bbox 2217 3282 3831 3349">
     <span class='ocr_line' id='line_1_78' title="bbox 2217 3282 3831 3349; baseline -0.001 -11"><span class='ocrx_word' id='word_1_499' title='bbox 2217 3284 2552 3349; x_wconf 87' lang='lat' dir='ltr'>laudamus,</span> <span class='ocrx_word' id='word_1_500' title='bbox 2582 3288 2637 3338; x_wconf 93' lang='lat' dir='ltr'>et</span> <span class='ocrx_word' id='word_1_501' title='bbox 2669 3287 2792 3338; x_wconf 89' lang='lat' dir='ltr'>rata</span> <span class='ocrx_word' id='word_1_502' title='bbox 2823 3298 3058 3338; x_wconf 88' lang='lat' dir='ltr'>manere</span> <span class='ocrx_word' id='word_1_503' title='bbox 3079 3282 3427 3339; x_wconf 89' lang='lat' dir='ltr'>auctoritate</span> <span class='ocrx_word' id='word_1_504' title='bbox 3448 3288 3646 3340; x_wconf 88' lang='lat' dir='ltr'>nostra</span> <span class='ocrx_word' id='word_1_505' title='bbox 3664 3284 3831 3339; x_wconf 59' lang='lat' dir='ltr'>decerv</span> 
     </span>
    </p>
   </div>
   <div class='ocr_carea' id='block_1_79' title="bbox 2216 3371 3832 3444">
    <p class='ocr_par' dir='ltr' id='par_1_79' title="bbox 2216 3371 3832 3444">
     <span class='ocr_line' id='line_1_79' title="bbox 2216 3371 3832 3444; baseline -0.003 -16"><span class='ocrx_word' id='word_1_506' title='bbox 2216 3374 2434 3429; x_wconf 90' lang='lat' dir='ltr'>nimus.</span> <span class='ocrx_word' id='word_1_507' title='bbox 2469 3373 2614 3427; x_wconf 87' lang='lat' dir='ltr'>Cum</span> <span class='ocrx_word' id='word_1_508' title='bbox 2645 3373 2916 3426; x_wconf 88' lang='lat' dir='ltr'>universa</span> <span class='ocrx_word' id='word_1_509' title='bbox 2936 3371 3226 3444; x_wconf 90' lang='lat' dir='ltr'>siquidem</span> <span class='ocrx_word' id='word_1_510' title='bbox 3253 3371 3446 3444; x_wconf 89' lang='lat' dir='ltr'>ipsius</span> <span class='ocrx_word' id='word_1_511' title='bbox 3470 3371 3695 3429; x_wconf 89' lang='lat' dir='ltr'>comitis</span> <span class='ocrx_word' id='word_1_512' title='bbox 3708 3377 3832 3427; x_wconf 85' lang='lat' dir='ltr'>terra</span> 
     </span>
    </p>
   </div>
   <div class='ocr_carea' id='block_1_80' title="bbox 2215 3460 3832 3534">
    <p class='ocr_par' dir='ltr' id='par_1_80' title="bbox 2215 3460 3832 3534">
     <span class='ocr_line' id='line_1_80' title="bbox 2215 3460 3832 3534; baseline -0.002 -18"><span class='ocrx_word' id='word_1_513' title='bbox 2215 3479 2392 3534; x_wconf 90' lang='lat' dir='ltr'>quam</span> <span class='ocrx_word' id='word_1_514' title='bbox 2427 3463 2486 3517; x_wconf 86' lang='grc' dir='ltr'><strong>Β.</strong></span> <span class='ocrx_word' id='word_1_515' title='bbox 2522 3461 2686 3516; x_wconf 87' lang='lat' dir='ltr'>Petro</span> <span class='ocrx_word' id='word_1_516' title='bbox 2717 3460 2952 3523; x_wconf 85' lang='lat' dir='ltr'>obtulit,</span> <span class='ocrx_word' id='word_1_517' title='bbox 2973 3466 3030 3516; x_wconf 90' lang='lat' dir='ltr'>et</span> <span class='ocrx_word' id='word_1_518' title='bbox 3053 3461 3549 3518; x_wconf 86' lang='lat' dir='ltr'>Tarraconensem</span> <span class='ocrx_word' id='word_1_519' title='bbox 3574 3462 3767 3517; x_wconf 86' lang='lat' dir='ltr'>urbem</span> <span class='ocrx_word' id='word_1_520' title='bbox 3783 3473 3832 3513; x_wconf 85' lang='lat' dir='ltr'>ac</span> 
     </span>
    </p>
   </div>
   <div class='ocr_carea' id='block_1_81' title="bbox 2215 3546 3830 3624">
    <p class='ocr_par' dir='ltr' id='par_1_81' title="bbox 2215 3546 3830 3624">
     <span class='ocr_line' id='line_1_81' title="bbox 2215 3546 3830 3624; baseline -0.003 -18"><span class='ocrx_word' id='word_1_521' title='bbox 2215 3550 2520 3624; x_wconf 89' lang='lat' dir='ltr'>populum,</span> <span class='ocrx_word' id='word_1_522' title='bbox 2553 3548 2798 3605; x_wconf 91' lang='lat' dir='ltr'>Domino</span> <span class='ocrx_word' id='word_1_523' title='bbox 2842 3548 2952 3604; x_wconf 91' lang='lat' dir='ltr'>sibi</span> <span class='ocrx_word' id='word_1_524' title='bbox 3002 3548 3315 3622; x_wconf 86' lang='lat' dir='ltr'>aspirante,</span> <span class='ocrx_word' id='word_1_525' title='bbox 3368 3549 3698 3620; x_wconf 88' lang='lat' dir='ltr'>collectum,</span> <span class='ocrx_word' id='word_1_526' title='bbox 3744 3546 3830 3604; x_wconf 90' lang='lat' dir='ltr'>sub</span> 
     </span>
    </p>
   </div>
   <div class='ocr_carea' id='block_1_82' title="bbox 2215 3637 3831 3712">
    <p class='ocr_par' dir='ltr' id='par_1_82' title="bbox 2215 3637 3831 3712">
     <span class='ocr_line' id='line_1_82' title="bbox 2215 3637 3831 3712; baseline -0.004 -18"><span class='ocrx_word' id='word_1_527' title='bbox 2215 3639 2542 3712; x_wconf 70' lang='lat' dir='ltr'>apostolicae</span> <span class='ocrx_word' id='word_1_528' title='bbox 2603 3638 2760 3694; x_wconf 91' lang='lat' dir='ltr'>sedis</span> <span class='ocrx_word' id='word_1_529' title='bbox 2819 3637 3002 3694; x_wconf 87' lang='lat' dir='ltr'>tutela</span> <span class='ocrx_word' id='word_1_530' title='bbox 3049 3637 3382 3710; x_wconf 84' lang='lat' dir='ltr'>specialiter</span> <span class='ocrx_word' id='word_1_531' title='bbox 3441 3637 3831 3696; x_wconf 86' lang='lat' dir='ltr'>confovendum</span> 
     </span>
    </p>
   </div>
   <div class='ocr_carea' id='block_1_83' title="bbox 2215 3725 3832 3800">
    <p class='ocr_par' dir='ltr' id='par_1_83' title="bbox 2215 3725 3832 3800">
     <span class='ocr_line' id='line_1_83' title="bbox 2215 3725 3832 3800; baseline -0.004 -16"><span class='ocrx_word' id='word_1_532' title='bbox 2215 3727 2594 3800; x_wconf 89' lang='lat' dir='ltr'>suscipimus,</span> <span class='ocrx_word' id='word_1_533' title='bbox 2623 3725 3066 3798; x_wconf 88' lang='lat' dir='ltr'>libertatemque</span> <span class='ocrx_word' id='word_1_534' title='bbox 3088 3725 3245 3783; x_wconf 87' lang='lat' dir='ltr'>illius</span> <span class='ocrx_word' id='word_1_535' title='bbox 3261 3743 3366 3799; x_wconf 89' lang='lat' dir='ltr'>per</span> <span class='ocrx_word' id='word_1_536' title='bbox 3397 3727 3628 3784; x_wconf 90' lang='lat' dir='ltr'>comitis</span> <span class='ocrx_word' id='word_1_537' title='bbox 3652 3727 3832 3782; x_wconf 82' lang='lat' dir='ltr'>Beren-</span> 
     </span>
    </p>
   </div>
   <div class='ocr_carea' id='block_1_84' title="bbox 2213 3813 3832 3891">
    <p class='ocr_par' dir='ltr' id='par_1_84' title="bbox 2213 3813 3832 3891">
     <span class='ocr_line' id='line_1_84' title="bbox 2213 3813 3832 3891; baseline -0.004 -19"><span class='ocrx_word' id='word_1_538' title='bbox 2213 3817 2358 3891; x_wconf 87' lang='lat' dir='ltr'>garii</span> <span class='ocrx_word' id='word_1_539' title='bbox 2390 3817 2606 3889; x_wconf 89' lang='lat' dir='ltr'>scripto</span> <span class='ocrx_word' id='word_1_540' title='bbox 2634 3817 2698 3888; x_wconf 87' lang='lat' dir='ltr'>[f.</span> <span class='ocrx_word' id='word_1_541' title='bbox 2731 3815 3040 3888; x_wconf 88' lang='lat' dir='ltr'>scriptum]</span> <span class='ocrx_word' id='word_1_542' title='bbox 3078 3814 3350 3873; x_wconf 82' lang='lat' dir='ltr'>collatam</span> <span class='ocrx_word' id='word_1_543' title='bbox 3383 3821 3622 3873; x_wconf 88' lang='lat' dir='ltr'>eatenus</span> <span class='ocrx_word' id='word_1_544' title='bbox 3651 3813 3832 3872; x_wconf 83' lang='lat' dir='ltr'>conﬁr-</span> 
     </span>
    </p>
   </div>
   <div class='ocr_carea' id='block_1_85' title="bbox 2215 3899 3830 3978">
    <p class='ocr_par' dir='ltr' id='par_1_85' title="bbox 2215 3899 3830 3978">
     <span class='ocr_line' id='line_1_85' title="bbox 2215 3899 3830 3978; baseline -0.006 -16"><span class='ocrx_word' id='word_1_545' title='bbox 2215 3922 2470 3970; x_wconf 83' lang='lat' dir='ltr'>mamus,</span> <span class='ocrx_word' id='word_1_546' title='bbox 2503 3909 2566 3960; x_wconf 91' lang='lat' dir='ltr'>ut</span> <span class='ocrx_word' id='word_1_547' title='bbox 2596 3904 2815 3960; x_wconf 90' lang='lat' dir='ltr'>nemini</span> <span class='ocrx_word' id='word_1_548' title='bbox 2839 3903 3162 3976; x_wconf 90' lang='lat' dir='ltr'>quidquam</span> <span class='ocrx_word' id='word_1_549' title='bbox 3196 3902 3350 3960; x_wconf 89' lang='lat' dir='ltr'>ultra</span> <span class='ocrx_word' id='word_1_550' title='bbox 3372 3899 3830 3978; x_wconf 88' lang='lat' dir='ltr'>persolvant,nisi</span> 
     </span>
    </p>
   </div>
   <div class='ocr_carea' id='block_1_86' title="bbox 2213 3989 3826 4067">
    <p class='ocr_par' dir='ltr' id='par_1_86' title="bbox 2213 3989 3826 4067">
     <span class='ocr_line' id='line_1_86' title="bbox 2213 3989 3826 4067; baseline -0.004 -17"><span class='ocrx_word' id='word_1_551' title='bbox 2213 3998 2421 4067; x_wconf 88' lang='lat' dir='ltr'>sponte</span> <span class='ocrx_word' id='word_1_552' title='bbox 2451 3992 2685 4066; x_wconf 89' lang='lat' dir='ltr'>propria</span> <span class='ocrx_word' id='word_1_553' title='bbox 2710 3993 2981 4048; x_wconf 67' lang='lat' dir='ltr'>Romanis</span> <span class='ocrx_word' id='word_1_554' title='bbox 3014 4008 3076 4048; x_wconf 87' lang='lat' dir='ltr'>se</span> <span class='ocrx_word' id='word_1_555' title='bbox 3111 3991 3323 4048; x_wconf 81' lang='lat' dir='ltr'>faciant</span> <span class='ocrx_word' id='word_1_556' title='bbox 3343 3992 3610 4050; x_wconf 68' lang='lat' dir='ltr'>Ecclesiee</span> <span class='ocrx_word' id='word_1_557' title='bbox 3635 3989 3826 4048; x_wconf 83' lang='lat' dir='ltr'>debito-</span> 
     </span>
    </p>
   </div>
   <div class='ocr_carea' id='block_1_87' title="bbox 2213 4081 3829 4155">
    <p class='ocr_par' dir='ltr' id='par_1_87' title="bbox 2213 4081 3829 4155">
     <span class='ocr_line' id='line_1_87' title="bbox 2213 4081 3829 4155; baseline -0.004 -17"><span class='ocrx_word' id='word_1_558' title='bbox 2213 4101 2326 4138; x_wconf 90' lang='lat' dir='ltr'>res.</span> <span class='ocrx_word' id='word_1_559' title='bbox 2361 4083 2433 4138; x_wconf 92' lang='lat' dir='ltr'>Ut</span> <span class='ocrx_word' id='word_1_560' title='bbox 2463 4082 2644 4154; x_wconf 87' lang='lat' dir='ltr'>igitur</span> <span class='ocrx_word' id='word_1_561' title='bbox 2671 4081 2792 4136; x_wconf 72' lang='lat' dir='ltr'>hzec</span> <span class='ocrx_word' id='word_1_562' title='bbox 2821 4082 3038 4148; x_wconf 86' lang='lat' dir='ltr'>omnia,</span> <span class='ocrx_word' id='word_1_563' title='bbox 3074 4081 3188 4139; x_wconf 91' lang='lat' dir='ltr'>Deo</span> <span class='ocrx_word' id='word_1_564' title='bbox 3221 4086 3478 4155; x_wconf 90' lang='lat' dir='ltr'>auctore,</span> <span class='ocrx_word' id='word_1_565' title='bbox 3511 4083 3829 4138; x_wconf 84' lang='lat' dir='ltr'>inconcussa</span> 
     </span>
    </p>
   </div>
   <div class='ocr_carea' id='block_1_88' title="bbox 2212 4165 3828 4246">
    <p class='ocr_par' dir='ltr' id='par_1_88' title="bbox 2212 4165 3828 4246">
     <span class='ocr_line' id='line_1_88' title="bbox 2212 4165 3828 4246; baseline -0.004 -19"><span class='ocrx_word' id='word_1_566' title='bbox 2212 4176 2613 4246; x_wconf 88' lang='lat' dir='ltr'>permaneant,</span> <span class='ocrx_word' id='word_1_567' title='bbox 2634 4187 2740 4226; x_wconf 91' lang='lat' dir='ltr'>nos</span> <span class='ocrx_word' id='word_1_568' title='bbox 2757 4173 3190 4226; x_wconf 88' lang='lat' dir='ltr'>antecessorum</span> <span class='ocrx_word' id='word_1_569' title='bbox 3209 4175 3547 4228; x_wconf 90' lang='lat' dir='ltr'>nostrorum</span> <span class='ocrx_word' id='word_1_570' title='bbox 3561 4165 3828 4244; x_wconf 85' lang='lat' dir='ltr'>privilegia</span> 
     </span>
    </p>
   </div>
   <div class='ocr_carea' id='block_1_89' title="bbox 2211 4258 3826 4333">
    <p class='ocr_par' dir='ltr' id='par_1_89' title="bbox 2211 4258 3826 4333">
     <span class='ocr_line' id='line_1_89' title="bbox 2211 4258 3826 4333; baseline -0.004 -16"><span class='ocrx_word' id='word_1_571' title='bbox 2211 4265 2542 4333; x_wconf 89' lang='lat' dir='ltr'>sequentes,</span> <span class='ocrx_word' id='word_1_572' title='bbox 2569 4259 2669 4331; x_wconf 90' lang='lat' dir='ltr'>qui</span> <span class='ocrx_word' id='word_1_573' title='bbox 2691 4261 3092 4315; x_wconf 86' lang='lat' dir='ltr'>Ausonensem</span> <span class='ocrx_word' id='word_1_574' title='bbox 3123 4258 3441 4316; x_wconf 85' lang='lat' dir='ltr'>Ecclesiam</span> <span class='ocrx_word' id='word_1_575' title='bbox 3465 4261 3826 4317; x_wconf 86' lang='lat' dir='ltr'>Tarraconen-</span> 
     </span>
    </p>
   </div>
   <div class='ocr_carea' id='block_1_90' title="bbox 2211 4346 3826 4422">
    <p class='ocr_par' dir='ltr' id='par_1_90' title="bbox 2211 4346 3826 4422">
     <span class='ocr_line' id='line_1_90' title="bbox 2211 4346 3826 4422; baseline -0.005 -17"><span class='ocrx_word' id='word_1_576' title='bbox 2211 4352 2296 4405; x_wconf 90' lang='lat' dir='ltr'>sis</span> <span class='ocrx_word' id='word_1_577' title='bbox 2327 4350 2624 4422; x_wconf 84' lang='lat' dir='ltr'>quondam</span> <span class='ocrx_word' id='word_1_578' title='bbox 2654 4349 2959 4403; x_wconf 87' lang='lat' dir='ltr'>instituere</span> <span class='ocrx_word' id='word_1_579' title='bbox 2987 4347 3284 4413; x_wconf 89' lang='lat' dir='ltr'>vicariam,</span> <span class='ocrx_word' id='word_1_580' title='bbox 3308 4349 3436 4416; x_wconf 91' lang='lat' dir='ltr'>tibi,</span> <span class='ocrx_word' id='word_1_581' title='bbox 3460 4366 3494 4405; x_wconf 90' lang='grc' dir='ltr'>ο</span> <span class='ocrx_word' id='word_1_582' title='bbox 3515 4346 3826 4404; x_wconf 88' lang='lat' dir='ltr'>charissime</span> 
     </span>
    </p>
   </div>
   <div class='ocr_carea' id='block_1_91' title="bbox 2211 4434 3825 4510">
    <p class='ocr_par' dir='ltr' id='par_1_91' title="bbox 2211 4434 3825 4510">
     <span class='ocr_line' id='line_1_91' title="bbox 2211 4434 3825 4510; baseline -0.006 -16"><span class='ocrx_word' id='word_1_583' title='bbox 2211 4438 2293 4494; x_wconf 84' lang='lat' dir='ltr'>ﬁli</span> <span class='ocrx_word' id='word_1_584' title='bbox 2327 4437 2655 4510; x_wconf 87' lang='lat' dir='ltr'>Berengari,</span> <span class='ocrx_word' id='word_1_585' title='bbox 2691 4436 2829 4510; x_wconf 89' lang='lat' dir='ltr'>quia</span> <span class='ocrx_word' id='word_1_586' title='bbox 2858 4442 2960 4492; x_wconf 91' lang='lat' dir='ltr'>tuo</span> <span class='ocrx_word' id='word_1_587' title='bbox 2991 4436 3363 4509; x_wconf 89' lang='lat' dir='ltr'>potissimum</span> <span class='ocrx_word' id='word_1_588' title='bbox 3392 4439 3586 4494; x_wconf 89' lang='lat' dir='ltr'>studio</span> <span class='ocrx_word' id='word_1_589' title='bbox 3615 4437 3728 4492; x_wconf 68' lang='lat' dir='ltr'>haec</span> <span class='ocrx_word' id='word_1_590' title='bbox 3753 4434 3825 4488; x_wconf 87' lang='lat' dir='ltr'>est</span> 
     </span>
    </p>
   </div>
   <div class='ocr_carea' id='block_1_92' title="bbox 460 4521 3826 4610">
    <p class='ocr_par' dir='ltr' id='par_1_92' title="bbox 460 4521 3826 4610">
     <span class='ocr_line' id='line_1_92' title="bbox 460 4521 3826 4610; baseline -0.002 -27"><span class='ocrx_word' id='word_1_591' title='bbox 460 4529 468 4538; x_wconf 86' lang='grc'><em>’</em></span> <span class='ocrx_word' id='word_1_592' title='bbox 521 4527 734 4583; x_wconf 89' lang='lat' dir='ltr'>Datum</span> <span class='ocrx_word' id='word_1_593' title='bbox 767 4527 1078 4583; x_wconf 87' lang='lat' dir='ltr'>Beneventi</span> <span class='ocrx_word' id='word_1_594' title='bbox 1105 4545 1158 4582; x_wconf 83' lang='grc' dir='ltr'>ιν</span> <span class='ocrx_word' id='word_1_595' title='bbox 1187 4527 1310 4584; x_wconf 87' lang='lat' dir='ltr'>Kal.</span> <span class='ocrx_word' id='word_1_596' title='bbox 1343 4527 1464 4583; x_wconf 88' lang='lat' dir='ltr'>Jul.</span> <span class='ocrx_word' id='word_1_597' title='bbox 1500 4545 1602 4600; x_wconf 90' lang='lat' dir='ltr'>per</span> <span class='ocrx_word' id='word_1_598' title='bbox 1625 4545 1838 4584; x_wconf 87' lang='lat' dir='ltr'>manus</span> <span class='ocrx_word' id='word_1_599' title='bbox 1855 4527 2100 4584; x_wconf 85' lang='lat' dir='ltr'>Joannis</span> <span class='ocrx_word' id='word_1_600' title='bbox 2135 4546 2182 4610; x_wconf 70' lang='grc' dir='ltr'>ο</span> <span class='ocrx_word' id='word_1_601' title='bbox 2212 4527 2501 4584; x_wconf 89' lang='lat' dir='ltr'>restitutio</span> <span class='ocrx_word' id='word_1_602' title='bbox 2533 4527 2820 4592; x_wconf 85' lang='lat' dir='ltr'>instituta,</span> <span class='ocrx_word' id='word_1_603' title='bbox 2853 4543 2922 4582; x_wconf 78' lang='lat' dir='ltr'>ex</span> <span class='ocrx_word' id='word_1_604' title='bbox 2953 4526 3224 4582; x_wconf 65' lang='lat' dir='ltr'>Romanae</span> <span class='ocrx_word' id='word_1_605' title='bbox 3251 4525 3520 4583; x_wconf 67' lang='lat' dir='ltr'>Ecclesiae</span> <span class='ocrx_word' id='word_1_606' title='bbox 3544 4521 3826 4582; x_wconf 83' lang='lat' dir='ltr'>liberalita-</span> 
     </span>
    </p>
   </div>
   <div class='ocr_carea' id='block_1_93' title="bbox 449 4615 2095 4683">
    <p class='ocr_par' dir='ltr' id='par_1_93' title="bbox 449 4615 2095 4683">
     <span class='ocr_line' id='line_1_93' title="bbox 449 4615 2095 4683; baseline -0.001 -9"><span class='ocrx_word' id='word_1_607' title='bbox 449 4617 507 4674; x_wconf 87' lang='lat' dir='ltr'>S.</span> <span class='ocrx_word' id='word_1_608' title='bbox 544 4617 609 4672; x_wconf 72' lang='lat' dir='ltr'>Et.</span> <span class='ocrx_word' id='word_1_609' title='bbox 646 4617 704 4671; x_wconf 89' lang='lat' dir='ltr'>E.</span> <span class='ocrx_word' id='word_1_610' title='bbox 737 4615 964 4672; x_wconf 90' lang='lat' dir='ltr'>diaconi</span> <span class='ocrx_word' id='word_1_611' title='bbox 995 4615 1331 4683; x_wconf 89' lang='lat' dir='ltr'>cardinalis,</span> <span class='ocrx_word' id='word_1_612' title='bbox 1369 4615 1568 4671; x_wconf 90' lang='lat' dir='ltr'>indict.</span> <span class='ocrx_word' id='word_1_613' title='bbox 1620 4633 1734 4680; x_wconf 76' lang='lat' dir='ltr'>xiv,</span> <span class='ocrx_word' id='word_1_614' title='bbox 1787 4633 1939 4672; x_wconf 85' lang='lat' dir='ltr'>anno</span> <span class='ocrx_word' id='word_1_615' title='bbox 1987 4622 2095 4672; x_wconf 91' lang='lat' dir='ltr'>Do-</span> 
     </span>
    </p>
   </div>
   <div class='ocr_carea' id='block_1_94' title="bbox 448 4705 2101 4778">
    <p class='ocr_par' dir='ltr' id='par_1_94' title="bbox 448 4705 2101 4778">
     <span class='ocr_line' id='line_1_94' title="bbox 448 4705 2101 4778; baseline 0 -17"><span class='ocrx_word' id='word_1_616' title='bbox 448 4706 591 4762; x_wconf 90' lang='lat' dir='ltr'>mini</span> <span class='ocrx_word' id='word_1_617' title='bbox 623 4706 844 4762; x_wconf 89' lang='lat' dir='ltr'>incarn.</span> <span class='ocrx_word' id='word_1_618' title='bbox 880 4707 1036 4774; x_wconf 85' lang='grc'>1091,</span> <span class='ocrx_word' id='word_1_619' title='bbox 1072 4705 1278 4778; x_wconf 89' lang='lat' dir='ltr'>pontif.</span> <span class='ocrx_word' id='word_1_620' title='bbox 1311 4710 1508 4760; x_wconf 89' lang='lat' dir='ltr'>autem</span> <span class='ocrx_word' id='word_1_621' title='bbox 1532 4705 1596 4760; x_wconf 95' lang='lat' dir='ltr'>D.</span> <span class='ocrx_word' id='word_1_622' title='bbox 1627 4705 1844 4760; x_wconf 90' lang='lat' dir='ltr'>Urbani</span> <span class='ocrx_word' id='word_1_623' title='bbox 1868 4721 2029 4778; x_wconf 67' lang='lat' dir='ltr'>papae</span> <span class='ocrx_word' id='word_1_624' title='bbox 2052 4705 2101 4761; x_wconf 88' lang='lat' dir='ltr'>II</span> 
     </span>
    </p>
   </div>
   <div class='ocr_carea' id='block_1_95' title="bbox 449 4801 676 4868">
    <p class='ocr_par' dir='ltr' id='par_1_95' title="bbox 449 4801 676 4868">
     <span class='ocr_line' id='line_1_95' title="bbox 449 4801 676 4868; baseline -0.004 -17"><span class='ocrx_word' id='word_1_625' title='bbox 449 4801 676 4868; x_wconf 88' lang='lat' dir='ltr'>quarto.</span> 
     </span>
    </p>
   </div>
   <div class='ocr_carea' id='block_1_96' title="bbox 449 5015 2095 5088">
    <p class='ocr_par' dir='ltr' id='par_1_96' title="bbox 449 5015 2095 5088">
     <span class='ocr_line' id='line_1_96' title="bbox 449 5015 2095 5088; baseline 0 -16"><span class='ocrx_word' id='word_1_626' title='bbox 449 5015 654 5072; x_wconf 80' lang='lat' dir='ltr'>Urbani</span> <span class='ocrx_word' id='word_1_627' title='bbox 680 5016 729 5070; x_wconf 86' lang='lat' dir='ltr'>Il</span> <span class='ocrx_word' id='word_1_628' title='bbox 759 5017 985 5086; x_wconf 79' lang='lat' dir='ltr'>epistola</span> <span class='ocrx_word' id='word_1_629' title='bbox 1012 5017 1082 5072; x_wconf 80' lang='lat' dir='ltr'>ad</span> <span class='ocrx_word' id='word_1_630' title='bbox 1133 5018 1525 5088; x_wconf 80' lang='lat' dir='ltr'>Berengarimn</span> <span class='ocrx_word' id='word_1_631' title='bbox 1573 5018 1934 5072; x_wconf 75' lang='lat' dir='ltr'>.-lusonmscm</span> <span class='ocrx_word' id='word_1_632' title='bbox 1981 5019 2095 5088; x_wconf 80' lang='lat' dir='ltr'>epi-</span> 
     </span>
    </p>
   </div>
   <div class='ocr_carea' id='block_1_97' title="bbox 515 5036 2094 5157">
    <p class='ocr_par' dir='ltr' id='par_1_97' title="bbox 515 5036 2094 5157">
     <span class='ocr_line' id='line_1_97' title="bbox 515 5036 2094 5088; baseline 0.002 -19"><span class='ocrx_word' id='word_1_633' title='bbox 515 5036 650 5070; x_wconf 78' lang='grc' dir='ltr'>ὐαηι</span> <span class='ocrx_word' id='word_1_634' title='bbox 680 5036 728 5070; x_wconf 84' lang='grc' dir='ltr'>ιι</span> <span class='ocrx_word' id='word_1_635' title='bbox 759 5036 985 5086; x_wconf 82' lang='lat' dir='ltr'>epzswm</span> <span class='ocrx_word' id='word_1_636' title='bbox 1012 5036 1082 5072; x_wconf 82' lang='lat' dir='ltr'>ua</span> <span class='ocrx_word' id='word_1_637' title='bbox 1133 5036 1525 5088; x_wconf 81' lang='lat' dir='ltr'>uerengarmm</span> <span class='ocrx_word' id='word_1_638' title='bbox 1573 5036 1934 5072; x_wconf 73' lang='lat' dir='ltr'>.-msonmscm</span> <span class='ocrx_word' id='word_1_639' title='bbox 1981 5036 2094 5072; x_wconf 78' lang='lat' dir='ltr'>en-</span> 
     </span>
     <span class='ocr_line' id='line_1_98' title="bbox 515 5036 2094 5157; baseline 0.003 -17"><span class='ocrx_word' id='word_1_640' title='bbox 515 5102 752 5157; x_wconf 85' lang='lat' dir='ltr'>scopum.</span> <span class='ocrx_word' id='word_1_641' title='bbox 785 5118 854 5126; x_wconf 92' lang='lat'><strong>—</strong></span> <span class='ocrx_word' id='word_1_642' title='bbox 899 5089 1036 5143; x_wconf 83' lang='lat' dir='ltr'>Eum</span> <span class='ocrx_word' id='word_1_643' title='bbox 1081 5091 1362 5145; x_wconf 63' lang='lat' dir='ltr'>constituit</span> <span class='ocrx_word' id='word_1_644' title='bbox 1413 5091 1865 5145; x_wconf 78' lang='lat' dir='ltr'>Tarraconenscm</span> <span class='ocrx_word' id='word_1_645' title='bbox 1911 5036 2094 5144; x_wconf 57' lang='lat' dir='ltr'>circini-</span> 
     </span>
    </p>
   </div>
   <div class='ocr_carea' id='block_1_98' title="bbox 515 5157 843 5229">
    <p class='ocr_par' dir='ltr' id='par_1_98' title="bbox 515 5157 843 5229">
     <span class='ocr_line' id='line_1_99' title="bbox 515 5157 843 5229; baseline 0 -17"><span class='ocrx_word' id='word_1_646' title='bbox 515 5157 843 5229; x_wconf 77' lang='lat' dir='ltr'>episcopum.</span> 
     </span>
    </p>
   </div>
   <div class='ocr_carea' id='block_1_99' title="bbox 1067 5265 1471 5336">
    <p class='ocr_par' dir='ltr' id='par_1_99' title="bbox 1067 5265 1471 5336">
     <span class='ocr_line' id='line_1_100' title="bbox 1067 5265 1471 5336; baseline -0.007 -16"><span class='ocrx_word' id='word_1_647' title='bbox 1067 5265 1255 5336; x_wconf 85' lang='lat' dir='ltr'>(Anno</span> <span class='ocrx_word' id='word_1_648' title='bbox 1287 5265 1471 5336; x_wconf 82' lang='grc'>1091.)</span> 
     </span>
    </p>
   </div>
   <div class='ocr_carea' id='block_1_100' title="bbox 861 5369 1674 5440">
    <p class='ocr_par' dir='ltr' id='par_1_100' title="bbox 861 5369 1674 5440">
     <span class='ocr_line' id='line_1_101' title="bbox 861 5369 1674 5440; baseline -0.004 -14"><span class='ocrx_word' id='word_1_649' title='bbox 861 5371 1092 5440; x_wconf 61' lang='lat' dir='ltr'>[MASS],</span> <span class='ocrx_word' id='word_1_650' title='bbox 1129 5372 1346 5430; x_wconf 77' lang='lat' dir='ltr'>Concil.</span> <span class='ocrx_word' id='word_1_651' title='bbox 1374 5371 1492 5438; x_wconf 86' lang='lat' dir='ltr'>XX,</span> <span class='ocrx_word' id='word_1_652' title='bbox 1523 5369 1674 5440; x_wconf 62' lang='lat'>648.]</span> 
     </span>
    </p>
   </div>
   <div class='ocr_carea' id='block_1_101' title="bbox 513 5499 2093 5577">
    <p class='ocr_par' dir='ltr' id='par_1_101' title="bbox 513 5499 2093 5577">
     <span class='ocr_line' id='line_1_102' title="bbox 513 5499 2093 5577; baseline 0 -17"><span class='ocrx_word' id='word_1_653' title='bbox 513 5503 795 5560; x_wconf 63' lang='lat' dir='ltr'>Uaearms</span> <span class='ocrx_word' id='word_1_654' title='bbox 824 5504 1154 5577; x_wconf 89' lang='lat' dir='ltr'>episcopus,</span> <span class='ocrx_word' id='word_1_655' title='bbox 1189 5519 1392 5559; x_wconf 90' lang='lat' dir='ltr'>servus</span> <span class='ocrx_word' id='word_1_656' title='bbox 1413 5517 1715 5556; x_wconf 88' lang='lat' dir='ltr'>servorum</span> <span class='ocrx_word' id='word_1_657' title='bbox 1735 5499 1854 5566; x_wconf 90' lang='lat' dir='ltr'>Dei,</span> <span class='ocrx_word' id='word_1_658' title='bbox 1879 5500 2093 5560; x_wconf 89' lang='lat' dir='ltr'>dilecto</span> 
     </span>
    </p>
   </div>
   <div class='ocr_carea' id='block_1_102' title="bbox 442 5585 2090 5666">
    <p class='ocr_par' dir='ltr' id='par_1_102' title="bbox 442 5585 2090 5666">
     <span class='ocr_line' id='line_1_103' title="bbox 442 5585 2090 5666; baseline 0.001 -18"><span class='ocrx_word' id='word_1_659' title='bbox 442 5587 607 5657; x_wconf 69' lang='lat' dir='ltr'>fratri</span> <span class='ocrx_word' id='word_1_660' title='bbox 640 5589 1022 5666; x_wconf 77' lang='lat' dir='ltr'>BERENGARIO,</span> <span class='ocrx_word' id='word_1_661' title='bbox 1055 5589 1386 5651; x_wconf 88' lang='lat' dir='ltr'>Ausonensi</span> <span class='ocrx_word' id='word_1_662' title='bbox 1415 5585 1712 5666; x_wconf 86' lang='lat' dir='ltr'>episcopo,</span> <span class='ocrx_word' id='word_1_663' title='bbox 1733 5588 1794 5647; x_wconf 90' lang='lat' dir='ltr'>in</span> <span class='ocrx_word' id='word_1_664' title='bbox 1816 5589 2090 5650; x_wconf 82' lang='lat' dir='ltr'>Tarraco-</span> 
     </span>
    </p>
   </div>
   <div class='ocr_carea' id='block_1_103' title="bbox 2207 4611 3825 4691">
    <p class='ocr_par' dir='ltr' id='par_1_103' title="bbox 2207 4611 3825 4691">
     <span class='ocr_line' id='line_1_104' title="bbox 2207 4611 3825 4691; baseline -0.005 -19"><span class='ocrx_word' id='word_1_665' title='bbox 2207 4616 2284 4672; x_wconf 87' lang='lat' dir='ltr'>tis</span> <span class='ocrx_word' id='word_1_666' title='bbox 2297 4617 2485 4690; x_wconf 89' lang='lat' dir='ltr'>gratia</span> <span class='ocrx_word' id='word_1_667' title='bbox 2503 4614 2765 4686; x_wconf 87' lang='lat' dir='ltr'>pallium,</span> <span class='ocrx_word' id='word_1_668' title='bbox 2781 4614 2962 4670; x_wconf 90' lang='lat' dir='ltr'>totius</span> <span class='ocrx_word' id='word_1_669' title='bbox 2976 4614 3196 4671; x_wconf 89' lang='lat' dir='ltr'>scilicet</span> <span class='ocrx_word' id='word_1_670' title='bbox 3207 4614 3583 4672; x_wconf 87' lang='lat' dir='ltr'>sacerdotalis</span> <span class='ocrx_word' id='word_1_671' title='bbox 3603 4611 3825 4691; x_wconf 85' lang='lat' dir='ltr'>dignita-</span> 
     </span>
    </p>
   </div>
   <div class='ocr_carea' id='block_1_104' title="bbox 2209 4702 3192 4778">
    <p class='ocr_par' dir='ltr' id='par_1_104' title="bbox 2209 4702 3192 4778">
     <span class='ocr_line' id='line_1_105' title="bbox 2209 4702 3192 4778; baseline -0.002 -18"><span class='ocrx_word' id='word_1_672' title='bbox 2209 4705 2286 4760; x_wconf 89' lang='lat' dir='ltr'>tis</span> <span class='ocrx_word' id='word_1_673' title='bbox 2316 4704 2763 4778; x_wconf 88' lang='lat' dir='ltr'>plenitudinem,</span> <span class='ocrx_word' id='word_1_674' title='bbox 2796 4702 3192 4776; x_wconf 84' lang='lat' dir='ltr'>indulgemus.</span> 
     </span>
    </p>
   </div>
   <div class='ocr_carea' id='block_1_105' title="bbox 2281 4786 3820 4866">
    <p class='ocr_par' dir='ltr' id='par_1_105' title="bbox 2281 4786 3820 4866">
     <span class='ocr_line' id='line_1_106' title="bbox 2281 4786 3820 4866; baseline -0.006 -16"><span class='ocrx_word' id='word_1_675' title='bbox 2281 4795 2564 4850; x_wconf 76' lang='lat' dir='ltr'>Przetcrea</span> <span class='ocrx_word' id='word_1_676' title='bbox 2593 4792 2694 4848; x_wconf 90' lang='lat' dir='ltr'>tibi</span> <span class='ocrx_word' id='word_1_677' title='bbox 2720 4792 2955 4864; x_wconf 89' lang='lat' dir='ltr'>tuisque</span> <span class='ocrx_word' id='word_1_678' title='bbox 2975 4787 3416 4848; x_wconf 86' lang='lat' dir='ltr'>successoribus</span> <span class='ocrx_word' id='word_1_679' title='bbox 3439 4791 3687 4866; x_wconf 83' lang='lat' dir='ltr'>legitime</span> <span class='ocrx_word' id='word_1_680' title='bbox 3704 4786 3820 4844; x_wconf 88' lang='lat' dir='ltr'>sub-</span> 
     </span>
    </p>
   </div>
   <div class='ocr_carea' id='block_1_106' title="bbox 2207 4873 3820 4954">
    <p class='ocr_par' dir='ltr' id='par_1_106' title="bbox 2207 4873 3820 4954">
     <span class='ocr_line' id='line_1_107' title="bbox 2207 4873 3820 4954; baseline -0.007 -15"><span class='ocrx_word' id='word_1_681' title='bbox 2207 4881 2547 4950; x_wconf 88' lang='lat' dir='ltr'>stituendis,</span> <span class='ocrx_word' id='word_1_682' title='bbox 2569 4881 2670 4954; x_wconf 84' lang='lat' dir='ltr'>qui</span> <span class='ocrx_word' id='word_1_683' title='bbox 2693 4881 2751 4936; x_wconf 91' lang='lat' dir='ltr'>in</span> <span class='ocrx_word' id='word_1_684' title='bbox 2771 4880 3226 4937; x_wconf 89' lang='lat' dir='ltr'>Tarraconensis</span> <span class='ocrx_word' id='word_1_685' title='bbox 3246 4881 3497 4937; x_wconf 89' lang='lat' dir='ltr'>civitatis</span> <span class='ocrx_word' id='word_1_686' title='bbox 3516 4885 3573 4936; x_wconf 90' lang='lat' dir='ltr'>et</span> <span class='ocrx_word' id='word_1_687' title='bbox 3590 4873 3820 4935; x_wconf 68' lang='lat' dir='ltr'>ecclesia</span> 
     </span>
    </p>
   </div>
   <div class='ocr_carea' id='block_1_107' title="bbox 2206 4967 3816 5042">
    <p class='ocr_par' dir='ltr' id='par_1_107' title="bbox 2206 4967 3816 5042">
     <span class='ocr_line' id='line_1_108' title="bbox 2206 4967 3816 5042; baseline -0.006 -15"><span class='ocrx_word' id='word_1_688' title='bbox 2206 4970 2688 5027; x_wconf 84' lang='lat' dir='ltr'>restaurationem</span> <span class='ocrx_word' id='word_1_689' title='bbox 2725 4969 2846 5042; x_wconf 90' lang='lat' dir='ltr'>pari</span> <span class='ocrx_word' id='word_1_690' title='bbox 2877 4969 3072 5024; x_wconf 89' lang='lat' dir='ltr'>studio</span> <span class='ocrx_word' id='word_1_691' title='bbox 3100 4969 3526 5035; x_wconf 89' lang='lat' dir='ltr'>insudaverint,</span> <span class='ocrx_word' id='word_1_692' title='bbox 3551 4967 3816 5040; x_wconf 65' lang='lat' dir='ltr'>prtel‘atam</span> 
     </span>
    </p>
   </div>
   <div class='ocr_carea' id='block_1_108' title="bbox 2203 5053 3818 5131">
    <p class='ocr_par' dir='ltr' id='par_1_108' title="bbox 2203 5053 3818 5131">
     <span class='ocr_line' id='line_1_109' title="bbox 2203 5053 3818 5131; baseline -0.006 -15"><span class='ocrx_word' id='word_1_693' title='bbox 2203 5063 2564 5117; x_wconf 89' lang='lat' dir='ltr'>Tarraconen</span> <span class='ocrx_word' id='word_1_694' title='bbox 2573 5076 2696 5114; x_wconf 90' lang='lat' dir='ltr'>sem</span> <span class='ocrx_word' id='word_1_695' title='bbox 2711 5058 3016 5114; x_wconf 87' lang='lat' dir='ltr'>ecclesiam</span> <span class='ocrx_word' id='word_1_696' title='bbox 3030 5059 3166 5129; x_wconf 74' lang='lat' dir='ltr'>jure</span> <span class='ocrx_word' id='word_1_697' title='bbox 3188 5059 3422 5131; x_wconf 90' lang='lat' dir='ltr'>proprio</span> <span class='ocrx_word' id='word_1_698' title='bbox 3435 5053 3818 5130; x_wconf 84' lang='lat' dir='ltr'>possidendam</span> 
     </span>
    </p>
   </div>
   <div class='ocr_carea' id='block_1_109' title="bbox 2205 5147 3818 5222">
    <p class='ocr_par' dir='ltr' id='par_1_109' title="bbox 2205 5147 3818 5222">
     <span class='ocr_line' id='line_1_110' title="bbox 2205 5147 3818 5222; baseline -0.007 -16"><span class='ocrx_word' id='word_1_699' title='bbox 2205 5147 2794 5222; x_wconf 82' lang='lat' dir='ltr'>perbuiusprivilegii</span> <span class='ocrx_word' id='word_1_700' title='bbox 2823 5147 3097 5220; x_wconf 86' lang='lat' dir='ltr'>paginam</span> <span class='ocrx_word' id='word_1_701' title='bbox 3119 5147 3558 5211; x_wconf 83' lang='lat' dir='ltr'>confirmamus,</span> <span class='ocrx_word' id='word_1_702' title='bbox 3583 5154 3818 5200; x_wconf 83' lang='lat' dir='ltr'>unacum</span> 
     </span>
    </p>
   </div>
   <div class='ocr_carea' id='block_1_110' title="bbox 2205 5226 3816 5310">
    <p class='ocr_par' dir='ltr' id='par_1_110' title="bbox 2205 5226 3816 5310">
     <span class='ocr_line' id='line_1_111' title="bbox 2205 5226 3816 5310; baseline -0.009 -15"><span class='ocrx_word' id='word_1_703' title='bbox 2205 5238 2480 5295; x_wconf 90' lang='lat' dir='ltr'>omnibus</span> <span class='ocrx_word' id='word_1_704' title='bbox 2511 5237 2771 5294; x_wconf 89' lang='lat' dir='ltr'>ecclesiis</span> <span class='ocrx_word' id='word_1_705' title='bbox 2801 5253 2948 5310; x_wconf 88' lang='lat' dir='ltr'>quas</span> <span class='ocrx_word' id='word_1_706' title='bbox 2978 5235 3212 5310; x_wconf 92' lang='lat' dir='ltr'>proprio</span> <span class='ocrx_word' id='word_1_707' title='bbox 3231 5237 3368 5309; x_wconf 86' lang='lat' dir='ltr'>jure</span> <span class='ocrx_word' id='word_1_708' title='bbox 3398 5234 3654 5294; x_wconf 87' lang='lat' dir='ltr'>noscitur</span> <span class='ocrx_word' id='word_1_709' title='bbox 3687 5226 3816 5286; x_wconf 68' lang='grc' dir='ltr'>αηιὶ-</span> 
     </span>
    </p>
   </div>
   <div class='ocr_carea' id='block_1_111' title="bbox 2205 5321 3818 5400">
    <p class='ocr_par' dir='ltr' id='par_1_111' title="bbox 2205 5321 3818 5400">
     <span class='ocr_line' id='line_1_112' title="bbox 2205 5321 3818 5400; baseline -0.008 -16"><span class='ocrx_word' id='word_1_710' title='bbox 2205 5328 2408 5400; x_wconf 89' lang='lat' dir='ltr'>quitus</span> <span class='ocrx_word' id='word_1_711' title='bbox 2437 5327 2789 5399; x_wconf 91' lang='lat' dir='ltr'>possedisse,</span> <span class='ocrx_word' id='word_1_712' title='bbox 2823 5325 3226 5398; x_wconf 64' lang='lat' dir='ltr'>praecipientes</span> <span class='ocrx_word' id='word_1_713' title='bbox 3257 5326 3327 5381; x_wconf 90' lang='lat' dir='ltr'>de</span> <span class='ocrx_word' id='word_1_714' title='bbox 3346 5323 3441 5381; x_wconf 88' lang='lat' dir='ltr'>his</span> <span class='ocrx_word' id='word_1_715' title='bbox 3464 5341 3588 5397; x_wconf 68' lang='lat' dir='ltr'>quae</span> <span class='ocrx_word' id='word_1_716' title='bbox 3613 5321 3818 5378; x_wconf 84' lang='lat' dir='ltr'>Sarace-</span> 
     </span>
    </p>
   </div>
   <div class='ocr_carea' id='block_1_112' title="bbox 2203 5413 3814 5489">
    <p class='ocr_par' dir='ltr' id='par_1_112' title="bbox 2203 5413 3814 5489">
     <span class='ocr_line' id='line_1_113' title="bbox 2203 5413 3814 5489; baseline -0.007 -18"><span class='ocrx_word' id='word_1_717' title='bbox 2203 5433 2413 5472; x_wconf 89' lang='lat' dir='ltr'>norum</span> <span class='ocrx_word' id='word_1_718' title='bbox 2447 5417 2518 5472; x_wconf 89' lang='lat' dir='ltr'>ad</span> <span class='ocrx_word' id='word_1_719' title='bbox 2553 5431 2810 5489; x_wconf 64' lang='lat' dir='ltr'>praesens</span> <span class='ocrx_word' id='word_1_720' title='bbox 2839 5415 3147 5486; x_wconf 86' lang='lat' dir='ltr'>subjacent</span> <span class='ocrx_word' id='word_1_721' title='bbox 3175 5413 3401 5480; x_wconf 88' lang='lat' dir='ltr'>ditioni,</span> <span class='ocrx_word' id='word_1_722' title='bbox 3451 5417 3517 5468; x_wconf 89' lang='lat' dir='ltr'>ut</span> <span class='ocrx_word' id='word_1_723' title='bbox 3560 5425 3685 5467; x_wconf 90' lang='lat' dir='ltr'>cum</span> <span class='ocrx_word' id='word_1_724' title='bbox 3729 5418 3814 5460; x_wconf 84' lang='lat' dir='ltr'>eas</span> 
     </span>
    </p>
   </div>
   <div class='ocr_carea' id='block_1_113' title="bbox 2203 5499 3814 5578">
    <p class='ocr_par' dir='ltr' id='par_1_113' title="bbox 2203 5499 3814 5578">
     <span class='ocr_line' id='line_1_114' title="bbox 2203 5499 3814 5578; baseline -0.004 -19"><span class='ocrx_word' id='word_1_725' title='bbox 2203 5509 2316 5560; x_wconf 90' lang='lat' dir='ltr'>Deo</span> <span class='ocrx_word' id='word_1_726' title='bbox 2348 5503 2630 5577; x_wconf 90' lang='lat' dir='ltr'>placuerit</span> <span class='ocrx_word' id='word_1_727' title='bbox 2657 5504 2928 5578; x_wconf 87' lang='lat' dir='ltr'>potestati</span> <span class='ocrx_word' id='word_1_728' title='bbox 2961 5501 3162 5577; x_wconf 90' lang='lat' dir='ltr'>populi</span> <span class='ocrx_word' id='word_1_729' title='bbox 3199 5501 3510 5560; x_wconf 81' lang='lat' dir='ltr'>Christiani</span> <span class='ocrx_word' id='word_1_730' title='bbox 3543 5499 3695 5574; x_wconf 70' lang='lat' dir='ltr'>[deest</span> <span class='ocrx_word' id='word_1_731' title='bbox 3738 5507 3814 5548; x_wconf 82' lang='lat' dir='ltr'>re-</span> 
     </span>
    </p>
   </div>
   <div class='ocr_carea' id='block_1_114' title="bbox 2201 5582 3812 5671">
    <p class='ocr_par' dir='ltr' id='par_1_114' title="bbox 2201 5582 3812 5671">
     <span class='ocr_line' id='line_1_115' title="bbox 2201 5582 3812 5671; baseline -0.007 -17"><span class='ocrx_word' id='word_1_732' title='bbox 2201 5592 2461 5654; x_wconf 84' lang='lat' dir='ltr'>stituere.</span> <span class='ocrx_word' id='word_1_733' title='bbox 2498 5593 2728 5671; x_wconf 59' lang='lat' dir='ltr'>Hane],</span> <span class='ocrx_word' id='word_1_734' title='bbox 2761 5593 2834 5653; x_wconf 85' lang='lat' dir='ltr'>ad</span> <span class='ocrx_word' id='word_1_735' title='bbox 2861 5592 3120 5653; x_wconf 86' lang='lat' dir='ltr'>debitam</span> <span class='ocrx_word' id='word_1_736' title='bbox 3169 5591 3425 5651; x_wconf 67' lang='lat' dir='ltr'>ecclesia</span> <span class='ocrx_word' id='word_1_737' title='bbox 3467 5583 3663 5652; x_wconf 74' lang='lat' dir='ltr'>vestris</span> <span class='ocrx_word' id='word_1_738' title='bbox 3694 5582 3812 5644; x_wconf 83' lang='lat' dir='ltr'>obe-</span> 
     </span>
    </p>
   </div>
  </div>
