3950 6218
474 339 594 398 335
1763 341 1833 404 Β.
1880 339 2126 404 URBAF

2240 339 2262 400 Ι
2309 340 2555 403 ΡΑΡᾸΞ,

475 476 693 540 nostra,
713 476 780 528 ut
810 473 882 529 ad
915 491 1024 530 nos
1047 475 1284 531 veniant
1312 492 1410 548 per
1442 474 1772 548 apostolicae
1801 475 1958 534 sedis
1987 475 2120 532 obe-
2152 477 2206 541 Α

473 561 755 618 dientiam
771 563 1164 632 admonete,et
1186 581 1255 620 ne
1278 566 1421 620 forte
1439 570 1754 620 causentur
1773 565 1846 620 ad
1871 565 2122 636 priorem

474 651 796 708 terminum
828 669 943 709 non
966 669 1138 725 posse
1161 670 1481 721 occurrere,
1503 654 1773 726 usquead
1798 653 2121 726 proximam

475 740 540 796 B.
573 740 768 796 Mariae
818 741 1186 798 Nativitatem
1238 743 1505 798 inducias
1553 743 1927 816 protelamus.
1962 742 2121 805 Quod

477 829 526 885 si
559 828 645 886 vel
672 835 814 886 tunc
841 831 1036 886 venire
1087 831 1562 904 contempserint,
1585 831 1866 886 canonica
1912 848 1974 885 sc
2023 849 2122 884 no-

476 917 665 974 verint
712 917 930 975 ultione
971 919 1340 992 plectendos;
1375 920 1422 974 si
1457 924 1653 976 autem
1703 919 1792 975 illi
1837 919 2122 985 venerint,

479 1006 718 1063 omnino
747 999 1039 1075 volumus,
1061 1011 1124 1064 ut
1143 1025 1210 1064 ex
1231 1008 1396 1064 vobis
1417 1009 1565 1065 duos
1585 1007 1673 1064 vel
1705 1013 1823 1064 tres
1843 1008 1915 1062 ad
1947 1008 2127 1078 hujus

478 1097 560 1152 rei
593 1097 988 1152 definitionem
1013 1097 1477 1170 perspiciendum
1500 1113 1633 1152 cum
1657 1097 1739 1152 eis
1759 1095 1974 1170 pariter
1994 1101 2128 1152 ante

482 1191 740 1242 nostram
773 1186 1140 1258 praesentiam
1184 1185 1472 1259 dirigatis.
1507 1185 1742 1241 Interim
1792 1203 1892 1241 vos
1922 1203 1956 1242 a
1986 1203 2128 1241 con-

481 1275 676 1330 fratris
707 1275 889 1331 nostri
939 1275 1261 1330 ditl‘amatia
1297 1275 1578 1341 desistite,
1610 1280 1668 1332 ct
1695 1275 1824 1346 ejus
1865 1291 2128 1330 commu-

480 1364 712 1420 nionem
747 1363 908 1422 nullo
937 1365 1110 1422 modo
1138 1369 1422 1420 recusato.
1452 1365 1793 1436 Quicunque
1823 1363 1998 1419 etiam
2030 1380 2129 1419 ve-

480 1461 666 1509 strum
701 1454 760 1509 in
808 1453 1029 1509 Pisanis
1082 1453 1344 1510 Ecclesiae
1385 1454 1618 1509 diuacesi
1669 1457 2128 1521 commorantur,

480 1542 734 1598 debitam
769 1542 821 1598 ei
850 1542 1243 1598 obedientiam
1295 1542 1632 1614 impendere
1679 1559 1792 1597 non
1842 1545 2128 1598 recusent.

482 1631 562 1686 Dc
593 1635 796 1686 caetero
826 1631 1204 1686 obsecramus
1227 1636 1290 1685 ut
1313 1631 1520 1686 vestris
1549 1647 1652 1685 nos
1678 1631 1829 1704 apud
1865 1630 2131 1704 omnipo-

3735 353 3837 430 33.6.

2990 477 3126 534 LVI.

2272 564 2478 621 Urbani
2506 567 2554 620 ll
2579 567 2806 638 epistola
2835 566 2904 621 ad
2929 568 3189 638 praelatos
3215 567 3480 624 taicoru-m
3501 584 3808 630 communem

2799 639 2970 694 vitam
2999 641 3306 708 agentium.

2857 727 3044 796 (Anno
3078 728 3260 800 1091.)

2505 831 2817 902 [Bsanocm
2849 833 3173 904 Chronicon,
3195 835 3268 892 ad
3299 852 3395 892 an.
3427 836 3604 908 1091.]
3691 869 3694 872 ~

2306 947 2598 1010 Quosdam
2631 949 2963 1022 accepimus
2993 965 3217 1006 morem
3239 955 3560 1009 vestrorum
3583 955 3840 1012 .cmnobio-

2237 1052 2366 1092 rum
2402 1039 2925 1111 corrodentes,quo
2946 1039 3128 1096 laicos
3159 1039 3372 1096 saeculo
3402 1042 3776 1100 renuntiantes
3797 1051 3842 1101 et

2239 1140 2299 1178 se
2332 1142 2554 1197 suaque
2584 1127 2654 1182 ad
2688 1143 3061 1183 communem
3105 1126 3285 1184 vitam
3327 1130 3744 1200 transferentes,
3770 1149 3842 1188 re-

2237 1213 2457 1284 gcndos
2489 1213 2545 1269 in
2570 1215 2900 1272 obedientia
2922 1215 3243 1288 suscipitis.
3265 1217 3380 1273 Nos
3404 1221 3594 1274 autem
3614 1221 3844 1278 eamdem

2240 1303 2733 1359 conversationem
2767 1311 2823 1359 et
2871 1304 3378 1373 consuetudinem,
3401 1307 3552 1363 sicut
3577 1307 3746 1366 oculis
3772 1328 3848 1366 no-

2241 1392 2380 1445 stris
2411 1392 2794 1462 inspeximus,
2829 1393 3204 1461 laudabilem,
3237 1402 3294 1450 et
3336 1413 3404 1451 eo
3448 1402 3715 1468 perpetua
3737 1400 3847 1454 cou-

2242 1481 2564 1535 servatione
2610 1482 3018 1554 dignissimam
3051 1499 3165 1554 quo
3196 1483 3254 1538 in
3286 1483 3591 1556 primitivae
3619 1485 3846 1543 Ecclesia

2241 1569 2808 1641 t‘ormamjimpressa
2829 1576 2916 1626 est
2937 1571 3291 1642 judicantes,
3315 1574 3719 1646 approbemus,
3735 1591 3844 1630 san-

2241 1663 2394 1712 ctam
2427 1664 2484 1713 et
2521 1658 2866 1715 catholicam
2903 1660 3295 1728 nominamus,
3319 1666 3378 1718 et
3425 1677 3528 1734 per
3570 1667 3846 1734 praesentes

482 1723 700 1776 tentem
731 1718 913 1775 Deum
947 1718 1309 1774 orationibus
1343 1720 1788 1776 commendctis.

552 1808 699 1863 Data
728 1807 913 1878 Trojze
943 1825 983 1864 ιι
1013 1806 1152 1864 Idus
1181 1807 1342 1864 Julii.

1241 1914 1380 1970 LIV.

485 2004 733 2062 Urbanus
782 2005 849 2070 11,
901 2003 1283 2074 Guillelmum,
1332 2003 1794 2074 archiepiswpum
1845 2004 2130 2061 [tot/toma-

550 2093 783 2146 gensem,
815 2076 886 2131 ad
935 2076 1330 2131 restituendmn
1377 2077 1770 2130 monasterium
1817 2075 1872 2130 S.
1905 2076 2130 2131 Austro-

538 2149 722 2205 .berta:
758 2149 1133 2220 Pavitz’acense
1189 2148 1408 2220 arcitat,
1439 2168 1458 2195 α
1495 2151 1654 2217 atque
1704 2149 1978 2202 universis
2033 2150 2132 2220 qui

549 2221 722 2278 eidem
749 2221 987 2275 ccenobio
1009 2219 1224 2289 aliquid
1251 2219 1554 2288 conferant,
1575 2222 1831 2288 quartam
1857 2219 2128 2290 paeniten-

547 2294 760 2348 tiarum
780 2291 849 2346 ab
873 2292 1123 2362 episcopo
1145 2293 1239 2345 aut
1263 2289 1574 2362 presbytero
1598 2289 1970 2360 injunctarum
1996 2307 2128 2362 par-

551 2374 658 2420 tem
687 2364 922 2418 relaxat.

1102 2451 1288 2521 (Anno
1321 2448 1505 2521 1091.)

570 2543 876 2614 [Ηυικλιγικ
913 2542 1031 2614 Vita
1077 2539 1629 2614 Urbani,_l\14s1u_.o§
1659 2542 1716 2614 et
1747 2538 2030 2608 Rumaa'r,

927 2611 1162 2680 Ouvrag.
1190 2611 1366 2684 posth.
1400 2610 1494 2679 III,
1527 2610 1675 2681 103.]

1245 2717 1357 2772 LV.

481 2809 686 2867 Urbani
713 2810 764 2864 II
791 2808 1020 2880 epistola
1047 2807 1116 2862 ad
1139 2807 1347 2880 clerum
1387 2810 1438 2861 et
1486 2807 1749 2880 populum
1795 2808 2122 2864 Ambianen-

545 2897 680 2962 sem.
713 2911 782 2920 -—
816 2876 1114 2950 'Signiﬁcat
1168 2895 1226 2933 se
1283 2876 1577 2933 Cercinam
1629 2879 1938 2951 episcopum
1993 2896 2123 2934 san-

547 2967 712 3006 πιδδε.

1101 3038 1286 3112 (Anno
1314 3037 1496 3110 1091.)

781 3130 1068 3200 [MABII.L.,
1100 3128 1299 3182 An‘nat.
1333 3128 1529 3184 Bened.
1563 3125 1631 3193 V,
1662 3128 1813 3199 280.]

2243 1745 2464 1803 litteras
2489 1747 2807 1820 apostolica
2834 1750 3183 1806 auctoritate
3212 1751 3650 1807 confirmamus.

2162 1845 2210 1912 Β
2985 1872 3152 1928 Lvu.

2245 1962 2450 2038 Urbani
2472 1963 2529 2038 _II
2557 1962 2791 2038 epistola
2830 1961 2899 2038 ad
2958 1961 3686 2038 G[ebhardum],epismpum
3737 1965 3842 2021 Con-

2315 2036 2682 2098 stantirnsem,
2735 2037 3032 2108 Wet/onem
3085 2037 3135 2088 et
3189 2033 3592 2108 BLertho’lduin]
3621 2036 3764 2094 duces
3808 2043 3847 2092 τί

2312 2108 2372 2159 lt.
2406 2108 2673 2159 comitem.
2693 2137 2752 2144 —
2778 2103 2904 2160 Illas
2940 2103 3193 2160 hortatur
3217 2103 3279 2160 ut
3323 2103 3591 2163 abbatem
3621 2111 3850 2163 monaste-

2312 2178 2386 2230 rii
2442 2175 2494 2230 S.
2557 2177 2858 2232 Saluatoris
2910 2174 3327 2247 Suhafliusensis
3394 2183 3650 2235 tueantur
3697 2187 3848 2236 contra

2311 2248 2582 2311 Tutonem,
2614 2247 2878 2304 donatum
2904 2250 3237 2304 monasterio
3256 2249 3540 2321 praedium
3566 2250 3766 2323 auferre
3782 2267 3850 2308 co-

2309 2336 2342 2372 n
2351 2323 2555 2373 antem.

2859 2409 3045 2479 (Anno
3079 2407 3266 2480 1092.)

2663 2496 2896 2568 [Massa
2932 2495 3135 2552 Concil.
3163 2495 3276 2565 ΧΧ,
3309 2499 3466 2570 708.]

2307 2613 2582 2670 υιωλκυε
2628 2613 2962 2686 cpiscopus,
2999 2629 3202 2671 servus
3247 2630 3554 2672 servorum
3592 2614 3706 2684 Dei,
3735 2614 3850 2675 Cou-

2235 2703 2544 2760 stantiensi
2588 2702 2858 2775 episcopo
2887 2702 2956 2758 N.
2989 2707 3046 2758 et
3087 2702 3154 2758 N.
3190 2705 3511 2761 comitibus
3551 2703 3784 2760 salutem
3808 2707 3851 2760 et

2233 2792 2614 2866 apostolicam
2647 2791 3131 2848 benedictionem.

2303 2883 2601 2938 Venerunt
2620 2881 2693 2936 ad
2715 2897 2820 2936 nos
2844 2879 3047 2937 litterae
3070 2881 3298 2937 abbatis
3324 2882 3668 2940 monasterii
3688 2879 3850 2939 Sancti

2230 2971 2562 3039 Salvatoris,
2595 2973 3017 3042 conquerentes
3047 2969 3162 3026 Deo
3191 2974 3251 3026 et
3285 2975 3494 3029 sancto
3523 2972 3684 3029 Petro
3719 2970 3844 3044 quod

2230 3062 2316 3118 vir
2343 3061 2583 3134 quidam
2614 3059 2849 3115 nomine
2883 3059 2948 3118 N.
2981 3057 3219 3115 veniens
3257 3061 3330 3116 ad
3379 3061 3718 3134 praedictum
3748 3075 3846 3115 mo-

2232 3149 2574 3218 nasterium,
2608 3147 2818 3204 saeculo
2859 3147 3233 3216 renuntiavit,
3281 3148 3844 3222 promissionemsta-

548 3239 824 3295 Uasauus
861 3235 1191 3309 episcopus,
1216 3251 1418 3291 servus
1464 3250 1764 3290 servorum
1810 3233 1933 3305 Dei,
1967 3234 2120 3292 clero
2152 3215 2194 3284 (ἶ
2229 3237 2476 3296 bilitatis
2497 3237 2820 3294 secundum
2843 3235 3325 3294 consuetudinem
3354 3236 3693 3294 monasterii
3723 3235 3846 3302 fecit,

475 3335 532 3386 et
559 3326 774 3402 populo
819 3323 1199 3382 Ambianensi
1242 3323 1495 3380 salutem
1525 3327 1583 3379 et
1612 3323 1992 3396 apostolicam
2023 3326 2122 3382 be-

476 3417 888 3474 nedictionem.

544 3504 1073 3564 Reverentissimus
1110 3503 1286 3559 frater
1328 3506 1528 3558 noster
1575 3501 1880 3570 Gervinns,
1931 3506 2120 3560 vester

468 3595 798 3668 episcopus,
831 3594 902 3649 ad
935 3593 1134 3649 sedem
1173 3590 1554 3664 apostolicam
1584 3591 1841 3660 veniens,
1875 3608 2114 3650 causam

466 3700 636 3742 suam
659 3700 793 3739 cum
809 3681 1144 3738 testimonio
1162 3679 1489 3736 litterarum
1510 3681 1964 3736 reverentissimi
1986 3699 2118 3738 cou-

463 3773 660 3828 fratris
698 3771 882 3827 nostri
927 3771 1243 3825 Remorum
1292 3768 1713 3841 archiepiscopi
1745 3770 2013 3828 Rainoldi
2057 3778 2113 3829 et

459 3860 790 3933 legatorum
821 3859 1012 3932 ipsius
1043 3857 1213 3914 nobis
1258 3857 1592 3912 notiﬁcavit.
1630 3857 1747 3912 Nos
1777 3863 1973 3914 autem
1995 3859 2108 3917 ele-

457 3950 706 4005 ctionem
741 3947 871 4019 ejus
901 3946 1243 4002 canonicam
1276 3946 1687 4018 approbantes,
1723 3951 1778 4002 et
1807 3947 1971 4004 illum
2007 3951 2106 4023 qui

454 4053 523 4093 ex
553 4041 884 4093 transverso
911 4052 972 4091 se
1003 4035 1225 4106 injecit,
1265 4034 1662 4106 reprobantes,
1687 4035 1982 4109 simulque
2005 4039 2105 4094 diu

456 4125 765 4182 nobiscum
795 4140 929 4180 eum
961 4123 1360 4190 retinendo,et
1387 4121 1434 4177 si
1481 4122 1582 4194 qui
1611 4132 1812 4180 contra
1842 4141 1978 4182 eum
2009 4144 2104 4183 ve-

453 4214 580 4271 nire
599 4211 813 4270 vellent
832 4213 1204 4283 attendendo;
1223 4216 1535 4284 postquam
1575 4211 1632 4268 in
1664 4213 1913 4269 duorum
1939 4232 2102 4272 men-

451 4303 605 4360 sium
643 4303 920 4376 spatium,
956 4319 1070 4376 quo
1103 4301 1410 4358 nobiscum
1437 4299 1658 4374 dcguit,
1689 4317 1858 4358 nemo
1899 4307 2103 4361 contra

449 4411 583 4450 eum
617 4392 940 4466 quidquam
975 4389 1200 4459 attulit;
1246 4394 1302 4446 et
1345 4390 1836 4448 condescensione
1867 4392 2095 4449 miseri-

447 4483 656 4540 con-dite
687 4483 934 4556 rigorem
968 4481 1214 4553 justitia:
1255 4483 1666 4552 temperantes,
1701 4480 1758 4534 in
1806 4479 1929 4536 loco
1961 4497 2096 4538 eum

2229 3333 2287 3384 et
2318 3345 2426 3384 sua
2453 3328 2639 3384 eidem
2671 3324 2927 3382 ecclesiae
2969 3327 3293 3382 secundum
3335 3325 3530 3401 legem
3563 3328 3844 3384 Suevorum

2229 3416 2432 3474 multis
2455 3432 2651 3472 coram
2672 3415 2921 3470 testibus
2941 3414 3183 3470 tradidit
3199 3419 3256 3470 et
3277 3415 3676 3484 conﬁrmavit;
3699 3413 3846 3471 abbas

2227 3511 2446 3575 autem,
2482 3509 2547 3560 ut
2575 3508 2665 3561 est
2687 3504 2929 3560 devotus
2959 3507 3017 3559 et
3045 3503 3306 3576 prudens
3331 3505 3706 3578 dispensator
3730 3508 3779 3560 et
3801 3502 3846 3555 li-

2224 3594 2466 3661 delis,in
2498 3592 2702 3650 eodem
2743 3591 2960 3664 praedio
2989 3591 3417 3650 monasterium
3451 3597 3694 3654 venuste
3735 3606 3844 3648 con-

2223 3687 2454 3750 struxit,
2478 3683 2686 3738 fratres
2711 3681 3018 3747 ordinavit,
3041 3685 3098 3737 et
3119 3686 3324 3737 caetera
3344 3699 3478 3755 quae
3502 3683 3576 3739 ad
3598 3679 3843 3738 monasti-

2221 3790 2347 3829 cam
2382 3771 2674 3844 pertinent
2713 3768 2975 3842 regulam
3024 3769 3301 3826 instituit.
3328 3770 3652 3830 Praedictus
3680 3771 3843 3826 autem

2219 3862 2310 3929 N.,
2345 3865 2408 3916 ut
2437 3859 2635 3916 omnia
2662 3858 2806 3914 vidit
2829 3858 3060 3915 abbatis
3090 3857 3286 3916 labore
3305 3863 3366 3915 et
3387 3860 3588 3916 studio
3608 3859 3842 3916 ordinata

2217 3957 2392 4022 atque
2423 3949 2694 4022 perfecta,
2728 3952 3038 4020 postquam
3071 3947 3416 4020 pradictum
3451 3947 3843 4006 monasterium

2213 4039 2368 4095 idem
2403 4037 2686 4111 praedium
2729 4053 2832 4109 per
2869 4036 3241 4110 septennium
3274 4041 3331 4092 et
3359 4055 3431 4094 eo
3461 4037 3716 4112 amplius
3740 4035 3844 4092 sine

2214 4129 2374 4184 omni
2431 4125 2888 4182 contradictione
2949 4125 3225 4193 obtinuit,
3287 4126 3578 4183 instinctu
3635 4121 3840 4183 diaboli.

2211 4232 2517 4288 nunquam
2549 4231 2610 4271 se
2641 4213 2954 4270 tradidisse
2987 4213 3219 4283 fatetur,
3251 4218 3310 4271 et
3338 4215 3390 4272 si
3439 4215 3756 4289 quidquam
3784 4209 3842 4278 ob

2209 4304 2319 4362 hoc
2351 4303 2629 4360 molestia:
2673 4303 3042 4371 sustinuerit,
3076 4320 3192 4359 non
3244 4302 3440 4360 solum
3488 4304 3730 4368 auferre,
3759 4296 3841 4354 sed

2207 4398 2264 4452 et
2297 4395 2488 4466 ipsum
2535 4391 2954 4448 monasterium
2999 4391 3259 4448 minatur
3295 4398 3582 4451 evertere.
3615 4394 3842 4462 Quapro-

2208 4489 2354 4556 pter,
2387 4481 2489 4536 ﬁlii
2526 4479 3022 4548 excellentissimi,
3053 4479 3262 4538 ohnixc
3311 4499 3416 4538 vos
3465 4495 3768 4538 exoramus
3793 4477 3841 4530 ut

444 4577 502 4628 et
517 4571 708 4628 ofﬁcio
727 4589 834 4627 suo
851 4573 1260 4627 confirmatum
1281 4569 1444 4624 vobis
1469 4569 1842 4624 remittimus.
1861 4569 2100 4643 Propter
2128 4586 2175 4654 ι)
2205 4587 2308 4644 pro
2335 4569 2559 4626 Domini
2590 4568 2903 4624 Salvatoris
2935 4569 3240 4628 devotione
3261 4586 3325 4624 ac
3359 4568 3685 4626 reverentia
3714 4561 3841 4623 beati

443 4663 598 4735 quod
647 4660 1065 4718 fraternitatem
1096 4663 1348 4715 vestram
1397 4657 1740 4713 auctoritate
1783 4659 2100 4730 apostolica

441 4768 884 4808 commonemus
900 4754 962 4805 ut
975 4765 1207 4805 omnem
1225 4746 1275 4804 ei
1295 4746 1873 4815 obedientiam,velut
1891 4747 2096 4805 idoneo

438 4841 682 4913 pastori,
717 4838 1064 4909 exbibeatis,
1097 4853 1331 4892 omnem
1382 4834 1627 4890 consilio
1675 4839 1733 4890 et
1774 4835 1990 4892 auxilio
2019 4838 2094 4912 ad

441 4929 810 4984 retinendum
853 4933 910 4983 et
940 4927 1262 4993 regendum
1306 4924 1708 4996 episcopatum
1749 4925 2094 4982 sollicitudi-

438 5034 572 5072 nem
605 5016 984 5089 impendatis,
1011 5020 1075 5070 ut
1105 5031 1238 5070 cum
1273 5015 1400 5087 ipso
1445 5019 1564 5068 tam
1599 5014 1668 5068 de
1695 5015 1956 5070 doctrina
1989 5033 2095 5071 sua

439 5121 616 5178 quam
649 5105 720 5160 de
751 5103 1082 5160 obedientia
1109 5110 1302 5160 vestra
1349 5103 1604 5176 gaudere
1637 5103 1898 5160 valeatis.
1931 5105 2093 5168 Quod

440 5193 490 5248 si
522 5197 654 5266 post
683 5192 835 5248 hanc
879 5193 1396 5249 commonitionem
1447 5191 1762 5263 quisquam
1794 5191 1846 5248 ei
1877 5192 1948 5247 de
1973 5193 2091 5261 eni-

438 5287 682 5357 scopatu
731 5281 1128 5338 contradicere
1184 5280 1658 5355 praesumpserit,
1711 5279 1882 5350 eique
1942 5279 2095 5337 sicut

435 5372 706 5446 episcopo
749 5387 856 5427 suo
904 5372 1078 5427 subdi
1127 5369 1500 5432 recusaverit,
1553 5367 1924 5428 sententiam,
1977 5385 2094 5440 qua

435 5459 560 5534 ipse
591 5478 695 5534 pro
726 5459 1126 5516 inobedientia
1153 5475 1289 5516 eum
1336 5455 1686 5523 multaverit,
1723 5472 1830 5512 nos
1861 5461 2088 5528 aposto-

432 5549 546 5608 lica
574 5549 920 5608 auctoritate
953 5549 1396 5605 confirmamus.

502 5639 646 5702 Data
675 5652 779 5697 xm
811 5637 938 5696 Kal.
970 5633 1259 5698 Januarii.

2211 4659 2359 4715 Petri
2387 4665 2444 4714 et
2475 4657 2658 4714 nostri
2690 4672 2887 4713 amore
2933 4657 3209 4714 eumdem
3244 4659 3440 4715 virum
3473 4675 3509 4714 a
3534 4662 3696 4714 tanta
3723 4669 3840 4726 apo.

2207 4750 2390 4805 stasia
2439 4746 2742 4820 prohibere
2793 4751 2851 4802 et
2893 4746 3089 4802 abbati
3139 4751 3197 4803 et
3244 4747 3607 4806 monasterio
3653 4740 3841 4802 curetis

2205 4837 2500 4893 assistere.
2533 4835 2680 4890 Dicit
2725 4851 2860 4890 vero
2909 4834 3331 4892 Innocentius:
3378 4839 3558 4892 Error
3611 4835 3700 4890 cui
3749 4845 3839 4886 non

2203 4927 2480 4982 resistitur
2508 4923 2868 4996 approbatur;
2897 4939 2964 4978 ac
3004 4923 3318 4996 Apostolus
3355 4941 3369 4980 :
3406 4926 3531 4982 Non
3568 4925 3739 4981 solum
3763 4916 3840 4991 qui

2202 5017 2416 5086 faciunt
2444 5014 2600 5085 digni
2626 5016 2755 5068 sunt
2783 5020 2972 5080 morte,
2995 5013 3088 5068 sed
3116 5015 3212 5084 qui
3253 5016 3610 5070 consentiunt
3647 5011 3839 5084 facien-

2203 5106 2366 5160 tibus.
2391 5102 2676 5158 Volnmus
2706 5105 2926 5168 autem,
2961 5100 3066 5172 fili,
3094 5106 3151 5158 te
3181 5103 3463 5159 eumdem
3494 5099 3838 5175 pestilentem

2200 5193 2418 5260 virum,
2449 5191 2498 5249 si
2535 5193 2660 5262 jam
2710 5207 2827 5246 non
2875 5191 3097 5246 factum
3127 5195 3236 5261 est,
3271 5192 3542 5248 secundo
3585 5195 3641 5248 et
3689 5184 3837 5243 tertio

2201 5281 2478 5336 canonice
2511 5295 2882 5336 commonere
2936 5283 3003 5334 ut
3047 5279 3386 5352 resipiscat;
3419 5279 3578 5352 quod
3622 5277 3670 5334 si
3712 5287 3836 5330 com

2200 5369 2526 5442 tempserit,
2552 5374 2615 5424 ut
2643 5367 2832 5424 caeteri
2864 5372 3087 5424 metum
3124 5367 3401 5436 habeant,
3426 5368 3686 5443 gladium
3715 5377 3835 5419 ans-

2201 5457 2476 5515 thematis
2507 5459 2566 5513 in
2597 5457 2766 5514 illum
2791 5456 3120 5530 evaginare,
3144 5461 3444 5530 quatenus
3475 5457 3536 5514 in
3559 5452 3834 5512 interitum

2199 5546 2392 5604 carnis
2422 5545 2676 5605 traditus
2715 5545 2942 5604 Satanae
2970 5545 3158 5605 discat
3186 5562 3302 5604 non
3334 5545 3758 5622 blasphemiam,
3782 5539 3834 5594 θι

2201 5633 2394 5693 salvus
2425 5635 2500 5692 sit
2529 5635 2590 5693 in
2618 5634 2713 5694 die
2743 5633 2992 5694 Domini.
3031 5633 3363 5700 Incolumes
3391 5651 3499 5698 vos
3527 5638 3584 5696 et
3612 5625 3828 5698 monitis
