3950 6218
105 348 204 414 33⁵1
1241 344 1647 412 EPISTOLE
1690 345 1790 410 ΕΤ

103 482 294 545 nostris
330 481 663 543 obodientes
709 482 904 543 divina
945 479 1134 559 gratia
1180 480 1489 549 custodiat,
1539 484 1597 538 et
1637 480 1708 538 ab
1738 481 1791 550 Α

104 575 241 634 omni
271 574 418 632 malo
449 574 741 632 defendat.

798 663 993 721 LVIII.

102 754 426 823 Conﬁnnatio
454 756 742 811 erectionis
779 755 1051 810 canonica
1095 752 1153 807 S.
1187 752 1372 807 Maria:
1406 754 1463 807 in
1504 753 1714 807 Retten-

159 828 297 891 bach,
353 841 478 897 qua:
525 827 627 882 sub
683 827 992 897 apostolicae
1044 824 1187 880 sedis
1240 826 1573 897 proiectione
1627 840 1713 877 rc-

156 895 373 970 cipiturf
428 895 869 970 conﬁrmatisque
926 898 1078 970 bonis
1149 896 1406 970 amnicus
1463 895 1531 949 ad
1597 911 1716 970 eam

156 967 538 1053 spectantibus,
576 967 844 1025 nonnulla
890 968 1065 1024 eidem
1128 967 1497 1023 conceduntur
1537 968 1713 1039 privi-

235 1057 303 1095 ια.
784 1074 787 1075 ν

160 1042 303 1110 legia.
784 1074 787 1075 ν

697 1129 883 1200 (Anno
915 1128 1102 1195 4092.)

99 1219 458 1289 [ϐοροειιωεω
492 1219 722 1281 bullat,
776 1219 1058 1290 ρνίινίιθθ..
1108 1233 1309 1290 summ.
1340 1222 1486 1288 poni.
1539 1215 1710 1287 ampl.

652 1289 865 1346 Coum.
901 1290 968 1355 ιι,
997 1292 1089 1343 67.
1117 1289 1131 1361 ]

156 1378 406 1435 UasANUs
435 1379 771 1452 episcopus,
798 1395 1000 1435 servus
1024 1394 1324 1435 servorum
1348 1375 1463 1445 Dei,
1500 1374 1710 1432 charis.

104 1470 225 1524 sime
246 1467 359 1524 ﬁlio
379 1468 674 1524 ULDARICO
694 1467 1022 1540 praepositio
1041 1465 1482 1536 canonicse,quae
1510 1465 1567 1519 in
1589 1464 1712 1520 loco

98 1557 455 1629 Raitenpuech
490 1557 563 1612 ad
598 1557 878 1613 honorem
908 1557 966 1612 S.
1000 1556 1099 1611 Dei
1135 1553 1433 1627 genitricis
1466 1557 1522 1609 et
1543 1553 1713 1625 virgi-

96 1646 169 1703 nis
194 1645 373 1701 Mariae
404 1645 516 1701 sita
546 1649 658 1713 est,
691 1647 935 1717 ejusque
966 1643 1405 1701 successoribus
1437 1641 1712 1698 canonice

95 1734 504 1800 substituendis,
540 1735 603 1789 in
637 1740 1005 1807 perpetuum.

151 1825 470 1880 Potestatem
505 1823 731 1896 ligandi
766 1827 939 1895 atque
973 1820 1231 1921 solvendi
1280 1820 1338 1875 in
1370 1820 1530 1876 oculis
1567 1824 1625 1875 et
1652 1819 1710 1874 in
1742 1856 1788 1921 Β

92 1917 238 1981 terra,
258 1914 313 1968 Β.
337 1913 502 1969 Petro
534 1915 785 1985 ejusque
822 1911 1283 1977 successoribus,
1308 1914 1544 1965 auctore
1573 1914 1708 1978 Deo,

93 2001 448 2075 principaliter
469 2000 775 2067 traditam,
804 2000 920 2056 illis
953 1998 1206 2056 Ecclesia
1227 1998 1416 2054 verbis
1448 1998 1712 2070 agnoscit

92 2091 272 2163 quibus
293 2091 522 2146 Petrum
556 2094 652 2146 est
681 2088 966 2146 Dominus
997 2087 1288 2145 allocutus
1314 2107 1326 2143 :
1362 2089 1711 2158 Quwcunquc

92 2177 310 2246 ligatum
333 2195 497 2251 super
544 2184 778 2244 terram,
820 2183 983 2233 erunt
1034 2179 1203 2249 ligata
1250 2179 1389 2233 etin
1442 2177 1593 2232 aclis
1614 2193 1633 2237 ;
1659 2180 1709 2231 et

92 2282 384 2340 quiscunque
410 2270 646 2324 sol-veris
672 2284 837 2340 super
876 2271 1101 2335 terram,
1145 2273 1305 2322 erant
1362 2269 1538 2321 soluta
1567 2270 1617 2321 et
1649 2267 1708 2320 in

88 2356 428 2426 celisﬂiatth.
462 2375 584 2427 xvr,
626 2357 739 2426 19.)
771 2357 882 2428 Ipsi
929 2373 1163 2429 quoque
1209 2360 1266 2412 et
1314 2355 1558 2428 propria:-
1605 2355 1707 2409 ﬁr-

89 2444 231 2502 mitas
248 2450 301 2502 et
318 2445 513 2502 alienae
538 2446 679 2502 ﬁdei
697 2444 1082 2513 conﬁrmatio,
1098 2446 1300 2501 eodem
1320 2449 1428 2500 Dco
1451 2449 1703 2511 auctore,

90 2539 379 2604 prasstatur,
402 2552 538 2591 eum
562 2535 639 2590 ad
669 2551 801 2590 eum
821 2535 902 2590 ait
925 2552 937 2591 :
988 2536 1202 2604 Rogavi
1217 2551 1316 2605 pro
1348 2538 1417 2601 le,
1444 2534 1618 2601 Pctrc,
1649 2537 1710 2588 ut

88 2637 176 2677 non
203 2622 399 2694 deﬁciat
425 2624 559 2696 ﬁdes
596 2633 713 2690 tua,
755 2633 805 2679 et
834 2628 899 2679 tu
927 2624 1232 2695 aliquando
1266 2639 1554 2678 conversus
1581 2639 1706 2678 con.-

92 2712 223 2780 ﬁrma
248 2716 437 2782 fratre:
469 2722 594 2770 tuos
627 2713 777 2780 (Luc.
810 2730 946 2778 χχιι,
975 2713 1090 2784 32.)
1131 2712 1367 2784 Oportet
1414 2728 1550 2783 ergo
1599 2728 1708 2767 nos

94 2801 191 2873 qui,
216 2801 341 2859 licet
366 2803 623 2876 indigni,
663 2803 816 2859 Petri
867 2802 1195 2859 residemus
1245 2803 1304 2857 in
1352 2802 1496 2869 loco,
1532 2819 1708 2874 prava

93 2891 357 2963 corrigere,
416 2896 579 2949 recta
638 2893 873 2949 ﬁrmare
925 2896 980 2949 et
1024 2893 1085 2947 in
1131 2892 1288 2949 omni
1348 2889 1603 2947 Ecclesia
1632 2890 1704 2946 ad

93 2978 256 3032 sterni
284 2978 591 3036 arbitrium
623 2978 847 3036 Judicis
877 2979 960 3036 sic
991 2979 1359 3052 disponenda
1398 2979 1704 3050 disponere

95 3067 147 3118 ut
169 3066 230 3121 de
254 3067 407 3123 vultu
427 3069 561 3140 ejus
580 3067 876 3139 judicium
898 3068 1157 3140 prodeat,
1180 3072 1237 3124 et
1252 3067 1403 3124 oculi
1423 3067 1604 3123 nostri
1627 3067 1706 3121 vi-

94 3152 239 3209 deant
271 3157 606 3228 equitatem
638 3158 807 3229 (Psal.
841 3175 953 3225 xw,
992 3160 1072 3225 2.)
1105 3160 1249 3224 Quia
1276 3156 1456 3230 igitur
1488 3155 1701 3212 ﬁdelis-

1834 347 2305 414 PRIVILEGIA.
3360 350 3480 419 338

1834 497 1898 540 ac
1930 482 2354 558 gubernatione
2391 498 2668 544 concessa
2711 486 2851 544 sunt
2898 482 3105 544 usibus
3150 485 3475 561 profutura.

1824 574 2087 631 Obeunte
2117 591 2272 631 nunc
2302 575 2567 646 ejusdem
2597 575 2707 632 loci
2740 576 3067 649 praeposito,
3109 577 3197 633 vel
3242 580 3476 635 tuorum

1827 664 2087 736 quolibet
2108 682 2537 733 successorum,
2555 665 2755 721 nullus
2776 666 2855 721 ibi
2880 665 3140 739 qualibet
3159 668 3480 740 subreptio-

1825 754 1921 809 nis
1951 754 2170 810 astutia
2198 760 2573 827 praeponatur
2598 755 2710 811 nisi
2733 773 2906 828 quem
2941 756 3148 811 fratres
3179 758 3476 813 communi

1824 859 2114 899 consensu
2146 843 2233 899 vel
2268 844 2512 899 fratrum
2549 863 2681 916 pars
2712 844 2940 901 consilii
2991 844 3241 901 sanioris
3290 844 3477 918 elege-

1823 930 1958 986 rint.
1993 931 2470 988 Consecrationes
2497 934 2773 989 altarium
2807 934 2926 990 sive
2957 934 3356 1003 basilicarum,
3390 953 3479 991 or-

1823 1017 2155 1077 dinationes
2185 1021 2550 1089 clericorum,
2584 1022 2860 1089 chrisma,
2885 1022 3077 1079 oleum
3107 1028 3397 1092 sanctum,
3422 1029 3478 1080 et

1823 1112 2030 1165 castora
2044 1110 2111 1165 ad
2134 1110 2461 1183 episcopale
2478 1111 2739 1167 ofﬁcium
2754 1111 3108 1184 pertinentia
3120 1113 3192 1169 ab
3205 1112 3475 1186 episcopo

1823 1197 2219 1270 Frisingen...,
2271 1200 2329 1255 in
2362 1202 2532 1272 cujus
2581 1201 2815 1257 dimcesi
2856 1202 3018 1267 estis,
3065 1200 3385 1274 accipietis,
3421 1202 3473 1259 si

1820 1291 2018 1343 tamen
2053 1287 2374 1344 catholicus
2406 1294 2513 1353 est,
2548 1295 2605 1345 et
2634 1290 2881 1361 gratiam
2909 1308 2974 1345 ac
3002 1290 3473 1347 communionem

1823 1376 2150 1448 apostolicae
2184 1378 2340 1434 sedis
2372 1378 2641 1434 habuerit
2666 1384 2722 1434 et
2742 1379 2924 1451 gratis
2954 1383 3009 1434 et
3040 1379 3165 1435 sine
3187 1381 3475 1452 pravitate

1822 1465 2158 1537 impendere
2188 1466 2450 1522 voluerit.
2484 1468 2639 1523 Alias
2669 1485 2825 1534 vero,
2875 1468 3039 1525 vobis
3078 1467 3248 1524 liccat
3277 1469 3473 1526 catho-

1821 1551 1998 1609 licum
2018 1572 2191 1627 quem
2203 1555 2500 1612 volueritis
2523 1558 2680 1613 adire
2704 1557 3047 1625 antistitem,
3073 1560 3129 1613 et
3150 1558 3222 1613 ab
3245 1575 3311 1613 eo
3335 1576 3471 1614 con-

1821 1644 2212 1699 secrationum
2246 1652 2614 1702 sacramenta
2671 1647 2986 1719 suscipere,
3018 1646 3107 1701 vel
3165 1648 3236 1703 ad
3270 1648 3469 1704 sedem

1819 1732 2196 1804 apostolicam
2230 1750 2523 1791 recurrere
2552 1753 2564 1799 ;
2590 1737 2689 1808 qui
2715 1736 2896 1792 fultus
2926 1735 3248 1808 apostolica
3276 1741 3471 1793 aucto-

1820 1822 1989 1877 ritate
2011 1823 2137 1878 sine
2160 1825 2541 1897 ambiguitate
2564 1825 2856 1897 postulata
2875 1826 3172 1881 concedat.
3190 1830 3472 1882 Praeterea

1820 1912 2164 1967 advocatum
2213 1914 2377 1970 vobis
2436 1915 2554 1970 sive
2615 1919 2999 1987 protectorem
3055 1915 3469 1971 constituimus

1818 2000 2123 2057 Gulfonem
2146 2003 2389 2076 egregiis
2408 2004 2776 2061 strenuitatis
2809 2006 3041 2070 ducem,
3074 2006 3318 2078 ejusque
3340 2011 3470 2078 post

1818 2106 1950 2144 eum
1978 2089 2199 2159 ﬁlios,si
2220 2093 2531 2163 ejusmodi,
2557 2098 2667 2149 Deo
2692 2097 3024 2167 praestante,
3052 2094 3360 2161 fuerint,ut
3382 2109 3469 2149 oc-

1817 2176 2004 2233 clesiae
2034 2183 2234 2235 vestra:
2258 2180 2430 2237 utiles
2461 2187 2518 2237 et
2534 2187 2785 2255 paternae
2808 2181 3196 2238 institutionis
3217 2182 3471 2239 existant

1817 2274 2197 2322 exsecutores.
2234 2268 2333 2324 Sin
2368 2274 2584 2338 autem,
2635 2271 2813 2327 vestri
2845 2270 2954 2328 erit
3003 2270 3230 2326 arbitrii
3290 2288 3465 2343 quem

1816 2354 2099 2428 placuerit
2129 2356 2341 2430 eligere
2362 2363 2564 2414 vestrae
2588 2359 2856 2415 Ecclesiae
2889 2360 3165 2414 idoneum
3189 2362 3470 2431 protecto-

1817 2460 1960 2511 rem,
1996 2445 2092 2517 qui
2127 2446 2253 2502 sine
2300 2446 2445 2503 lucri
2494 2446 2790 2503 saecularis
2831 2447 3129 2503 exactione
3161 2447 3219 2501 id
3261 2446 3467 2502 divinas

1816 2534 2112 2591 servitutis
2129 2535 2475 2608 obsequium
2501 2542 2736 2592 strenue
2749 2555 2815 2593 ac
2837 2539 3163 2593 reverenter
3176 2534 3463 2591 exhibeat.

1815 2622 2214 2695 Omnipotenti
2246 2629 2440 2680 autem
2462 2626 2909 2698 Domino,cujus
2940 2624 3144 2680 melior
3173 2628 3263 2681 est
3291 2625 3466 2681 mise-

1816 2711 2065 2767 ricordia
2105 2729 2279 2785 super
2309 2714 2597 2781 victimas,
2630 2715 2849 2787 gratias
2894 2714 3151 2787 agimus,
3183 2712 3321 2785 quia
3368 2730 3468 2769 vos

1814 2800 1956 2856 estis
1987 2800 2083 2873 qui
2118 2801 2216 2857 SS.
2256 2803 2487 2858 Patrum
2519 2803 2697 2858 vitam
2737 2802 3103 2876 probabilem
3151 2803 3468 2873 renovatis,

1814 2894 1871 2944 et
1902 2890 2228 2962 apostolica:
2259 2891 2525 2949 instituta
2556 2891 2898 2965 disciplinae,
2923 2892 2982 2948 in
3015 2891 3354 2965 primordiis
3372 2892 3470 2948 Ec-

1814 2976 2003 3033 clesiae
2034 2983 2246 3035 saneta:
2295 2986 2513 3049 exorta,
2567 2983 2666 3038 sed
2720 2985 3013 3039 crescente
3062 2980 3317 3037 Ecclesia
3335 2980 3462 3052 jam

1814 3074 1959 3137 péne
1981 3068 2185 3135 deleta,
2210 3068 2489 3126 instinctu
2514 3070 2697 3126 sancti
2721 3071 2973 3143 Spiritus
2997 3068 3317 3127 suscitatis.
3338 3070 3464 3125 Duo

1812 3154 1968 3209 enim
2001 3156 2073 3210 ab
2104 3156 2371 3212 Ecclesia.
2402 3163 2613 3214 sanctae
2645 3158 2983 3231 primordiis
3011 3159 3145 3213 vitae
3175 3158 3304 3228 ejus
3326 3157 3463 3214 ﬁliis

94 3241 207 3297 simi
226 3227 485 3301 Romanis
505 3227 780 3302 Ecclesiae
803 3244 929 3313 ﬁlii,
953 3245 1143 3302 Welfo
1164 3247 1281 3302 dux
1297 3227 1694 3315 Savariorum,
1729 3227 1787 3293 C'
1810 3248 1950 3298 sunt
1979 3244 2250 3302 instituta
2274 3263 2287 3312 ;
2322 3264 2456 3313 una,
2491 3265 2608 3319 qua
2627 3227 2995 3303 inﬁrmorum
3028 3227 3299 3303 debilitas
3328 3246 3463 3301 reti-

94 3332 338 3402 ctconjnx
350 3334 475 3405 ejus
490 3334 762 3400 Juditha,
783 3350 885 3407 pro
903 3335 1231 3390 animarum
1252 3351 1494 3390 suarum
1517 3332 1707 3389 salute

94 3422 393 3479 canonicam
415 3424 670 3480 fratrum
689 3424 1012 3479 secundum
1034 3422 1294 3497 regulam
1319 3425 1380 3478 B.
1397 3422 1708 3497 Augustini

94 3507 393 3579 viventium,
424 3513 485 3567 in
526 3512 660 3569 loco
691 3512 790 3584 qui
823 3513 1180 3568 Rettenbach
1230 3513 1462 3579 dicitur,
1495 3517 1709 3567 consti-

94 3599 314 3667 tuentes,
344 3603 614 3659 eamdem
646 3602 889 3657 domum
920 3602 983 3656 B.
1018 3602 1184 3657 Petro
1214 3602 1518 3658 devotione
1550 3602 1714 3657 obtu-

95 3684 213 3753 lere,
241 3705 340 3744 nos
388 3696 512 3746 tum
566 3708 671 3763 pro
704 3691 1023 3756 reverentia
1068 3696 1125 3746 et
1162 3691 1463 3746 devotione
1513 3695 1571 3746 Β.
1617 3690 1715 3746 Dei

98 3775 362 3845 genitricis
385 3796 741 3851 semperque
769 3778 1011 3852 virginis
1033 3778 1246 3845 Mariae,
1276 3780 1446 3850 cujus
1477 3779 1717 3834 nomine

98 3860 239 3919 locns
264 3865 382 3938 ipse
409 3868 716 3924 dedicatus
746 3872 855 3935 est,
888 3872 1013 3922 tum
1048 3883 1151 3939 pro
1183 3865 1489 3923 dilectione
1512 3865 1717 3940 prmdi-

103 3953 301 4008 ctoriam
329 3955 587 4012 ﬁliorum
617 3959 977 4021 nostrorum,
1009 3954 1183 4011 etiam
1216 3972 1319 4028 pro
1341 3955 1721 4011 fraternitatis

104 4044 279 4097 vestris
304 4043 582 4116 religione
608 4045 905 4117 praefatam
930 4044 1292 4111 canonicam,
1327 4044 1442 4113 cui,
1469 4046 1580 4100 Deo
1612 4044 1727 4099 dis-

107 4135 349 4199 ponente,
406 4134 719 4206 praesidere
775 4134 1144 4207 cognosceris
1205 4133 1263 4188 in
1307 4132 1724 4205 protectionem

108 4222 414 4289 perpetuam
435 4238 503 4277 ac
523 4223 585 4277 in
606 4221 848 4278 tutelam
874 4221 1206 4295 apostolicae
1220 4221 1379 4277 sedis
1400 4222 1730 4295 specialiter

109 4305 455 4377 suscipimus.
491 4310 623 4367 Tibi
644 4311 841 4383 itaque
860 4311 1096 4383 tuisque
1121 4309 1402 4383 legitimis
1433 4326 1730 4366 successo-

111 4390 254 4449 ribus
280 4400 537 4455 eamdem
571 4401 884 4473 regendam
915 4416 981 4455 ac
1011 4399 1439 4471 disponendam
1463 4399 1734 4470 praesenti

112 4478 303 4539 decreti
335 4488 518 4543 nostri
551 4488 766 4560 pagina
795 4489 1241 4557 conﬁrmamus,
1295 4505 1429 4542 cum
1459 4488 1739 4544 omnibus

1815 3334 2005 3398 netur,
2029 3333 2209 3389 altera
2237 3351 2355 3405 qua
2386 3336 2691 3391 fortiorum
2734 3336 2852 3391 vita
2898 3336 3068 3391 beata
3112 3334 3414 3406 perﬁcitur
3442 3351 3456 3401 ;

1819 3438 1935 3475 una
1968 3439 2275 3478 remanens
2308 3424 2365 3478 in
2398 3425 2577 3495 Segor
2600 3425 2861 3496 parvula,
2893 3423 3078 3479 altera
3116 3423 3187 3477 ad
3242 3422 3462 3477 montis

1820 3509 2028 3565 altiora
2058 3513 2455 3567 conscendens
2477 3530 2497 3573 :
2529 3530 2647 3567 una
2673 3512 2964 3585 lacrymis,
2996 3514 3053 3567 et
3081 3509 3467 3583 elccmosynis

1822 3599 2162 3670 quotidiana
2191 3604 2427 3672 peccata
2460 3601 2773 3671 redimens,
2807 3600 2988 3657 altera
3018 3598 3358 3672 quotidiana
3388 3599 3472 3654 in-

1824 3688 2043 3744 stantia
2062 3689 2272 3745 merita
2292 3693 2506 3746 aeterna
2526 3690 2905 3763 conquirens;
2926 3688 3168 3745 alteram
3184 3692 3471 3756 tenentes,

1825 3776 2159 3833 inferiorem
2193 3778 2438 3834 terrenis
2470 3779 2641 3834 bonis
2663 3783 2946 3845 utuntur;
2971 3776 3211 3833 alteram
3235 3792 3479 3848 sequen-

1828 3870 1939 3931 tes,
1973 3866 2332 3937 superiorem
2364 3868 2518 3923 bona
2546 3865 3142 3939 terrenadescipiunt
3189 3882 3255 3921 ac
3303 3864 3478 3921 relin-

1830 3959 2036 4025 quunt.
2071 3955 2201 4011 Haec
2255 3962 2448 4011 autem
2508 3956 2975 4029 quenaterrenis
3032 3954 3230 4010 divino
3288 3955 3483 4011 favore

1832 4042 2138 4099 divertitur
2167 4044 2225 4099 in
2245 4045 2393 4101 duas
2416 4044 2592 4101 unius
2613 4062 2758 4117 pene
2783 4044 3166 4117 ejusdemque
3188 4040 3486 4116 praepositi

1835 4132 2115 4187 dividitur
2133 4134 2453 4204 portiones,
2481 4133 2897 4189 canonicorum
2921 4132 3145 4189 scilicet
3173 4134 3350 4203 atque
3371 4148 3489 4187 mo-

1838 4221 2180 4277 nachorum.
2214 4222 2432 4277 Harum
2464 4224 2723 4278 secunda
2753 4239 2857 4295 per
2882 4222 3140 4277 divinam
3173 4219 3494 4276 misericor-

1840 4309 1996 4366 diam
2020 4312 2146 4382 jam
2171 4311 2498 4382 frequentia
2526 4313 2673 4366 facta
2702 4312 2878 4366 etiam
2901 4310 2961 4366 in
2985 4307 3196 4366 saeculo
3222 4308 3493 4363 universo

1844 4398 2063 4467 elucet;
2096 4398 2287 4470 prima
2312 4417 2445 4455 vero
2477 4400 2547 4455 de
2590 4399 2910 4455 calescente
2959 4399 3180 4454 fervore
3230 4395 3495 4451 ﬁdelium

1838 4489 1964 4559 jam
1994 4505 2139 4559 pene
2172 4489 2411 4544 omnino
2442 4489 2702 4544 deﬂuxit.
2729 4488 2889 4544 Hanc
2912 4491 3133 4558 martyr
3152 4488 3210 4541 et
3240 4483 3500 4556 pontifex

115 4582 224 4660 (ἷξε
251 4572 431 4645 eijam
449 4580 506 4631 et
532 4577 942 4647 praedictorum
960 4577 1177 4632 ducum
1212 4575 1614 4643 facultatibus,
1633 4592 1734 4632 seu
1766 4595 1825 4660 Β·
1848 4576 2117 4633 Urbanus
2138 4576 2413 4643 instituit,
2447 4577 2598 4632 hanc
2628 4575 2997 4649 Augustinus
3020 4574 3144 4630 suis
3177 4571 3393 4644 regulis
3415 4588 3502 4660 or-

116 4655 343 4716 eliorum‘
371 4678 649 4721 concessa
678 4670 818 4721 sunt
846 4665 1138 4721 oblatione
1168 4662 1448 4720 ﬁdelium.

178 4746 572 4817 Quamobrem,
589 4770 691 4825 per
710 4758 1054 4827 praesentem
1075 4753 1257 4809 nostri
1280 4752 1565 4826 privilegii
1590 4754 1746 4827 pagi-

119 4846 257 4900 nam,
271 4841 586 4909 apostolica
596 4841 939 4898 auctoritate
956 4841 1277 4897 statuimus
1293 4845 1359 4897 ut
1383 4857 1583 4914 quaecu
1594 4858 1746 4913 nque

119 4918 273 4979 hodie
293 4926 441 4983 idem
456 4931 784 4985 omnobium
801 4931 935 5001 jure
947 4929 1355 5002 possidet,sive
1369 4931 1425 4985 in
1449 4936 1744 5003 posterum

119 5014 467 5072 concessione
486 5017 852 5090 pontiﬁcum,
868 5018 1212 5075 liberalitate
1235 5018 1565 5091 principum
1571 5019 1751 5090 ,obla-

120 5095 263 5155 tione
283 5102 546 5161 ﬁdelium
572 5107 707 5178 jure
737 5112 909 5178 atque
939 5107 1215 5163 canonice
1241 5107 1456 5179 poterit
1477 5108 1750 5180 adipisci,

122 5183 274 5243 ﬁrma
295 5188 399 5247 tibi
429 5194 666 5266 tuisque
696 5196 1134 5252 successoribus
1170 5200 1225 5250 et
1256 5195 1484 5250 illibata
1517 5214 1751 5268 perma-

126 5281 300 5331 neant.
332 5279 711 5337 Decernimus
739 5299 874 5356 ergo
905 5290 970 5339 ut
1010 5283 1153 5340 nulli
1184 5284 1423 5339 omnino
1447 5284 1752 5342 hominum

122 5356 293 5418 libeat
309 5369 572 5426 eamdem
596 5361 931 5430 canonicam
957 5377 1172 5430 temere
1192 5366 1555 5446 pertdrbare,
1582 5377 1684 5430 aut
1703 5374 1753 5429 ei

133 5448 379 5509 subditas
408 5459 808 5529 possessiones
855 5461 1134 5517 violenter
1180 5461 1430 5530 auferre,
1494 5462 1757 5520 minuere

132 5540 184 5590 st
207 5541 519 5601 temerariis
541 5547 941 5605 vexationibus
964 5550 1225 5623 fatigare,
1259 5550 1361 5604 sed
1387 5551 1587 5606 omnia
1615 5551 1759 5609 inte-

132 5635 909 5702 graconserventur,eorum,
927 5652 1029 5708 pro
1055 5652 1307 5707 quorum
1336 5637 1761 5694 sustentatione

1847 4664 2090 4719 dinavit.
2115 4664 2273 4718 lianc
2293 4665 2681 4737 Hieronymus
2705 4666 2831 4720 suis
2856 4661 3122 4735 epistolis
3146 4658 3499 4725 informavit,

1853 4754 2004 4809 hanc
2032 4752 2343 4825 Gregorius
2359 4754 2684 4827 Augustino
2711 4752 3031 4825 Anglorum
3066 4746 3504 4820 archiepiscopo

1857 4841 2276 4897 instituendam
2301 4842 2591 4915 prrecepit.
2608 4843 2807 4912 Itaque
2821 4857 2935 4895 non
2953 4836 3197 4893 minoris
3214 4834 3507 4891 aestiman-

1858 4931 1997 4985 dum
2032 4934 2122 4984 est
2151 4929 2369 4993 meriti,
2401 4930 2553 4985 hanc
2602 4931 2779 4984 vitam
2837 4926 3105 4984 Ecclesiae
3145 4922 3505 4997 primitivum

1860 5019 2156 5090 aspirante
2173 5021 2229 5072 et
2250 5022 2636 5090 prosequente
2657 5016 2884 5073 Domini
2920 5013 3131 5088 spiritu
3154 5015 3509 5081 sustentare,

1861 5123 2036 5179 quam
2068 5105 2372 5161 florentem
2407 5107 2825 5162 monachorum
2876 5102 3215 5177 religionem
3248 5101 3513 5172 ejusdem

1863 5195 2106 5268 Spiritus
2139 5195 2568 5266 perseverantia
2593 5195 2907 5250 custodire.

1937 5283 2208 5339 Vestrum
2232 5299 2368 5354 ergo
2390 5281 2754 5354 propositum
2778 5281 2961 5337 nostri
2984 5277 3327 5336 auctoritate
3340 5272 3517 5330 ofﬁcii

1865 5372 2308 5437 conﬁrmamus,
2341 5375 2398 5426 et
2430 5371 2630 5427 ﬁrmos
2660 5388 2762 5426 vos
2792 5369 2852 5425 in
2883 5386 2950 5426 eo
2981 5366 3291 5441 persistere
3313 5362 3521 5417 adhor-

1865 5465 2063 5516 tamur
2092 5463 2149 5514 et
2180 5464 2457 5531 tanquam
2480 5460 2595 5515 Deo
2624 5476 2725 5532 per
2755 5475 2861 5515 nos
2881 5456 3221 5513 exhortante
3251 5451 3519 5507 obsecra-

1870 5566 2023 5604 mus.
2057 5547 2449 5612 Quamobrem
2472 5549 2752 5603 omnibus
2775 5548 2830 5601 in
2850 5549 3040 5601 vestro
3062 5538 3322 5612 coenobio
3339 5536 3521 5592 vitam

1870 5636 2208 5692 canonicam
2242 5635 2568 5691 secundum
2601 5635 2780 5706 hujus
2810 5638 3070 5689 tenorem
3103 5626 3328 5683 ordinis
3351 5621 3526 5696 proﬁ-
