3950 6218
402 355 518 422 339

1701 356 1770 421 B.
1823 353 2117 422 UltBANI
2160 352 2215 418 ΙΙ
2258 354 2506 418 ΡΑΡιλΕ.

3679 360 3786 442 διο

403 489 820 559 tentibus,etin
845 492 1249 566 ea,adjuvante
1267 490 2046 568 Doniino,permanentibus,
2076 487 2131 558 Α
2161 495 2218 547 et.
2241 487 2377 558 illic,
2411 493 2467 546 et
2498 506 2599 562 per
2628 487 2772 546 alias
2804 487 3085 546 universas
3126 487 3428 562 provinciae
3459 489 3712 554 civitatee
3739 503 3790 554 et

406 599 534 648 nos,
566 581 700 638 licet
721 583 947 655 indigni
988 583 1384 655 apostolorum
1403 586 1619 652 vicarii,
1642 601 1841 639 eorum
1869 601 1933 637 ac
1957 598 2054 636 no-

410 675 668 728 strorum
701 672 1190 736 benedictionem,
1223 679 1708 744 peccatorumque
1740 670 2052 726 absolutio-

411 777 546 816 nem
577 764 860 834 potestate
894 760 1008 816 illis
1041 779 1074 817 a
1104 763 1348 817 Domino
1383 763 1608 816 indulta
1659 761 2054 826 concedimus,

413 849 854 916 constituentes,
875 867 946 906 ne
967 849 1241 922 cuiquam
1266 849 1434 905 liceat
1456 851 1692 905 omnino
1709 850 1861 904 hunc
1885 848 2056 903 vestri

415 945 634 996 statum
669 939 890 995 ordinis
907 944 1284 1002 commutare,
1301 940 1370 994 de
1392 957 1504 1010 quo
1527 939 1585 994 in
1611 939 1856 994 Domino
1879 938 2058 993 conti-

416 1029 613 1084 dimus
631 1029 881 1084 multum
905 1028 1157 1082 fructum
1176 1045 1520 1083 excreseere.
1535 1028 1858 1082 Statuiinus
1884 1027 2059 1082 etiam

419 1135 490 1173 ne
509 1117 886 1190 professionis
919 1123 1118 1170 vestra:
1142 1117 1458 1188 quispiam,
1489 1124 1796 1188 postquam
1823 1115 1921 1171 Dei
1944 1116 2066 1170 vice

419 1224 596 1279 super
617 1210 789 1278 caput
816 1207 922 1261 sibi
951 1205 1246 1260 hominem
1276 1206 1637 1276 imposuerit,
1659 1207 1911 1276 alicujus
1934 1204 2066 1258 levi-

421 1295 556 1351 tatis
587 1295 865 1349 instinctu
889 1293 972 1348 vel
999 1294 1373 1349 districtioris
1402 1295 1698 1367 religionis
1721 1297 1979 1359 obtentu,
1999 1311 2066 1346 ex

421 1385 625 1440 eodem
657 1382 909 1438 claustro
932 1383 1143 1438 audeat
1165 1384 1289 1440 sine
1313 1385 1606 1456 praepositi
1631 1385 1810 1438 totius
1837 1399 2070 1451 congre-

422 1471 674 1546 gationis
705 1472 1092 1544 permissione
1130 1472 1467 1539 discedere;
1501 1473 1892 1528 discedentem
1938 1488 2070 1524 vero

423 1559 624 1618 nullus
655 1561 956 1627 abbatum,
985 1560 1070 1615 vel
1102 1562 1508 1632 episcoporum
1540 1568 1593 1616 et
1634 1561 1832 1616 nullus
1873 1578 2070 1615 mona-

425 1650 671 1707 chorum
687 1649 811 1704 sine
825 1648 1227 1704 communium
1253 1649 1578 1704 litterarum
1606 1651 1873 1704 cautione
1896 1649 2074 1702 susci-

427 1738 570 1811 piat,
602 1737 861 1792 decimas
891 1753 1124 1808 quoque
1157 1736 1448 1792 novalium
1481 1740 1744 1808 ejusdem
1787 1737 2072 1794 canonica:

2162 580 2510 652 episcopalis
2542 580 2726 652 gloria
2755 581 2918 650 petiit
2948 586 3003 635 et
3027 579 3365 636 Christianae
3398 583 3530 638 fidei
3553 585 3789 658 dignitas

2163 670 2401 724 interiit.
2436 671 2568 724 Post
2599 686 2784 724 annos
2806 687 2937 723 vero
2974 670 3086 724 fere
3105 669 3588 743 quadringentos,
3615 675 3790 731 divina

2166 758 2446 832 populum
2477 776 2652 813 suum
2679 758 3023 830 respiciente
3045 758 3372 826 clementia,
3402 777 3504 832 per
3533 766 3791 821 strenuis-

2167 849 2276 903 sim
2289 866 2318 902 u
2331 866 2384 902 m
2409 848 2679 903 comitem
2695 848 3005 920 Rogcrium
3022 847 3448 904 Cristianorum
3468 851 3590 922 juri
3611 854 3793 910 eadem

2167 941 2255 992 est
2285 935 2473 992 insula
2507 935 2796 991 restituta.
2840 937 3014 991 Porro
3075 936 3226 991 idem
3280 939 3549 1010 egregius
3598 957 3792 1010 comes,

2171 1027 2440 1081 Romanae
2456 1025 2721 1082 Ecclesiae
2743 1026 3155 1081 devotissimus
3171 1025 3568 1100 ﬁlius,ubique
3583 1018 3793 1088 urbium

2172 1115 2422 1187 antiquae
2455 1114 2757 1187 dignitatis
2789 1115 3070 1169 anhelans
3105 1133 3206 1187 pro
3255 1121 3518 1189 tempore
3569 1105 3792 1192 gloriam

2174 1206 2506 1268 reformare,
2553 1204 2609 1258 Β.
2665 1205 2900 1274 Agathae
2949 1209 3192 1259 matrem
3237 1205 3541 1261 ecclesiam
3593 1208 3794 1265 Catenae

2174 1293 2372 1355 sitam,
2419 1293 2838 1348 monasterium
2872 1294 2991 1347 fore
3021 1291 3330 1364 disposuit,
3383 1301 3667 1366 quatenus
3696 1298 3795 1355 illic

2177 1384 2408 1444 fratres,
2445 1382 2538 1435 hei
2574 1382 2826 1436 servitiis
2861 1381 3218 1448 insistentes,
3248 1400 3351 1454 pro
3385 1384 3569 1455 ipsius
3611 1387 3796 1452 salute,

2179 1489 2279 1543 pro
2304 1471 2498 1526 uxoris
2515 1472 2798 1526 defunctae
2823 1475 2878 1526 et
2908 1471 3163 1526 militum
3186 1471 3521 1540 animabus,
3549 1476 3641 1547 qui
3665 1493 3799 1534 eam-

2179 1561 2310 1616 dem
2347 1567 2558 1615 terram
2610 1559 3076 1615 Christianorum
3129 1561 3337 1616 ditiom
3388 1579 3494 1618 suo
3545 1565 3800 1638 sanguine

2180 1653 2611 1720 reparavernnt,
2646 1647 3065 1720 omnipotentis
3095 1649 3316 1704 domini
3369 1651 3800 1710 misericordiam

2181 1737 2583 1806 implorarent.

429 1827 502 1883 ad
534 1826 800 1882 eamdem
834 1825 1120 1898 pertinere
1151 1826 1537 1894 decernimus,
1563 1827 1720 1883 salvo
1751 1827 2072 1882 vicinarum
2108 1862 2153 1926 B

421 1917 557 1989 jure
589 1913 986 1970 ecclesiarum.
1018 1918 1132 1970 Vos
1163 1915 1358 1988 igitur,
1394 1916 1493 1970 filii
1527 1916 1584 1972 in
1616 1917 1839 1972 Chi-isto
1863 1915 2080 1971 charis-

429 2003 827 2076 simi,oportet
841 2003 1121 2076 regularis
1142 2003 1838 2077 disciplinaeinstitutione
1864 2002 2078 2060 sollici-

2256 1827 2370 1880 Nos
2403 1825 2599 1897 itaque
2629 1824 2773 1880 tanti
2808 1825 2911 1880 viri
2944 1825 3331 1893 devotionem,
3383 1834 3557 1900 prout
3586 1831 3800 1904 dignum

2191 1914 3145 1986 est,approbantes,monasterium
3167 1917 3406 1988 quidem
3430 1917 3544 1974 illic
3559 1925 3800 1992 perpetuo

2191 2021 2528 2076 permanere
2561 2004 2863 2076 praesentis
2888 2004 3109 2076 paginae
3143 2007 3490 2062 auctoritate
3514 2009 3800 2066 sancimus.

432 2093 552 2149 tius
583 2109 646 2148 ac
680 2092 940 2148 devotius
963 2093 1256 2161 insudare,
1291 2098 1355 2148 ut
1385 2100 1603 2166 quanto
1635 2096 1774 2150 estis
1798 2113 1829 2150 a
1851 2093 2082 2150 saecula-

433 2182 599 2238 ribus
625 2180 978 2237 tumultibus
1001 2180 1162 2237 liberi
1187 2187 1348 2237 tanto
1371 2185 1694 2240 studiosius
1718 2185 1941 2256 placere
1967 2185 2080 2239 Deo

433 2270 615 2326 totius
639 2269 853 2325 mentis
877 2274 931 2324 et
949 2269 1206 2342 corporis
1229 2271 1450 2327 viribus
1473 2271 1777 2341 anheletis,
1794 2272 2080 2345 praecipue

436 2359 742 2414 studentes
775 2359 1046 2413 Romanae
1066 2357 1329 2415 Ecclesiae
1351 2361 1584 2417 decreta
1605 2363 1931 2417 veneranda
1961 2379 2079 2416 ser-

433 2465 568 2502 vare
599 2448 768 2518 cujus
788 2447 1104 2519 patrocinio
1136 2449 1208 2503 ab
1241 2451 1400 2505 omni
1426 2452 1572 2521 jugo
1597 2453 1908 2507 viventium
1943 2453 2083 2507 estis

435 2537 689 2593 donante
714 2535 962 2592 Domino
985 2539 1434 2608 praemuniti.Ad
1462 2541 1740 2596 indicium
1765 2547 1958 2596 autem
1984 2541 2086 2596 hu-

429 2626 578 2698 jusa
597 2625 861 2681 Romana
885 2625 1140 2681 Ecclesia
1159 2625 1470 2691 libertatis.
1489 2647 1588 2700 per
1613 2648 1797 2686 annos
1824 2629 2086 2701 singulos

439 2715 512 2771 ad
545 2718 812 2770 nostrum
838 2719 1288 2788 nostrorumque
1313 2735 1717 2773 successorum
1752 2738 1925 2774 usum
1948 2738 2086 2792 quo-

437 2803 728 2858 tidianum
760 2802 953 2858 albam
985 2801 1201 2860 lineam
1233 2810 1291 2860 et
1335 2806 1542 2862 stolam
1588 2809 1950 2864 Laterancnsi
1987 2827 2086 2881 pa-

442 2890 582 2948 latio
611 2890 978 2963 persolvatis.
1011 2892 1160 2948 Sane
1191 2894 1239 2949 si
1277 2895 1410 2966 quis
1434 2896 1490 2949 in
1523 2897 1843 2953 crastinum
1877 2899 2092 2954 archie-

447 2981 752 3054 piscopus,
783 2980 1116 3052 episcopus,
1148 2982 1484 3056 imperator,
1517 2992 1619 3041 aut
1677 2987 1945 3059 princeps
1992 2991 2093 3042 aut

447 3069 585 3137 dux,
619 3084 814 3124 comes
865 3074 963 3124 aut
1011 3071 1351 3139 vicecomcs,
1384 3074 1587 3144 judex,
1638 3093 1887 3147 persona
1935 3094 2092 3148 quae-

445 3155 610 3225 libet,
644 3162 846 3230 potens
876 3163 978 3214 aut
1018 3159 1332 3232 impotens,
1376 3162 1550 3231 hujus
1596 3165 1774 3220 nostri
1809 3165 2092 3238 privilegii

449 3246 723 3320 paginam
751 3248 943 3304 sciens
965 3253 1166 3304 contra
1186 3267 1312 3306 eam
1335 3257 1546 3308 temere
1569 3255 1782 3323 venire,
1807 3263 1863 3310 et
1891 3272 2092 3310 eorum
2125 3229 2168 3296 C

450 3352 576 3408 quae
610 3353 886 3394 concessa
917 3344 1056 3394 sunt
1085 3339 1168 3395 vel
1203 3344 1444 3406 statuta,
1495 3343 1816 3415 quidquam
1869 3345 2098 3399 irritum

450 3425 638 3481 facere
665 3428 998 3495 tentaverit,
1040 3429 1299 3485 secunda
1327 3431 1568 3486 tertiove
1600 3433 2013 3499 commonitus,
2049 3434 2099 3488 si

451 3529 566 3569 non
598 3515 995 3572 satisfactione
1025 3534 1280 3590 congrua
1301 3520 1716 3587 emendaverit,
1749 3538 1883 3577 eum
1926 3521 2100 3577 bono-

453 3603 533 3658 ris
564 3607 620 3659 et
649 3603 824 3660 officii
857 3605 949 3660 sui
980 3605 1237 3678 periculo
1271 3609 1572 3679 subjacere
1621 3609 2012 3677 decernimus,
2044 3614 2101 3667 et

453 3709 488 3747 a
516 3708 755 3766 corpore
783 3693 996 3750 Christi
1028 3700 1085 3750 et
1104 3695 1370 3750 Ecclesiae
1401 3699 1744 3753 auctoritate
1773 3699 2099 3770 apostolicae

455 3781 758 3853 potestatis
790 3798 1188 3854 segregamus.
1221 3783 1708 3842 Conscrvantibus
1756 3792 1950 3842 autem
1991 3804 2100 3858 pax

452 3871 511 3924 et
538 3867 940 3926 misericordia
962 3888 996 3924 a
1020 3874 1130 3926 Deo
1151 3873 1538 3942 praesentibus
1560 3878 1615 3928 et
1635 3875 1850 3930 futuris
1872 3875 2100 3932 sacculis

450 3962 846 4013 conservetur.
881 3964 1087 4013 Amen.

519 4044 730 4101 Datum
765 4045 1040 4118 Agnaniae
1065 4046 1191 4102 Kal.
1229 4048 1389 4120 Feb.,
1411 4066 1560 4106 anno
1583 4050 1894 4108 Dominicae
1915 4053 2099 4110 incar-

447 4132 705 4188 nationis
729 4133 887 4203 l090,
903 4135 1213 4202 indict.xv,
1230 4137 1603 4209 pontificatus
1630 4141 1849 4198 domini
1881 4142 2097 4200 Urbani

447 4221 504 4277 II
531 4238 713 4294 papae.

522 4310 816 4383 Scriptum
848 4328 952 4385 per
1007 4330 1251 4370 manum
1299 4317 1602 4374 Lanfranci
1651 4318 1802 4374 vices
1842 4321 2097 4392 gerentis

453 4399 783 4456 cancellarii
816 4402 966 4459 sacri
1000 4403 1220 4476 palatii,
1255 4422 1388 4462 cum
1423 4407 1590 4480 signo
1621 4409 1906 4479 ejusdem.

1205 4512 1340 4569 LIX.

2190 2093 2299 2147 Sed
2319 2091 2494 2158 enim,
2521 2092 2678 2163 quia,
2705 2097 2769 2146 ut
2787 2093 3512 2168 prmdiximus,episcopali
3539 2098 3802 2169 quondam

2191 2182 2568 2254 praerogativa
2597 2181 3030 2236 Cataniensium
3065 2181 3268 2238 civitas
3300 2183 3549 2240 illustris
3577 2187 3807 2258 agnosci-

2190 2269 2624 2341 tur,adjicimus
2649 2275 2704 2324 et
2737 2269 3002 2340 [ransenti
3035 2270 3264 2326 decreto
3295 2273 3608 2330 statuimus
3641 2279 3696 2329 ut
3723 2291 3806 2330 no-

2192 2365 2313 2414 stro
2328 2375 2557 2430 quoque
2575 2363 2830 2430 tempore
2854 2357 2925 2413 ad
2955 2359 3219 2414 eamdem
3249 2363 3677 2434 praerogativam
3708 2364 3811 2418 red-

2193 2453 2306 2512 eat,
2338 2453 2394 2502 et
2423 2447 2756 2519 quicunque
2797 2447 2853 2501 in
2896 2447 3167 2519 praedicta
3197 2449 3445 2506 ecclesia
3473 2469 3507 2508 a
3538 2453 3810 2509 monachis

2194 2537 2410 2592 electus
2431 2535 2602 2591 fuerit
2627 2537 2682 2591 in
2708 2537 3005 2610 abbatem,
3030 2537 3186 2594 idem
3207 2539 3425 2610 populo
3449 2558 3668 2614 quoque
3690 2560 3810 2614 prae-

2195 2642 2322 2680 esse
2353 2625 2562 2680 debeat
2595 2624 2649 2678 in
2685 2624 3032 2680 antistitem.
3060 2625 3232 2682 Porro
3264 2636 3320 2682 et
3349 2627 3552 2684 civitas
3576 2629 3814 2685 universa

2197 2719 2253 2769 et
2282 2731 2407 2784 quae
2439 2714 2610 2775 circa.
2643 2713 2730 2768 vel
2791 2711 3071 2779 civitates,
3126 2713 3211 2769 vel
3265 2715 3435 2784 villae,
3467 2717 3551 2773 vel
3607 2717 3813 2791 oppida,

2199 2821 2324 2874 quae
2351 2802 2661 2874 praedictus
2691 2819 2886 2858 comes
2934 2803 3122 2858 eidem
3174 2806 3530 2862 monasterio
3574 2811 3628 2862 et
3672 2807 3814 2862 beato

2203 2892 2365 2946 Petro
2395 2889 2625 2961 obtulit,
2657 2889 2744 2946 vel
2767 2889 3071 2947 oblaturus
3098 2895 3206 2961 est,
3238 2897 3297 2950 et
3325 2895 3607 2968 quidquid
3635 2897 3702 2952 ad
3730 2897 3814 2950 Ca-

2200 2981 2527 3035 tanicnsem
2558 2979 2864 3036 ecclesiam
2907 2997 2977 3036 ex
3026 2982 3267 3053 antiquo
3308 2984 3448 3055 jure
3503 2985 3818 3057 pertinuisse

2204 3068 2414 3138 poterit
2445 3069 2775 3141 comperiri,
2810 3075 2929 3124 tam
2961 3069 3018 3124 in
3051 3069 3284 3127 dimcesi
3319 3090 3497 3144 quam
3530 3075 3584 3129 in
3617 3090 3817 3146 posses-

2205 3157 2470 3215 sionibus
2501 3159 2559 3212 in
2591 3158 2820 3213 abbatis
2847 3164 2904 3214 et
2923 3158 3606 3231 episcopijurisdictione
3625 3163 3821 3218 exinte-

2207 3264 2310 3317 gro
2342 3264 2574 3320 semper
2601 3247 2887 3315 existant;
2921 3247 3196 3320 idemque
3236 3251 3420 3308 abbas
3467 3257 3524 3308 et
3547 3252 3822 3326 episcopus

2209 3340 2266 3389 et
2297 3335 2714 3390 monasterium
2751 3335 3114 3407 regulariter,
3145 3343 3202 3394 et
3230 3337 3454 3395 clerum
3487 3346 3542 3398 et
3572 3340 3820 3414 populum

2209 3424 2548 3480 universum
2566 3425 2839 3480 canonice
2863 3442 3077 3499 regere,
3104 3426 3348 3484 Domino
3373 3429 3703 3502 opitulante,
3718 3445 3822 3502 pro-

2211 3519 2391 3568 curet.

2281 3605 2360 3659 Te
2390 3602 2568 3676 igitur
2598 3604 2854 3676 primum
2875 3611 3004 3678 post
3025 3610 3186 3662 tanta
3207 3611 3472 3680 tempora
3493 3607 3819 3665 Catanicnsis

2209 3693 2372 3748 urbis
2391 3693 2710 3748 antistitem
2742 3694 2978 3759 nostris,
3012 3699 3292 3767 tanquam
3315 3697 3376 3752 Β.
3402 3698 3553 3753 Petri
3580 3697 3819 3754 manibus

2209 3786 2632 3849 consecratum,
2681 3781 2982 3854 praesentis
3033 3783 3316 3856 privilegii
3367 3786 3700 3842 auctoritate
3738 3783 3818 3838 doc

2209 3874 2436 3936 nantes,
2459 3870 2575 3926 tuis
2596 3887 2750 3943 quoq
2761 3888 2830 3926 ue
2849 3872 3308 3944 successoribus,
3322 3875 3616 3930 decretum
3633 3873 3732 3930 hoc
3751 3888 3821 3926 ra-

2208 3963 2333 4012 tum
2363 3963 2638 4030 perpetuo
2667 3976 3010 4030 permanere
3039 3960 3432 4030 decernimus,
3469 3968 3533 4018 ut
3560 3974 3772 4034 semper
3795 3974 3822 4013 a

2209 4047 2468 4102 Romano
2499 4048 2771 4120 pontifice
2800 4055 3229 4118 consecrentur,
3263 4067 3496 4124 semper
3541 4055 3597 4106 et
3647 4065 3820 4108 mona-

2207 4135 2333 4191 chis
2364 4135 2422 4190 in
2455 4137 2726 4192 abbatem
2757 4141 2817 4193 et
2853 4137 3068 4210 populo
3120 4139 3356 4210 praesint
3403 4140 3462 4197 in
3511 4139 3820 4196 antistitem.

2207 4223 2465 4296 Denique
2498 4229 2562 4280 ut
2591 4224 2710 4280 haec
2743 4233 3022 4298 perpetuo
3074 4227 3246 4283 ﬁrma
3291 4227 3517 4302 integra
3544 4234 3601 4284 et
3631 4227 3823 4284 illibata

2207 4312 2552 4380 consistant,
2585 4313 2930 4370 charissimo
2963 4313 3082 4369 ﬁlio
3115 4321 3314 4372 nostro
3345 4317 3586 4390 Rogerio
3628 4310 3818 4375 comiti,

2205 4401 2545 4456 Christianae
2569 4401 2701 4456 ﬁdei
2725 4405 3164 4475 propugnatori,
3181 4406 3426 4478 ejusque
3448 4405 3603 4462 uxori
3623 4409 3677 4460 et
3705 4399 3819 4460 filiis

2204 4493 2260 4542 et
2290 4487 2602 4555 militibus,
2627 4506 2730 4560 pro
2761 4506 3012 4560 quorum
3037 4491 3434 4565 redemptione
3449 4492 3818 4550 Cataniensem

449 4595 617 4650 Bulla
651 4597 861 4652 Urbani
887 4597 934 4654 II
957 4615 1123 4672 papae
1167 4617 1270 4672 pro
1313 4603 1636 4657 Catanz'ensi
1679 4605 1918 4661 cwnobio
1960 4606 2095 4677 (14.)
2125 4597 2174 4664 Ι)
2207 4577 2407 4676 “FPM?
2437 4593 2575 4676 ,eum
2608 4583 2731 4677 ίξπθ
2752 4576 3127 4677 “meti?”
3159 4585 3218 4634 Β·
3253 4586 3425 4677 im?
3449 4579 3814 4677 “Poitolowm

1068 4690 1256 4757 (Anno
1286 4689 1482 4761 1092.)

611 4757 762 4828 [Acta
792 4762 1100 4815 scandalum
1132 4760 1382 4816 Bolland.
1421 4757 1583 4817 Febr.
1619 4768 1661 4817 t.
1697 4763 1739 4829 Ι,
1770 4763 1922 4838 6.35.]

515 4844 795 4902 URBANUS
816 4848 1146 4920 episcopus,
1181 4866 1382 4905 servus
1404 4867 1702 4908 servorum
1726 4853 1847 4922 Dei,
1882 4855 2091 4913 dilecto

445 4931 911 4991 fratriANsor-zmo
937 4937 1268 4993 Cataniensi
1281 4938 1551 5012 episcopo
1569 4945 1626 4995 et
1637 4943 1828 4998 abbati
1847 4945 1896 5014 ej
1909 4962 2093 5018 usque

443 5023 882 5078 successoribus
911 5026 1188 5082 canonice
1226 5027 1600 5086 instituendis
1631 5031 1689 5085 in
1723 5037 2088 5104 perpetuum.

511 5109 673 5164 Sicut
700 5111 1026 5168 beatissimi
1060 5113 1246 5170 Patris
1277 5123 1332 5170 et
1370 5117 1621 5173 doctoris
1668 5120 2090 5192 elegantissimi

442 5197 702 5270 Gregorii
729 5199 748 5252 Ι
771 5200 1003 5271 scriptis
1027 5201 1298 5260 veridicis
1318 5205 1652 5270 edocenter,
1686 5214 1914 5262 constat
1935 5214 2092 5264 Cata-

445 5283 737 5352 niensem,
770 5286 870 5341 ubi
903 5287 966 5343 B.
990 5289 1215 5362 Agathe
1242 5299 1299 5348 et
1327 5299 1454 5348 orta
1484 5297 1541 5348 et
1561 5311 1735 5364 passa
1764 5299 1874 5362 est,
1900 5295 2093 5351 civita-

443 5377 560 5428 tem
574 5371 877 5444 dignitatis
890 5377 1235 5450 episcopalis
1249 5379 1574 5452 antiquitus
1587 5380 1768 5452 gloria
1783 5380 2086 5442 claruisse.

443 5463 624 5530 Capta
652 5464 846 5517 autem
877 5481 910 5518 ιι
941 5465 1362 5522 Saracenorum
1389 5467 1618 5537 populis
1639 5467 1841 5523 Sicilia:
1872 5470 2084 5541 insula,

518 5617 629 5686 (14)
662 5617 818 5674 Notae
852 5623 1129 5692 temporis
1160 5629 1299 5680 sunt
1329 5622 1567 5678 vitiosa.

2205 4665 2475 4738 principi,
2497 4682 2604 4744 suo
2635 4664 2832 4722 labore
2858 4667 3454 4740 restitutam,obtulit,
3491 4669 3581 4726 Dei
3610 4673 3664 4726 et
3697 4679 3817 4737 apo-

2202 4753 2484 4809 stolorum
2512 4754 2562 4825 ej
2575 4771 2642 4810 us
2673 4755 2944 4826 gratiam,
2976 4761 3033 4812 et
3061 4757 3520 4816 benedictionem
3550 4763 3606 4814 et
3641 4769 3815 4829 pecca-

2203 4849 2394 4897 torum
2411 4841 2841 4898 absolutionem
2863 4862 2931 4899 cx
2943 4846 3273 4917 apostolicae
3288 4845 3643 4904 auctoritatis
3663 4855 3816 4915 quam

2205 4930 2442 5002 indigne
2470 4931 2732 5003 gerimus
2763 4931 2886 4988 vice
2918 4933 3498 5008 benevolentiamque
3537 4935 3815 4992 donamus,

2203 5024 2492 5090 quatenus
2527 5025 2582 5074 et
2613 5020 2668 5074 in
2703 5023 2973 5092 praesenti
3022 5039 3222 5079 eorum
3267 5023 3568 5096 triumphi,
3611 5032 3816 5077 eorum-

2203 5127 2313 5178 quc
2342 5113 2470 5163 acta
2502 5110 2830 5180 magniﬁca,
2864 5111 3018 5166 dona
3047 5111 3483 5184 oblationesque
3509 5111 3740 5183 vigeant,
3767 5105 3816 5158 ει

2202 5195 2256 5249 in
2295 5197 2488 5251 futuro
2525 5197 2761 5269 praemia
2791 5203 3018 5254 aeternae
3049 5199 3435 5256 beatitudinis
3460 5197 3750 5256 inveniant.

2269 5284 2328 5339 Si
2359 5285 2492 5356 quis
2523 5290 2718 5342 autem
2740 5286 2921 5359 (quod
2951 5287 3126 5360 absit)
3149 5287 3244 5345 his
3271 5289 3484 5346 nostris
3504 5279 3806 5361 apostolicis

2197 5372 2715 5431 constitutionibus
2747 5375 3121 5448 pertinaciter
3141 5379 3370 5434 obviam
3402 5377 3485 5434 ire
3515 5368 3805 5433 tentaverit.

2198 5461 2456 5516 secundo
2489 5463 2724 5520 tertiove
2754 5466 3168 5533 commonitus,
3202 5466 3252 5522 si
3292 5485 3405 5523 non
3445 5459 3806 5523 satisfactione
