3950 6218
147 380 253 444 341

1314 382 1725 450 EPISTOLE
1765 382 1870 449 ET
1908 380 2374 451 PRIVILEGIA.

3428 369 3554 452 349'

147 529 397 589 congrua
425 513 838 585 emendaverit,
874 516 1095 577 noverit
1123 534 1186 576 se
1215 520 1633 593 omnipotentis
1680 519 1781 578 Dei
1810 520 1868 588 Α
1897 522 2160 596 adipisci,
2195 524 2501 581 ﬁrmamus
2529 516 2633 581 tibi
2664 521 2902 598 tuisque
2933 521 3392 591 successoribus,
3424 519 3555 581 illi-'

147 609 200 661 et
247 609 582 661 sanctorum
631 606 1030 680 apostolorum
1080 609 1480 682 indignatione
1538 610 1791 683 graviter

146 694 525 767 puniendum,
554 700 608 751 et
638 697 795 753 sedis
826 698 1154 770 apostolicae
1209 716 1382 777 quam
1416 701 1784 773 contempsit,

147 783 507 840 anathemate
550 786 1019 844 confodiendum.
1053 790 1546 845 Conservantibus
1591 795 1786 846 autem

145 872 256 929 haec
286 890 395 946 pax
425 889 459 927 a
493 879 603 929 Deo
634 879 693 930 et
724 874 1121 933 misericordia
1148 879 1535 950 praesentibus
1558 882 1613 934 et
1637 879 1789 936 futu-

146 962 219 1018 ris
248 961 474 1017 seculis
507 968 902 1020 conservetur.
936 968 1139 1033 Amen,
1167 984 1359 1021 amen.

242 1050 449 1105 Datum
480 1052 757 1125 Anagniae
784 1070 862 1109 vn
894 1054 1029 1110 Idus
1057 1055 1272 1124 Martii,
1306 1057 1510 1113 indict.
1544 1075 1662 1125 xxv,
1684 1074 1789 1129 per

148 1156 341 1195 manus
368 1139 615 1198 Joannis
670 1146 883 1198 sancta:
936 1144 1209 1200 Romana:
1259 1146 1526 1202 Ecclesiae
1558 1146 1786 1201 diaconi

146 1227 467 1295 cardinalis,
499 1247 656 1286 anno
687 1231 1003 1288 Dominicaa
1038 1234 1453 1290 incarnationis
1489 1237 1791 1308 1091,pou-

144 1317 385 1373 titicatus
414 1336 551 1375 vero
582 1320 782 1375 domui
821 1321 1035 1378 Urbani
1068 1324 1113 1378 Il
1146 1341 1308 1396 papae
1343 1332 1571 1396 quarto.

912 1429 1021 1485 LX.

147 1514 377 1590 t’rbauus
424 1514 475 1571 ΙΙ
518 1519 917 1590 monasterium
969 1519 1022 1573 S.
1084 1519 1298 1590 Sophia:
1348 1522 1789 1577 Beneventanum

204 1586 458 1728 lgendztim
486 1589 716 1660 suscipit
764 1592 814 1645 et
862 1591 979 1660 ejus
1004 1586 1365 1662 possessiones
1386 1594 1628 1663 juraque
1656 1610 1788 1647 con-

250 1675 367 1715 rma
398 1701 410 1713 .

250 1675 390 1715 rima
398 1701 410 1713 .

752 1750 939 1812 (Anno
973 1751 1157 1821 1092.)

555 1837 795 1909 [Μυκη
830 1838 1035 1895 Concil.
1060 1841 1177 1905 XX,
1211 1840 1359 1910 699.]

206 1941 471 1999 Haemus
501 1943 842 2017 episc0pus,
877 1963 1081 2003 servus
1113 1964 1417 2004 servorum
1451 1948 1786 2014 Dei,dilecto

142 2031 194 2086 in
207 2030 426 2088 Christo
441 2033 567 2089 filio
598 2034 1108 2103 MADELMo,abbati
1134 2037 1480 2093 venerabilis
1503 2044 1787 2093 monaste-

144 2120 203 2175 rii
226 2121 513 2194 S.Sophiae
542 2123 703 2178 intra
736 2128 1125 2180 Beneventum
1152 2126 1536 2199 sibi,suisque
1562 2144 1788 2184 succes-

144 2209 354 2265 soribus
384 2210 743 2283 regulariter
773 2213 1203 2269 substituendis
1234 2215 1291 2269 in
1323 2221 1695 2288 perpetuum.

205 2298 543 2355 Potestatem
571 2300 795 2372 ligandi
829 2306 1004 2373 atque
1034 2303 1292 2359 solvendi
1336 2305 1393 2359 in
1451 2305 1610 2360 caelis
1640 2311 1696 2361 et
1728 2306 1786 2361 in

144 2390 507 2451 terra,sancto
542 2389 720 2444 Petro
752 2390 1014 2462 apostolo
1046 2393 1286 2465 suisque
1324 2395 1784 2463 successoribus,

146 2481 358 2531 auctore
385 2476 1077 2549 Domino,principaliter
1106 2480 1379 2535 traditam
1400 2480 1518 2536 illis
1531 2480 1790 2537 Ecclesia

144 2563 317 2618 verbis
347 2565 642 2638 agnoscit,
678 2568 848 2635 cujus
880 2568 1089 2623 iterum
1123 2573 1211 2623 est
1240 2569 1524 2625 Dominus
1555 2570 1787 2627 locutus

146 2650 409 2724 {Lquibus
439 2671 583 2710 eum
616 2659 705 2709 est
735 2654 1018 2712 Dominus
1049 2656 1362 2728 allocutus]
1396 2677 1408 2713 :
1444 2661 1789 2731 Quacunque

146 2740 378 2808 ligaveris
408 2744 467 2797 in
501 2752 681 2809 terra,
714 2749 869 2799 erant
898 2745 1071 2816 ligata
1100 2756 1149 2802 et
1176 2749 1237 2801 in
1266 2748 1436 2813 caelis;
1448 2752 1499 2803 et
1528 2765 1785 2818 quaecun-

145 2845 231 2899 que
281 2832 502 2887 solveris
556 2847 728 2903 super
783 2840 1008 2901 terram,
1036 2843 1197 2889 erunt
1243 2836 1421 2891 soluta
1449 2842 1501 2892 et
1539 2840 1598 2892 in
1639 2840 1788 2894 castis

151 2918 339 2985 (Matth.
384 2922 521 2991 xw).
586 2920 701 2991 Ipsi
752 2937 985 2994 quoque
1033 2926 1090 2978 et
1138 2925 1375 2996 proprie,
1414 2926 1683 2987 ﬁrmitas,
1733 2931 1789 2981 et

148 3004 299 3077 plene
343 3010 475 3065 fidei
525 3010 921 3077 confirmatio,
964 3013 1167 3067 eodem
1224 3013 1470 3069 Domino
1528 3022 1783 3083 auctore,

148 3101 449 3167 prestatur,
475 3115 621 3155 eum
666 3099 736 3153 ad
768 3116 903 3154 eum
943 3099 1202 3156 dicitur:
1241 3103 1439 3173 Rogavi
1481 3120 1581 3175 pro
1629 3108 1681 3160 te
1727 3112 1788 3160 ut

146 3200 241 3239 non
260 3185 468 3258 deﬁciat
491 3187 635 3258 ﬁdes
657 3196 772 3254 tua,
805 3196 856 3243 et
884 3197 937 3244 tu
970 3191 1266 3261 aliquando
1313 3208 1601 3248 conversus
1651 3210 1782 3249 con-

1895 614 2033 670 bata
2063 620 2126 670 ut
2155 618 2554 686 permaneant.

1967 704 2336 759 Decrevimus
2364 721 2500 775 ergo
2526 710 2587 758 ut
2611 703 2755 759 nulli
2783 704 3022 760 omnino
3045 702 3350 759 hominum
3380 702 3552 761 liceat

1894 792 2049 848 idem
2081 792 2409 847 cmnobium
2442 798 2658 848 temere
2691 795 3165 865 perturbare,aut
3196 792 3247 847 ei
3280 792 3549 849 subditas

1895 881 2296 954 possessiones
2328 884 2573 951 auferre,
2605 883 2694 938 vel
2745 882 2937 937 ablata
2987 882 3255 949 retinere,
3297 880 3385 937 vel
3437 879 3554 935 mi-

1896 988 2095 1035 nuere,
2124 971 2213 1027 vel
2257 971 2584 1027 temerariis
2629 970 3031 1027 vexationibus
3081 969 3414 1040 molestare,
3450 972 3555 1026 aut

1895 1059 2071 1115 etiam
2127 1060 2397 1132 fatigare;
2433 1061 2532 1115 sed
2586 1059 2784 1115 omnia
2832 1060 3062 1132 integra
3106 1064 3549 1125 conserventur,

1895 1165 2096 1204 eorum
2138 1166 2387 1217 quorum
2436 1148 2768 1204 substantia
2819 1165 2885 1204 ac
2937 1148 3361 1221 gubernatione
3409 1164 3543 1203 con-

1897 1255 2063 1293 cessa
2092 1243 2251 1305 sunt,
2283 1238 2489 1293 usibus
2522 1238 2680 1293 omni
2711 1238 2884 1292 modo
2926 1237 3254 1308 profutura.
3287 1237 3555 1293 Obeunte

1897 1332 2091 1382 autem
2123 1344 2277 1382 nunc
2309 1328 2535 1393 abbate,
2570 1326 2654 1381 vel
2689 1325 2951 1398 quolibet
2981 1325 3550 1391 successorum,nul-

1868 1414 1990 1470 -1us
2024 1416 2101 1470 ibi
2132 1414 2393 1486 qualibet
2442 1414 2838 1487 subreptionis
2878 1414 3095 1469 astutia
3140 1414 3228 1469 vel
3276 1414 3554 1469 violentia

1900 1504 2418 1575 praeponatur,nisi
2453 1520 2629 1574 quem
2662 1503 2873 1558 fratres
2906 1503 3207 1558 communi
3238 1519 3549 1570 consensu,

1896 1592 1981 1647 vel
2017 1592 2257 1648 fratrum
2293 1609 2428 1664 pars
2460 1591 2703 1647 consilio
2732 1590 2949 1647 saniori
2981 1590 3299 1662 elegerint;
3330 1591 3552 1647 electus

1898 1699 1930 1737 a
1963 1682 2219 1737 Romano
2272 1681 2543 1753 pontifice
2602 1682 3010 1748 consecretur;
3045 1680 3325 1747 chrisma,
3357 1678 3553 1735 oleum

1897 1770 2661 1837 sanctum,consecrationes
2694 1768 2965 1824 altarium
2999 1769 3117 1825 sive
3149 1767 3549 1836 basilicarum,

1816 1892 1867 1958 B
1900 1860 2326 1915 ordinationem
2359 1859 2780 1914 monachorum
2813 1858 2913 1929 qui
2944 1859 3014 1913 ad
3047 1875 3243 1913 sacros
3273 1858 3552 1929 suntjam

1898 1965 2052 2004 nunc
2084 1949 2316 2004 ordines
2347 1948 2743 2020 promovendi,
2780 1950 2851 2003 ab
2882 1948 3174 2020 episcopis
3202 1947 3261 2002 in
3295 1963 3549 2018 quorum

1895 2038 2246 2092 dioecesibus
2276 2036 2439 2098 estis,
2472 2035 2801 2107 accipietis;
2857 2035 3147 2107 siquidem
3197 2036 3447 2110 gratiam
3496 2039 3554 2091 et

1897 2128 2369 2181 communionem
2398 2125 2725 2196 apostolicae
2758 2126 2914 2181 sedis
2936 2126 3333 2191 habuerint,et
3355 2125 3403 2180 si
3425 2141 3553 2195 gra-

1894 2215 1973 2270 tis
2002 2232 2069 2271 ea
2103 2219 2158 2270 ct
2189 2214 2313 2272 sine
2342 2214 2623 2286 pravitate
2655 2213 3064 2285 impenderint.
3090 2215 3149 2269 Si
3183 2214 3323 2286 quid
3354 2218 3549 2269 autem

1896 2303 2105 2359 horum
2137 2302 2444 2369 obstiterit,
2479 2303 2651 2357 liceat
2677 2302 2842 2357 vobis
2892 2319 2925 2357 a
2974 2320 3323 2374 quocunque
3353 2302 3549 2358 volue-

1897 2392 2023 2447 ritis
2053 2392 2336 2448 catholico
2367 2390 2666 2462 episcopo,
2698 2408 2826 2462 qua:
2859 2391 3133 2461 praedicta
3163 2395 3303 2469 sunt
3350 2407 3549 2447 sacra-

1895 2485 2095 2536 menta
2152 2480 2463 2552 percipere.
2526 2479 2652 2533 'l‘ibi
2721 2495 2878 2544 vero,
2936 2495 3111 2549 quem
3171 2479 3549 2551 propensiore

1895 2569 2177 2625 charitate
2207 2566 2709 2641 amplectimur,ex
2740 2566 3068 2639 apostolicae
3091 2567 3246 2623 sedis
3271 2565 3550 2639 peculiari

1895 2658 2251 2730 benignitate
2284 2657 2337 2712 id
2376 2660 2635 2712 muneris
2668 2654 3050 2729 personaliter
3082 2656 3550 2726 indulgemus,ut

1896 2764 2000 2819 per
2029 2764 2251 2801 annum
2283 2744 2616 2816 quinquies,
2652 2745 2709 2799 id
2743 2750 2854 2810 est,
2886 2744 2944 2799 in
2976 2744 3069 2800 die
3100 2748 3313 2800 sancta:
3342 2745 3551 2800 Resur-

1895 2835 2189 2900 rectionis,
2221 2840 2276 2889 et
2314 2835 2769 2899 Pentecostes,et
2812 2832 3031 2889 Natalis
3079 2833 3311 2889 Domini
3364 2831 3548 2889 nostri

1894 2923 2329 2995 Salvatorisque
2355 2924 2495 2978 Jesu
2527 2922 2762 2987 Christi,
2796 2922 3302 2994 solemnitatisque
3334 2922 3548 2978 duode-

1895 3012 2005 3067 cim
2043 3017 2380 3067 sanctorum
2411 3012 2681 3077 fratrum,
2715 3028 2939 3067 necnon
2972 3016 3028 3066 et
3059 3011 3245 3067 sancti
3270 3010 3547 3083 martyris

1894 3100 2265 3167 Mercurii,ad
2288 3100 2603 3155 missarum
2629 3105 2859 3155 tantum
2889 3099 3545 3167 solemnia,chirothecis

1895 3196 2069 3261 atque
2099 3190 2275 3244 etiam
2310 3188 2610 3260 campagis
2642 3189 2844 3243 utaris.
2880 3192 3028 3244 Sane
3059 3188 3107 3244 si
3139 3188 3273 3259 quis
3302 3188 3361 3243 in
3394 3204 3547 3243 cras-

145 3274 288 3341 ﬁrma
312 3254 509 3346 fratres
544 3284 669 3332 tuos
701 3277 850 3345 (Luc.
882 3278 1002 3350 xu).
1037 3254 1275 3351 Dportet
1304 3296 1441 3355 ergo
1490 3299 1618 3348 nos,
1658 3283 1779 3354 qui,
1812 3254 1856 3324 α
1894 3254 2087 3334 tiu-um
2110 3254 2584 3348 archiepiscopus
2615 3281 2717 3332 aut
2745 3275 3076 3349 episcopus,
3101 3254 3418 3349 imperator
3447 3279 3548 3331 aut

146 3359 262 3417 licet
287 3362 527 3438 indigni,
573 3365 724 3420 Petri
758 3366 1010 3423 residere
1040 3368 1308 3424 videmur
1340 3371 1395 3425 in
1429 3370 1573 3440 loco,
1608 3389 1784 3444 prava

148 3451 430 3525 corrigere,
462 3457 632 3510 recta
682 3454 936 3522 ﬁrmare,
983 3459 1041 3512 et
1088 3457 1147 3511 in
1193 3459 1352 3513 omni
1402 3459 1659 3515 Ecclesia
1710 3461 1781 3517 ad

147 3541 323 3595 aeterni
352 3542 668 3598 arbitrium
692 3543 914 3613 judicis
944 3545 1028 3600 sic
1058 3547 1420 3618 disponenda
1452 3549 1781 3620 disponere,

145 3633 203 3683 ut
228 3630 294 3684 de
320 3632 477 3687 vultu
512 3632 962 3701 ejusjudicium
995 3639 1260 3690 nostrum
1288 3636 1611 3707 prodeat,et
1632 3637 1783 3693 oculi

145 3717 311 3773 nostri
335 3719 578 3775 videant
610 3720 1112 3791 aaquitatem.Tuis
1133 3723 1330 3796 igitur,
1365 3725 1447 3781 fili
1478 3725 1783 3792 Madelme,

140 3803 304 3874 justis
333 3807 717 3879 petitionibus
747 3816 1095 3879 annuentes,
1134 3816 1321 3867 Beata:
1336 3814 1563 3886 Sophia:
1586 3830 1785 3870 cosmo-

148 3892 317 3965 bium,
347 3897 459 3966 cui,
494 3896 747 3954 Domino
780 3905 1035 3965 auctore,
1056 3900 1364 3972 praesidere
1394 3904 1785 3976 cognosceris,

150 3983 248 4037 sub
284 3987 461 4041 tutela
489 3992 557 4042 et
579 3986 993 4058 jurisdietione
1040 3990 1197 4045 sedis
1246 3991 1599 4062 apostolicae,
1635 3993 1789 4048 sicut

151 4068 409 4130 hactenus
455 4075 706 4138 mansit,
751 4080 1030 4149 perpetuo
1086 4095 1426 4149 permanere
1484 4081 1788 4153 praesentis

153 4160 357 4232 pagina:
413 4163 764 4221 auctoritate
821 4166 1123 4223 sancimus
1183 4184 1196 4223 :
1248 4174 1314 4223 ut
1362 4169 1469 4224 soli
1518 4171 1789 4226 Romanas

152 4246 396 4305 Ecclesia
447 4251 782 4317 subditum,
819 4254 891 4309 ab
942 4255 1208 4310 omnium
1253 4256 1630 4313 ecclesiarum
1686 4276 1789 4315 seu

154 4351 515 4406 personarum
544 4341 692 4412 jugo
723 4341 971 4398 liberum
1006 4343 1326 4413 habeatur;
1361 4350 1571 4402 cuncta
1612 4348 1788 4403 etiam

155 4439 273 4495 qua
299 4430 826 4499 prmdeceesoribus
885 4431 1024 4498 tuis,
1055 4431 1144 4488 vel
1200 4433 1328 4501 tibi,
1389 4436 1457 4490 ad
1523 4436 1788 4507 ejusdem

158 4517 475 4573 monasterii
506 4518 947 4575 immunitatem
967 4519 1054 4575 vel
1080 4523 1533 4593 possessionem,
1568 4530 1791 4580 nostro-

1892 3368 2027 3435 dux,
2063 3383 2180 3429 rex,
2215 3365 2507 3436 princeps,
2543 3369 2645 3419 aut
2674 3381 2889 3432 comes,
2925 3369 3026 3419 aut
3062 3364 3405 3430 vicecomes,
3451 3365 3541 3435 iu-

1893 3456 2022 3521 dex,
2057 3458 2156 3510 aut
2188 3470 2437 3525 persona
2468 3451 2980 3524 quaelibet,magna
3009 3457 3109 3507 aut
3140 3457 3546 3523 parva,potens

1893 3548 1995 3599 aut
2023 3543 2199 3599 etiam
2232 3542 2543 3613 impotens,
2564 3541 2719 3611 juris
2752 3541 2933 3596 nostri
2965 3540 3251 3613 privilegii
3272 3539 3546 3612 paginam

1894 3632 2108 3698 sciens,
2157 3638 2359 3687 contra
2411 3647 2541 3686 eam
2600 3631 2792 3685 venire
2851 3636 3068 3686 temere
3119 3634 3222 3685 aut
3268 3629 3549 3702 primaria

1895 3726 2088 3776 mente
2121 3720 2444 3785 tentaverit,
2480 3719 2737 3774 secundo
2768 3718 3010 3774 tertiove
3043 3718 3438 3775 commonitus
3459 3722 3546 3773 at-

1897 3827 2008 3882 que
2036 3808 2402 3876 adhortatus,
2436 3808 2481 3863 si
2516 3824 2631 3862 non
2664 3807 3059 3863 satisfactione
3084 3824 3342 3881 congrua
3359 3822 3550 3863 emen-

1896 3898 2137 3966 daverit,
2171 3898 2445 3952 eumdem
2497 3896 2737 3952 honoris
2794 3896 2887 3953 sui
2943 3901 3001 3952 et
3054 3896 3231 3953 ofﬁcii
3292 3895 3548 3969 periculo

1898 3988 2221 4057 subjacere,
2254 4002 2479 4040 necnon
2512 3991 2568 4040 et
2618 3986 2965 4042 submovere
3012 3986 3396 4048 decrevimus,
3430 3990 3487 4039 et
3516 4001 3551 4039 a

1898 4075 2110 4130 Christi
2145 4081 2320 4146 atque
2350 4073 2618 4129 Ecclesiae
2651 4090 2888 4145 corpore
2935 4074 3277 4130 auctoritate
3319 4076 3548 4145 aposto-

1899 4164 2020 4220 lica
2052 4162 2356 4236 potestatis
2387 4178 2766 4234 segregamus
2800 4179 2813 4216 :
2848 4162 3326 4219 conservantibus
3356 4165 3550 4217 autem

1898 4270 1985 4320 ea,
2022 4270 2131 4324 pax
2162 4268 2195 4306 a
2226 4251 2471 4306 Domino
2521 4256 2577 4305 et
2627 4250 3027 4307 misericordia
3074 4250 3459 4322 praesentibus
3497 4253 3555 4306 et

1899 4342 2114 4397 futuris
2145 4339 2375 4395 szeculis
2407 4345 2801 4394 conservetur.
2835 4342 3041 4395 Amen.
3078 4340 3228 4394 Bene
3257 4339 3462 4394 valete.

1972 4435 2181 4485 Datum
2212 4428 2486 4500 Anagnia:
2520 4445 2623 4499 per
2653 4445 2866 4483 manus
2903 4427 3169 4492 Joannis,
3202 4428 3260 4483 S.
3296 4428 3363 4482 R.
3397 4427 3553 4483 sedis

1900 4518 2150 4585 diaconi,
2185 4518 2334 4589 prid.
2372 4518 2453 4573 ld.
2490 4517 2681 4585 Mart,
2716 4517 2918 4572 indict.
2951 4534 3042 4585 xv,
3077 4533 3229 4572 anno
3253 4515 3557 4588 pontiﬁca-

156 4616 274 4657 rum
303 4607 794 4676 predecessorum
828 4614 968 4664 sunt
999 4609 1316 4683 privilegiis
1346 4612 1649 4677 attributa,
1679 4629 1784 4670 nos
1813 4622 1861 4688 ι)
1891 4613 1990 4665 tus
2019 4606 2241 4663 domini
2274 4606 2511 4660 maximi
2545 4605 2762 4660 Urbani
2794 4606 2842 4660 II
2874 4624 3034 4678 papae
3058 4605 3555 4678 quinto,incarna-

158 4702 373 4762 quoque
402 4694 504 4749 tibi
534 4711 603 4749 ac
634 4697 1074 4752 successoribus
1117 4697 1235 4753 tuis
1285 4699 1628 4772 regulariter
1657 4718 1790 4773 pro-

157 4781 437 4837 movendis
468 4783 741 4855 praesenti
772 4785 1076 4858 privilegio
1119 4787 1570 4844 contribuimus.
1606 4789 1793 4847 Cellas

103 4881 125 4910 ο
158 4871 437 4938 praeterea,
464 4871 554 4927 vel
583 4870 971 4938 ecclesias,vel
1003 4873 1189 4943 villas,
1217 4892 1341 4947 qua:
1373 4880 1473 4930 aut
1501 4876 1795 4935 industria

159 4955 416 5022 praedicto
453 4958 725 5015 videntur
754 4960 1014 5017 caanobio
1046 4965 1208 5032 juste
1260 4980 1325 5019 ac
1376 4965 1799 5022 rationabiliter

160 5044 854 5118 acquisita,possidendas
884 5050 943 5105 in
976 5055 1324 5121 perpetuum
1352 5054 1793 5121 conﬁrmamus,

159 5125 212 5183 id
241 5137 343 5198 est,
374 5134 705 5204 ecclesiam,
736 5142 845 5193 etc.

471 5225 792 5295 (Enumerat
819 5229 1048 5283 ccenobii
1071 5230 1474 5301 possessiones.)

224 5306 325 5363 Per
351 5316 699 5382 praesentem
746 5314 928 5388 igitur
981 5316 1167 5373 nostri
1209 5316 1495 5391 privilegii
1524 5318 1799 5391 paginam

165 5395 469 5463 apostolica
479 5400 822 5457 auctoritate
833 5404 1251 5461 constituimus
1264 5409 1327 5460 ut
1339 5407 1803 5479 quaecunqueho-

164 5480 250 5537 die
266 5483 415 5541 idem
435 5489 764 5545 coenobium
784 5494 946 5563 juste
967 5494 1500 5566 possidet,quaaque
1522 5495 1577 5550 in
1601 5497 1803 5552 crasti-

168 5585 300 5626 num
318 5577 695 5633 concessione
716 5582 1428 5651 pontiﬁcum,liberalitate
1446 5584 1802 5657 principum,

169 5663 262 5713 aut
285 5661 575 5721 oblatione
608 5666 1046 5743 fidelium,juste
1076 5677 1251 5745 atque
1279 5672 1555 5729 canonice
1596 5675 1806 5746 poterit

1904 4697 2082 4754 tionis
2113 4698 2308 4750 autem
2340 4694 2569 4749 Domini
2608 4694 2792 4749 nostri
2824 4694 3128 4766 Patrisque
3157 4693 3356 4749 aeterni
3413 4693 3553 4749 Jesu

1901 4784 2114 4843 Christi
2147 4800 2299 4839 anno
2334 4784 2491 4837 1092.

2663 4898 2796 4952 LXI.

1911 4989 2124 5047 Urbani
2172 4990 2221 5043 11
2262 5002 2427 5059 ραρίε
2468 4982 2833 5059 pi'im'tegium
2887 5002 2985 5057 pro
3033 4990 3362 5043 mnasterio
3393 4990 3555 5043 Rein-

2511 5058 2952 5114 hardsbornensi.

2533 5176 2719 5245 (Anno
2751 5173 2935 5245 1092.)

1966 5291 2288 5364 [Thuringia
2315 5305 2492 5359 sacra,
2527 5290 2912 5359 Francofurti,
2953 5289 3108 5357 1737,
3144 5287 3265 5355 fol.,
3301 5305 3359 5361 p.
3390 5288 3503 5358 6L]

1982 5407 2260 5463 UBBANUS
2289 5404 2618 5477 episcopus,
2651 5423 2853 5461 servus
2885 5421 3184 5462 servorum
3216 5403 3341 5469 Dei,
3375 5403 3563 5458 GISIL-

1913 5485 2332 5555 nsaro'dilecto
2361 5494 2422 5548 in
2455 5494 2684 5550 Christo
2729 5494 2915 5559 fratri,
2969 5491 3164 5548 abbati
3208 5488 3561 5545 venerabilis

1914 5584 2253 5642 monasterii
2287 5585 2509 5639 Sancta:
2541 5582 2636 5637 Dei
2669 5582 2966 5654 genitricis
2997 5585 3054 5637 et
3083 5578 3340 5650 Virginis
3368 5575 3559 5632 Mariae

1913 5673 2228 5744 Sanctique
2254 5671 2500 5727 Joannis
2529 5669 2914 5741 evangelista,
2947 5670 3103 5742 quod
3136 5669 3195 5721 in
3227 5665 3353 5721 loco
3379 5665 3559 5720 situm
