3928 6208
164 362 282 447 349

1357 365 1761 433 EPISTOLAS
1800 367 1904 431 ET
1930 367 2421 453 ,pnIVILEcIA.

3475 373 3595 460 3ᾄο
3627 398 3636 457 ξ

171 499 448 567 omnibus
481 500 910 561 festivitatibus
938 501 1196 577 Virginis
1234 501 1519 577 gloriosas,
1562 504 1633 560 ad
1666 504 1835 576 cujus
1865 502 1919 570 Α
1939 502 2074 575 jure
2103 501 2402 559 communi
2430 518 2607 577 super
2637 499 2746 560 hoc
2790 502 2943 561 edito
2973 499 3031 560 iu
3083 502 3277 580 aliquo
3309 520 3425 563 non
3457 503 3590 565 obs-

172 591 523 651 vocabulum
555 598 903 650 constructa
933 597 1022 650 est
1051 592 1297 649 ecclesia
1328 598 1666 662 memorata,
1703 612 1834 668 sep-

177 689 292 741 tem
324 699 513 738 annos
544 688 604 738 et
634 684 1044 756 quadragenas
1072 683 1314 739 totidem
1358 684 1428 739 de
1473 683 1837 758 indulgentia

177 791 211 828 a
237 772 487 830 Domino
518 777 993 845 promereantur.

248 906 650 962 Concedentes
676 911 733 960 et
761 906 948 961 edicto
980 911 1260 979 perpetuo
1307 908 1740 976 conﬁrmantes,
1775 914 1839 964 ut

181 999 302 1051 tam
336 1000 399 1050 tu
432 1011 615 1067 quam
649 1011 1018 1050 successores
1040 996 1123 1049 tui
1150 1013 1252 1067 per
1278 1001 1458 1051 terras
1488 996 1572 1051 tui
1604 1014 1837 1054 monas-

182 1085 313 1141 terii
363 1084 601 1139 habitas
652 1088 711 1139 et
759 1084 1058 1138 habendas
1112 1084 1291 1140 libere
1342 1086 1533 1156 possis
1565 1086 1839 1143 ecclesias

183 1178 550 1239 construere,
575 1190 709 1229 cum
744 1190 914 1228 cruce
945 1172 1199 1245 signare,
1232 1173 1462 1246 aliaque
1486 1176 1841 1247 pontificalia

181 1268 239 1320 et
273 1262 609 1335 spiritualia
631 1278 913 1329 exercere,
936 1279 1237 1317 sacrorum
1279 1264 1547 1318 ordinum
1584 1264 1837 1321 collatio-

184 1354 307 1417 nis,
366 1352 748 1407 basilicarum
799 1355 854 1406 et
912 1351 1187 1405 altarium
1248 1353 1721 1419 consecrationis,
1775 1371 1840 1409 ac

180 1441 529 1497 chrismatis
560 1439 959 1505 confectionis,
993 1440 1096 1495 tibi
1138 1440 1372 1512 tuisque
1403 1443 1841 1499 successoribus

181 1532 478 1585 duntaxat
534 1529 764 1584 abdicta
809 1529 1041 1600 penitus
1091 1534 1393 1601 potestate.
1456 1531 1841 1587 Decerncntes

182 1622 254 1675 ut
287 1624 409 1674 tam
432 1618 622 1689 ipsius
661 1618 906 1673 coenobii
935 1622 1131 1690 caput,
1165 1635 1339 1690 quam
1390 1619 1644 1675 ecclesiae
1696 1638 1841 1693 quas

184 1724 348 1763 nunc
379 1707 577 1772 habet,
619 1707 737 1761 sive
769 1706 1024 1777 plebanze
1076 1707 1308 1772 fuerint,
1363 1708 1445 1763 vel
1491 1708 1733 1767 rurales.
1783 1709 1839 1764 in

184 1796 425 1851 civitate
455 1800 514 1851 et
533 1796 765 1851 dimcesi
790 1796 1197 1849 tantummodo
1210 1795 1569 1850 Salernitana
1593 1798 1838 1866 situatzr,

187 1886 263 1941 ab
297 1885 615 1956 omnijure
646 1883 1126 1954 etjurisdictione
1158 1883 1469 1956 episcopali
1503 1885 1620 1940 sint
1657 1903 1845 1942 exem-
1874 1878 1921 1941 Β

185 1980 322 2048 ptas,
356 1975 430 2030 de
463 1972 826 2045 plenitudine
857 1973 1162 2042 potestatis
1194 1978 1250 2027 et
1280 1973 1466 2044 gratia
1499 1975 1844 2046 speciali;ita

188 2068 257 2119 ut
290 2062 457 2118 nullo
482 2062 619 2131 jure
650 2077 753 2115 seu
781 2062 900 2115 foro
927 2060 1288 2115 contentioso
1317 2067 1375 2116 tu
1400 2061 1484 2116 vel
1510 2063 1593 2117 tui
1621 2081 1845 2120 succes-

183 2168 354 2207 sores
372 2152 588 2205 fratres
607 2149 793 2220 ipsius
816 2148 1154 2204 monasterii
1177 2165 1277 2203 seu
1302 2149 1491 2205 clerici
1518 2151 1841 2219 saeculares,

181 2243 245 2297 in
287 2239 575 2313 praedicta
613 2237 843 2293 civitate
876 2243 931 2292 et
981 2237 1213 2292 dioecesi
1265 2255 1366 2309 per
1413 2238 1842 2296 Salernitanum

182 2327 508 2403 praesulem
531 2343 597 2383 ac
618 2325 939 2399 capitulum
963 2325 1332 2398 aliquatenus
1346 2328 1841 2402 constringantur,

182 2418 464 2492 quinimo
517 2415 775 2472 ecclesiae
823 2431 954 2470 cum
1014 2415 1290 2471 omnibus
1342 2415 1466 2471 suis
1506 2418 1743 2488 juribus
1789 2424 1847 2475 et

180 2504 566 2582 pertinentiis
586 2504 759 2576 pleno
776 2504 1034 2576 jureipsi
1050 2505 1402 2560 monasterio
1426 2506 1544 2560 sint
1573 2507 1839 2563 subditae.

182 2599 247 2655 Si
277 2613 422 2653 vero
457 2594 688 2666 aliquos
720 2593 789 2646 de
838 2592 955 2647 tuis
988 2593 1309 2657 monachis,
1340 2611 1438 2649 seu
1472 2594 1713 2651 clericos
1740 2613 1843 2651 sae-

183 2686 449 2749 culares,
482 2683 541 2737 in
572 2680 835 2738 ecclesiis
867 2681 1115 2735 civitatis
1169 2682 1453 2753 praedicta}
1505 2687 1561 2738 et
1609 2684 1841 2739 dioecesi

183 2775 632 2833 commorantes
663 2770 734 2824 ad
758 2786 956 2825 sacros
974 2769 1219 2840 elegeris
1236 2772 1471 2825 ordines
1496 2774 1842 2842 promoveri,

184 2865 367 2920 liceat
394 2861 502 2917 tibi
537 2858 778 2931 tuisque
816 2859 1254 2913 successoribus
1287 2875 1695 2932 quemcunque
1727 2879 1845 2916 ma-

189 2952 376 3009 lueris
409 2949 750 3022 episcopum
804 2963 1138 3009 convocare,
1172 2948 1491 3003 dummodo
1524 2949 1844 3006 catholicus

184 3041 397 3105 fuerit,
430 3038 534 3095 sed
566 3037 624 3091 in
678 3035 809 3091 aliis
859 3036 1209 3092 dicecesibus
1242 3037 1522 3108 requisito
1561 3039 1846 3095 duntaxat

187 3131 476 3205 primitus
507 3126 837 3182 diaecesano
873 3144 886 3181 :
922 3126 991 3180 de
1041 3126 1256 3196 quibus
1304 3124 1565 3180 ecclesiis
1610 3126 1740 3183 sitis
1784 3128 1841 3183 in

180 3223 313 3293 jam
347 3218 506 3273 dicta
540 3215 770 3270 civitate
800 3219 855 3268 et
884 3214 1111 3269 direcesi
1144 3212 1289 3268 nihil
1323 3214 1685 3272 dimcesanus
1720 3218 1841 3272 exi-

191 3325 332 3383 gere
363 3307 703 3379 praesumat,
734 3303 850 3356 imo
882 3302 1075 3374 potius
1107 3308 1227 3357 tam
1253 3303 1543 3372 monachi,
1573 3304 1623 3359 si
1654 3305 1845 3361 clerici

191 3395 513 3460 defuerint,
571 3407 749 3464 quam
808 3390 916 3463 ipsi
949 3389 1162 3460 clerici,
1223 3392 1444 3463 absque
1502 3410 1754 3465 quorum
1785 3393 1848 3449 li-

188 3488 294 3543 bet
350 3480 812 3539 contradictioue
886 3484 1070 3534 totum
1139 3480 1397 3535 ofﬁcium
1465 3482 1842 3549 sacerdotale,

184 3574 350 3648 quod
412 3571 747 3627 animarum
802 3584 943 3622 cura
1008 3567 1185 3640 exigit
1240 3574 1297 3623 et
1359 3571 1625 3641 requirit,
1685 3588 1842 3626 exer-

186 3666 381 3721 ceaut.

259 3797 344 3853 De
368 3794 464 3850 his
494 3796 691 3848 autem
727 3807 852 3861 qua:
878 3806 911 3843 a
941 3788 1244 3845 catholicis
1276 3790 1623 3848 Christianis
1652 3793 1841 3849 eidem

185 3882 548 3943 monasterio
582 3886 704 3936 tam
740 3878 891 3933 inter
921 3878 1079 3934 vivos
1112 3896 1287 3951 quam
1324 3880 1380 3934 in
1405 3879 1611 3936 ultima
1641 3882 1838 3938 volun-

181 3981 304 4032 tate
352 3974 570 4028 donata
611 3967 829 4024 fuerint
884 3965 969 4022 vel
1011 3966 1203 4040 legata
1251 3985 1284 4023 a
1332 3986 1697 4042 quocunque,
1751 3977 1837 4027 vel

181 4057 699 4134 ubicunque,nulli
713 4058 1119 4128 episcoporum
1133 4057 1593 4114 dimcesauorum
1610 4059 1836 4117 licitum

180 4155 281 4221 sit,
313 4155 587 4225 quartam
621 4146 711 4202 vel
744 4146 972 4201 tertiam
998 4150 1219 4216 partem
1249 4147 1305 4200 in
1339 4146 1485 4218 ipsis
1510 4147 1715 4220 legatis
1733 4166 1833 4205 seu

181 4241 439 4307 donatis,
471 4243 592 4294 tam
626 4236 684 4291 in
717 4233 1027 4290 stabilibus
1059 4251 1234 4306 quam
1268 4234 1326 4289 in
1360 4235 1833 4305 mobilibus,exi-

178 4348 316 4406 gere
368 4329 650 4402 prietextu
691 4322 1134 4379 consuetudinis
1184 4324 1622 4397 cujuscumque.
1666 4327 1735 4381 Et
1783 4326 1832 4383 si

177 4435 460 4495 processu
485 4412 769 4487 temporis
798 4429 901 4484 per
930 4428 1310 4485 quoscunque
1341 4416 1542 4469 contra
1572 4417 1831 4470 tenorem

177 4505 523 4582 hujusmodi
557 4507 769 4560 nostris
803 4502 1196 4558 concessionis
1246 4501 1421 4557 tuerit
1453 4519 1554 4574 per
1604 4502 1832 4575 aliquos

1944 597 2121 649 tante.

2019 682 2261 754 Insuper
2293 687 2654 740 memoratus
2701 681 3229 740 excellentissimus
3279 684 3414 751 dux,
3466 686 3592 744 visa

1947 771 2283 843 hujusmodi
2309 771 2694 828 dedicationis
2717 771 3594 847 solemnitate,compunctus,ut

1948 860 2265 927 credimus,
2302 860 2499 918 divino
2547 862 2791 933 Spiritu,
2829 861 2997 917 nobis
3049 865 3103 917 et
3131 867 3328 919 nostro
3360 869 3592 936 aposto-

1946 949 2090 1004 latui
2125 950 2403 1005 attentius
2442 950 2886 1023 supplicavit,ut
2917 950 3290 1007 donationem
3310 957 3365 1008 et
3382 956 3590 1009 contir-

1948 1039 2291 1106 mationem,
2322 1056 2499 1110 quam
2534 1039 2655 1111 ipse
2696 1040 2885 1095 eidem
2919 1041 3273 1096 monasterio
3306 1041 3492 1098 facere
3518 1043 3591 1098 ob

1951 1128 2328 1182 reverentiam
2363 1132 2573 1183 sancta:
2597 1132 2652 1182 et
2682 1127 2993 1183 individua:
3017 1128 3321 1186 Trinitatis
3341 1148 3361 1191 .·
3384 1136 3440 1186 et
3456 1148 3591 1187 suo-

1950 1234 2079 1271 rum
2106 1220 2474 1286 peccatorum
2498 1216 3595 1291 remedium,intendebat,diguaremur

1950 1305 2294 1360 auctoritate
2326 1304 2646 1376 apostolica
2677 1307 3043 1371 conﬁrmare,
3081 1312 3396 1379 nostroque
3427 1326 3590 1364 man-

1950 1394 2226 1449 daremus
2250 1393 2424 1449 inseri
2450 1392 2748 1467 privilcgio
2772 1394 3094 1467 diligenter.
3121 1397 3235 1451 Nos
3268 1396 3446 1469 igitur
3466 1397 3592 1453 suis

1950 1482 2006 1537 in
2041 1482 2150 1537 hac
2183 1488 2344 1554 parte
2374 1482 3011 1554 precibusjustissimis
3041 1483 3398 1552 inclinati,in
3434 1486 3593 1542 favo-

1951 1588 2072 1626 rem
2108 1571 2291 1643 ipsius
2335 1571 2645 1643 loci,quem
2688 1572 2925 1643 speciali
2966 1572 3379 1645 prosequimur
3415 1574 3593 1629 dilec-

1950 1659 2106 1714 tione
2141 1660 2353 1731 pariter
2383 1665 2437 1714 et
2467 1660 2789 1729 devotione,
2823 1661 3227 1716 concessiones
3250 1667 3303 1717 et
3327 1663 3594 1718 donatio-

1951 1765 2054 1803 nos
2089 1748 2245 1819 ipsas
2277 1749 2332 1802 in
2368 1753 2561 1803 nostro
2595 1749 2859 1821 prresenti
2907 1749 3209 1823 privilegio
3249 1748 3425 1807 inseri
3460 1752 3596 1808 feci-

1953 1855 2085 1892 mus
2116 1838 2188 1892 ad
2222 1837 2527 1893 cautelam.

2062 1928 2423 1995 Privilc’gium
2458 1928 2673 1997 Rogrriz'
2700 1927 2851 1983 ducis
2881 1931 3209 1983 monasterio
3241 1929 3485 1985 Cavmi.

2025 2015 2322 2071 Concessit
2350 2016 2640 2087 siquidem
2676 2016 2987 2088 praedictus
3018 2018 3135 2072 dux
3181 2018 3369 2074 eidem
3402 2035 3600 2074 mona-

1954 2104 2130 2159 sterio
2186 2104 2244 2159 in
2296 2110 2662 2177 perpetuum,
2712 2111 2775 2160 ut
2833 2110 3027 2178 patres
3084 2106 3223 2161 dicti
3256 2107 3595 2165 monasterii

1954 2194 2174 2264 absque
2207 2192 2465 2265 qualibet
2494 2194 2904 2250 contrarietate
2936 2194 3232 2251 haeredum
3278 2202 3335 2251 et
3374 2214 3601 2253 succes-

1954 2299 2153 2338 sorum
2186 2299 2426 2337 suorum
2460 2281 2686 2354 possint
2706 2282 2933 2355 exigere
2955 2290 3003 2337 el
3040 2282 3289 2354 recipere
3311 2285 3597 2359 integram

1953 2370 2265 2431 decimam.
2299 2375 2523 2442 partem
2555 2370 2803 2443 piscium
2827 2371 2928 2442 qui
2951 2371 3103 2444 capti
3128 2372 3342 2429 fuerint
3367 2373 3427 2428 in
3451 2373 3597 2429 mari

1955 2478 1987 2515 a
2020 2459 2241 2515 vallone
2291 2460 2390 2531 qui
2418 2461 2489 2515 de
2536 2459 2891 2516 Gallocauda
2941 2458 3323 2533 [Gallocauta]
3360 2461 3594 2531 dicitur,

1954 2566 2142 2620 usque
2172 2549 2241 2604 ad
2278 2548 2519 2604 ﬂuvium
2570 2549 2641 2603 de
2697 2549 2880 2604 Caetra
2930 2549 3212 2621 [Cmtera],
3245 2549 3343 2623 qui
3393 2554 3482 2607 est
3526 2550 3599 2608 de

1953 2636 2245 2693 territorio
2280 2638 2463 2710 ipsius
2497 2637 2832 2693 monasterii
2860 2655 2961 2710 per
2983 2638 3241 2711 quinque
3264 2638 3447 2695 millia
3473 2658 3600 2713 pas-

1953 2743 2127 2781 suum
2178 2726 2330 2782 intra
2368 2744 2544 2781 mare.
2598 2726 2947 2782 Przedictum
2997 2744 3128 2783 vero
3176 2729 3597 2786 monasterium

1954 2814 2332 2871 mercimonia
2363 2832 2471 2871 sua
2501 2816 2724 2887 absque
2772 2814 2933 2870 omni
2981 2816 3233 2882 datione,
3286 2816 3596 2886 solutione,

1953 2921 2054 2960 seu
2084 2904 2516 2969 exitura,libere
2544 2905 2773 2972 vendat,
2808 2906 3024 2961 nedum
3054 2905 3111 2960 in
3147 2905 3271 2961 suis
3303 2905 3599 2964 littoribus

1952 2993 2038 3048 vel
2073 2996 2378 3064 portubus,
2409 2993 2526 3049 imo
2557 3011 2660 3066 per
2691 2999 2877 3050 totum
2929 3012 3105 3051 suum
3155 2995 3433 3051 ducatum
3479 3000 3597 3052 tam

1952 3080 2147 3153 ipsum
2179 3083 2506 3138 emnobium
2535 3099 2711 3155 quam
2743 3087 3002 3138 ementes
3052 3085 3180 3153 ejus
3222 3084 3602 3140 mercimonia
3630 3078 3633 3081 ⁴

1951 3168 2167 3225 liberos
2191 3171 2496 3227 constituit
2524 3175 2802 3244 perpetuo
2825 3189 2858 3227 a
2878 3170 3138 3241 qualibet
3159 3172 3596 3244 praeparatione.

1875 3244 1917 3310 C
1954 3258 2205 3314 Indulsit
2235 3259 2409 3315 etiam
2440 3260 2593 3331 quod
2628 3275 2831 3316 omnes
2872 3259 3139 3317 homines
3188 3277 3336 3331 quos
3376 3261 3598 3316 dictum

1957 3348 2286 3403 cmnobium
2318 3347 2492 3404 habet
2519 3352 2578 3402 et
2608 3348 2846 3403 habebit
2877 3348 2932 3402 in
2968 3347 3259 3420 praedictis
3291 3346 3455 3415 locis,
3480 3350 3598 3405 Me-

1956 3435 2214 3501 telliano,
2253 3436 2547 3505 Pasciano,
2588 3435 2791 3491 villula
2818 3436 3130 3510 adjacenti,
3176 3441 3366 3493 castro
3411 3439 3597 3494 sancti

1956 3525 2247 3595 Adjutoris
2280 3525 2337 3579 in
2368 3524 2573 3581 Cilenti
2623 3529 2840 3593 monte,
2873 3529 2931 3581 et
2974 3524 3338 3597 pertinentiis
3365 3543 3597 3582 eorum-

1953 3613 2084 3669 dem
2118 3614 2399 3683 locorum,
2433 3619 2551 3669 tam
2584 3613 2775 3669 clerici
2829 3630 3005 3686 quam
3039 3613 3169 3669 laici
3218 3631 3449 3686 semper
3478 3616 3599 3671 sint

1950 3701 2116 3759 liberi
2150 3703 2222 3758 ab
2253 3704 2411 3759 omni
2444 3704 2740 3759 exactione
2772 3703 3050 3776 pecunia},
3084 3702 3171 3758 vel
3216 3720 3408 3759 rerum
3451 3721 3596 3776 qua-

1952 3791 2230 3848 rumlibet
2252 3793 2676 3865 aliarum,quas
2708 3810 2812 3865 pro
2842 3792 3039 3865 aliqua
3058 3792 3494 3865 opportunitate
3507 3792 3595 3849 vel

1950 3898 2125 3937 causa
2162 3881 2304 3954 ipse,
2339 3882 2427 3938 sui
2479 3882 2736 3937 hmredcs
2785 3881 2869 3937 vel
2920 3882 3017 3953 [ci]
3072 3898 3442 3939 successores
3490 3881 3595 3937 ali-

1948 3972 2181 4042 quando
2213 3972 2504 4026 duxerunt
2534 3988 2567 4026 a
2596 3970 2721 4027 suis
2751 3970 3091 4026 hominibus
3122 3971 3503 4040 faciendas,et
3524 3974 3590 4026 ut

1948 4060 2019 4114 de
2052 4060 2195 4133 ipsis
2223 4060 2563 4116 hominibus
2591 4059 2834 4115 liberam
2876 4076 3077 4116 curam
3122 4059 3391 4132 [curiam]
3423 4064 3481 4117 et
3510 4060 3593 4117 fo-

1948 4147 2287 4205 risfacturas
2317 4166 2521 4205 omnes
2549 4148 2673 4204 sine
2705 4147 2821 4203 ullo
2845 4165 2951 4205 suo
2982 4147 3180 4220 bajulo
3203 4147 3290 4204 vel
3326 4149 3593 4206 ministro

1945 4236 2229 4302 habeatis,
2270 4243 2326 4293 et
2374 4237 2431 4293 in
2474 4239 2637 4295 curia
2685 4238 2872 4310 ipsius
2923 4238 3261 4294 monasterii
3315 4256 3417 4312 per
3465 4238 3594 4311 ejus

1945 4342 2307 4383 summosam
2351 4326 2587 4383 veniant
2628 4326 2698 4382 ad
2747 4326 3044 4398 justitiam
3097 4326 3420 4383 faciendam
3465 4332 3522 4383 et
3560 4344 3595 4382 a

1935 4414 2237 4486 judicibus
2268 4432 2415 4487 quos
2437 4416 2522 4471 eis
2546 4415 2866 4470 statueritis
2889 4416 3137 4471 debeant
3167 4414 3595 4470 rationabiliter

1935 4503 2367 4575 judicari.quos
2379 4509 2435 4559 et
2460 4504 2715 4559 notarios
2736 4504 2998 4575 publicos
3021 4502 3312 4558 statuendi
3346 4502 3589 4558 liberam

174 4599 555 4661 attentatum,
590 4591 735 4646 illud
766 4607 834 4646 ex
863 4607 1019 4645 nunc
1068 4590 1441 4646 decernimus
1476 4591 1712 4662 juribus
1745 4611 1835 4648 va-
1862 4613 1909 4677 Β
1940 4592 2106 4647 vobis
2138 4592 2342 4647 tribuit
2373 4592 2728 4653 facultatem,
2780 4597 2896 4647 tam
2950 4591 3006 4646 in
3057 4591 3250 4646 causis
3297 4589 3587 4657 civilibus,

173 4691 439 4751 enatum,
462 4678 904 4756 praescriptione
952 4679 1011 4733 in
1052 4679 1158 4735 hoc
1191 4679 1349 4752 longi
1397 4681 1674 4752 temporis
1719 4700 1831 4737 non

173 4778 467 4834 currente.
493 4771 554 4828 Si
586 4768 723 4842 quis
754 4784 886 4825 vero
917 4767 987 4822 ad
1019 4769 1291 4825 eumdem
1334 4768 1526 4823 locum
1572 4767 1659 4825 vel
1703 4771 1832 4841 ejus

172 4863 452 4925 ecclesias
483 4858 601 4918 sibi
636 4856 997 4930 sepulturam
1030 4857 1289 4930 elegerit,
1330 4856 1554 4913 licitum
1609 4859 1686 4913 sit
1724 4859 1826 4913 tibi

173 4955 409 5027 tuisque
429 4945 882 5007 successoribus
904 4949 961 5001 et
978 4945 1255 5001 fratribus
1276 4945 1333 5000 in
1357 4945 1620 5002 ecclesiis
1641 4946 1829 5020 ipsius

173 5041 420 5102 ωειλοωὶ
454 5034 966 5096 commorantibus
1010 5034 1207 5107 ipsum
1253 5034 1311 5090 in
1342 5052 1448 5091 suo
1498 5037 1826 5093 coemeterio

174 5132 413 5207 sepelire
433 5111 667 5200 absque
685 5123 999 5194 cujuslibet
1016 5123 1537 5192 contradictione,d
1550 5127 1826 5182 ummodo

175 5220 543 5281 Christianus
571 5219 632 5271 et
661 5212 988 5269 catholicus
1035 5212 1337 5268 habeatur.
1379 5214 1700 5269 Statuimus
1733 5213 1824 5269 in-

174 5328 342 5385 super
371 5310 665 5383 perpetuo
691 5301 1102 5373 valiturum,ut
1124 5302 1352 5374 quoties
1374 5302 1531 5371 inter
1544 5302 1824 5360 vassallos

169 5402 430 5474 ejusdem
453 5390 804 5453 monasterii
825 5395 954 5448 orta
980 5390 1159 5447 fuerit
1179 5391 1604 5464 quaestio,quod
1625 5391 1821 5465 ipsum

165 5489 429 5565 quamvis
467 5480 783 5553 contingat
829 5481 1182 5549 cmnobium,
1236 5479 1406 5536 liceat
1454 5481 1558 5535 tibi
1589 5482 1823 5554 tuisque

160 5575 608 5639 successoribus
653 5576 710 5625 et
768 5570 1032 5642 partibus
1082 5572 1242 5642 {forte
1290 5570 1577 5641 patribus]
1634 5570 1820 5642 ipsius

160 5669 429 5747 querelas
461 5659 815 5734 hujusmodi
875 5659 1167 5729 decidere,
1219 5658 1452 5730 justitia
1503 5660 1818 5730 mediante,

1944 4697 2120 4753 quam
2142 4680 2199 4734 in
2215 4679 2623 4735 criminalibus
2646 4679 2922 4734 omnibus
2943 4679 3346 4752 praetermissis
3369 4678 3586 4746 causis,

1942 4769 2012 4825 de
2044 4769 2259 4841 quibus
2309 4768 2676 4823 condemnati
2709 4767 2967 4840 legitime
3015 4768 3263 4822 debeant
3314 4765 3482 4833 mori,
3516 4766 3588 4821 de

1941 4857 2277 4913 aliisautem
2307 4855 2713 4914 criminalibus
2730 4857 3104 4923 omnibus,de
3119 4856 3333 4928 quibus
3354 4872 3587 4927 poenam

1940 4946 2112 5001 aliam
2148 4947 2368 5018 absque
2401 4952 2586 5002 morte
2624 4945 2822 5001 subire
2869 4946 3136 5011 debeant,
3172 4943 3459 5016 quidquid
3498 4959 3589 4999 vo-

1939 5034 2166 5090 lueritis
2199 5035 2443 5090 faciatis.
2477 5034 2763 5091 Similiter
2793 5038 2851 5090 et
2880 5035 2951 5089 de
3000 5032 3234 5100 duellis,
3261 5033 3307 5089 si
3341 5049 3411 5088 ex
3438 5031 3587 5106 ipsis

1938 5123 2133 5179 causis
2166 5124 2597 5179 intervenerint.
2633 5122 3066 5196 Appellationes
3100 5139 3233 5179 vero
3278 5122 3328 5178 si
3370 5121 3587 5177 fuerint

1936 5211 2145 5268 vestris
2175 5211 2514 5268 hominibus
2568 5216 2931 5284 opportunae,
2973 5211 3042 5266 ad
3075 5216 3325 5267 vestram
3357 5209 3582 5266 curiam

1935 5300 2550 5374 appelleturquoniam
2566 5300 2852 5373 quidquid
2868 5300 2925 5355 in
2940 5300 3230 5372 praedictis
3243 5298 3581 5354 hominibus

1933 5390 2560 5462 locorumipsorum,et
2582 5389 2639 5443 in
2664 5388 2981 5445 tenimento
3017 5389 3074 5442 in
3106 5404 3221 5459 quo
3254 5389 3576 5449 morantur,

1932 5483 2131 5553 posset
2162 5479 2284 5551 ipse
2314 5480 2434 5534 dux
2463 5482 2520 5533 et
2549 5478 2678 5548 ejus
2699 5491 3065 5533 successores
3095 5475 3337 5547 erigere,
3373 5478 3429 5529 et
3459 5477 3579 5528 sta-

1932 5576 2113 5638 tuere,
2147 5573 2201 5624 et
2233 5567 2523 5637 ordinare,
2558 5563 2851 5621 statuendi
2882 5567 2939 5619 et
2968 5562 3225 5636 erigendi
3248 5561 3416 5617 vobis
3448 5574 3576 5633 per-

1932 5662 2105 5730 petuo
2139 5656 2343 5711 tribuit
2364 5659 2731 5727 potestatem.
2774 5652 3071 5707 Concessit
3114 5650 3289 5706 etiam
3320 5648 3483 5705 vobis
3515 5646 3576 5699 in
3604 5702 3631 5726 .
