3928 6208
352 349 467 419 381

1575 383 1581 394 ’
1657 359 1730 424 Β.
1774 357 2067 425 URBANI
2107 357 2160 423 II
2204 360 2454 424 ΡΑΡᾹΞ.

3621 371 3727 434 352

353 502 722 574 perpetuum,
744 500 812 554 ut
844 494 902 552 in
934 511 1284 571 quacunque
1317 500 1478 571 parte
1529 497 1619 555 sui
1650 497 1900 556 ducatus
1929 503 1992 555 tu
2023 492 2088 562 Α·
2109 514 2285 552 suum
2314 499 2746 555 sacramentum
2777 501 2918 555 tunc
2946 494 3117 556 nobis
3163 496 3540 572 praesentibus
3557 518 3726 586 praes-

352 590 440 646 vel
472 605 841 645 successores
873 587 957 642 tui
981 586 1365 659 personaliter
1388 587 1634 659 fueritis,
1653 593 1710 644 et
1736 607 1889 645 unus
1907 589 1994 644 vel

354 679 550 753 plures
581 679 847 734 homines
878 677 951 732 ibi
987 677 1202 732 fuerint
1218 677 1286 732 ad
1322 682 1590 744 mortem,
1616 678 1700 734 vel
1725 679 1792 732 ad
1819 679 1997 749 quod-

352 769 492 825 libet
525 767 880 840 supplicium
905 766 1416 837 judicati,possitis
1451 767 1993 831 eos,sicutvolueri-

351 860 428 914 tis
459 857 727 922 liberare,
761 860 817 910 et
845 855 1178 926 ubicunque
1213 871 1313 926 per
1342 872 1513 910 suum
1535 855 1806 910 duratum
1842 860 1991 911 tran-

352 948 530 1004 situm
566 945 834 1008 feceritis,
866 944 1181 1015 obviosque
1204 943 1524 999 habueritis
1543 945 1599 998 in
1625 950 1811 1000 vestro
1838 950 1992 1001 tran-

351 1039 467 1093 situ
497 1037 936 1099 condemnatos,
958 1034 1055 1105 qui
1089 1033 1158 1087 ad
1202 1032 1588 1104 suspendium
1623 1034 1706 1089 vel
1739 1035 1989 1090 decolla-

348 1126 528 1182 tionis
558 1123 912 1196 supplicium
941 1121 1719 1193 deportentur,valratis‘eos,
1757 1123 1804 1179 si
1827 1124 1988 1179 vobis

347 1214 652 1287 placuerit,
687 1214 875 1268 facere
905 1211 1159 1266 liberari.

419 1303 478 1359 Si
506 1320 636 1358 vero
668 1302 938 1357 homines
967 1299 1201 1356 vassalli
1244 1301 1430 1371 ipsius
1472 1300 1810 1357 monasterii
1852 1320 1984 1357 ven-

345 1392 1096 1457 dunt,olferunt,donant,et
1130 1389 1320 1444 modis
1353 1389 1481 1445 aliis
1514 1389 1772 1445 alienant
1801 1396 1986 1446 tersas

346 1500 492 1554 quas
519 1482 592 1535 ab
621 1481 826 1535 eodem
857 1479 1212 1534 monasterio
1235 1483 1457 1542 tenant,
1486 1484 1866 1550 asserantque
1898 1498 1987 1536 eo-

343 1588 474 1626 rum
506 1568 958 1625 consuetudines
988 1584 1116 1621 esse
1147 1571 1212 1621 ut
1245 1567 1298 1620 id
1331 1567 1558 1637 possint
1591 1568 1985 1635 facere,sanci-

343 1659 426 1713 vit
454 1663 510 1714 et
557 1657 805 1712 firmiter
846 1655 1103 1711 inhibuit
1136 1655 1446 1726 prmdictus
1481 1656 1616 1721 dux,
1668 1661 1732 1710 ut
1780 1674 1982 1712 omnes

344 1751 551 1809 terras,
584 1762 732 1817 quas
763 1743 872 1815 ipsi
906 1743 1174 1798 homines
1221 1745 1294 1798 ab
1343 1745 1546 1798 eodem
1597 1745 1856 1800 ccenobio
1905 1752 1982 1800 te-

2106 589 2303 657 titum,
2333 593 2390 643 et
2421 605 2522 660 per
2547 605 2717 643 suam
2747 587 2897 644 hanc
2928 587 3290 644 sanctionem
3327 589 3636 659 constituit,
3669 598 3727 651 ut

2104 696 2344 751 prorsus
2399 678 2563 732 irrita
2603 681 2907 749 reputatur
2940 696 2953 734 :
2988 683 3044 733 et
3090 694 3439 752 quocunque
3486 683 3726 755 tempore

2101 768 2294 840 ipsum
2315 767 2599 822 haeredem
2623 770 2680 822 et
2697 783 3066 823 successores
3087 785 3225 823 suos
3249 784 3425 839 super
3443 768 3549 824 hoc
3564 771 3726 828 duxe-

2105 858 2231 912 ritis
2263 854 2828 928 postulandos,dedit
2861 861 2917 911 et
2949 855 3182 928 reliquit
3208 857 3292 911 eis
3327 856 3592 914 omnibus
3623 862 3722 917 sub

2100 946 2306 1001 divinae
2339 949 2666 1017 nostrisque
2695 943 3114 1000 benedictionis
3145 945 3385 1001 obtentu
3418 947 3724 1006 firmiterin

2099 1035 2412 1101 mandatis,
2448 1039 2510 1089 ut
2539 1034 2698 1106 ipsas
2721 1051 2926 1090 omnes
2946 1033 3348 1090 concessiones
3382 1039 3437 1089 et
3457 1037 3723 1108 exceptio-

2099 1141 2202 1180 nes
2229 1141 2328 1195 per
2348 1140 2548 1178 eorum
2581 1123 2743 1178 vobis
2777 1121 3078 1194 privilegia
3116 1123 3368 1178 debeant
3397 1125 3722 1183 conﬁrmare

2097 1213 2222 1269 sine
2253 1213 2410 1268 omni
2442 1211 2625 1284 pretio
2656 1218 2712 1267 et
2739 1211 2910 1267 taedio
2931 1212 3223 1266 tarditatis
3249 1229 3262 1279 ;
3286 1216 3342 1266 et
3366 1211 3561 1267 nullus
3583 1214 3720 1286 ipsc-

2095 1320 2224 1358 rum
2259 1305 2574 1375 praesumat
2606 1318 2704 1356 cas
2738 1299 3053 1372 infringere
3083 1299 3168 1354 vel
3206 1301 3554 1367 mutare,sed
3577 1301 3722 1373 ipsas

2095 1391 2304 1446 illazsas
2335 1406 2566 1445 scrvare
2598 1390 2843 1444 debeant
2873 1394 2930 1444 et
2951 1393 3162 1454 tenere,
3196 1389 3379 1444 donec
3414 1406 3511 1444 vos
3542 1390 3594 1445 in
3627 1409 3725 1446 sua

2094 1481 2390 1536 haeredum
2413 1483 2468 1533 et
2498 1495 2903 1534 successorum
2937 1494 3180 1533 suorum
3216 1479 3326 1533 fide
3358 1478 3582 1533 sincera
3613 1480 3721 1535 fue-

2092 1570 2222 1624 ritis
2245 1573 2672 1640 permanentes.
2707 1568 2861 1630 Quas
2889 1567 3315 1632 concessiones,
3343 1568 3720 1623 confirmatio-

2091 1675 2212 1724 nes,
2264 1656 2650 1728 exceptiones,
2702 1661 2757 1710 et
2804 1654 3199 1727 indulgentias
3253 1654 3497 1710 collatas
3547 1656 3719 1711 eidem

2091 1747 2443 1803 monasterio
2477 1763 2578 1817 per
2608 1745 2800 1816 ipsum
2825 1743 3274 1799 dilectissimum
3309 1744 3497 1800 lilium
3529 1745 3722 1800 ducem

345 1841 504 1902 nent,
539 1839 596 1891 et
624 1851 750 1906 qua:
778 1831 1341 1903 alienanturabsque
1364 1833 1549 1903 ipsius
1580 1834 1979 1904 requisitions,
2017 1867 2062 1931 Β
2095 1836 2404 1907 Rogerium
2437 1835 2819 1899 ratificamus,
2879 1833 3298 1904 approbamus,
3359 1837 3420 1888 et
3472 1849 3538 1888 ex
3578 1838 3724 1888 certa

343 1924 662 1980 dummodo
693 1922 985 1978 evidenter
1011 1925 1286 1992 appareat
1317 1921 1472 1990 quod
1529 1921 1714 1992 ipsius
1747 1939 1985 1978 monas-

344 2014 472 2070 terii
506 2013 644 2078 sint,
679 2010 846 2066 liceat
876 2010 1039 2065 vobis
1068 2026 1166 2065 eas
1215 2026 1442 2081 capere,
1474 2015 1531 2064 et
1575 2011 1646 2065 ad
1678 2012 1983 2067 dominum

345 2102 531 2173 ipsius
565 2100 806 2156 cmnobii
844 2116 1134 2166 revocare,
1184 2099 1604 2154 consuetudine
1642 2099 1836 2172 aliqua
1867 2119 1982 2156 non

343 2188 637 2257 obstante,
673 2189 785 2244 nisi
833 2189 1048 2255 forsan,
1085 2187 1239 2259 quod
1274 2188 1638 2259 terraeipsas
1670 2188 1983 2245 habuerint

344 2277 884 2352 praescriptionibus
916 2275 1194 2348 legitimis
1225 2275 1309 2331 vel
1361 2275 1490 2331 aliis
1531 2277 1711 2347 justis
1744 2278 1978 2334 rationi-

337 2369 449 2425 bus
481 2368 616 2423 inde
645 2366 873 2422 valeant
902 2382 962 2421 se
993 2365 1160 2420 tueri.

409 2457 674 2530 Largitus
703 2460 791 2512 est
819 2469 1051 2527 quoque
1073 2455 1196 2524 jam
1245 2453 1435 2509 dictus
1483 2455 1597 2510 dux
1638 2459 1702 2510 ut
1744 2457 1789 2510 si
1846 2457 1978 2528 quis

338 2564 406 2604 ex
450 2548 578 2603 suis
630 2544 964 2610 comitibus,
1006 2543 1346 2608 baronibus,
1391 2543 1677 2599 militibus
1730 2545 1978 2617 aliisque

335 2631 635 2692 catholicis
664 2633 1002 2690 hominibus
1021 2633 1200 2687 totius
1228 2632 1319 2688 sui
1347 2633 1611 2698 duratus,
1635 2634 1705 2688 de
1737 2650 1802 2689 eo
1821 2636 1974 2706 quod

336 2727 407 2781 ab
443 2725 568 2796 ipso
599 2725 659 2778 in
693 2723 931 2777 feudum
967 2725 1184 2787 tenent,
1217 2720 1508 2776 voluerint
1545 2721 1601 2776 in
1635 2726 1857 2793 partem
1889 2723 1974 2779 vel

335 2813 396 2868 in
426 2817 610 2869 totum
634 2811 789 2866 dicto
823 2809 1174 2865 monasterio
1205 2809 1409 2864 offerre
1436 2815 1492 2864 et
1523 2810 1974 2883 alienare,pote-

336 2906 548 2957 atatem
599 2900 742 2955 illud
792 2899 1047 2954 habeant
1086 2899 1332 2953 faciendi
1376 2898 1626 2970 qualiter
1664 2899 1971 2968 voluerint,

334 2991 676 3062 dictumque
699 2989 1119 3044 monasterium
1138 2986 1430 3059 bonaipsa
1456 2989 1525 3043 ad
1560 2989 1752 3060 ipsum
1782 2989 1976 3045 taliter

336 3078 606 3136 devoluta
618 3078 744 3133 sine
765 3077 922 3133 omni
947 3092 1053 3132 sua
1074 3077 1487 3148 haeredumque
1501 3082 1970 3134 etsuccessorum

333 3171 574 3226 suorum
606 3165 1060 3222 contradictione
1108 3165 1276 3221 liceat
1320 3165 1632 3238 percipere,
1677 3167 1865 3224 valeat
1909 3169 1968 3223 in

2097 1924 2342 1981 scientia
2370 1925 2810 1988 confirmamus,
2843 1921 3184 1977 auctoritate
3207 1921 3525 1993 apostolica
3545 1926 3599 1980 et
3618 1921 3724 1993 ple-

2093 2014 2360 2070 nitudine
2384 2011 2710 2084 potestatis.

2168 2106 2549 2158 Deccrnentes
2598 2105 2655 2155 et
2684 2100 2872 2154 edicto
2931 2103 3207 2170 perpetuo
3260 2099 3618 2165 roborantes,
3664 2104 3721 2154 ut

2091 2193 2426 2264 quicunque
2456 2190 2680 2244 dictum
2734 2188 3157 2244 monasterium
3211 2188 3266 2242 in
3310 2188 3441 2244 suis
3477 2187 3720 2261 juribus,

2089 2280 2560 2354 possessionibus
2609 2285 2666 2333 et
2711 2276 3079 2332 libertatibus
3135 2276 3376 2347 lasserit,
3416 2282 3516 2333 aut
3560 2278 3722 2333 etiam

2087 2367 2533 2443 perturbaverit,
2571 2367 2744 2422 liccat
2794 2365 2921 2434 tibi,
2983 2367 3429 2422 successoribus
3485 2367 3621 2434 tuis,
3672 2369 3724 2421 et

2087 2459 2353 2532 patribus
2383 2455 2569 2529 ipsius
2617 2453 2977 2522 monasterii,
3024 2456 3440 2526 cujuscunque
3482 2452 3725 2528 praeemi-

2087 2547 2297 2604 nentiaa
2329 2546 2447 2601 sive
2479 2548 2668 2600 status
2717 2544 2953 2610 fuerint,
3007 2543 3164 2615 ipsos
3213 2544 3558 2600 auctoritate
3584 2561 3724 2616 prae-

2086 2637 2267 2693 sentis
2285 2633 2465 2691 nostri
2481 2632 3060 2706 privilegiicanonica
3083 2631 3403 2688 monitione
3425 2633 3718 2705 praemissa

2083 2723 2612 2791 excommunicare,
2653 2727 2711 2777 et
2757 2722 3294 2778 excommunicatos
3342 2723 3461 2778 fore
3507 2723 3718 2778 denun-

2082 2815 2248 2884 tiare,
2283 2817 2458 2885 atque
2505 2811 2660 2883 quod
2700 2809 2919 2866 absolvi
2971 2827 3086 2866 non
3113 2810 3364 2882 possint,
3402 2810 3516 2866 nisi
3557 2808 3720 2882 digne

2083 2903 2474 2960 satisfecerint
2506 2919 2518 2966 ;
2556 2899 2857 2972 privilegio
2901 2901 2985 2956 eis
3033 2916 3333 2967 concesso,
3378 2899 3468 2955 vel
3522 2915 3716 2954 conce-

2082 2993 2271 3049 dendo
2301 2990 2454 3062 quod
2485 2989 2975 3045 excommunicari
2989 2992 3044 3043 et
3075 2988 3346 3045 interdici
3365 3006 3476 3044 non
3496 2986 3716 3061 possint

2081 3081 2476 3154 aliquatenus,
2505 3096 2620 3134 non
2654 3079 2943 3146 obstante,
2978 3078 3091 3132 nisi
3123 3078 3194 3134 de
3243 3076 3474 3133 indulto
3518 3077 3714 3147 hujus-

2081 3171 2241 3227 modi
2288 3168 2520 3242 plenam
2573 3173 2630 3223 et
2676 3184 3013 3239 expressam
3051 3167 3291 3222 fecerint
3346 3165 3716 3222 mentionem.

331 3248 438 3315 suo
476 3256 736 3312 dominio
788 3256 1054 3322 retinere,
1104 3259 1161 3310 et
1209 3272 1243 3310 a
1277 3253 1536 3327 quolibet
1583 3257 1836 3324 servitio,
1878 3256 1963 3311 vel
1999 3235 2041 3301 (ἶ
2078 3261 2134 3316 Si
2168 3259 2302 3332 quis
2330 3262 2524 3314 autem
2556 3262 2759 3312 contra
2789 3256 2942 3312 hanc
2993 3256 3179 3312 nostri
3226 3256 3445 3311 decreti
3479 3252 3719 3311 auctori-

329 3346 747 3419 praeparatione
777 3345 1017 3400 feudum
1048 3343 1264 3415 ipsum.
1297 3341 1380 3397 vel
1414 3360 1547 3415 pars
1577 3343 1784 3416 ipsius,
1810 3345 1968 3400 dein-

327 3453 462 3508 ceps
493 3436 569 3491 sit
596 3433 878 3491 immune.
921 3432 977 3487 Si
1025 3449 1157 3487 vero
1187 3431 1401 3503 aliquis
1440 3436 1559 3487 tam
1592 3433 1663 3487 de
1697 3433 1965 3489 vassallis

326 3519 513 3596 ipsius
545 3523 902 3587 monasterii,
937 3539 1113 3594 quam
1159 3523 1231 3576 de
1261 3520 1412 3587 aliis,
1446 3526 1650 3576 tenens
1695 3523 1765 3577 de
1796 3523 1965 3578 bonis

323 3615 446 3670 suis
479 3613 787 3669 stabilibus
819 3610 906 3666 vel
934 3609 1401 3675 mobilibus,sine
1432 3608 1657 3665 haerede
1705 3609 1963 3683 legitimo

321 3703 407 3760 vel
440 3701 691 3758 naturali
721 3698 1059 3763 decesserit,
1083 3697 1171 3753 vel
1204 3697 1564 3753 forisfactum
1617 3699 1832 3766 fecerit,
1866 3717 1968 3771 per

322 3793 476 3863 quod
511 3791 639 3863 ipsa
687 3789 756 3844 ad
812 3804 1024 3842 manus
1075 3785 1403 3858 reipublicae
1448 3787 1517 3841 de
1545 3787 1681 3856 jure
1727 3796 1967 3860 possent

322 3878 619 3952 applicari,
644 3877 872 3933 licitum
904 3877 979 3930 sit
1001 3873 1164 3930 vobis
1195 3891 1298 3946 per
1326 3892 1427 3930 vos
1471 3877 1673 3931 eadem
1709 3877 1860 3934 bona
1893 3880 1963 3934 ad

321 3969 582 4024 vestrum
614 3965 943 4021 dominium
987 3979 1275 4029 revocare,
1304 3963 1461 4018 omni
1505 3981 1612 4020 sua
1644 3966 1961 4037 haeredum,

321 4050 730 4112 successorum
750 4069 1013 4119 suorum,
1031 4051 1369 4107 officialium
1397 4055 1853 4112 contradictione
1877 4075 1963 4112 re-

322 4149 503 4209 mota,
557 4142 719 4197 nulla
758 4158 934 4214 super
978 4141 1147 4197 bonis
1195 4140 1339 4213 ipsis
1388 4147 1673 4214 potestate
1715 4145 1827 4200 sibi
1876 4145 1965 4200 vel

322 4231 653 4304 reipublicae
705 4233 1013 4287 reservata.
1057 4231 1344 4286 Tenentes
1383 4231 1766 4289 nihilominus
1815 4234 1967 4290 bona

322 4320 508 4392 ipsius
541 4320 878 4377 monasterii
929 4319 1217 4375 concessit
1264 4336 1362 4374 vos
1411 4337 1582 4391 posse
1610 4323 1681 4375 ad
1714 4328 1965 4378 vestram

321 4410 542 4466 curiam
577 4427 801 4473 vocare,
851 4410 923 4463 ad
973 4408 1299 4464 docendum
1341 4408 1593 4479 qualiter
1639 4411 1794 4466 bona
1840 4413 1968 4482 ipsa

322 4504 556 4555 teneant
579 4516 591 4554 :
616 4505 674 4554 et
695 4499 807 4554 nisi
833 4495 1256 4553 rationabiliter
1272 4497 1576 4552 docuerint
1599 4499 1964 4556 bonaeadem

320 4589 391 4645 ad
441 4605 503 4644 se
535 4593 814 4661 spectare,
848 4586 935 4642 vel
982 4604 1042 4642 se
1093 4585 1531 4658 praescriptione
1576 4585 1857 4658 legitima,
1889 4589 1967 4644 vi-
1995 4602 2041 4665 Ι)

321 4677 532 4734 delicet
578 4676 932 4742 centenaria,
981 4673 1345 4731 ostenderint
1390 4691 1452 4728 se
1493 4676 1774 4743 munitos,
1821 4678 1972 4736 bona

322 4766 448 4840 ipsa
475 4765 723 4823 valeatis
748 4765 941 4822 taliter
961 4769 1241 4836 occupata
1257 4764 1328 4818 ad
1350 4763 1675 4820 dominium
1700 4769 1962 4838 ejusdem

322 4855 663 4912 monasterii
698 4855 1042 4910 auctoritate
1074 4853 1252 4924 hujus
1286 4852 1960 4927 indulgentiaarevocare,

313 4945 448 5016 jure
477 4943 777 5000 communi
827 4960 1004 5015 super
1050 4942 1206 4997 hunc
1255 4941 1567 4998 articulum
1613 4946 1845 5016 penitus
1877 4964 1963 5003 re-

320 5039 541 5089 vocato.

390 5120 690 5178 Concessit
721 5119 962 5191 insuper
991 5119 1153 5174 vobis
1186 5118 1243 5172 in
1277 5123 1644 5190 perpetuum,
1668 5126 1730 5177 ut
1761 5123 1808 5177 si
1843 5128 1963 5188 tua,

320 5224 730 5267 successorum
754 5212 811 5262 et
831 5213 1058 5278 patrum
1082 5206 1268 5278 ipsius
1294 5208 1634 5262 monasterii
1658 5211 1968 5266 manifesta

320 5298 492 5370 culpa
522 5313 638 5352 non
671 5295 1042 5350 intervenerit
1068 5301 1270 5351 contra
1300 5295 1572 5350 eumdem
1588 5296 1818 5366 ducem,
1851 5298 1964 5352 hae-

322 5388 487 5442 redes
519 5389 576 5442 et
601 5400 966 5440 successores
998 5401 1156 5452 suos,
1181 5388 1238 5439 et
1269 5381 1558 5454 praedictae
1591 5399 1708 5437 suae
1726 5401 1967 5458 congre-

317 5474 569 5546 gationis
607 5472 821 5528 futuris
846 5473 1208 5544 temporibus
1230 5472 1468 5545 propter
1489 5469 1810 5538 quamlibet
1832 5490 1966 5529 cau-

321 5579 444 5618 sam
479 5561 654 5617 aliam
688 5559 924 5624 fuerint,
955 5559 1043 5614 vel
1068 5562 1125 5615 in
1157 5554 1466 5623 totum,vel
1500 5556 1558 5609 in
1592 5563 1814 5628 partem
1830 5562 1970 5617 obli-

317 5650 433 5708 ioni
463 5651 686 5709 traditae
721 5647 807 5704 vel
834 5649 1086 5714 omissae,
1137 5656 1193 5705 et
1239 5643 1608 5721 praescriptio
1661 5647 1789 5721 ipsa
1852 5668 1960 5724 per

2073 3354 2252 3406 tatem
2281 3347 2477 3404 venire
2525 3345 2854 3413 tentaverit,
2905 3345 3065 3400 salva
3095 3345 3251 3400 sedis
3284 3343 3636 3418 apostolicae,
3669 3347 3722 3397 et.

2071 3439 2392 3511 legatorum
2426 3436 2551 3505 ejus
2602 3434 2926 3490 reverentia
2953 3438 3012 3490 et
3047 3433 3355 3506 dignitate,
3391 3433 3539 3490 sciat
3575 3449 3636 3488 sc
3663 3431 3722 3486 Β.

2075 3528 2227 3584 Petri
2260 3525 2506 3598 apostoli
2539 3523 2788 3595 gratiam
2819 3515 3198 3590 amissurum,
3227 3528 3288 3578 ct
3333 3521 3726 3596 indignatione

2075 3615 2393 3689 apostolica
2445 3613 2795 3668 feriendum.
2830 3611 3185 3668 Obedientes
3240 3628 3378 3667 vero
3439 3615 3496 3667 et
3527 3611 3725 3682 hujus-

2077 3705 2255 3761 modii
2301 3702 2590 3775 privilegii
2641 3701 2857 3772 scripta
2917 3705 3215 3757 servantes
3261 3701 3504 3772 dignam
3554 3702 3719 3754 aDeo

2078 3792 2521 3850 retributionem
2551 3789 2851 3862 recipiant,
2884 3794 2941 3844 et
2971 3789 3437 3845 benedictionem
3489 3791 3726 3860 aposto-

2081 3883 2258 3938 licam
2291 3883 2748 3951 consequantur.

2641 3983 3133 4023 SUBSCRIPTIONES.

2147 4062 2263 4132 Ego
2297 4059 2566 4115 Urbanus
2597 4056 2894 4112 catholicae
2934 4055 3206 4112 Ecclesiae
3235 4055 3552 4129 episcopus
3595 4051 3726 4109 sub-

2075 4149 2308 4221 scripsi.

2145 4239 2264 4310 Ego
2302 4234 2561 4291 Ubaldus
2591 4233 2939 4290 Sadinensis
2969 4233 3280 4306 episcOpus
3300 4231 3653 4303 subscripsi.

2132 4328 2265 4400 Ego
2299 4324 2589 4380 Berardus
2613 4323 3004 4378 Praenestinus
3035 4323 3350 4395 episcopus
3381 4315 3723 4390 subscripsi.

2147 4416 2266 4487 Ego
2297 4412 2460 4468 Oddo
2490 4411 2843 4467 Albanensis
2867 4411 3179 4484 episcopus
3201 4408 3562 4481 subscripsi.

2148 4503 2262 4575 Ego
2292 4502 2552 4556 Joannes
2583 4498 2908 4554 Asculanus
2939 4498 3256 4571 episcopus
3275 4496 3626 4568 subscripsi.

2147 4591 2262 4663 Ego
2295 4589 2499 4643 Brimo
2534 4587 2814 4658 Signinus
2845 4587 3155 4659 episcopus
3175 4584 3528 4658 subscripsi.

2149 4680 2267 4751 Ego
2298 4678 2553 4732 Joannes
2586 4674 2988 4746 Rioppolanus
3033 4675 3348 4748 episc0pus
3390 4667 3730 4742 subscripsi.

2146 4768 2259 4839 Ego
2288 4764 2612 4835 Rangerius
2655 4763 2978 4836 Regitanus
3016 4765 3177 4835 episc
3192 4779 3363 4835 opus
3393 4755 3733 4830 subscripsi.

2141 4858 2259 4928 Ego
2286 4853 2578 4910 Gerardus
2607 4853 2895 4923 Trojanus
2925 4852 3242 4924 episcopus
3267 4849 3627 4922 subscripsi:

2141 4947 2260 5018 Ego
2293 4946 2659 4999 Hermannus
2692 4942 2995 5014 presbyter
3024 4939 3347 4996 cardinalis
3389 4932 3737 5008 subscripsi.

2144 5037 2259 5106 Ego
2289 5029 2602 5105 Gregorius
2632 5030 2936 5102 presbyter
2963 5029 3282 5086 cardinalis
3316 5025 3664 5098 subscripsi.

2146 5124 2262 5195 Ego
2298 5120 2645 5177 Benedictus
2685 5119 2987 5192 presbyter
3017 5118 3335 5174 cardinalis
3372 5109 3734 5185 subscripsi.

2146 5211 2359 5265 Datum
2377 5207 2598 5264 Salerni
2626 5224 2728 5280 per
2751 5224 2961 5262 manus
2975 5210 3084 5262 Joa
3098 5208 3234 5263 nnis
3261 5205 3762 5262 sacrazﬂomanw‘

2073 5298 2339 5356 Ecclesiae
2369 5297 2599 5352 diaconi
2634 5295 2958 5352 cardinalis
2981 5300 3186 5356 octavo
3207 5295 3444 5351 decimo
3460 5287 3742 5349 Kalendas

2075 5385 2363 5453 Octobris,
2411 5385 2619 5457 quinta
2687 5383 2916 5440 decima
2974 5384 3314 5452 indictione,
3368 5375 3746 5439 annoD'omi-

2074 5473 2665 5530 nicas-incarnationis
2697 5472 3010 5529 millesimo
3029 5490 3065 5528 n
3089 5471 3438 5545 onagesimo
3469 5465 3738 5529 secundo,

2077 5561 2449 5635 pontificatus
2493 5561 2716 5618 domini
2778 5561 3001 5618 Urbani
3065 5577 3254 5635 papae
3290 5560 3543 5618 secundi
3601 5566 3744 5612 anno

2079 5649 2305 5723 quinto.
