3928 6208
188 302 304 368 353

926 442 1140 501 LXVII.

197 531 528 588 Urbanus]!
567 533 625 588 S.
688 534 959 597 Brummi,
1007 533 1502 592 Carlhusianorum
1545 533 1851 605 fundatori.

261 612 311 659 et
338 605 562 662 Lanino
610 606 811 662 asserit
848 607 1025 661 [enim
1061 623 1095 660 a
1132 606 1355 675 Reperio
1402 606 1594 661 comite
1638 621 1854 661 conces-

262 690 382 749 sum
410 683 464 732 et
515 693 552 731 a
601 675 890 744 Theodm'o,
941 677 1186 749 episcopo
1226 675 1533 747 Scytlacino
1562 676 1852 747 conﬁrma-

261 748 399 802 tum.

828 820 1016 891 (Anno
1049 819 1229 891 1092).

201 906 347 981 [Acta
375 912 700 965 sauciorum
746 908 998 965 Bolland.
1046 908 1315 1055 gfécabris
1373 913 1515 966 tom.
1551 908 1644 975 Ill,
1677 908 1769 964 die
1797 909 1852 978 6,

873 997 1007 1055 pag.
1118 1018 1129 1033 .
1158 1023 1172 1035 .

873 997 1007 1055 pag.
1046 997 1172 1037 ωδ.

270 1067 548 1125 [Insanus
579 1068 1125 1141 episcopus,servus
1150 1086 1451 1126 servorum
1480 1068 1604 1137 Dei,
1627 1067 1855 1124 dilectis

194 1156 255 1213 in
287 1157 527 1217 Christo
552 1156 699 1215 ﬁliis
731 1157 993 1214 Bnusom
1015 1162 1073 1213 et
1105 1159 1322 1215 Larum
1353 1157 1605 1215 salutem
1636 1162 1693 1213 et
1725 1175 1858 1229 apo-

200 1245 467 1307 stolicam
500 1245 987 1303 benedictionem.

268 1333 381 1389 Pisa
413 1332 740 1391 voluntatis
760 1334 1002 1393 alfectus
1032 1336 1228 1392 studio
1259 1337 1431 1392 debet
1471 1341 1857 1408 prosequente

197 1422 658 1496 compleri.0uia
679 1423 861 1496 igitur
880 1425 1063 1481 nostri
1083 1425 1258 1482 ofﬁcii
1288 1425 1854 1493 interest,servorum

198 1513 296 1568 Dei
320 1512 532 1586 quieti,
559 1516 733 1585 prout
761 1512 1047 1569 Dominus
1070 1530 1239 1586 posse
1260 1514 1505 1580 dederit,
1533 1515 1857 1587 providere,

199 1602 587 1675 petitionibus
605 1601 836 1671 vestris,
859 1601 961 1657 ﬁlii
984 1604 1042 1658 in
1074 1603 1304 1659 Christo
1327 1602 1657 1659 charissimi
1689 1608 1744 1658 et
1776 1621 1861 1659 re-

198 1690 633 1758 verendissimi,
658 1690 974 1747 clementer
1003 1692 1343 1748 annuimus.
1380 1692 1486 1748 Per
1513 1692 1691 1764 hujus
1719 1709 1855 1766 ergo

200 1778 509 1877 apostolici
541 1778 826 1877 privilegii
854 1780 1133 1877 paginam
1166 1780 1494 1877 apestolica.
1515 1782 1857 1877 auctoritate
1888 1812 1934 1877 Β

200 1869 529 1929 statuimus
560 1874 626 1927 ut
655 1868 819 1927 locus
850 1869 1149 1942 ille,quem
1182 1869 1598 1926 inhabitationi
1628 1874 1854 1939 vestra',

199 1958 555 2031 disponente
587 1957 857 2026 Domino,
889 1957 1211 2029 elegistis,a
1235 1959 1401 2031 jugo,
1427 1962 1729 2031 potestate,
1764 1959 1857 2013 in-

192 2045 659 2119 juria,molestia
680 2046 945 2102 omnium
970 2045 1276 2102 hominum
1297 2046 1537 2101 omnino
1555 2047 1703 2102 liber
1721 2064 1857 2102 cum

198 2140 322 2195 tota
350 2134 507 2193 silva
533 2139 592 2191 et
613 2139 830 2203 monte,
863 2140 1021 2191 terra
1057 2140 1115 2191 et
1135 2151 1289 2208 aqua
1311 2135 1367 2190 in
1391 2136 1647 2207 spatium
1682 2137 1858 2192 unius

199 2224 385 2299 leuga
416 2224 545 2296 [al.,
578 2222 779 2295 leucae]
798 2223 857 2280 in
881 2223 1039 2281 omni
1062 2227 1226 2297 parte
1262 2223 1549 2296 adjacenti
1580 2224 1639 2279 in
1670 2230 1860 2285 vestra

197 2312 565 2369 omnimodis
596 2315 654 2368 et
683 2329 1094 2370 successorum
1110 2317 1441 2370 vestrorum
1472 2313 1859 2385 dispositione

198 2404 568 2475 permaneat,
593 2400 748 2459 sicut
775 2400 938 2457 vobis
961 2417 995 2457 a
1018 2400 1227 2458 dilecto
1250 2405 1449 2458 nostro
1470 2401 1590 2459 ﬁlio
1613 2402 1859 2474 Rogerio

200 2491 419 2549 comite
443 2490 814 2551 condonatus
831 2493 943 2556 est,
975 2495 1034 2546 et
1069 2508 1102 2545 a
1141 2491 1429 2547 confratre
1454 2497 1652 2546 nostro
1675 2490 1856 2548 Theo-

201 2580 371 2650 doro,
410 2578 777 2651 Squillacino
800 2578 1736 2652 episcopo,conﬁrmatus.Nemini
1764 2579 1859 2635 in.-

204 2673 297 2725 tra
326 2667 676 2741 pradictum
710 2667 967 2740 spatium
1007 2667 1182 2724 liceat
1209 2684 1456 2740 pascuae,
1491 2669 1860 2741 agriculturae

207 2774 312 2815 seu
337 2755 680 2831 piscationis
708 2761 811 2813 aut
838 2755 1134 2830 lignorum
1166 2756 1469 2814 occasione
1489 2762 1863 2830 autquacun-

208 2863 326 2920 que
357 2863 429 2909 ex
460 2862 645 2903 causa
674 2845 838 2901 vobis
871 2850 971 2901 aut
998 2846 1207 2902 vestris
1239 2846 1676 2904 successoribus
1706 2848 1861 2919 inju-

210 2937 362 2995 riam
387 2938 494 2993 aut
517 2934 849 2993 molestiam
881 2935 1157 3007 irrogare,
1183 2935 1282 2991 sed
1316 2938 1504 2992 totum
1536 2937 1862 2994 secundum

209 3025 573 3088 voluntatem
596 3027 847 3080 vestram
880 3024 1251 3096 possidentis,
1281 3024 1863 3097 disponatis,ordine-

209 3115 287 3171 tis
317 3119 377 3171 et
410 3113 688 3187 erogetis.
720 3113 778 3168 Si
810 3114 949 3186 quid
987 3118 1263 3186 praeterea
1306 3113 1654 3187 episcopalis
1683 3115 1859 3170 ofﬁcii

207 3202 607 3276 indigneritis,
631 3203 703 3269 ad
737 3219 909 3274 quem
942 3201 1315 3275 potissimum
1336 3201 1659 3259 vicinorum
1684 3203 1862 3260 antis-
1889 3180 1934 3250 θ

206 3292 383 3361 titum
405 3291 709 3349 volueritis
731 3291 1065 3348 recurrendi
1080 3291 1350 3363 praesenti
1374 3291 1600 3348 decreto
1615 3290 1859 3349 liberam

205 3379 510 3439 licentiam
542 3378 1315 3453 indulgemus.[)ecimarum
1349 3396 1579 3452 quoque
1595 3397 1768 3437 usum
1790 3398 1862 3438 ex

204 3467 538 3539 vestris,vel
568 3485 883 3542 puerorum
908 3474 1230 3525 vestrorum
1255 3468 1557 3525 laboribus
1579 3470 1749 3525 vestri
1769 3471 1864 3542 ju-

206 3558 289 3614 ris
320 3573 455 3614 esse
482 3572 816 3615 censemus.
850 3556 1013 3621 Quod
1041 3557 1090 3611 si
1122 3574 1250 3629 quis
1300 3574 1618 3629 puerorum
1649 3564 1864 3616 vestro-

204 3664 339 3703 rum
374 3646 598 3705 offensa
626 3645 1023 3717 contigerit,in
1058 3650 1249 3702 vestra
1279 3645 1510 3703 tantum
1539 3664 1716 3703 manu
1741 3665 1862 3705 om-

206 3735 303 3793 nis
332 3752 537 3791 eorum
568 3734 848 3791 correctio
892 3740 1142 3790 maneat.
1179 3735 1294 3790 Nec
1349 3735 1506 3792 ullus
1555 3753 1617 3793 se
1666 3737 1736 3793 de
1768 3736 1859 3794 his

204 3840 339 3896 qua:
361 3824 434 3881 ad
454 3841 554 3881 vos
576 3824 1021 3895 pertinent,sine
1038 3828 1228 3879 vestra
1248 3822 1545 3880 voluntate
1556 3826 1861 3883 occasione

204 3913 409 3989 aliqua
430 3913 804 3981 intromittat,
824 3917 1116 3985 quatenus
1151 3912 1572 3986 omnipotentis
1597 3913 1695 3970 Dei
1727 3932 1859 3988 spe-

205 4002 490 4063 culationi
513 4001 713 4060 liberis
733 4001 1030 4059 mentibus
1051 4001 1360 4070 insistatis,
1381 4006 1438 4057 et
1453 4003 1525 4058 ad
1549 4005 1676 4075 ejus
1694 4004 1859 4060 faciei

205 4091 601 4157 dulcedinem,
660 4092 788 4162 ipso
848 4095 1180 4163 praestante,
1237 4090 1537 4163 pervenire
1596 4092 1855 4150 valeatis.

204 4180 358 4241 Sane
389 4179 437 4238 si
470 4180 604 4253 quis
633 4179 693 4235 in
743 4179 1063 4236 crastinum
1110 4178 1587 4251 archiepiscopus
1614 4186 1716 4236 aut
1744 4182 1861 4254 epi-

202 4268 772 4342 scopus,imperater
801 4272 904 4324 aut
935 4286 1051 4333 rex,
1077 4268 1347 4343 princeps
1380 4274 1480 4325 aut
1501 4269 1638 4337 dux,
1663 4286 1858 4329 comes

203 4362 307 4413 aut
337 4358 680 4427 vicecomes,
700 4357 888 4428 judex
918 4362 1022 4413 aut
1050 4373 1305 4430 persona
1350 4356 1623 4429 quazlibet
1652 4362 1859 4429 potens

203 4453 309 4502 aut
328 4447 827 4519 impotens,hujus
848 4445 1029 4502 nostri
1053 4444 1338 4518 privilegii
1352 4446 1626 4517 paginam
1640 4448 1852 4518 sciens,

1376 304 1780 374 EP'ISTOL/E
1825 312 1923 373 ΕΤ
1966 303 2439 373 PRIVILEGIA.

1881 452 1935 514 Α

3489 311 3606 377 354

2670 443 2903 500 LXVIII.

1968 542 2173 617 Urbani
2226 544 2278 599 11
2326 542 2579 617 θρίδεοιαῌ
2608 542 2680 597 ad
2756 541 3105 617 Reynoldum
3139 547 3608 617 archiepiscopum

2039 615 2345 690 Remensem
2374 621 2426 669 el
2463 614 2836 685 sulfraganeos
2884 614 3018 690 ejus.
3042 645 3119 690 7_—
3149 616 3277 690 Illos
3311 614 3605 690 reprehen-

2031 685 2112 740 dit
2141 686 2280 769 quod
2300 702 2344 810 ta
2364 701 2489 754 rege
2517 693 2570 740 et
2598 701 2825 741 uxorem
2867 686 3075 741 dimitti
3121 691 3175 742 et
3221 685 3458 744 alierum
3480 690 3610 746 duci

2034 772 2179 810 υαδδι
2209 774 2297 810 sm
2316 795 2340 810 ..

2028 772 2179 828 pass;
2209 772 2340 811 smt.

2580 847 2769 917 (Anno
2802 847 2985 917 1092.)

2390 952 2618 1024 [Musa
2654 952 2859 1007 Concil.
2885 952 3000 1023 XX,
3029 953 3183 1027 686.]

2038 1066 2313 1124 Uneanus
2341 1066 2672 1140 episcopus,
2703 1084 2904 1123 servus
2930 1072 3229 1125 servorum
3254 1069 3614 1138 Dei.veuera-

1964 1155 2183 1211 bilibus
2214 1156 2604 1211 confratribus
2661 1160 2719 1211 et
2771 1157 3129 1229 coepiscopis
3175 1162 3468 1217 RAINALDO
3499 1161 3613 1218 Re-

1966 1244 2174 1311 mensi,
2206 1249 2263 1300 et
2293 1244 2677 1318 sutl‘raganeis
2700 1245 3114 1317 ejus,salutem
3142 1252 3199 1304 et
3232 1249 3610 1321 apostolicam

1965 1333 2452 1389 benedictionem.

2035 1422 2091 1476 Si
2124 1422 2484 1479 sacerdotale
2516 1423 2667 1495 quod
2726 1423 2925 1496 geritis
2972 1426 3229 1481 ofﬁcium
3281 1427 3611 1484 considera-

1964 1512 2121 1567 tione
2153 1511 2349 1567 debita
2379 1512 2725 1584 pensaretis,
2751 1514 2897 1569 tanti
2949 1513 3222 1572 facinoris
3266 1515 3510 1575 infamia
3540 1519 3612 1574 ad

1966 1617 2136 1656 aures
2166 1606 2398 1657 nostras
2446 1600 2655 1657 saltem
2716 1602 3006 1674 impunita
3066 1620 3180 1661 non
3231 1605 3612 1677 pervenisset.

1966 1689 2111 1745 Cum
2139 1689 2295 1746 enim
2329 1690 2528 1746 domni
2580 1690 2755 1748 Israel
2811 1690 3210 1764 speculatores
3237 1709 3271 1751 a
3328 1699 3440 1751 Deo
3470 1695 3614 1763 dati,

1966 1777 2164 1851 impiis
2189 1779 2518 1851 impietates
2548 1796 2687 1837 suas
2730 1780 3081 1837 annuntiare
3104 1786 3163 1838 et
3190 1799 3294 1855 pro
3325 1782 3499 1841 domo
3531 1788 3613 1841 Is-

1968 1867 2085 1923 rael
2115 1884 2349 1924 murum
2392 1884 2680 1940 opponere
2736 1869 3048 1938 deberetis,
3082 1870 3342 1943 qualibet
3390 1873 3614 1931 ratione

1967 1973 2067 2012 vos
2086 1957 2202 2029 pati
2224 1957 2488 2029 potuisse
2511 1957 2817 2026 miramur,
2843 1964 2906 2013 ut
2930 1964 3045 2015 tam
3072 1958 3272 2031 inclyti
3298 1959 3461 2034 regni
3493 1978 3611 2028 rex,

1968 2045 2210 2101 humani
2243 2046 2486 2118 pudoris
2517 2046 2753 2113 oblitus,
2786 2047 2966 2103 divini
3012 2047 3240 2105 timoris
3280 2050 3611 2121 immemor,

1967 2139 2171 2191 contra
2194 2136 2316 2207 jus,
2345 2138 2547 2191 contra
2579 2137 2684 2204 fas,
2719 2142 2922 2192 contra
2978 2137 3175 2211 legum
3219 2144 3277 2195 et
3319 2156 3611 2198 canonum

1966 2224 2530 2290 sanctiones,contra
2557 2225 2736 2280 totius
2767 2225 3062 2282 catholica:
3084 2225 3351 2285 Ecclesia:
3373 2245 3615 2286 consue-

1967 2312 2221 2377 tudines,
2253 2317 2309 2368 et
2338 2329 2509 2368 suam
2540 2330 2778 2369 uxorem
2810 2314 3139 2371 inordinate
3172 2315 3614 2389 relinqueret,et

1969 2400 2279 2474 propinqui
2314 2401 2405 2457 sui
2437 2401 2746 2474 conjugem
2794 2419 2991 2458 amore
3038 2402 3152 2459 sibi
3183 2404 3403 2461 nefario
3436 2422 3612 2479 copu-

1968 2491 2131 2546 laret.
2167 2490 2330 2556 Quod
2362 2491 2580 2547 factum
2621 2491 2823 2563 utique
2842 2491 3080 2564 utregni
3112 2491 3295 2550 totius
3325 2494 3613 2551 confusio-

1970 2596 2126 2647 nem,
2150 2584 2208 2635 et
2237 2578 2625 2636 Ecclesiarum
2646 2585 2968 2636 vestrarum
3007 2581 3453 2655 dissipationem
3485 2600 3614 2656 por-

1970 2667 2177 2735 tendit,
2210 2673 2267 2723 et
2296 2667 2368 2723 ad
2419 2666 2678 2724 animam
2727 2672 2977 2724 vestram
3030 2669 3320 2726 redundat
3347 2669 3609 2730 infamia.

1970 2757 2233 2813 Peccanti
2264 2757 2442 2824 enim,
2477 2773 2609 2812 cum
2640 2757 2852 2829 possis,
2886 2773 3002 2813 non
3034 2758 3449 2829 contradicere,
3481 2777 3615 2817 cou-

1971 2845 2185 2903 sentire
2216 2851 2324 2904 est.
2368 2846 2448 2903 Te
2478 2849 2695 2913 autem,
2749 2846 3094 2903 charissima
3140 2847 3435 2907 confrater
3462 2850 3611 2923 Bay-

1972 2934 2163 3003 naldc,
2195 2952 2345 2992 noxa
2374 2934 2496 2991 haec
2528 2934 2783 2992 maxime
2812 2934 3063 3007 impetit,
3090 2952 3195 3008 pro
3224 2953 3292 2993 eo
3325 2939 3479 3011 quod
3509 2939 3614 2996 Stl-

1969 3025 2339 3081 vanectensis
2384 3024 2687 3095 subjectus
2734 3024 2839 3081 tibi
2890 3024 3222 3097 episcopus,
3253 3025 3363 3083 hoc
3391 3027 3611 3099 publici

1971 3111 2242 3169 adulterii
2276 3112 2517 3179 crimen,
2552 3129 2679 3180 suo,
2713 3117 2778 3167 ut
2825 3113 3182 3180 audivimus,
3232 3112 3488 3172 ﬁrmavit
3517 3133 3610 3174 as-

1968 3218 2169 3270 sensu,
2202 3217 2338 3256 cum
2361 3201 2603 3256 moechis
2623 3200 2741 3256 illis
2771 3200 3192 3258 benedictionis
3233 3203 3613 3263 sacerdotalis

1970 3307 2213 3346 manum
2245 3289 2714 3362 imposuit.0uod
2735 3290 2844 3347 etsi
2869 3289 3022 3345 licito
3043 3291 3611 3366 nuberent,bigamil

1968 3383 2164 3435 tamen
2187 3378 2447 3451 impendi
2467 3379 2792 3434 secundum
2816 3394 3068 3435 canones
3092 3395 3204 3435 non
3230 3379 3609 3440 liceretmunc

1970 3467 2151 3540 igitur
2168 3468 2330 3524 vobis
2349 3465 2663 3538 apostolica
2682 3466 3026 3524 auctoritate
3043 3467 3414 3540 praecipimus
3434 3474 3502 3526 ut
3518 3469 3611 3528 his

1969 3556 2110 3613 visis
2139 3556 2424 3628 apicibus,
2459 3556 2615 3628 quod
2670 3554 2846 3612 etiam
2896 3572 3011 3612 non
3053 3556 3402 3627 jubentibus
3442 3559 3612 3616 nobis

1960 3646 2316 3717 jamdudum
2352 3645 2556 3702 fecisse
2585 3648 2835 3702 vestram
2885 3645 3256 3717 prudentiam
3293 3646 3609 3715 decuisset,

1970 3738 2197 3790 mature
2226 3732 2531 3790 convenire
2581 3733 2801 3791 curetis
2833 3750 3047 3805 regem,
3082 3738 3139 3790 et
3178 3750 3247 3792 ex
3286 3735 3383 3791 Dei
3412 3741 3613 3795 nostra

1970 3824 2188 3895 pariter
2218 3828 2274 3880 et
2301 3826 2492 3879 vestra
2518 3827 2682 3896 parte
2712 3822 3001 3879 instanter
3042 3825 3486 3896 commoneatis,
3517 3842 3609 3882 ar-

1968 3916 2182 3984 guatis,
2215 3911 2552 3977 obsecretis,
2606 3911 2941 3984 increpetis,
2973 3917 3029 3969 et
3085 3930 3119 3969 a
3160 3916 3323 3969 tanto
3371 3918 3613 3987 tamque

1968 4001 2257 4058 horrendo
2305 3999 2557 4056 facinore
2604 4000 2883 4058 desistere
2940 4000 3325 4074 compellatis.
3357 4002 3521 4068 Quod
3561 4003 3611 4060 si

1968 4090 2402 4162 contempserit,
2435 4093 2494 4145 et
2515 4088 2683 4145 nobis
2713 4093 2771 4144 et
2797 4089 2963 4146 vobis
2994 4091 3312 4148 necessitas
3341 4091 3610 4149 immine-

1967 4179 2073 4243 bit,
2104 4184 2169 4234 ut
2198 4179 2268 4233 ad
2303 4177 2670 4234 ulciscendas
2695 4177 2905 4235 divinae
2931 4178 3076 4253 legis
3102 4179 3349 4251 iniurias
3378 4198 3484 4254 pro
3513 4199 3611 4240 no.

1967 4268 2071 4323 stri
2105 4266 2281 4324 ofﬁcii
2328 4265 2522 4322 debito
2580 4266 2980 4339 accingamur,
3012 4272 3069 4324 et
3127 4268 3370 4326 Phinees
3415 4270 3609 4343 gladio

1966 4355 2314 4412 Madianitas
2344 4354 2638 4412 adulteros
2670 4356 3051 4427 perferemus.

2037 4445 2315 4501 Eamdem
2347 4461 2580 4516 quoque
2612 4444 2951 4501 instantiam
2994 4462 3097 4517 pro
3138 4445 3436 4518 ereptione
3464 4464 3607 4504 con-

202 4540 410 4591 contra
439 4551 567 4593 eam
588 4540 811 4591 temere
852 4533 1050 4589 venire
1102 4531 1427 4601 tentaverit,
1453 4535 1709 4591 secundo
1741 4539 1853 4591 ter-
1889 4552 1933 4619 ι)
1966 4534 2161 4591 fratris
2193 4533 2376 4591 nostri
2404 4532 2777 4591 Carnotensis
2807 4532 3064 4607 episcopi
3090 4534 3403 4591 adhibete.
3438 4536 3604 4600 Quod

202 4626 355 4681 tiove
403 4623 824 4693 commonitus,
874 4623 924 4679 si
973 4641 1088 4679 non
1158 4622 1556 4678 satisfactione
1597 4640 1854 4697 congrua

198 4713 763 4781 emendaverit,cum
787 4711 1025 4770 honoris
1042 4712 1133 4769 sui
1154 4715 1214 4767 et
1240 4710 1414 4766 ofﬁcii
1441 4711 1697 4785 periculo
1719 4715 1856 4769 sub-

194 4803 392 4875 jacere
412 4803 811 4869 decernimus,
832 4807 890 4859 et
917 4819 951 4858 a
978 4801 1195 4858 Christi
1235 4804 1410 4873 atque
1443 4800 1708 4858 Ecclesiae
1738 4819 1859 4859 cor-

198 4909 339 4965 pore
367 4893 720 4949 auctoritate
752 4891 1057 4964 potestatis
1087 4889 1419 4963 apostolica:
1450 4906 1853 4964 segregemus.

199 4979 700 5039 Conservantibus
731 4985 929 5037 autem
963 4997 1073 5053 pax
1102 4997 1136 5036 a
1178 4979 1294 5036 Deo
1349 4982 1407 5036 et
1456 4978 1857 5036 misericordia

201 5071 592 5143 praesentibus
615 5087 686 5127 ac
718 5070 932 5126 futuris
961 5067 1192 5126 saeculis
1224 5071 1616 5124 conservetur.
1648 5071 1853 5137 Amen,

200 5175 390 5231 amen,
423 5177 625 5217 amen.

266 5249 473 5306 Datum
509 5265 620 5324 per
650 5262 896 5303 manum
923 5246 1170 5303 Joannis
1192 5247 1252 5303 S.
1298 5246 1365 5302 Η.
1389 5246 1452 5307 E.
1486 5246 1715 5303 diaconi
1736 5263 1856 5304 car-

196 5337 638 5414 dinalis,pridie
663 5335 805 5393 Idus
825 5334 1433 5405 Octobris,indictione
1461 5335 1670 5408 prima,
1699 5352 1852 5393 anno

188 5427 504 5499 Dominicaa
536 5422 973 5487 incarnationis
999 5423 1310 5483 millesimo
1350 5424 1729 5497 nonagesimo
1761 5442 1851 5484 se-

184 5520 395 5591 cundo,
425 5516 830 5597 pontiﬁcatus
868 5517 1061 5574 autem
1086 5512 1312 5573 domini
1375 5512 1591 5573 Urbani
1621 5513 1667 5574 II
1698 5530 1851 5581 anno

180 5610 405 5697 quinto.

1964 4623 2013 4677 si
2032 4621 2270 4678 monitis
2291 4622 2520 4689 vestris,
2552 4623 2652 4694 qni
2671 4638 2808 4678 eum
2841 4622 3012 4695 cepit,
3045 4624 3444 4695 obtemperare
3469 4640 3608 4680 oon-

1970 4710 2401 4783 tempserit,vos
2421 4711 3285 4783 etipsumexcommunicationi
3310 4711 3605 4783 subjicite,

1966 4798 2290 4856 etcastellis
2316 4800 2375 4854 in
2401 4800 2855 4872 quibuscunque
2875 4817 3009 4856 eum
3033 4800 3422 4871 retinuerit,et
3441 4805 3608 4861 teer

1966 4889 2094 4958 ejus
2125 4887 2387 4943 divinum
2419 4888 2674 4943 ofﬁcium
2720 4888 3069 4956 interdicite,
3093 4904 3165 4945 ne
3195 4888 3415 4948 similia
3443 4891 3611 4948 dein.

1967 4993 2103 5048 ccps
2132 4976 2192 5030 in
2217 4975 2359 5032 viris
2393 4975 2572 5047 hujus
2619 4975 2841 5033 ordinis
2871 4982 3323 5048 prazsumantur.
3357 4977 3430 5035 Ut
3457 4979 3611 5035 ordi—

1966 5081 2100 5120 nem
2130 5068 2390 5119 vestrum
2421 5063 2686 5137 diligitis,
2717 5063 2801 5121 ita
2827 5063 2937 5123 hoc
2985 5058 3304 5123 accelerare
3332 5067 3608 5130 omnibus

1967 5153 2160 5209 modis
2189 5154 2488 5225 satagctis.
2520 5150 2739 5208 Valete.

2040 5242 2184 5297 Data
2212 5245 2374 5297 sexto
2415 5240 2709 5303 Kalendas
2756 5240 3118 5310 Novembris,
3150 5259 3307 5301 anno
3344 5238 3610 5299 videlicet

1964 5329 2067 5388 Dei
2096 5328 2313 5387 Christi
2344 5330 2503 5392 1092.
