3928 6208
170 225 269 302 361
1316 224 1724 292 EPISTOLE
1763 226 1773 289 l

1961 224 2380 291 RIVILEGIA.
3433 229 3552 292 362

165 359 450 428 grantibus
475 361 678 416 vestra:
699 359 963 416 Ecclesia:
985 361 1136 416 bona
1153 362 1368 431 omnia,
1395 380 1521 434 quae
1547 380 1699 418 nunc
1724 363 1779 417 in
1813 367 1866 430 Α
2613 362 2846 416 LXXXI.

163 448 425 518 potestate
449 446 712 519 ipsorum
744 448 1093 518 detinentur,
1127 455 1182 506 et
1214 467 1341 523 quae
1371 451 1644 524 deinceps
1685 467 1785 507 ve—
1899 452 2106 509 Urbani
2156 453 2201 508 ll
2226 467 2270 525 el
2292 451 2462 508 is'ola
2486 451 2556 506 ad
2585 452 2793 525 clerum
2840 456 2893 525 et
2920 451 3199 525 populum
3229 448 3544 525 Atretgatsa-

165 539 280 590 stris
309 533 568 591 Ecclesia
600 535 809 592 collata
836 538 1072 610 fuerint,
1107 539 1163 594 in
1204 520 1379 596 usum
1428 520 1773 613 regularium

1974 541 2125 613 sem.
2168 520 2668 613 e—Quwsaperiore
2686 520 2930 613 epistola
2964 520 3232 578 Rainaldo
3275 520 3546 595 archiepi-

167 624 364 690 cedant,
398 640 501 681 nec
532 624 688 680 ullus
713 625 793 681 ibi
825 626 930 683 ﬁat
961 627 1047 684 vel
1098 628 1399 684 ordinetur
1443 595 1773 697 ca’nonicus,

1963 611 2140 668 scapo,
2176 596 2361 654 eadem
2391 595 2506 650 illis
2533 595 2742 650 scribit.

165 712 260 767 nisi
301 713 397 784 qui
453 713 732 770 canonice
779 732 841 771 se
888 715 1181 772 victurum
1240 718 1539 786 professus
1587 717 1773 773 fuerit.

2515 701 2700 771 (Anno
2734 699 2917 771 1093.)

161 801 436 869 Abbatem,
463 802 566 874 qui
601 806 659 858 et
687 805 1036 877 praapositus
1063 806 1297 874 dicitur,
1320 805 1500 862 alium
1524 807 1610 863 eis
1640 824 1780 879 praa-
2313 808 2545 880 [MANSI,
2580 808 2784 864 Concil.
2817 807 2930 872 XX,
2973 806 3125 877 671.]

164 890 278 944 ferri
304 890 642 948 auctoritate
672 892 988 965 apostolica
1018 894 1418 966 prohibemus,
1452 896 1565 951 nisi
1607 913 1780 968 quem

163 994 262 1032 suis
287 978 665 1049 professionis
685 981 1016 1037 communis
1037 981 1240 1039 electio
1273 985 1517 1039 fratrum
1552 983 1780 1056 regula-

161 1067 278 1122 riter
325 1065 647 1123 viventium
705 1069 774 1124 de
805 1087 910 1126 suo
969 1069 1211 1144 collegio
1271 1072 1360 1128 vel
1392 1073 1464 1128 de
1493 1072 1703 1140 alieno,
1731 1073 1779 1129 si

160 1170 364 1211 necesse
392 1156 588 1225 fuerit,
624 1174 759 1213 cum
814 1159 1230 1232 archiepiscopi
1281 1161 1523 1218 consilio
1571 1179 1779 1218 secun-

155 1243 272 1299 dum
303 1244 482 1301 Deum
501 1245 826 1302 decreverit
843 1247 1196 1321 eligendum,
1222 1254 1278 1306 et
1307 1250 1416 1307 hoc
1447 1251 1514 1305 ad
1535 1251 1780 1307 aedifica-

155 1332 364 1402 tionem,
396 1351 510 1390 non
543 1336 619 1390 ad
635 1337 1110 1393 destructionem.
1129 1339 1245 1394 Vos
1263 1355 1400 1411 ergo
1419 1339 1521 1394 filii
1541 1340 1597 1394 in
1622 1340 1778 1395 Chri-

152 1425 230 1474 sto
256 1420 581 1478 cbarissimi
644 1423 976 1480 dilectionis
1035 1432 1244 1482 nostrae
1295 1428 1508 1483 studiis
1547 1445 1778 1500 semper

151 1508 629 1577 praestantioribus
690 1512 1129 1583 respondentes,
1191 1518 1428 1572 strenue
1481 1533 1610 1588 quae
1658 1516 1774 1572 Deo

151 1597 476 1667 promisistis
509 1598 756 1671 implere
797 1602 1063 1674 satagite.
1095 1604 1293 1659 Luceat
1336 1605 1435 1659 lux
1481 1609 1658 1660 vestra
1688 1622 1774 1661 co-

149 1701 249 1774 rani
271 1686 599 1756 hominibus,
646 1691 707 1743 ut
736 1689 955 1744 videant
985 1707 1145 1763 opera
1174 1701 1356 1748 vestra
1387 1695 1544 1761 bona,
1593 1698 1643 1749 et
1662 1695 1774 1763 glo-

150 1775 339 1843 riﬁcent
357 1781 587 1832 Patrem
645 1782 886 1834 vestr-um
913 1783 1012 1852 qui
1064 1782 1124 1835 in
1154 1783 1304 1837 caelis
1351 1791 1430 1839 est
1477 1784 1682 1853 (Matth.
1714 1801 1768 1853 v,

157 1863 242 1933 16),
273 1865 430 1934 cujus
462 1865 816 1934 Patris,ha:c
848 1872 913 1923 ut
942 1869 1521 1941 ﬁrmapermaneant,
1553 1871 1769 1938 etFilii,

148 1955 194 2004 et
218 1952 451 2023 Spiritus
482 1955 676 2010 sancti
708 1957 918 2011 virtute
950 1959 1269 2015 sancimus.

211 2041 398 2097 Datum
431 2044 622 2114 Troja:
639 2061 744 2116 per
772 2061 983 2102 manus
995 2047 1480 2116 Joannis,sanctaa
1501 2053 1767 2106 Romanis

147 2127 381 2202 Ecclesiae
411 2132 647 2188 diaconi
690 2133 1024 2204 cardinalis,
1081 2153 1176 2191 xxv
1235 2136 1473 2193 Kalend.
1529 2138 1765 2210 Aprilis,

147 2216 431 2276 indictione
489 2222 711 2294 prima,
769 2239 920 2279 anno
979 2223 1295 2280 Dominicae
1345 2225 1768 2284 lncarnationis

147 2306 280 2374 1093,
310 2308 692 2380 pontiﬁcatus
721 2314 915 2368 autem
976 2313 1197 2369 domini
1231 2314 1446 2372 Urbani
1478 2333 1639 2388 papm
1671 2332 1765 2372 se—

145 2396 290 2451 cundi
319 2415 465 2455 anno
505 2416 582 2457 v1.

1963 925 2241 980 Uanmus
2256 922 2585 995 episcopus,
2608 938 2811 978 servus
2831 937 3130 978 servorum
3162 919 3288 990 Dei,
3312 917 3542 976 dilectis

1891 1013 2027 1068 filiis
2056 1013 2208 1068 clero
2239 1017 2294 1068 et
2311 1011 2525 1084 populo
2544 1010 2907 1068 Atrebatensi
2929 1009 3182 1068 salutem
3217 1013 3274 1066 et
3305 1013 3542 1083 aposto-

1894 1102 2065 1158 licam
2097 1100 2583 1157 benedictionem.

1960 1192 2085 1246 Duo
2116 1190 2381 1246 Ecclesiae
2411 1195 2613 1245 vestrae
2644 1189 2836 1245 clerici
2869 1187 3178 1245 confratris
3231 1186 3418 1246 nostri
3448 1201 3539 1244 re-

1887 1279 2292 1336 verendissimi
2327 1279 2642 1334 Remorum
2677 1277 3100 1350 archiepiscopi
3131 1276 3360 1333 litteras
3401 1276 3539 1333 olfe-

1887 1374 2081 1424 rentes
2112 1374 2245 1424 ante
2277 1372 2538 1423 nostram
2571 1367 2940 1439 praesentiam
2971 1366 3270 1422 redierunt
3309 1381 3416 1437 pro
3446 1380 3534 1422 re-

1886 1459 2189 1512 stitutione
2221 1456 2489 1512 Ecclesiae
2520 1461 2722 1512 vestrae
2754 1454 3095 1527 suppliciter
3126 1453 3531 1526 implorantes;

1885 1547 2296 1601 sustinuerunt
2314 1550 2508 1600 autem
2540 1543 3046 1600 Cameracensium
3069 1541 3412 1598 clericorum
3437 1541 3536 1596 ad-

1882 1640 2117 1691 ventum
2152 1651 2339 1706 usque
2371 1633 2439 1688 ad
2472 1637 2705 1706 tempus
2733 1632 2886 1705 quod
2941 1630 3206 1702 utrisque
3235 1631 3424 1686 fuerat
3473 1629 3532 1685 in

1803 1733 1851 1799 B
1883 1723 2224 1796 provinciali
2257 1722 2500 1778 concilio
2533 1720 2940 1778 constitutum.
2965 1721 3248 1776 (laterum
3271 1720 3534 1775 Camera-

1882 1814 2144 1869 censium
2161 1816 2293 1868 ante
2307 1829 2411 1867 nos
2446 1811 2642 1867 nullus
2657 1809 2907 1866 advenit.
2931 1809 3048 1864 Nos
3069 1807 3314 1881 igiturid
3333 1807 3530 1880 ipsum

1879 1902 2142 1975 repetitis
2173 1901 2386 1956 litteris
2417 1897 3114 1972 signiﬁcamus,idipsum
3136 1895 3527 1969 precipimus.

1879 1991 2132 2046 Omnino
2163 1989 2318 2045 enim
2355 1989 2625 2044 volumus
2655 1991 2721 2042 ut
2753 1985 3058 2042 Remensis
3093 1984 3434 2057 metropolis
3457 1985 3528 2040 ad

1876 2079 2272 2150 integritatem
2303 2077 2556 2148 antiquae
2586 2074 2912 2148 dignitatis,
2936 2077 3228 2130 annuente
3258 2073 3526 2143 Domino,

1878 2169 2215 2224 reducatur.
2247 2167 2497 2238 Ideoque
2518 2165 2755 2220 omnino
2778 2162 3150 2236 praacipimus
3184 2161 3244 2218 in
3275 2161 3530 2218 Ecclesia

1874 2261 2068 2314 vestra
2097 2256 2436 2328 episcopum
2470 2253 2886 2319 ordinandum,
2921 2250 3035 2306 nisi
3067 2250 3215 2306 forte
3262 2247 3525 2321 ejusdem

1877 2346 2042 2401 urbis
2071 2348 2274 2400 vestrae
2307 2341 2737 2415 possessionem
2787 2335 3224 2396 Cameracensis
3271 2333 3528 2394 Ecclesia

1873 2435 2062 2490 valeat
2113 2435 2385 2489 Romanae
2443 2428 2807 2486 auctoritatis
2855 2426 3158 2501 privilegio
3209 2426 3524 2483 vindicare.

839 2535 1045 2592 LXXX.
1877 2523 2035 2588 Quod
2071 2522 2119 2578 si
2152 2538 2214 2578 se
2247 2521 2318 2577 ab
2349 2521 2528 2591 hujus
2551 2523 2760 2575 DOSU‘ZB
2783 2515 3189 2590 praeceptionis
3210 2513 3416 2572 effectu
3437 2530 3530 2573 ve-

152 2636 327 2720 Uréam'
379 2642 427 2696 η
479 2641 716 2720 ερίειο,ια
772 2641 841 2696 ad
911 2643 1271 2720 Rai'!“ld“’n,,
1298 2646 1764 2720 archiepiscopum
1875 2603 3278 2720 “ei.“Fl‘li?.‘§f’3l’?fﬁrﬁvl‘l‘i.‘iliﬂTltfii'f
3294 2604 3526 2720 ῗῗῗῖἷῗ

204 2693 844 2768 Βωηεηξςῶἷζξῖιένὼᾖ
870 2693 1104 2770 adﬁgi
1113 2693 1764 2776 ;;"};c;ig,;,§’j}};gg;:
1874 2701 2147 2767 xerit,vos
2161 2714 2575 2773 quemcunque
2592 2696 2649 2752 in
2670 2699 2963 2768 pastorem
2975 2693 3140 2751 vobis
3152 2694 3280 2766 ipso
3292 2707 3532 2750 consen-

200 2782 326 2836 tensi
350 2786 667 2856 episcopum
695 2785 1111 2856 prwﬁciendum
1140 2791 1306 2844 curet.
1873 2790 2052 2846 tiente
2083 2788 2406 2845 secundum
2434 2787 2620 2842 Deum
2645 2784 2902 2859 elegerit,
2935 2785 3005 2839 ad
3036 2800 3145 2841 nos
3190 2798 3324 2842 cum
3369 2795 3528 2839 com-

744 2901 928 2972 (Αηηο
962 2901 1142 2973 1093.)
1874 2879 2038 2973 muni
2073 2879 2301 2934 decreto
2313 2881 2369 2933 et
2386 2876 2650 2973 eiii-isdem
2667 2871 3313 2973 archiepiscopilitte'ris
3332 2876 3527 2972 trans-

976 3019 1005 3039 ρ,
1061 2959 1146 3039 νηί
1198 3021 1346 3039 MM
1874 2971 2106 3025 mittere
2163 2964 2588 3039 procurabitis;
2653 2980 2759 3020 nos
2814 2979 2970 3031 eum,
3004 2961 3161 3018 salvo
3221 2959 3527 3018 Remensis

538 3016 782 3087 anns»
821 3016 1025 3073 εοηείιι
1059 3019 1170 3087 ΚΧ,
1196 3021 1346 3092 670-1
1790 3101 1830 3127 η
1873 3016 2142 3114 ἐξελέξω
2163 3016 3524 3127 ῖέῑέΤοξξὶξλῑέηιζᾱίνί-ιςέέτέίςεέοςέιέεεοηιπξ

203 3124 454 3186 Haemus
478 3133 820 3204 episcopus,
844 3149 1047 3189 servus
1063 3151 1360 3192 servorum
1396 3138 1516 3206 Dei,
1551 3138 1758 3196 dilecto
1789 3101 1832 3168 θ’
1876 3165 2029 3204 mus.

145 3214 191 3267 in
219 3216 427 3274 Christo
449 3220 618 3275 fratri
656 3223 713 3275 et
761 3220 1101 3294 coepiscopo
1150 3225 1440 3281 RMNALDO
1490 3226 1760 3285 Remensi
2567 3229 2823 3286 LXXXII.

143 3303 358 3395 samem
381 3311 436 3362 εἴ
459 3307 850 3381 εροειοιίοειω
883 3310 1367 3371 benedictionem
1875 3326 2082 3382 Urbani
2102 3319 2466 3395 llepislolaad
2495 3320 2704 3395 clerum
2716 3321 2767 3374 et
2775 3317 3044 3395 pepulura
3068 3314 3515 3395 Arabian-ensem.

197 3394 591 3453 Atrebatenses
626 3396 816 3452 clerici
848 3415 981 3455 cum
1011 3399 1391 3460 fraternitatis
1417 3409 1528 3461 tum
1551 3405 1762 3464 litteris
1944 3429 2009 3437 -
2042 3397 2171 3451 mos
2186 3386 2347 3465 liabet
2375 3393 2658 3448 δενειυίηο
2712 3386 2978 3460 cpi-$50190:
3010 3387 3076 3442 ἀε
3105 3386 3354 3442 Simoni“
3376 3401 3517 3457 ραν-

142 3480 200 3537 ad
228 3491 472 3541 nostram
506 3487 885 3558 praesentiam
919 3488 1219 3545 redierunt
1248 3508 1351 3563 pro
1395 3495 1762 3552 restitutione

1961 3476 2082 3536 rato,
2113 3465 2346 3521 obedire.

141 3567 376 3627 Ecclesia
406 3548 526 3630 sua;
559 3548 1320 3648 suppliciterimplorantes.

2491 3552 2674 3622 (Anno
2704 3548 2888 3648 4.093..)

141 3661 308 3746 autem
337 3635 851 3719 Cameracensium
874 3635 1214 3722 clericorum
1239 3635 1762 3746 adventum—usque
2119 3645 2372 3715 [Βλωλθ
2403 3640 2627 3696 Misce”
2655 3637 2792 3695 edit'
2829 3637 2994 3707 Luc"
3025 3635 3270 3706 "'176']

140 3744 201 3799 ad
230 3751 446 3822 tempus
459 3752 622 3824 quod
643 3751 907 3824 utrisque
933 3753 988 3809 in
1013 3756 1348 3826 provinciali
1381 3761 1623 3818 concilio
1647 3744 1764 3820 fue-
1944 3762 2220 3819 URBANUS
2250 3759 2578 3832 episcopus,
2593 3773 2793 3814 servus
2819 3769 3118 3811 servorum
3149 3751 3270 3822 Dei,
3303 3749 3524 3808 cleroet

142 3837 947 3926 raﬁconstitntumﬂazterum
965 3843 1471 3905 Cameracensium
1503 3856 1638 3909 ante
1655 3870 1762 3910 nos
1871 3851 2086 3926 pOpulo
2143 3848 2525 3906 Ambianensi
2585 3845 2836 3902 salutem
2915 3840 3296 3916 apostolicam
3347 3839 3524 3898 bene-

142 3901 314 3982 nullus
338 3929 593 3986 advenit.
629 3930 744 3984 Nos
773 3930 954 4002 igitur
977 3931 1231 4005 idipsum
1265 3901 1762 4008 repetitis:

143 4009 453 4102 fraternitati
486 4025 606 4074 tua).
639 4018 1059 4091 signiﬁcamus,
1079 4022 1336 4095 idipsum
1369 4029 1758 4102 praecipimus.
1941 4028 2383 4087 Accusationem
2402 4024 2741 4081 Simoniacze
2758 4021 3062 4096 pravitatis
3079 4017 3392 4078 venere-bili
3413 4016 3526 4076 fra-

141 4097 364 4199 9tnnino
394 4108 551 4163 enim
585 4108 858 4166 volumus
893 4115 957 4166 ut
987 4111 1290 4170 Remensis
1320 4097 1657 4190 metropolis
1688 4123 1759 4178 ad
1871 4120 1945 4176 tri
1978 4121 2178 4174 nostro
2207 4115 2512 4172 Gerewino
2535 4117 2726 4170 vestro
2759 4111 3054 4185 episcopo,
3089 4123 3283 4166 coram
3317 4110 3527 4163 metro-

141 4194 502 4280 integritatem
535 4197 792 4270 antiqua:
823 4199 1125 4272 dignitatis
1177 4209 1467 4261 annuente
1515 4209 1760 4266 Domino
1871 4207 2131 4280 politano
2163 4209 2219 4260 et
2248 4201 2830 4276 comprovincialibus
2848 4198 3137 4273 episcopis
3156 4198 3522 4265 intentatam,

142 4278 442 4340 reducatur.
479 4287 732 4359 Ideoque
760 4288 1000 4345 omnino
1031 4291 1403 4363 praecipimus
1429 4294 1489 4350 in
1519 4299 1757 4355 Atreba-
1870 4278 1976 4353 nos
2010 4295 2246 4366 quidem
2274 4293 2425 4348 vires
2464 4290 2656 4347 nullas
2673 4290 2887 4346 habere
2903 4288 3266 4353 censuimus,
3293 4284 3432 4357 quia
3450 4283 3524 4339 ad

142 4369 285 4464 “fusi
313 4371 566 4431 Ecclesia
625 4376 962 4448 episcopum
1013 4379 1427 4453 ordinandum,
1458 4384 1572 4440 nisi
1616 4387 1761 4444 forte
1870 4386 2074 4452 unius,
2108 4381 2427 4455 praesertim
2463 4379 2700 4436 infamis
2731 4381 2833 4434 aut
2862 4377 3060 4432 minus
3085 4373 3299 4442 idonei,
3323 4385 3526 4428 vocem

143 4458 380 4523 ejusdem
409 4464 579 4519 urbis
607 4466 1484 4536 possessionemCameracensis
1517 4473 1768 4532 Ecclesia
1795 4471 1843 4537 Ι)
1875 4471 2361 4530 contemnendum
2399 4468 2694 4524 neminem
2718 4467 3092 4522 arbitramur.
3117 4463 3368 4534 Ideoque
3391 4475 3526 4516 cum

142 4544 308 4602 valeat
361 4552 729 4608 auctoritatis
770 4554 1038 4610 Romanae
1098 4557 1397 4630 privilegio
1445 4561 1761 4621 vindicare.
1876 4561 2074 4619 nullus
2105 4561 2175 4614 ad
2209 4576 2314 4614 nos
2332 4559 2612 4613 adversus
2637 4571 2770 4612 eum
2795 4554 3068 4610 canonice
3098 4549 3528 4608 accusationem

143 4634 245 4688 Hoc
270 4637 418 4694 enim
443 4642 690 4712 justitia
722 4643 868 4698 ratio
899 4644 1096 4718 exigit,
1155 4647 1485 4704 animarum
1544 4652 1763 4710 utilitas
1883 4649 2167 4718 attulerit,
2202 4666 2307 4704 nos
2338 4647 2559 4702 nullam
2578 4647 2650 4702 ab
2672 4643 3228 4716 eoexpurgationem
3251 4637 3528 4694 duximus

144 4724 396 4796 postulat,
449 4729 720 4786 Ecclesia:
753 4731 938 4788 honor
991 4733 1284 4808 implorat.
1341 4740 1500 4804 Quod
1541 4739 1590 4794 si
1621 4740 1766 4796 forte
1885 4737 2248 4810 exigendam.
2283 4735 2408 4806 Ipse
2439 4738 2655 4800 tamen,
2691 4729 2984 4804 opinionis
3001 4745 3118 4784 suae
3149 4725 3446 4798 religionis
3467 4724 3529 4780 in

143 4812 466 4874 emulorum
499 4820 719 4876 vereris
769 4821 1072 4892 invidiam,
1102 4830 1158 4880 et
1205 4827 1653 4898 obsequentium
1683 4829 1765 4885 la-
1884 4831 2182 4900 posterum
2242 4821 2572 4895 providens,
2605 4821 2758 4876 ultro
2807 4837 2870 4876 se
2908 4818 3079 4875 tactis
3139 4813 3532 4873 sacrosanctis

145 4899 313 4958 tratus
341 4921 442 4976 pro
473 4907 758 4979 gravitate
785 4913 898 4965 tuae
931 4911 1771 4990 religionishorrescis,quem-
1880 4899 2201 4986 Evangeliis
2229 4911 2572 4983 expurgavit
2600 4910 2756 4981 quod
2790 4926 2894 4982 pro
2926 4907 3160 4963 abbatia
3201 4903 3400 4961 Sancti
3435 4902 3533 4959 Ri-

149 5002 359 5062 cunque
391 4994 448 5050 in
483 4998 721 5068 praelata
778 4999 1034 5056 Ecclesia
1086 5007 1141 5058 te
1173 5010 1465 5060 annuente
1496 5006 1686 5062 clerus
1716 5013 1774 5064 et
1879 5003 2059 5060 charii
2095 5005 2193 5057 aut
2207 5017 2309 5073 pro
2333 4999 2712 5055 Ambianensi
2731 4999 3066 5071 episcopatu
3082 4993 3390 5070 pecuniam
3405 4992 3532 5066 ipse

146 5078 378 5150 populus
409 5086 734 5142 secundum
757 5087 941 5144 Deum
955 5089 1210 5164 elegerit,
1240 5092 1311 5148 ad
1335 5111 1442 5150 nos
1471 5111 1604 5150 cum
1623 5111 1776 5152 com-
1882 5109 1987 5148 nec
2017 5092 2174 5147 dedit
2200 5105 2306 5146 nec
2363 5088 2655 5161 promisit,
2705 5105 2809 5144 nec
2868 5103 2972 5160 pro
3021 5103 3083 5141 se
3135 5086 3263 5157 ipso
3288 5083 3439 5139 alius
3470 5097 3533 5137 se

151 5168 297 5222 muni
325 5171 555 5230 decreto
584 5179 642 5230 et
672 5175 1088 5235 sollicitudinis
1115 5185 1225 5236 tuis
1250 5181 1460 5240 litteris
1481 5185 1776 5242 transmit-
1884 5180 2119 5237 sciente.
2170 5178 2560 5242 Quamobrem
2589 5194 2622 5232 a
2663 5175 2968 5249 praesentis
3021 5170 3409 5230 accusationis
3437 5169 3535 5224 lte-

150 5255 310 5342 tatur.
341 5259 458 5316 Nos
489 5277 622 5319 cum
653 5264 860 5322 divina:
893 5268 1093 5340 gratiae
1125 5270 1434 5342 adjutorio,
1481 5273 1641 5329 salvo
1670 5275 1773 5330 Ec-
1884 5271 2047 5326 sione
2076 5269 2326 5324 liberum
2362 5267 2736 5334 arbitrantes,
2764 5266 2834 5321 ad
2868 5281 2970 5320 vos
3001 5279 3135 5318 cum
3163 5263 3375 5317 nostra:
3397 5273 3535 5328 gra-

148 5335 319 5400 clesia
347 5351 458 5404 tua:
477 5350 630 5422 jure,
662 5365 796 5411 eum
839 5335 1121 5427 tanquam
1183 5335 1250 5415 Β.
1291 5335 1443 5416 Petri
1503 5360 1776 5420 manibus
1882 5361 1974 5414 tiae
2006 5355 2373 5431 plenitudine
2405 5355 2844 5411 remandamus.
2890 5352 3073 5408 Vobis
3115 5350 3315 5419 itaque
3361 5342 3540 5401 ofﬁcii

149 5437 623 5497 οοηεθοΐαδίωιιει
1885 5447 2071 5506 nostri
2103 5445 2447 5502 auctoritate
2478 5443 2927 5516 praecipimusut
2955 5456 3090 5497 eum
3111 5443 3414 5509 tamquam
3436 5447 3538 5505 pa-

1886 5541 2108 5600 storem
2164 5533 2470 5616 proprium
2531 5530 2858 5591 obedientia
2903 5528 3104 5588 debita
3138 5520 3454 5587 vereamini
3483 5517 3544 5581 αι

452 5655 708 5735 Pareat.
755 5659 899 5730 GLI.
3141 5655 3219 5736 ta
