3928 6208
379 313 550 386 ”363

1729 321 1794 388 Β.
1843 325 2133 392 URBANI
2182 327 2229 387 ll
2278 319 2524 387 ΡΛΡΛί.

3683 322 3782 393 364

435 459 562 528 ejus
593 460 1294 540 monitisqobsequamini,
1329 464 1391 516 ut
1421 463 1611 516 errata
1641 460 1927 534 praeterita
1952 476 2079 515 cor-
2106 459 2162 526 Α
2188 457 2520 530 petentibus
2579 457 2857 514 fratribus
2914 457 3116 514 eadem
3163 461 3520 514 sacramenta
3547 461 3716 533 gratis
3739 470 3787 522 et

437 545 715 620 rigentes,
749 549 820 604 ad
853 550 1287 606 Dominicorum
1319 554 1735 623 praeceptorum
1768 549 2078 605 observan-

387 637 392 643 “
437 637 580 692 tiam
611 639 1048 694 convertamini.
1079 639 1329 696 Clericos
1353 655 1498 710 quos
1515 644 1713 692 contra
1744 642 2076 692 sanctorum

439 741 729 781 canonum
797 727 1137 798 diciplinam
1207 727 1553 782 mulieribus
1609 725 1888 798 copulari,
1951 742 2082 780 con-

437 816 661 886 tempto
687 815 982 872 catholicae
1018 815 1282 872 Ecclesiae
1309 832 1440 882 usu,
1473 814 1825 886 accepimus,
1849 821 2078 885 aposto-

437 900 552 956 lica
581 903 924 959 auctoritate
955 905 1326 976 precipimus
1359 908 1425 958 ut
1448 903 1521 958 ab
1546 901 1883 974 hujusniodi
1923 901 2079 956 aliis-

439 1007 552 1062 que
581 991 796 1062 quibus
827 991 1200 1048 involvuntur
1227 992 1464 1064 tlagitiis
1493 992 1732 1046 omnino
1777 991 2081 1060 desistant,

437 1085 496 1134 et
525 1081 846 1136 secundum
881 1081 1112 1138 antistis
1133 1082 1224 1136 sui
1249 1081 1543 1152 judicium
1576 1079 1782 1135 divina:
1813 1097 1876 1135 se
1920 1097 2084 1134 man-

437 1169 632 1240 cipent
660 1170 942 1225 servituti.
976 1171 1036 1226 Si
1077 1187 1234 1235 vero,
1279 1171 1434 1242 quod
1494 1170 1669 1237 absit,
1700 1175 1901 1224 nostra
1943 1186 2082 1240 prm-

392 1301 398 1308 .
437 1257 698 1328 ceptione
727 1263 1078 1331 contempta,
1109 1263 1300 1314 vestro
1345 1259 1593 1314 antistiti
1647 1259 1718 1313 ad
1749 1257 1960 1314 salutis
1988 1274 2080 1312 ve-

437 1347 864 1416 straajacturam
882 1347 1250 1418 pertinaciter
1265 1345 1533 1402 resistere
1549 1347 1791 1402 ulterius
1807 1361 2084 1418 praesum-

433 1434 689 1504 pseritis,
720 1451 1134 1508 quamcunque
1185 1436 1244 1490 in
1294 1453 1392 1490 vos
1448 1436 1799 1490 sententiam
1850 1433 2084 1506 justitia

434 1523 690 1578 dictante
721 1524 1042 1594 protulerit,
1072 1541 1178 1580 nos
1203 1524 1566 1579 auctoritatis
1600 1530 1807 1579 nostra}
1831 1524 2082 1596 pondere

433 1612 872 1668 conﬁrmamus.

507 1703 650 1755 Data
679 1717 751 1754 xv
782 1701 903 1756 Kal.
935 1701 1206 1773 Augusti.

1116 1807 1405 1862 LXXXIII.

436 1895 680 1968 Epistola
719 1895 944 1951 νυνι)αηὶ
985 1909 1148 1968 papae
1191 1897 1240 1951 11
1295 1895 1364 1950 ad
1409 1911 1590 1949 omnes
1647 1895 1849 1964 ﬁdeles.
1907 1925 1968 1934 —
2008 1895 2082 1950 De

507 1966 732 2021 ecclesia
759 1966 1210 2024 SanctiEMarize
1263 1968 1570 2022 Casinensis
1618 1968 1936 2021 monasterii
1965 1983 1998 2020 a
2025 1981 2080 2022 sc

505 2043 836 2104 consecrata,
865 2043 916 2094 et
940 2039 1236 2110 privilegio
1261 2040 1496 2093 munita.

1057 2128 1243 2199 (Anno
1279 2127 1458 2197 1093.)

852 2214 1084 2286 [MASS],
1119 2215 1324 2271 Concit.
1366 2215 1476 2282 XX,
1509 2214 1659 2286 6113.]

504 2321 771 2376 URBANUS
791 2321 1118 2392 episcopus,
1152 2339 1354 2377 servus
1374 2337 1670 2377 servorum
1702 2319 1821 2388 Dei,
1856 2319 2078 2375 univer-

427 2409 583 2466 sitati
615 2409 829 2464 Christi
861 2410 1120 2466 ﬁdelium
1147 2416 1352 2466 notum
1386 2410 1445 2464 in
1480 2415 1848 2481 perpetuum.

495 2498 713 2553 Divina:
746 2498 1142 2554 miserationis
1175 2499 1414 2566 intuitu,
1449 2500 1619 2569 cujus
1653 2514 1912 2562 munere,
1945 2495 2079 2551 licet

425 2586 729 2651 immeriti,
761 2585 1058 2641 catholicae
1101 2569 1367 2641 Ecclesia:
1408 2585 1812 2657 przesidemus,
1847 2591 1902 2639 et
1953 2583 2080 2638 uni-

426 2691 604 2731 versae
659 2674 922 2747 ﬁdelium
983 2678 1301 2746 potestates
1376 2673 1732 2738 consistunt,
1804 2673 2078 2728 condecet

400 2762 760 2834 .apostolicaa
791 2763 948 2818 sedis
981 2762 1137 2834 piam
1173 2761 1628 2818 sollicitudinem
1661 2767 1718 2816 et
1760 2761 2076 2834 benignam

429 2851 765 2923 principum
796 2851 1294 2923 magniﬁcentiam
1312 2849 1689 2906 ecclesiarum
1703 2851 1961 2905 debitam
1983 2867 2080 2906 cu-

432 2957 560 2996 ram
618 2955 837 3011 gerere,
897 2944 955 2994 et
1011 2955 1115 3010 pro
1160 2955 1361 2995 earum
1414 2955 1553 3011 pace
1608 2945 1665 2994 et
1721 2938 1915 3010 quiete
1940 2955 2073 2994 cum

431 3029 592 3084 omni
623 3027 928 3100 diligentia
956 3028 1407 3084 misericorditer
1436 3028 1712 3083 insudare
1739 3044 1751 3082 :
1787 3031 2074 3100 quatenus

411 3117 489 3172 -td
535 3117 730 3172 divina
787 3121 1062 3188 operante
1113 3116 1446 3184 clementia,
1506 3116 1722 3187 quique
1768 3116 1908 3186 jura
1965 3133 2073 3170 sua

2187 546 2313 602 sine
2343 545 2540 618 aliqua
2571 547 2846 618 pravitate
2875 547 3208 602 exhibeant.
3241 545 3482 618 Insuper
3527 553 3704 606 autem
3732 553 3783 609 Β.

2188 633 2342 689 Petri
2373 633 2769 706 apostolorum
2798 635 3076 708 principis
3090 633 3430 691 auctoritate
3447 637 3720 696 sancimus
3737 647 3787 698 ut

2187 740 2390 780 omnes
2415 725 2816 797 cujuscunque
2847 724 3196 780 conditionis
3211 723 3476 780 homines
3504 725 3724 784 clericos
3745 734 3790 786 et

2189 811 2388 882 laicos,
2421 813 2522 884 qui
2557 812 2614 867 in
2648 818 2832 869 morte
2861 812 2948 868 vel
2980 813 3098 868 vita
3127 813 3198 867 ad
3251 813 3641 886 praescriptum
3681 833 3788 874 mo-

2190 902 2534 966 nasterium,
2567 900 2838 956 ecclesias
2869 902 3016 973 ejus,
3051 905 3108 956 et
3135 899 3262 956 loca
3308 916 3438 956 cum
3496 903 3660 958 rebus
3686 905 3791 960 suis

2187 989 2456 1053 transire,
2477 989 2646 1044 autin
2679 990 2804 1046 suis
2829 989 3102 1045 domibus
3114 991 3536 1045 commorantes
3552 990 3793 1062 quaelibet

2191 1078 2342 1133 bona
2374 1077 2716 1150 temporalia
2731 1096 2836 1133 sua
2854 1083 3358 1150 eleemosynarum
3377 1075 3664 1149 largitione
3675 1096 3794 1135 con-

2190 1165 2338 1221 ferre
2395 1165 2702 1236 voluerint,
2735 1166 2960 1222 nullius
3015 1165 3394 1222 contradictio
3444 1165 3708 1236 inhibeat,
3749 1173 3794 1225 et

2189 1253 2396 1310 iisdem
2428 1272 2788 1328 quaecunque
2817 1255 3190 1322 contulerint,
3240 1253 3555 1326 patrocinio
3595 1261 3792 1329 aposto-

2191 1343 2310 1398 lirre
2342 1344 2497 1398 Sedis
2531 1343 2706 1400 iidem
2739 1346 2944 1400 fratres
2976 1343 3169 1416 quiete
3193 1347 3249 1398 et
3279 1343 3618 1416 generaliter
3643 1343 3798 1402 libera

2193 1440 2467 1504 perpetuo
2496 1433 2898 1505 possidebunt.

2263 1521 2637 1576 Dercrniuius
2653 1523 2827 1576 etiam
2845 1528 2908 1577 ut
2926 1522 3067 1576 nulli
3100 1521 3340 1577 omnino
3371 1521 3662 1578 hominum
3675 1540 3796 1594 prai-

2192 1611 2372 1664 fatum
2427 1610 2846 1665 monasterium
2893 1617 3109 1666 temere
3159 1609 3518 1681 perturbare,
3571 1615 3666 1666 aut
3689 1613 3796 1682 ejus

2191 1699 2590 1770 possessiones
2608 1699 2855 1764 auferre,
2881 1699 3164 1765 minuere,
3199 1697 3287 1754 vel
3319 1698 3542 1754 ablatas
3559 1699 3794 1766 retinere;

2193 1804 2291 1840 seu
2323 1787 2684 1858 quibuslibet
2738 1787 3141 1842 vexationibus
3201 1786 3442 1858 fatigare
3496 1786 3650 1858 [deest
3681 1790 3797 1860 forte

2189 1876 2484 1945 audeantl,
2517 1877 2676 1931 omni
2709 1875 2881 1932 titulo
2915 1891 3092 1948 super
3119 1893 3186 1930 ea
3219 1893 3286 1931 re
3305 1875 3691 1947 quarumlibet
3713 1893 3798 1948 op-

2188 1965 2540 2036 positionum
2575 1981 2805 2037 semper
2833 1963 3082 2020 excluso.
3119 1963 3505 2036 Indulgemus
3525 1966 3705 2020 autem
3731 1964 3798 2021 eis

2188 2053 2308 2107 Ι]ωο
2339 2053 2534 2108 omnia
2583 2053 2910 2125 apostolicae
2961 2053 3118 2109 sedis
3178 2056 3424 2126 paterna
3477 2052 3698 2125 pietate,
3732 2051 3800 2108 in-

2186 2141 2343 2196 ducti
2375 2147 2434 2198 et
2463 2145 2822 2198 confratrum
2854 2147 3185 2198 nostrorum
3218 2141 3470 2198 discreto
3498 2141 3740 2212 consilio,
3757 2145 3801 2196 et

2185 2231 2592 2302 praedictorum
2625 2231 2882 2287 virorum
2908 2231 3191 2287 nobilium
3225 2230 3799 2298 strenuointerventu,

2184 2323 2243 2374 et
2273 2319 2412 2392 quia
2443 2319 2862 2376 monasterium
2895 2320 3088 2391 ipsum
3122 2323 3256 2393 post
3288 2319 3590 2376 introitum
3621 2318 3800 2376 North-

2187 2425 2538 2464 mannorum
2579 2426 2711 2464 cum
2773 2408 3085 2464 intrinseca
3142 2409 3231 2464 sui
3292 2407 3714 2481 exspoliatione,
3757 2411 3804 2462 et

2185 2497 2442 2552 locorum
2473 2515 2712 2553 suorum
2748 2497 3064 2554 miserabili
3097 2498 3549 2570 depopulatione
3576 2513 3700 2552 cum
3727 2513 3800 2552 sa-

2185 2585 2437 2658 crilegiis
2471 2586 2953 2658 usurpationibus
2984 2587 3396 2659 episcoporum
3416 2587 3710 2642 innumera
3727 2583 3800 2640 lu-

2184 2675 2374 2745 genda
2401 2675 2750 2730 detrimenta
2781 2679 2838 2729 et
2858 2674 3101 2748 indigna
3121 2675 3429 2750 sustinuit,
3463 2691 3586 2747 quas
3617 2671 3804 2730 brevia-

2183 2762 2288 2816 tim
2323 2762 2380 2817 in
2423 2762 2718 2836 privilegio
2767 2761 2998 2819 comitis
3023 2763 3204 2818 Amici
3246 2767 3551 2842 notantur.
3595 2759 3805 2818 Talibus

2182 2867 2318 2924 ergo
2351 2851 2675 2907 rationibus
2727 2851 2944 2924 apertis
3001 2855 3296 2908 commota
3324 2851 3548 2908 viscera
3604 2849 3806 2924 pietatis

2183 2939 2512 3012 apostolica:
2545 2941 2724 3007 sedis,
2784 2940 3204 2996 monasterium
3266 2941 3424 2998 idem
3481 2957 3610 2996 cum
3663 2939 3807 2994 rebus

2183 3029 2456 3083 omnibus
2487 3028 2612 3084 suis
2641 3029 2856 3086 habitis
2888 3033 2945 3085 et
2974 3028 3283 3094 habendis,
3343 3035 3623 3102 tanquam
3675 3025 3804 3083 beati

2181 3117 2330 3172 Petri
2363 3117 2815 3188 possessionem,
2869 3118 3042 3188 cujus
3072 3121 3164 3172 est
3192 3123 3250 3172 et
3280 3119 3387 3189 jus
3419 3121 3476 3173 et
3504 3115 3800 3190 proprietas

429 3223 594 3279 (equo
626 3206 1022 3261 moderamine
1074 3204 1456 3276 possidentes,
1519 3204 1736 3276 praelati
1793 3204 1969 3260 simul
2015 3208 2074 3260 et
2101 3193 2144 3260 C
2183 3221 2216 3260 a
2236 3204 2474 3276 juribus
2505 3205 2812 3272 universis,
2837 3210 3013 3278 atque
3042 3205 3295 3262 servitiis
3316 3203 3638 3277 cujuslibet
3655 3200 3811 3275 digni-

427 3295 668 3362 subditi,
703 3293 923 3366 pariter
954 3295 1238 3366 attingam
1269 3293 1500 3348 valeant
1531 3295 1601 3348 ad
1635 3292 1926 3365 promissa
1941 3293 2074 3348 lide-

423 3382 579 3438 libus
639 3383 857 3454 gaudia
917 3381 1297 3454 sempiterna.
1358 3383 1474 3438 Nos
1531 3382 1729 3452 itaque
1778 3381 1838 3436 in
1868 3382 2078 3437 Casino

415 3476 625 3528 monte
656 3471 911 3526 ﬁliorum
963 3475 1300 3526 nostrorum
1351 3469 1580 3543 Rogerii
1638 3471 1807 3526 ducis
1851 3476 1908 3526 et
1939 3471 2076 3527 Boa-

425 3560 630 3616 mundi
690 3560 887 3616 fratris
951 3561 1102 3631 ejus,
1137 3571 1193 3615 et
1243 3559 1482 3615 Ursonis
1533 3559 1782 3625 abbatis,
1840 3575 2075 3630 precum

425 3650 711 3706 instantia
743 3649 990 3722 fatigati,
1027 3664 1158 3702 cum
1192 3648 1570 3704 multitudine
1591 3648 1948 3704 confratrum
1980 3664 2079 3704 no-

430 3745 688 3795 strorum
719 3736 1126 3809 episcoporum
1157 3737 1226 3791 ad
1256 3735 1715 3792 consecrandum
1761 3736 2073 3792 Bantinum

413 3825 850 3884 monasterium
885 3825 942 3878 in
975 3825 1192 3880 honore
1218 3824 1652 3881 DeiGenetricis
1674 3831 2073 3881 constructum

409 3915 631 3972 eadem
662 3911 976 3969 auxiliante
994 3913 1665 3984 pervenimus;cumque
1694 3912 2076 3983 opitulatione

429 4001 660 4058 Domini
688 4001 1222 4058 consecrationibus
1251 4004 1384 4072 ejus
1416 3999 1635 4055 nostris
1682 4000 1903 4056 devotis
1949 4018 2070 4058 ma-

404 4091 604 4147 ~nibus
635 4089 744 4144 rite
774 4090 1040 4160 peractis,
1074 4090 1414 4146 eorumdem
1441 4089 1700 4143 virorum
1749 4088 2070 4144 illustrium

403 4187 484 4237 -et
512 4195 754 4236 suorum
785 4181 1064 4235 comitum
1112 4184 1172 4234 et.
1217 4181 1506 4245 baronum
1550 4177 2071 4234 interventionibus

425 4269 558 4341 piis,
592 4269 663 4324 ad
694 4285 988 4324 summam
1024 4267 1289 4338 ejusdem
1317 4265 1668 4332 libertatem,
1699 4267 2068 4322 securitatem

413 4363 482 4412 et
514 4373 742 4430 pacem,
773 4375 807 4412 a
838 4355 1193 4412 monasterio
1241 4353 1391 4424 ipso,
1441 4363 1496 4408 et
1524 4353 1785 4410 ecclesiis
1831 4355 1983 4424 ejus,
2013 4358 2070 4410 et

413 4449 596 4504 rebus
626 4463 693 4502 ac
751 4445 894 4502 locis
938 4443 1215 4500 omnibus
1255 4441 1380 4498 suis
1411 4441 1628 4497 habitis
1674 4448 1731 4499 et
1758 4441 2065 4508 habendis,

2187 3293 2323 3349 tatis
2349 3292 2437 3349 vel
2481 3294 2703 3350 ordinis
2755 3294 3019 3350 omnium
3071 3293 3405 3361 hominum,
3451 3288 3807 3350 anathematis

2185 3383 2379 3456 gladio
2411 3382 2584 3454 digne
2604 3382 3032 3438 subtrahuntet
3059 3383 3404 3438 defendunt.
3438 3382 3524 3438 Ad
3557 3377 3806 3436 indicium

2185 3477 2381 3527 autem
2415 3476 2692 3544 perceptae
2725 3471 2902 3542 hujus
2927 3488 2960 3526 a
2983 3475 3245 3526 Romana
3263 3470 3528 3527 Ecclesia
3549 3465 3804 3524 libertatis

2184 3577 2288 3632 per
2317 3576 2544 3615 annuos
2574 3559 2840 3631 singulos
2869 3559 2998 3614 auri
3030 3561 3262 3614 unciam
3297 3559 3470 3615 nobis
3502 3556 3806 3626 nostrisque

2183 3647 2624 3704 successoribus
2691 3649 2953 3718 ejusdem
3014 3649 3354 3705 monasterii
3414 3648 3656 3704 abbates
3707 3657 3808 3716 per-

2183 3737 2426 3792 solvent.

2251 3827 2308 3880 Si
2341 3843 2457 3898 qua
2489 3825 2747 3899 igiturin
2765 3827 3026 3881 futurum
3045 3825 3446 3882 ecclesiastica
3476 3821 3809 3882 secularisve

2181 3931 2432 3987 persona
2461 3915 2612 3972 hanc
2632 3920 2844 3970 nostrai
2874 3915 3312 3970 constitutionis
3331 3911 3805 4002 pagin‘amsciens,

2181 4012 2382 4059 contra
2437 4021 2565 4060 eam
2624 4009 2840 4060 temere
2895 4003 3090 4059 venire
3163 4003 3502 4068 tentaverit,
3579 3997 3808 4058 secundo

2177 4092 2417 4148 tertiove
2446 4093 2823 4158 commonita,
2850 4091 2963 4148 nisi
2995 4096 3222 4148 reatum
3254 4109 3438 4147 suum
3471 4091 3650 4163 digna
3667 4085 3810 4143 satis-

2179 4181 2427 4236 factione
2451 4181 2786 4248 correxerit,
2820 4180 3126 4253 potestatis
3158 4179 3526 4252 honorisque
3541 4173 3809 4248 suidigni-

2179 4274 2296 4326 tate
2328 4274 2540 4339 careat,
2577 4285 2857 4342 reamque
2888 4285 2950 4324 se
2981 4269 3178 4325 divino
3201 4269 3435 4340 judicio
3485 4267 3728 4324 existere
3751 4261 3807 4315 de

2177 4364 2506 4431 perpetrata
2535 4359 2842 4431 iniquitate
2889 4360 3222 4430 cognoscat,
3274 4362 3334 4412 et
3367 4374 3402 4412 a
3433 4352 3808 4412 saeratissimo

2175 4464 2414 4520 corpore
2471 4465 2538 4503 ac
2587 4447 2872 4520 sanguine
2928 4446 3031 4502 Dei
3063 4452 3121 4502 et
3150 4445 3388 4502 Domini
3451 4438 3809 4514 redemptoris

419 4536 615 4594 omnia
633 4532 1144 4608 episcopaliajura
1168 4535 1224 4586 et
1249 4530 1725 4604 publicasomnes
1738 4532 2066 4588 exactiones
2092 4555 2140 4622 Β
2175 4535 2361 4592 nostri
2412 4537 2550 4592 Jesu
2609 4535 2825 4592 Christi
2859 4533 3051 4590 aliena
3080 4535 3183 4590 ﬁat
3213 4553 3224 4602 ;
3260 4538 3442 4607 atque
3473 4534 3534 4588 in
3577 4535 3810 4588 extremo

413 4624 736 4699 apostolica
783 4621 1126 4678 auctoritale
1175 4620 1428 4691 generali
1461 4626 1742 4693 perpetua
1787 4621 2065 4677 constitu-

403 4714 570 4770 tione
617 4711 992 4769 exclusimus.
1053 4711 1321 4765 Attamen
1374 4727 1408 4765 a
1437 4709 1561 4766 sola
1618 4713 1845 4766 tantum
1877 4710 2058 4768 Ache-

415 4803 650 4858 rontina
692 4798 938 4856 ecclesia
986 4799 1210 4853 Sancta:
1268 4799 1586 4854 Anastasis:
1646 4799 1800 4855 intra
1857 4815 2058 4856 mulos

401 4889 666 4945 civitatis
699 4890 1041 4943 constructa
1067 4886 1452 4942 Acherontino
1486 4887 1921 4961 archiepiscopo
1961 4907 2058 4944 an-

397 4980 509 5034 -nis
539 4976 792 5049 singulis
823 4990 999 5030 unam
1031 4974 1154 5031 auri
1190 4977 1418 5032 unciam
1451 4978 1746 5050 suscipere
1795 4977 2056 5050 indulge-

415 5082 572 5122 mus.
629 5065 756 5120 Hazc
813 5065 1029 5120 interea
1081 5065 1552 5140 irrefragabiliter
1604 5072 1952 5132 statuentes,
1992 5072 2058 5122 ut

400 5153 694 5216 :clirisma,
727 5152 916 5208 oleum
952 5158 1240 5222 sanctum,
1280 5155 1742 5212 consecrationes
1784 5153 2058 5210 altarium

406 5259 517 5299 seu
553 5241 951 5309 basilicarum,
1009 5243 1400 5300 ordinationes
1446 5243 1754 5298 cleriorum
1793 5259 2056 5310 suorum,

400 5337 470 5388 et
529 5335 734 5386 caetera
792 5329 1117 5402 spiritualia
1189 5337 1574 5398 sacramenta,
1637 5331 1708 5385 ab
1767 5331 2058 5404 episcopis

385 5417 778 5485 :diaecesanis,
837 5417 922 5473 vel
979 5422 1432 5492 quibuscunque
1477 5418 1780 5476 catholicis
1827 5419 2057 5478 Bantini

393 5507 750 5564 monasterii
782 5506 984 5564 fratres
1015 5509 1324 5582 accipiant,
1365 5508 1466 5579 qui
1497 5508 1774 5564 mandato
1822 5514 2054 5581 aposto-

381 5597 532 5666 :licae
563 5594 720 5661 sedis
748 5598 809 5660 et
839 5598 1186 5660 auctoritate
1215 5593 1443 5656 suﬂ'ulti
1471 5595 1718 5676 faveant,
1749 5601 1806 5658 et
1825 5597 2046 5674 eisdem

2173 4625 2438 4680 examine
2469 4624 2675 4678 divinae
2717 4622 2922 4679 ultioni
2975 4623 3292 4694 subjaceat.
3329 4622 3580 4678 Cunctis
3636 4622 3809 4674 autem

2168 4713 2363 4770 eidem
2397 4729 2506 4768 sua
2526 4713 2666 4782 jura
2694 4711 3063 4768 servantibus
3084 4711 3160 4767 sit
3189 4729 3301 4784 pax
3361 4709 3604 4766 Domini
3649 4701 3808 4762 nostri

2165 4803 2306 4858 Jesu
2339 4801 2574 4869 Christi,
2606 4805 2896 4874 quatenus
2925 4805 2982 4855 et
3010 4799 3104 4856 hic
3121 4801 3381 4856 fructum
3398 4801 3566 4856 bona:
3587 4791 3809 4854 actionis

2167 4889 2508 4964 percipiant,
2541 4894 2598 4946 et
2655 4891 2808 4962 apud
2868 4889 3202 4945 districtum
3251 4889 3527 4960 judicem
3586 4881 3804 4959 praemia

2165 4988 2392 5035 aeterna.-
2425 4980 2584 5050 pacis
2615 4979 2934 5034 inveniant.
2959 4980 3166 5046 Amen,
3198 4993 3396 5034 amen.

2240 5121 2614 5194 Sequebantur,
2680 5121 2812 5194 ista,
2868 5121 3286 5194 subscriptiones
3373 5122 3543 5194 atque
3616 5112 3803 5187 sigilla.

2167 5191 2337 5249 Porro
2363 5193 2706 5264 pontiﬁcium
2761 5191 3000 5262 signum,
3032 5191 3104 5264 iii
3147 5207 3249 5264 quo
3299 5191 3676 5264 apostolorum
3716 5197 3804 5264 γιο-

2165 5267 2343 5330 mina,
2363 5259 2423 5319 "et
2453 5281 2486 5318 a
2520 5259 2674 5334 tergo
2730 5259 2996 5334 imagines
3047 5259 3270 5334 pluinbo
3327 5259 3482 5333 fusa
3536 5259 3802 5334 habentur.

2164 5353 2284 5392 cum
2314 5335 2582 5401 eiusmodi
2609 5330 3126 5406 inextim'aicircitto
3150 5330 3540 5406 iinscriptimw
3583 5330 3806 5406 legitur:

2165 5399 2524 5464 Bessnic'rus
2586 5410 2742 5462 Deus
2797 5421 2864 5462 ετ
2900 5405 3090 5463 Pares
3146 5399 3372 5463 Domni
3441 5418 3644 5462 nos'rm
3675 5399 3800 5457 Jssu

2163 5482 2414 5535 CHRISTI.
