3928 6208
135 236 243 303 365

805 366 1095 422 LXXXIV.

139 459 381 516 Urbanus
424 457 488 512 ll
522 457 714 512 statuit
744 459 804 510 at
833 457 930 526 qui
957 456 1145 511 diebus
1174 458 1335 512 certis
1381 458 1773 511 monia-teriam

195 529 471 656 iiniuria:
493 528 757 598 adierint,
801 536 1147 599 peccatorum
1193 528 1532 583 absolutione
1575 530 1772 599 fruan-

254 616 298 654 r.

753 689 939 759 (Anno
970 687 1155 759 4093.)

428 775 730 847 mensam,
778 777 949 832 Italia
980 792 1160 847 sacra,
1191 775 1312 844 VII,
1346 776 1459 840 27.]

198 901 469 958 [Insanus
491 899 1037 973 episcopus,servus
1058 916 1369 956 servorum
1400 897 1518 965 Dei,
1539 898 1609 954 ad
1644 913 1770 969 per-

133 994 349 1063 petuam
370 988 451 1045 rei
480 989 855 1055 memoriam,
880 989 950 1044 ad
976 989 1258 1045 honorem
1285 1005 1529 1044 summae
1551 992 1609 1042 et
1628 985 1774 1040 indi-

134 1079 303 1133 vidua:
328 1077 840 1148 sanctissimaeque
872 1076 1201 1133 Trinitatis.

199 1166 488 1239 Perpetuis
512 1165 881 1238 temporibus
908 1167 1199 1222 duratura:
1231 1166 1368 1239 ipsa:
1408 1165 1686 1222 stationes
1719 1167 1775 1219 et

136 1255 493 1328 indulgentiae
504 1271 614 1327 per
628 1254 926 1310 Urbanum
941 1271 1151 1327 papam
1165 1272 1296 1310 secu
1307 1255 1381 1310 nd
1392 1272 1488 1310 um
1506 1253 1772 1327 religioso

133 1343 505 1400 etvenerabili
520 1344 882 1401 monasterio
907 1344 1129 1399 Sancta
1144 1344 1336 1399 Mariae
1357 1344 1428 1399 de
1442 1341 1775 1412 Pauso,vul-

40 1474 56 1507 ξ
134 1433 331 1505 geriter
374 1436 721 1504 nuncupato
788 1432 1172 1500 Deventuum,
1241 1436 1412 1503 cujus
1468 1431 1772 1487 ecclesiam

135 1521 273 1576 idem
284 1536 561 1576 summus
576 1520 836 1592 pontifex
850 1521 1123 1577 manibus
1135 1521 1386 1593 propriis
1396 1520 1772 1587 consecravit,

40 1652 57 1685 γ
138 1609 217 1664 die
264 1625 413 1665 nono
441 1608 748 1664 Kalendas
785 1610 1169 1681 Septembris,
1204 1626 1489 1665 concessae
1520 1613 1776 1665 contem-

1301 228 1709 296 EPISTOLE
1751 231 1850 293 ΕΤ
1893 228 2338 297 RRIVILEGIA
2354 277 2370 294 .

1801 365 1876 432 Α.

3413 230 3543 297 366

2552 366 2805 421 LXXXV.

1887 452 2093 510 Urbani
2124 456 2173 510 ll
2200 456 2430 527 cpistola
2459 454 2540 511 ad
2567 453 2912 526 Raynoldam
2965 455 3281 527 Remensem
3317 453 3533 527 archie-

1948 523 2250 597 piscopum‘.
2285 558 2352 598 έ
2381 528 2545 582 Illam
2563 523 2833 596 vitaperat
2853 523 3003 598 quod
3038 525 3265 581 electam
3299 524 3532 581 Atreba-

1950 598 2155 653 tcnsem
2167 597 2407 654 nondum
2435 599 2851 655 consecraverit.

2505 712 2691 784 (Anno
2734 712 2915 784 1093.)

2310 818 2542 888 [Manen
2570 818 2773 875 Concil.
2807 816 2920 886 XX,
2950 817 3103 891 671.]

1952 932 2230 987 Unemus
2279 933 2611 1006 episcopus,
2646 951 2847 991 servus
2879 950 3179 989 servorum
3217 932 3339 1002 Dei,
3372 950 3528 990 reve-
3610 984 3613 993 λ

1792 1076 1795 1083 ,
1879 1021 2231 1076 rendissimo
2272 1022 2516 1077 confrati
2574 1028 2630 1078 et
2672 1023 3012 1096 coepiscopo
3062 1024 3369 1079 RAYNALDO
3419 1023 3529 1079 Re-

1881 1109 2091 1177 mensi,
2126 1108 2376 1166 salutem
2407 1117 2463 1166 et
2491 1112 2870 1184 apostolicam
2889 1112 3377 1169 benedictionem.

1952 1198 2113 1264 Quod
2147 1198 2216 1253 de
2236 1200 2600 1255 Atrebatensi
2632 1200 2889 1257 Ecclesia
2919 1201 3362 1277 constituimus,
3396 1217 3526 1257 cum

1882 1304 1985 1359 pro
2016 1285 2348 1342 animarum
2404 1288 2594 1344 salute
2643 1289 2975 1362 multiplici,
3028 1294 3156 1346 tum
3195 1307 3299 1363 pro
3327 1294 3531 1347 vestrae

1884 1375 2223 1447 metropolis
2254 1376 2763 1449 redintegratione,
2795 1384 2920 1434 tum
2955 1381 3130 1435 etiam
3161 1366 3266 1452 prd
3287 1377 3533 1451 justitiaa

1884 1464 2236 1520 exhibitione
2258 1465 2627 1536 perfecimus.
2662 1467 2781 1523 Etsi
2803 1467 2958 1523 enim
2980 1467 3041 1522 in
3077 1472 3337 1540 tempore
3358 1468 3537 1525 frater

1885 1553 2069 1623 fratri,
2103 1571 2267 1609 soror
2314 1555 2497 1610 sorori
2529 1554 2616 1610 vel
2646 1556 2818 1611 annis
2845 1555 3054 1625 minor,
3085 1555 3176 1612 vel
3196 1556 3537 1613 infirmitate

1884 1642 2163 1697 defectior
2208 1643 2630 1714 committatur,
2682 1661 2799 1699 non
2828 1648 3026 1700 tamen
3054 1645 3267 1700 idcirco
3297 1660 3433 1701 cum
3462 1645 3535 1701 ad

40 1738 57 1774 τ
136 1697 370 1807 Rhl-ioue
391 1697 714 1807 θυ-Ῑυθάδξω
735 1697 1125 1807 Ρξίῗξξδεδίίνξθ
1138 1698 1463 1807 δρίτίωθέίβ
1493 1698 1769 1807 δῗηθίίίξθ
1800 1731 1848 1796 Β
1879 1729 2405 1800 emancipationem
2428 1697 3536 1807 venerim-tuteliseiu‘svel—curQEga:

40 1830 61 1863 ἢ,
137 1787 225 1855 tis,
253 1803 424 1858 quam
454 1791 739 1859 expertus
761 1786 871 1842 fuit
891 1787 949 1841 in
986 1788 1189 1843 eodem
1217 1787 1498 1854 ccenobio,
1531 1787 1649 1842 imo
1674 1803 1770 1858 po-

134 1876 239 1931 tius
264 1880 497 1947 propter
516 1866 840 1948 perfectam
868 1875 1162 1949 religionis
1185 1875 1612 1931 observantiam
1627 1876 1765 1930 dum

47 2008 65 2042 ll

134 1964 352 2021 essetin
381 1965 593 2020 eodem
651 1965 910 2019 cmnobio
960 1964 1019 2019 in
1079 1965 1406 2020 minoribus
1464 1964 1769 2019 ordinibus

40 2094 65 2135 _,
136 2054 486 2119 constitutus,
520 2052 799 2108 videlicet
832 2054 987 2125 quod
1019 2071 1221 2109 omnes
1244 2052 1443 2109 ﬁdeles
1468 2070 1646 2109 causa
1677 2054 1770 2108 de-

39 2183 71 2223 Eii

133 2142 358 2199 votionis
406 2143 641 2198 dictum
691 2142 1112 2198 monasterium
1160 2141 1465 2199 visitantcs
1495 2141 1772 2215 praedicta

40 2259 71 2309 τε.
138 2230 218 2286 die
237 2231 421 2287 Nonas
442 2230 744 2287 Kalendas
768 2230 1146 2302 Septembris,
1181 2225 1236 2286 et
1266 2248 1368 2303 per
1395 2236 1583 2286 totum
1616 2224 1769 2286 diem

64 2360 76 2395 ,.
139 2325 471 2392 sequentem,
506 2336 742 2377 necnon
762 2320 820 2375 in
840 2319 1100 2376 dieJovis
1123 2320 1331 2388 sancti,
1370 2326 1428 2376 et
1451 2337 1553 2393 per
1582 2324 1770 2375 totum

39 2462 43 2492 Ε
56 2455 76 2489 ἐς

40 2543 75 2580 ξεί

140 2407 354 2465 Veneris
376 2411 587 2477 sancti,
631 2413 687 2464 et
701 2426 803 2481 per
817 2413 1099 2477 octavam,
1134 2413 1189 2464 et
1212 2410 1357 2465 festa
1372 2409 1737 2465 Resurrectio
1752 2439 1773 2450 -

144 2496 223 2553 nis
265 2499 582 2569 sequentia,
625 2502 682 2553 et
710 2497 769 2551 in
821 2496 1096 2554 omnibus
1129 2498 1545 2553 festivitatibus
1592 2498 1773 2552 beatae

66 2616 79 2659 ε
144 2584 376 2659 Virginis
392 2588 588 2643 Mariae
617 2587 688 2641 de
720 2587 996 2642 omnibus
1029 2587 1280 2658 peccatis
1311 2588 1383 2641 de
1406 2585 1622 2659 quibus
1642 2604 1775 2641 con-

146 2672 263 2729 fessi
293 2674 626 2744 fucrint,vel
660 2676 867 2731 saltem
900 2676 1295 2743 contriti,cum
1329 2676 1627 2747 proposito
1645 2693 1775 2731 con-

150 2762 348 2831 ﬁtendi,
380 2764 714 2836 plenariam
755 2776 1191 2835 consequantur
1234 2764 1684 2836 indulgentiam,
1718 2769 1776 2820 et

150 2852 413 2921 gaudeant
441 2853 726 2909 omnibus
756 2851 1139 2925 indulgentiis
1161 2853 1435 2925 plenariis
1458 2854 1772 2925 perpetuis,

152 2942 200 2993 et
225 2942 639 3015 temporalibus
675 2942 881 3014 gratiis
926 2947 983 2997 et
1040 2942 1507 3010 remissionibus,
1561 2942 1777 3013 quibus

151 3030 383 3098 gaudent
403 3030 798 3105 personaliter
808 3030 1012 3087 civitas
1028 3036 1080 3087 et
1099 3030 1341 3087 ecclesia
1362 3030 1555 3087 Sancti
1575 3031 1775 3087 Jacobi

152 3095 214 3171 de
236 3095 623 3193 Compbstella
647 3137 662 3189 ;
696 3118 935 3191 reliquis
965 3137 1098 3176 vero
1111 3121 1475 3193 temporibus
1493 3124 1550 3176 et
1570 3120 1776 3176 diebus
1807 3095 1850 3162 (ἶ

152 3204 368 3273 festivis,
400 3225 588 3265 causa.
614 3209 938 3266 devotionis
971 3207 1107 3264 illuc
1138 3209 1497 3275 accedentes,
1532 3214 1783 3281 quatuor

151 3308 317 3350 annos
344 3302 397 3352 et
426 3298 677 3354 totidem
705 3298 1111 3372 quadragenas
1155 3299 1225 3354 de
1255 3315 1391 3353 vera
1420 3298 1783 3371 indulgentia

152 3391 592 3456 consequantur,
651 3386 721 3443 de
753 3387 909 3445 sedis
941 3386 1270 3459 apostolicae
1302 3387 1490 3460 gratia
1519 3386 1778 3460 speciali.

151 3469 380 3532 Quivero
395 3474 734 3549 cappellam
758 3477 1039 3548 majorem
1054 3475 1560 3548 ipsiusmonaterii
1578 3477 1781 3532 eadem

153 3558 635 3620 dieconsecratam
659 3580 763 3636 per
777 3564 1166 3622 venerabilem
1188 3565 1427 3621 fratrem
1450 3566 1782 3622 Brunonem
1840 3562 1843 3565 ’

153 3647 464 3722 episcopum
483 3653 839 3725 Signanum,
872 3654 933 3708 in
955 3653 1161 3711 diebus
1185 3653 1403 3711 festivis
1434 3659 1490 3710 et
1511 3654 1783 3712 omnibus

152 3734 341 3794 diebus
382 3740 708 3797 Dominicis
743 3742 919 3798 totius
950 3743 1088 3799 anni
1140 3743 1520 3811 visitaverint,
1563 3750 1785 3817 septem

156 3840 324 3882 annos
352 3834 406 3884 et
425 3832 674 3888 totidem
724 3833 1131 3904 quadragenas
1157 3834 1228 3888 de
1262 3850 1393 3888 vera
1424 3833 1787 3905 indulgentia

159 3924 587 3988 consequantur.
626 3918 942 3976 Visitantes
972 3921 1150 3977 etiam
1179 3921 1487 3981 ecclesiam
1515 3928 1787 3978 constru-

162 4005 296 4058 ctam
324 4004 382 4061 in
410 4009 589 4064 casali
638 4007 826 4081 ipsius
866 4010 1225 4077 monasterii,
1257 4015 1653 4067 consecratam
1687 4027 1789 4083 per

162 4094 525 4153 venerabilem
555 4098 797 4153 fratrem
828 4097 1138 4171 Rogerium
1173 4099 1629 4172 episcopum.....
1659 4099 1786 4173 ipso

163 4175 244 4232 die
260 4196 311 4235 ix
332 4183 448 4239 Kal.
471 4186 921 4257 Septembris,et
942 4187 1218 4243 omnibus
1246 4188 1454 4245 diebus
1472 4187 1787 4245 Dominicis

160 4269 209 4319 ct
229 4267 519 4341 festivis,et
549 4275 727 4330 etiam
760 4275 817 4329 in
850 4275 1058 4331 diebus
1092 4276 1312 4332 festivis
1334 4277 1511 4333 beatae
1532 4277 1788 4349 Virginis

163 4351 359 4424 Mariae,
382 4361 450 4416 ad
469 4364 639 4436 cujus
661 4364 934 4420 honorem
962 4369 1299 4421 constructa
1318 4371 1407 4421 est
1422 4370 1480 4421 et
1510 4383 1616 4422 suo
1628 4383 1789 4422 voca-

1879 1817 2034 1873 libus
2065 1819 2470 1874 sanctionibus
2488 1821 2621 1890 subj
2631 1821 3172 1878 acebit.Gravamur
3189 1822 3368 1896 igitur
3381 1822 3535 1895 quod

1878 1905 2015 1961 huic
2048 1911 2255 1962 nostra:
2280 1908 2767 1977 constitutioni,et
2790 1916 2901 1965 tum
2928 1910 3269 1984 metropolis
3301 1912 3537 1969 restitu-

1878 1995 2021 2050 tioni
2070 1995 2274 2051 tandiu
2323 2002 2445 2052 tam
2474 1997 2850 2055 obstinaciter
2887 2000 3174 2069 restitisti,
3206 2005 3264 2057 et
3283 2000 3535 2058 electum

1877 2084 2277 2140 Atrebatensis
2306 2085 2572 2141 Ecclesia:
2611 2103 2951 2145 consecrare
2967 2087 3538 2161 usquehodiedistu-

1880 2172 2023 2227 listi.
2058 2174 2194 2227 Tuae
2227 2172 2409 2245 igitur
2440 2176 2773 2231 reverentiae
2803 2177 3182 2248 praesentium
3211 2177 3538 2234 litterarum

1882 2261 2224 2316 auctoritate
2250 2261 2627 2333 pracipimus
2658 2268 2724 2318 ut
2753 2265 3024 2319 eumdem
3075 2263 3347 2330 electum,
3381 2270 3543 2337 post-

1882 2366 2059 2419 quam
2078 2348 2185 2404 has
2204 2348 2430 2405 litteras
2450 2350 2683 2419 videris,
2712 2352 2863 2406 infra
2880 2352 3123 2425 triginta
3145 2353 3376 2408 dierum
3409 2369 3544 2426 spa-

1882 2438 2029 2492 tium
2054 2454 2392 2494 consecrare
2413 2456 2706 2510 procures,
2729 2441 2891 2496 omni
2923 2441 3276 2497 tortitudine
3298 2447 3543 2511 semota,

1884 2527 2043 2582 omni
2093 2527 2562 2584 dissimulatione
2595 2529 2941 2602 postposita.
2992 2530 3159 2594 Quod
3197 2530 3248 2586 si
3278 2530 3549 2588 fortassis

1884 2614 2180 2670 occultiori
2203 2614 2398 2687 aliquo
2415 2616 2659 2673 consilio
2682 2618 3004 2690 adimplere
3028 2618 3453 2687 nolueris,eum
3474 2619 3548 2675 ad

1885 2721 1991 2759 nos
2009 2720 2142 2759 cum
2166 2704 2492 2760 litterarum
2518 2710 2752 2762 tuarum
2778 2705 3208 2780 astipulatione
3237 2707 3550 2764 transmit-

1889 2798 1958 2849 te.
1983 2793 2042 2849 Si
2066 2810 2198 2849 vero
2224 2798 2281 2849 et
2309 2793 2415 2849 hoc
2440 2796 2884 2868 contempseris,
2909 2814 3017 2853 nos
3040 2813 3176 2853 eum
3213 2797 3287 2854 ad
3317 2813 3425 2853 nos
3453 2812 3548 2853 ve-

1887 2882 2010 2937 nire
2044 2883 2417 2955 praecipimus
2475 2885 2934 2943 consecrationis
2982 2886 3235 2960 gratiam
3281 2890 3569 2967 receptu-v

1887 2988 2038 3026 rum.

2579 3063 2857 3120 LXXXVI.

1893 3168 2098 3225 Urbani
2138 3169 2184 3221 II
2212 3167 2446 3243 epistola,
2470 3168 2539 3223 ad
2586 3170 2935 3243 Lambertum
2979 3171 3383 3243 Atrebatensem
3418 3172 3536 3243 cpia

1959 3255 2209 3315 scopam:
2240 3270 2309 3277 —
2348 3240 2447 3315 _I_lli
2492 3241 2812 3315 gratulatur
2856 3259 2922 3296 ac
2961 3241 3026 3297 de
3070 3240 3539 3315 superioribus'ad

1962 3309 2305 3379 Raynaldum
2340 3310 2536 3364 litteris
2564 3312 2859 3382 signiﬁcat.

2515 3427 2702 3496 (Anno
2736 3427 2920 3499 1093.)

2250 3530 2458 3604 [ΜΑΝει
2500 3532 2597 3588 ubi
2632 3549 2822 3605 supra,
2865 3533 2974 3591 col.
3034 3535 3186 3607 672.]

1966 3646 2243 3703 URBANUS
2265 3647 2595 3721 episcopus,
2631 3666 2831 3707 servus
2858 3668 3156 3708 servorum
3178 3651 3302 3721 Dei,
3335 3650 3546 3709 dilecto

1895 3738 2172 3792 confratri
2222 3742 2279 3793 et
2296 3739 2694 3795 consacerdoti
2726 3741 3056 3810 LAMBERTO,
3088 3740 3356 3798 Ecclesia:
3383 3742 3547 3798 Atre-

1896 3824 2156 3881 batensis
2178 3825 2379 3896 electo,
2413 3827 2665 3883 salutem
2697 3832 2755 3885 et
2782 3829 3163 3902 apostolicam
3193 3830 3546 3887 benedictio-
3572 3858 3573 3861 η

1896 3930 2028 3970 nem
2039 3955 2052 3969 .

1966 4003 2254 4058 Lmtamur
2277 4008 2511 4077 propter
2530 4008 2585 4060 te
2607 4005 2667 4061 in
2690 4006 2957 4076 Domino,
2983 4008 3163 4065 frater
3176 4007 3545 4076 charissime,

1896 4091 2035 4163 quia
2059 4091 2185 4163 ipso
2226 4093 2570 4165 disponente
2596 4096 2654 4151 in
2694 4096 3066 4153 Atrebatensi
3097 4097 3375 4167 Ecclesia,
3409 4113 3542 4170 quas

1896 4180 2096 4235 tandiu
2122 4181 2336 4253 proprii
2372 4184 2622 4254 pastoris
2644 4184 2848 4242 solatio
2879 4186 3087 4254 caruit,
3119 4203 3275 4244 nunc
3303 4187 3544 4243 tandem

1895 4270 2218 4325 secundum
2237 4274 2503 4327 nostrum
2525 4278 2878 4346 praeceptum
2901 4292 3083 4331 novus
3105 4280 3306 4348 pastor
3327 4274 3544 4332 electus

1897 4375 1978 4414 es.
2004 4363 2319 4431 Speremus
2336 4361 2548 4416 etenim
2572 4378 2676 4434 per
2697 4363 2978 4420 divinitus
3002 4362 3107 4419 tibi
3129 4365 3328 4420 datam
3356 4363 3543 4419 scien-

160 4440 646 4524 bulonuncupata,
682 4452 1017 4525 praedictam
1051 4454 1476 4526 indulgentiam
1499 4472 1787 4510 annorum
1819 4463 1865 4528 Ι)
1896 4447 2035 4502 tiam
2056 4452 2113 4503 et
2129 4447 2466 4521 religionem
2495 4452 2887 4522 quorumdam
2902 4452 3244 4509 vestratium
3265 4450 3544 4509 relatione

165 4538 372 4604 septem
403 4544 458 4594 et
485 4541 725 4598 totidem
775 4543 1283 4616 quadragenarum
1334 4550 1785 4617 consequantur.

358 4673 629 4745 Apparent
655 4677 767 4732 haec
793 4679 980 4733 omnia
1018 4694 1090 4733 ex
1119 4678 1267 4734 bulla
1294 4680 1569 4751 plumbea.

229 4801 425 4860 Datum
455 4806 677 4865 Salerni
708 4825 812 4881 per
861 4826 1071 4866 manus
1117 4809 1381 4880 Joannis,
1421 4817 1635 4869 sanctae
1676 4814 1788 4870 Ro-

164 4900 335 4945 mana:
362 4893 621 4954 Ecclesia:
670 4898 901 4955 diaconi
951 4899 1286 4967 cardinalis,
1332 4902 1554 4958 decimo
1586 4908 1786 4959 octavo

165 4974 431 5038 Kalendas
462 4985 743 5055 Octobris,
778 4987 1096 5045 indictione
1128 4990 1338 5062 prima,
1370 5008 1522 5047 anno
1553 4991 1785 5048 Domini

163 5062 455 5127 millesimo
485 5075 864 5149 nonagesimo
916 5077 1110 5146 tertio,
1163 5079 1538 5151 pontiﬁcatus
1570 5080 1785 5138 Urbani

163 5165 315 5226 Papae
337 5164 573 5219 secundi
602 5181 756 5222 anno
785 5170 964 5222 sexto.

1896 4536 2063 4592 nobis
2087 4535 2467 4608 insinuatam,
2500 4539 2825 4596 maximum
2838 4540 3029 4598 eidem
3054 4541 3320 4598 Ecclesiae
3335 4546 3392 4597 et
3411 4558 3546 4597 cor-

1896 4624 2186 4697 poralium
2202 4629 2259 4681 et
2283 4626 2676 4698 spiritualium
2699 4645 2894 4685 rerum
2919 4631 3293 4687 commodum
3319 4630 3547 4686 adfutu-

1897 4731 2049 4769 rum.
2069 4714 2227 4768 Scire
2258 4718 2454 4770 autem
2486 4720 2542 4772 te
2572 4716 2843 4775 volumus
2872 4718 2944 4776 de
2977 4716 3412 4775 consecratione
3437 4722 3547 4774 tua

1897 4802 2335 4875 archiepiscopo
2364 4804 2692 4876 scripsisse.
2726 4808 2807 4863 Tu
2845 4808 3025 4881 igitur
3049 4809 3177 4880 ejus
3209 4808 3547 4880 conspectui

1895 4895 1950 4946 te
1982 4895 2333 4964 praesentare
2363 4909 2629 4964 procura.
2660 4897 2822 4962 Quod
2856 4897 2906 4953 si
2954 4895 3052 4954 ille
3102 4897 3256 4953 infra
3304 4897 3549 4970 triginta

1897 4979 2021 5036 dies
2045 4985 2361 5053 postquam
2403 4984 2632 5038 nostras
2656 4982 2880 5040 litteras
2913 4986 3219 5059 acceperit,
3252 4988 3309 5042 te
3337 5003 3549 5045 conse-

1896 5086 2058 5125 crare
2090 5069 2362 5139 noluerit,
2393 5087 2498 5126 nos
2528 5074 2585 5126 te
2616 5074 2968 5143 quantocius
3021 5075 3281 5148 potueris
3336 5076 3407 5132 ad
3440 5094 3549 5135 nos

1895 5157 2089 5215 venire
2105 5158 2503 5232 praecipimus.
2537 5158 2777 5217 Interim
2802 5164 3134 5222 commissa
3153 5163 3257 5223 tibi
3278 5163 3551 5231 Ecclesia

1897 5248 2051 5305 bona
2083 5248 2332 5305 interius
2365 5248 2735 5323 exteriusque
2766 5252 3016 5318 custodi,

1970 5336 2116 5397 Data
2141 5354 2177 5398 v
2207 5337 2345 5396 idus
2374 5336 2660 5401 Octobris.
