3928 6208
147 386 267 461 313

1342 393 1750 459 EPISTULA
1789 392 1890 458 ΕΤ
1931 392 2408 459 PRIVILEGIA.

3453 388 3581 456 θη

60 600 73 617 δ
156 541 329 588 suum
359 522 426 585 in
455 523 872 617 Cameracensi
900 522 1160 587 Ecclesia
1192 526 1295 602 jus
1337 526 1677 603 metropolis
1706 529 1814 588 Re-
1843 527 1899 597 Α
1928 527 2095 589 Favet
2124 527 2342 588 Ponoii.
2377 527 2603 589 Asserit
2619 527 2775 589 enim
2807 524 3066 603 Hugorde
3094 519 3589 602 Conchis,noster'

160 618 379 676 mensis
407 616 960 691 amittat.Quisquis
985 618 1141 675 enim
1170 617 1287 675 illic
1309 619 1421 675 nisi
1443 636 1545 691 per
1567 619 1812 676 Remen-

162 722 283 765 sem
314 705 839 780 archiepiscopum
891 708 1332 780 praesumpserit
1379 708 1657 773 ordinari,
1701 726 1818 764 una

163 813 291 853 cum
325 796 671 852 ordinatore
694 813 802 852 suo
831 795 1215 852 districtionis
1259 796 1589 869 apostolicae
1620 797 1815 869 gladio

164 886 420 943 ferietur.
456 885 854 952 Quamobrem
884 890 1046 940 tuam
1075 885 1531 943 sollicitudinem
1582 887 1817 958 expedit

163 973 474 1047 vigilanter
503 973 779 1030 insistere
828 979 891 1028 ut
942 978 1190 1047 utraque
1240 974 1495 1031 Ecclesia
1533 974 1815 1031 cardinali

165 1080 277 1119 non
307 1062 677 1118 destituatur
706 1062 1000 1135 episcopo,
1037 1063 1149 1118 nisi
1193 1063 1342 1119 forte
1369 1068 1814 1120 Cameracenses

162 1151 537 1226 privilegium
570 1151 844 1206 Romanae
871 1151 1239 1207 auctoritatis
1270 1152 1813 1224 ostenderint,quod

162 1241 243 1298 eis
274 1240 727 1296 Atrebatensem
759 1239 975 1295 subdat
1009 1240 1347 1296 Ecclesiam.
1382 1241 1562 1311 Unde,
1614 1242 1813 1309 frater,

158 1329 349 1385 virtus
404 1333 511 1385 tua
539 1344 639 1384 eos
686 1345 1042 1401 praemonere
1084 1337 1373 1401 procuret,
1430 1336 1721 1402 quatenus
1754 1330 1813 1386 in

159 1418 433 1492 proxima
463 1417 924 1489 Quadragesima
947 1434 1083 1473 cum
1100 1418 1508 1474 Atrebatenses
1525 1435 1627 1491 pro
1649 1419 1810 1474 electi

160 1507 253 1563 sui
285 1505 738 1562 confirmatione
770 1507 842 1562 ad
874 1523 981 1562 nos
1002 1506 1398 1579 venerint,ipsi
1433 1524 1811 1580 quoquecum

158 1594 437 1653 Ecclesia
470 1612 589 1651 suas
638 1594 1090 1651 auctoritatibus
1134 1601 1345 1651 nostra:
1395 1614 1457 1651 se
1505 1596 1812 1652 audientiae

158 1688 604 1758 repraesentant.
634 1684 808 1739 Porro
839 1683 1179 1740 electionem
1212 1701 1391 1756 quam
1421 1685 1493 1740 de
1513 1684 1813 1740 communi

162 1773 282 1830 ﬁlio
314 1773 593 1841 Manasse
649 1788 750 1828 eos
792 1772 1139 1845 generaliter
1185 1773 1392 1829 fecisse
1441 1773 1809 1846 significasti,

163 1861 575 1919 collaudamus
624 1865 682 1916 et
719 1861 1160 1929 confirmamus,
1193 1860 1307 1917 nisi
1350 1862 1624 1933 quaelibet
1672 1863 1815 1917 talia
1844 1896 1891 1962 Β

164 1951 403 2009 obvient
433 1967 561 2023 quae
601 1951 823 2006 sanctis
863 1951 1115 2007 debeant
1162 1950 1485 2007 canonibus
1536 1950 1809 2007 coerceri.

163 2040 329 2108 Quod
362 2043 429 2095 ut
457 2039 530 2094 ad
560 2039 832 2095 ell‘ectum
864 2038 1076 2107 veniat,
1110 2039 1560 2096 Cameracenses
1593 2040 1750 2112 ipsos
1781 2058 1815 2096 a

165 2133 538 2186 sacramento
565 2127 666 2183 illo
694 2129 1004 2184 temerario
1038 2128 1222 2200 parati
1256 2145 1467 2184 sumus
1490 2127 1810 2197 absolvere,

165 2218 213 2274 si
244 2223 448 2273 tamen
478 2221 538 2273 et
565 2215 678 2289 ipsi
710 2215 958 2272 electum
984 2234 1161 2273 suum
1182 2217 1520 2289 recipere,et
1541 2219 1610 2272 de
1640 2223 1813 2273 teme-

166 2308 339 2363 ritate
369 2305 472 2361 illa
503 2306 690 2378 parati
721 2304 1278 2362 fuerintsecundum
1301 2311 1468 2362 tuum
1500 2306 1812 2362 consilium

165 2393 569 2469 paenitentiam
601 2394 893 2450 exhibere.
924 2393 1154 2465 Alioqui
1185 2396 1383 2450 datam
1402 2394 1460 2449 in
1491 2412 1590 2451 eos
1609 2396 1815 2451 frater-

163 2484 333 2541 nitati
365 2489 481 2540 tuae
516 2483 945 2539 interdictionis
974 2483 1326 2540 sententiam
1370 2484 1812 2540 confirmamus.

893 2598 1076 2654 XCVI.

165 2689 418 2748 Urbanus
444 2704 592 2759 papa
641 2703 806 2759 super
852 2688 1202 2757 Arragonum
1231 2705 1428 2759 regem,
1477 2690 1571 2759 qui
1598 2692 1816 2758 neptem

232 2776 392 2815 suam
419 2758 641 2814 cuidam
670 2758 839 2814 militi
880 2776 936 2815 se
973 2758 1234 2815 daturum
1266 2758 1365 2814 sub
1411 2759 1540 2828 ﬁdei
1584 2761 1816 2830 pro-mis-

234 2834 391 2888 sione
409 2831 746 2914 ﬁrrqaverat,
767 2832 1088 2887 canonicum
1113 2830 1327 2905 profert
1355 2831 1678 2903 capitulum.

674 2920 856 2989 (Intra
892 2936 985 2974 an.
1036 2920 1315 2991 1088-94.)

597 3008 828 3078 [Mane],
864 3007 1066 3064 Concil.
1100 3008 1212 3078 XX,
1236 3009 1387 3080 713.]

239 3109 319 3164 De
349 3107 670 3180 neptistuae
695 3106 989 3178 conjugio,
1015 3123 1192 3178 quam
1208 3111 1263 3163 te
1281 3106 1512 3163 cuidam
1536 3107 1813 3162 daturum

164 3196 535 3252 necessitatis
560 3194 816 3250 instante
841 3193 1084 3250 articulo
1097 3196 1206 3250 sub
1239 3196 1371 3251 fidei
1396 3194 1813 3267 pollicitatione

164 3284 442 3351 firmasti,
472 3284 583 3340 hoc
621 3282 894 3354 aequitate
942 3283 1197 3339 dictante
1243 3283 1631 3350 decernimus,
1666 3282 1810 3339 utsi

163 3372 267 3429 illa
293 3374 512 3439 virum,
541 3376 608 3427 ut
634 3370 868 3443 dicitur,
899 3372 1138 3428 omnino
1169 3372 1385 3439 renuit,
1417 3378 1476 3429 et
1516 3373 1575 3428 in
1607 3373 1813 3428 eadem

164 3462 488 3519 voluntatis
519 3460 865 3518 auctoritate
886 3461 1168 3534 persistit,
1194 3466 1260 3517 ut
1288 3462 1409 3517 viro
1442 3460 1541 3517 illo
1573 3478 1814 3534 prorsus

169 3569 231 3608 se
260 3552 511 3624 deneget
540 3554 878 3622 nupturam,
913 3562 1444 3622 nequaquam‘eam
1486 3551 1726 3607 invitam
1759 3554 1817 3606 et

170 3640 523 3696 renitentem
576 3638 840 3711 ejusdem
886 3638 995 3693 viri
1034 3655 1207 3711 cogas
1252 3640 1522 3710 conjugio
1570 3639 1815 3707 sociari;

174 3746 429 3801 quorum
464 3727 625 3783 enim
659 3744 840 3782 unum
873 3744 1085 3800 corpus
1115 3728 1412 3791 est,debet
1450 3745 1576 3784 esse
1607 3733 1661 3783 et
1693 3728 1816 3782 ani-

178 3833 335 3883 mus,
368 3834 441 3872 ne
471 3816 619 3871 forte
649 3832 780 3871 cum
810 3816 931 3871 viro
979 3817 1073 3871 alii
1128 3816 1312 3872 invita
1344 3816 1516 3871 fuerit
1555 3815 1822 3888 copulata

176 3909 387 3962 contra
415 3905 648 3961 Domini
674 3904 1039 3977 apostolique
1070 3909 1560 3978 praeceptum,aut
1592 3910 1819 3962 reatum

176 3994 434 4062 dissidii,
467 3998 570 4049 aut
620 3994 841 4049 crimen
882 3995 1283 4050 fornicationis
1328 3994 1608 4050 incurrat.
1642 3995 1822 4065 Cujus

175 4081 448 4138 videlicet
467 4082 690 4154 peccati
721 4081 943 4138 malum
974 4083 1031 4137 in
1065 4098 1198 4139 eum
1230 4083 1556 4139 redundare
1578 4087 1823 4149 constet,

177 4171 281 4243 qui
310 4186 438 4226 eam
465 4170 767 4242 conjunxit
796 4172 1055 4227 invitam.

903 4286 1114 4342 XCVII.

182 4375 398 4433 Urbani
441 4375 489 4429 II
515 4375 742 4445 epistola
773 4375 844 4429 ad
882 4376 1128 4431 abbatem
1158 4376 1211 4429 S.
1244 4377 1479 4430 Joannis
1522 4375 1586 4429 de
1624 4377 1826 4429 Pinna.

256 4477 325 4486 —
357 4447 618 4517 Przecipit
638 4462 709 4501 ne
736 4446 972 4501 decimas
1003 4447 1273 4517 quasdam
1289 4447 1566 4501 canonicis
1596 4448 1830 4502 ecclesia:

257 4517 314 4572 8.
348 4516 646 4572 Saturnini
675 4518 953 4574 Tolosanaz
980 4516 1217 4589 auferat.

695 4606 877 4675 (Intra
908 4624 1002 4661 an.
1046 4606 1328 4675 1088-94.)

469 4694 683 4765 [Bacuz
711 4696 934 4764 Μίδαι,
967 4695 1106 4750 edit.
1138 4695 1277 4751 Luc.
1314 4694 1382 4761 II,
1418 4695 1566 4764 180.]

259 4791 544 4847 Uaaanus
574 4790 905 4863 episcopus;
938 4809 1142 4849 servus
1168 4808 1467 4848 servorum
1492 4792 1614 4859 Dei,
1635 4791 1832 4847 abbati

186 4879 391 4936 Sancti
419 4879 665 4935 Joannis
696 4880 766 4935 de
795 4879 997 4950 Pinna,
1048 4880 1299 4937 salutem
1345 4885 1403 4936 et
1449 4880 1832 4953 apostolicam

185 4967 683 5026 benedictionem.

1927 619 2171 678 clericus
2218 620 2277 677 in
2310 621 2575 678 Romana
2604 620 2857 678 Ecclesia
2894 620 3039 676 satis
3087 618 3353 688 dilectus,
3413 620 3581 692 quod

1926 710 2107 767 abbas
2130 710 2793 782 prmnominatus,causa
2814 710 3121 782 utriusque
3139 709 3566 781 audita,pacem
3588 721 3597 729 ‘

1926 799 2078 855 inter
2107 805 2161 855 te
2205 805 2263 855 et
2303 800 2601 873 Hugonem
2648 799 2996 871 composuit,
3049 803 3105 854 et
3144 799 3300 870 quod
3344 803 3593 870 partem.

1926 887 2086 943 illam
2113 889 2472 943 decimarum
2505 888 2658 944 unde
2694 888 2766 944 lis
2816 893 2941 944 erat
2971 888 3123 943 inter
3163 904 3266 943 vos
3306 885 3594 943 canonici'

1925 977 2082 1033 Beati
2114 978 2409 1032 Saturnini
2443 977 2724 1032 haberent
2737 976 3024 1048 judicavit
3038 975 3393 1032 aclaudavit.
3411 976 3571 1031 Hanc

1924 1082 2126 1138 pacem
2158 1066 2461 1122 retinendo
2492 1066 2751 1121 decimas
2799 1082 3002 1121 eorum
3055 1064 3285 1137 rupisti.
3338 1064 3587 1120 Litteris

1925 1155 2154 1211 abbatis
2182 1155 2267 1210 tui
2300 1154 2675 1210 monentibus
2698 1159 2762 1209 ut
2777 1155 3123 1209 emendares
3148 1170 3262 1209 non
3296 1152 3566 1209 obedisti.

1924 1245 2286 1316 Quapropter
2316 1260 2623 1299 monemus
2655 1249 2710 1299 te
2741 1247 2798 1299 et
2819 1259 2921 1315 per
2945 1242 3342 1297 obedientiam
3375 1241 3579 1313 priech

1925 1332 2120 1404 pimus
2152 1338 2215 1386 ut
2244 1332 2551 1403 praedictas
2582 1332 2839 1387 decimas
2863 1330 3159 1386 canonicis
3184 1330 3339 1386 Beati
3365 1331 3579 1385 Satur--

1922 1420 2045 1475 nini
2076 1420 2349 1492 deinceps
2381 1437 2495 1475 non
2529 1421 2780 1485 auferas,
2812 1424 2869 1475 et
2897 1420 2982 1475 eis
3004 1418 3230 1489 judicio
3272 1417 3581 1489 Pampilo--

1924 1510 2124 1565 nensis
2152 1508 2406 1581 episcopi
2434 1509 2505 1563 de
2551 1508 2667 1563 illis
2700 1524 2848 1579 quas
2879 1507 3172 1563 retinuisti
3215 1505 3563 1561 satisfacias.

1923 1597 2085 1663 Quod
2114 1597 2160 1653 si
2195 1598 2346 1652 infra
2374 1596 2615 1669 triginta
2659 1595 2784 1651 dies
2832 1599 3143 1667 postquam
3184 1593 3406 1649 litteras
3460 1593 3568 1648 has

1918 1686 2277 1755 videris,non
2310 1685 3085 1753 emendaveris,confratrem
3119 1686 3384 1738 nostrum
3405 1682 3583 1744 Pam:

1922 1775 2282 1847 pilonensem
2314 1774 2650 1846 episcopum
2684 1790 2992 1829 monemus
3023 1776 3087 1827 ut
3119 1770 3237 1827 vice
3266 1776 3467 1827 nostra
3487 1771 3569 1833 ita

1920 1867 1977 1919 te
2008 1868 2064 1919 et
2093 1862 2410 1919 monachos
2441 1869 2573 1917 tuos
2605 1861 2967 1934 constringat
2996 1878 3067 1916 ne
3098 1858 3400 1915 vinculum
3432 1874 3569 1914 ana-

1923 1951 2199 2007 thematis
2230 1952 2381 2023 quod
2416 1950 2475 2006 in
2507 1949 3002 2023 privilegiisBeati
3032 1948 3335 2005 Saturnini
3366 1942 3584 2003 firmavi

1921 2045 2049 2097 tum
2072 2046 2182 2111 est,
2202 2057 2301 2095 vos
2333 2040 2628 2095 incurrere
2659 2039 2975 2110 permittat,
3011 2042 3187 2109 atque
3210 2054 3281 2093 ne
3311 2035 3581 2108 amplius

1922 2128 2289 2200 querimonia
2319 2129 2389 2183 ad
2442 2145 2613 2182 aures
2646 2132 2876 2182 nostras
2920 2126 3137 2182 redeat.
3174 2127 3387 2198 Regem
3420 2124 3583 2180 San-'

1920 2217 2077 2273 cium
2133 2216 2546 2273 charissimam
2598 2216 2854 2271 amicum
2911 2220 3177 2271 nostrum
3227 2230 3296 2270 ex
3359 2217 3581 2269 nostra.

1924 2310 2084 2379 parte
2112 2305 2324 2373 saluta,
2358 2309 2416 2361 et
2445 2304 2807 2359 comitissam
2839 2318 3098 2359 sororem
3130 2304 3276 2374 ejus.

2615 2427 2859 2484 XCVIII.

1926 2519 2132 2578 Urbani
2172 2533 2335 2591 papae
2375 2518 2603 2589 epistola
2656 2517 2725 2572 ad
2759 2516 3066 2591 Villelrnum
3099 2513 3567 2591 archiepiscopum

1993 2586 2482 2661 Rothoinagensem
2510 2593 2562 2643 et
2589 2590 2879 2661 canonicos
2923 2588 2977 2641 S.
3010 2587 3255 2661 Mallonis
3283 2586 3348 2661 de
3392 2588 3567 2661 Ponte

1993 2665 2161 2719 Isarae
2209 2658 2279 2716 et'
2301 2661 2631 2716 habitatores
2673 2658 2917 2727 ejusdem
2973 2660 3160 2712 castri.
3193 2688 3260 2697 --
3308 2658 3566 2727 Praecipit

2000 2755 2025 2786 σι
2048 2750 2118 2789 ne
2143 2733 2465 2805 prohibeant
2496 2728 2782 2787 monachos
2831 2734 3114 2784 Beccenses
3151 2728 3376 2800 pulsare
3404 2729 3566 2800 signa

2000 2822 2092 2859 sua
2123 2804 2192 2859 ad
2222 2804 2382 2858 horas
2410 2802 2705 2858 secundum
2724 2800 2972 2857 ordinem
3000 2815 3180 2854 suum.
3216 2821 3244 2849 ››

1992 2822 2092 2861 sua
2123 2816 2192 2859 ad
2222 2816 2382 2858 horas
2410 2816 2705 2858 secundum
2724 2816 2972 2857 ordinem
3000 2816 3180 2854 suum.
3216 2821 3244 2849 >)

2542 2910 2727 2976 (Auno
2758 2906 2943 2975 4094.)

2344 3013 2577 3088 [ΜΑΝει,
2612 3014 2815 3070 Concil.
2850 3013 2964 3079 XX,
2995 3012 3145 3082 701.]

1994 3141 2272 3197 URBANUS
2304 3140 2635 3211 cpiscopus,
2671 3154 2872 3193 servus
2903 3152 3201 3192 servorum
3254 3133 3375 3202 Dei,
3410 3134 3568 3190 WIL~

1844 3262 1887 3330 Ο
1927 3229 2341 3330 Laumedilecto
2368 3228 2532 3330 fratri
2564 3222 3567 3330 ltotliornage‘nsi.arrbiepisco‘polet

1924 3318 2221 3375 canonicis
2252 3317 2447 3374 Sancti
2478 3314 2746 3370 Mellonis
2777 3315 2847 3369 de
2896 3316 3073 3367 Ponte
3116 3313 3283 3367 Isarze
3312 3315 3369 3367 et
3398 3310 3564 3366 habi-

1922 3408 2209 3464 tatoribus
2262 3406 2524 3477 ejusdem
2588 3404 2762 3459 castri
2804 3401 3050 3458 salutem
3103 3403 3160 3456 et
3186 3398 3565 3473 apostolicam

1924 3495 2412 3553 benedictionem.

1996 3583 2401 3656 Significatum
2435 3577 2606 3634 nobis
2628 3582 2716 3632 est
2736 3576 2874 3650 quia
2895 3575 3219 3649 prohibetis
3250 3575 3586 3630 monachos

1928 3674 2242 3729 Beccenses
2266 3670 2364 3741 qui
2392 3673 2529 3722 sunt
2557 3666 2615 3722 in
2648 3666 2892 3721 ecclesia
2915 3665 3108 3721 Sancti
3132 3664 3281 3720 Petri
3312 3665 3382 3721 de
3397 3665 3573 3720 Ponte

1929 3767 2101 3817 Isarae
2135 3759 2365 3833 pulsare
2398 3758 2565 3831 signa
2595 3774 2702 3812 sua
2735 3757 2804 3811 ad
2839 3756 3016 3811 horas
3056 3755 3383 3809 secundum
3415 3753 3587 3809 ordi-‘

1931 3868 2065 3908 nem
2099 3848 2493 3914 suum.Quod,
2529 3846 2639 3901 nisi
2676 3845 2839 3901 vobis
2862 3859 3255 3917 parceremus,
3279 3859 3456 3915 quam
3492 3857 3577 3898 re-

1931 3939 2211 4014 ligiosum
2244 3942 2299 3993 et
2332 3929 2721 3992 inhumanum
2757 3934 2855 4001 sit,
2887 3936 2943 3988 et
2973 3933 3043 3988 de
3076 3948 3195 4004 qua
3226 3929 3418 3987 radice
3450 3946 3581 4002 pro-

1933 4029 2119 4096 cedat,
2167 4028 2593 4098 detegeremus.
2646 4023 2892 4077 Paterna
2940 4021 3119 4094 igitur
3161 4019 3482 4075 monitione
3526 4021 3585 4073 et

1934 4116 2201 4191 praesenti
2237 4113 2579 4169 auctoritate
2628 4109 2999 4183 praecipimus
3041 4127 3112 4164 ne
3152 4108 3401 4164 ulterius
3432 4107 3583 4162 hanc

1936 4204 2387 4279 prohibitionem
2422 4201 2647 4256 faciatis
2665 4204 2766 4254 aut
2791 4200 2913 4255 fieri
2936 4197 3421 4271 pcrmittatis,sed
3456 4192 3587 4251 illos

1937 4293 2260 4350 secundum
2298 4291 2561 4345 ordinem
2614 4288 3025 4344 monachicum
3067 4290 3122 4341 et
3152 4287 3322 4358 signa
3353 4283 3587 4358 pulsare

1939 4387 1995 4438 et
2025 4398 2126 4453 per
2157 4379 2352 4435 omnia
2401 4379 2662 4433 ordinem
2693 4393 2864 4431 suum
2901 4391 3131 4431 servare
3175 4375 3395 4445 absque
3427 4371 3588 4428 omni

1940 4468 2360 4541 impedimento
2392 4466 2742 4522 concedatis.

1915 4626 1920 4632 I
2016 4560 2157 4614 Data
2189 4562 2352 4613 trans
2383 4555 2632 4611 Tiberim
2669 4572 2730 4609 Ill
2763 4553 2889 4610 Kal.
2923 4551 3195 4626 Augusti.

2673 4678 2861 4734 XCIX.

1944 4772 2109 4827 Bulla
2157 4770 2360 4827 Urbani
2387 4771 2436 4825 II
2470 4783 2652 4840 papae,
2703 4784 2810 4837 qua
2834 4766 3209 4840 donationem
3250 4779 3285 4817 a
3327 4760 3597 4840 ﬂathildo

2012 4843 2288 4899 comilissa
2319 4834 2521 4912 factam
2543 4834 2876 4895 incisa—sterio
2902 4839 2960 4892 5.
3000 4837 3179 4892 Blasii
3209 4834 3522 4904 conﬁrmat.

2558 4946 2745 5016 (Anno
2777 4944 2965 5015 1094.)

260 5055 496 5113 Clamor
521 5056 938 5114 canonicorum
970 5057 1168 5115 Sancti
1187 5056 1487 5114 Saturnini
1518 5058 1589 5113 de
1622 5055 1839 5127 injuria
1947 5056 2260 5130 [Gsassar,
2296 5052 2419 5108 Cod.
2453 5050 2700 5132 diploma
2731 5048 3139 5132 SilvwﬁlVigra‘e,
3189 5051 3233 5103 t.
3270 5045 3367 5114 ΙΙΙ,
3419 5063 3479 5118 p.
3510 5045 3601 5111 33,

190 5162 371 5218 quam
401 5162 438 5202 a
465 5148 525 5200 te
545 5144 982 5217 patiunturjam
1009 5148 1081 5201 ad
1104 5164 1210 5202 nos
1236 5146 1425 5213 rediit,
1445 5163 1559 5202 non
1589 5119 1839 5217 lonugitu-
1947 5119 1963 5130 ⁵
2249 5119 2254 5121 η
2447 5119 2522 5178 cxi
2544 5120 2760 5177 amhiV-
2794 5121 2851 5176 δ·
2887 5119 3117 5192 Βιθιείίο]

190 5234 333 5291 dine
358 5233 733 5300 itineris,non
756 5235 1067 5307 asperitate
1102 5235 1384 5290 remansit
1411 5234 1647 5290 laboris.
1675 5235 1844 5289 Pam-

194 5322 528 5395 pilonensis
558 5321 887 5394 episcopus,
923 5324 1049 5378 vitae
1099 5323 1444 5379 venerabilis
1498 5323 1582 5377 vir
1613 5341 1678 5378 ac
1713 5322 1843 5377 reli-

192 5409 595 5485 giosus,dedit
625 5408 711 5467 eis
740 5411 799 5466 in
830 5413 1166 5484 episcopatu
1197 5429 1305 5467 suo
1323 5413 1641 5484 quamdam
1673 5411 1850 5467 eccle-
1955 5437 2084 5476 cum
2115 5417 2601 5474 benedictionem.

193 5499 475 5568 Siamﬁui
508 5503 574 5552 tu
609 5499 802 5554 aufers
853 5500 1170 5571 maximam
1217 5505 1439 5571 partem
1484 5500 1846 5555 decimarum
2028 5508 2191 5564 Sicut
2218 5502 2583 5560 irrationalia
2627 5502 3004 5575 poscentibus
3050 5497 3248 5572 negari
3300 5495 3474 5551 debet
3521 5510 3612 5549 as—

189 5593 398 5645 contra
419 5588 531 5661 jus
544 5589 604 5641 et
619 5590 819 5642 contra
845 5589 1204 5645 voluntatem
1230 5588 1487 5660 praedicti
1513 5588 1769 5660 episcopi
1794 5594 1851 5643 ct
1958 5611 2189 5661 sensus,
2225 5593 2308 5649 sic
2329 5593 2497 5663 justa
2528 5589 2847 5662 petentium
2879 5590 3026 5645 votis
3050 5586 3302 5656 benigna
3324 5582 3610 5637 debemus

191 5682 399 5736 eontra
432 5674 800 5732 voluntatem
835 5676 1402 5749 etdifﬁnitionem,ut
1431 5676 1851 5745 aiunt,abbatis
1958 5682 2297 5741 assensione
2350 5694 2712 5737 concurrere.
2773 5677 2992 5734 Idcirco
3052 5670 3413 5731 charissima
3473 5668 3606 5726 ﬁlia?

2026 5243 2302 5297 Unnsnus
2335 5237 2663 5309 cpiscopus,
2697 5252 2899 5291 servus
2940 5250 3241 5292 servorum
3301 5231 3424 5299 Dei,
3474 5230 3604 5286 uni-

1953 5330 2135 5386 versis
2169 5347 2270 5401 per
2303 5326 2575 5383 Sueviam
2607 5325 2900 5393 ﬁdelibus,
2935 5325 3185 5380 salutem
3233 5325 3290 5376 et
3321 5318 3602 5391 apostoli-
