3928 6208
175 444 191 463 ³
224 439 235 447 ⁷
270 452 382 526 381

1452 457 1858 526 apls'rous
1900 446 2001 524 ET
2039 444 2518 525 PRIVILEGIA.

3522 446 3527 455 ‘
3559 412 3677 527 sas

272 594 419 655 casis
450 597 801 666 constituta,
842 595 1056 656 haheat
1102 595 1403 671 proprium
1449 595 1808 669 episcOpum.
1860 593 1923 651 B.
1955 596 2010 662 Α
2039 595 2163 652 ditu
2195 594 2592 653 collaudatum
2623 599 2680 655 et
2719 597 3127 656 confirmatum
3170 604 3258 657 est
3286 616 3343 656 ιν
3389 582 3678 663 Kalendas

225 750 235 760 ,
276 705 511 761 quoque
532 688 855 761 Gregorius
874 686 932 743 in
956 687 1226 743 Sardinia
1241 686 1394 759 apud
1421 685 1812 741 Phausianam
1829 702 1927 757 op-

270 776 480 851 pidum
502 778 834 833 secundum
849 777 1165 850 pristhum
1185 776 1425 831 modum
1446 774 1765 831 reordinari
1784 791 1925 846 prae-

272 865 428 939 cepit
452 866 802 933 antistitem,
835 872 891 922 et
922 882 1027 921 nos
1056 881 1192 937 ergo
1220 864 1622 920 Atrebatensis
1660 862 1925 919 Ecclesiae

270 955 658 1021 restitutioni,
684 961 740 1010 et
752 953 1058 1010 Remensis
1074 952 1413 1025 metropolis
1449 950 1927 1024 redintegralioni

270 1060 377 1117 pro
402 1043 590 1100 nostri
616 1043 793 1100 ofﬁcii
818 1043 1011 1099 debito
1050 1042 1441 1108 imminentes,
1486 1045 1538 1096 te
1580 1041 1756 1096 frater
1792 1039 1927 1095 cha-

271 1133 512 1190 rissime
540 1133 846 1189 Lamberte
879 1130 1013 1187 cleri
1049 1130 1352 1204 plebisque
1372 1147 1660 1186 consensu
1683 1128 1928 1185 electum

271 1223 568 1291 unanimi,
602 1227 663 1278 Β.
704 1221 956 1277 Vedaste
1006 1224 1062 1275 et
1095 1219 1313 1275 sanctis
1362 1218 1461 1291 qui
1504 1220 1563 1273 in
1613 1219 1754 1274 urbe
1806 1219 1931 1290 ipsa

222 1302 225 1305 ⁷
271 1312 582 1385 quondam
630 1310 951 1383 praesedere
1001 1308 1290 1382 pontiﬁcis
1345 1307 1757 1363 constituimus
1798 1324 1927 1361 suc-

272 1416 596 1457 cessorem.
626 1399 737 1455 Per
766 1397 1068 1471 prmsentis
1096 1396 1292 1469 itaque
1341 1396 1626 1469 privilegii
1658 1396 1930 1469 paginam

272 1488 614 1563 legitimum
645 1492 994 1560 perpetuum
1047 1485 1383 1553 statuimus,
1419 1489 1483 1540 ut
1534 1484 1933 1541 Atrebatensis

272 1577 544 1635 Ecclesia
554 1577 827 1648 deinceps
839 1573 1195 1631 cardinalem
1219 1590 1450 1645 semper
1460 1572 1797 1645 episcopum
1817 1590 1935 1628 sor-

274 1666 486 1723 tiatur.
515 1665 811 1737 Quidquid
861 1667 1058 1719 autem
1090 1661 1375 1735 praedictae
1408 1661 1673 1718 Ecclesiae
1707 1662 1768 1716 B.
1825 1662 1932 1716 Re-

275 1755 501 1829 migius
520 1753 789 1815 contulit.
818 1751 1105 1824 quidquid
1128 1749 1387 1823 antiquis
1410 1750 1769 1821 temporibus
1793 1750 1934 1806 dum

271 1842 599 1919 episcopali
630 1841 913 1914 dignitate
944 1838 1186 1913 polleret
1214 1856 1342 1894 eam
1390 1839 1689 1911 possidere
1721 1839 1932 1895 consti-

276 1934 441 2001 terit,
462 1931 643 1989 salvis
664 1928 950 2002 legalibus
978 1927 1266 1983 institutis
1291 1930 1346 1982 et
1379 1928 1648 2030 Romanis
1681 1926 1932 2026 ecclesia:
1965 1966 2012 2030 Β

276 2020 626 2096 privilegiis,
658 2025 849 2075 ratum
883 2017 987 2073 tibi
1019 2034 1086 2073 ac
1116 2016 1235 2071 tuis
1265 2015 1703 2072 successoribus
1745 2016 1933 2071 sanci-

280 2128 421 2168 mus
454 2124 814 2183 permanere.
850 2107 911 2162 In
942 2105 1159 2178 quibus
1187 2103 1529 2161 nominatim
1576 2104 1934 2160 archidiaco-

282 2201 416 2257 nias
447 2199 619 2265 duas,
652 2212 903 2269 quarum
940 2212 1055 2250 una
1082 2194 1500 2259 Atrebatensis,
1520 2192 1703 2249 altera
1724 2193 1937 2249 dicitur

280 2286 789 2351 Obstrevadensis,
823 2285 1071 2358 praefatae
1112 2283 1378 2339 Ecclesiae
1410 2283 1848 2349 confirmamus,
1882 2287 1938 2337 et

281 2378 420 2434 illos
450 2376 693 2445 omnino
723 2374 938 2430 limites
963 2374 1111 2429 inter
1131 2373 1569 2428 Atrebatensem
1593 2377 1649 2427 et
1677 2372 1938 2427 Camera-

280 2482 522 2524 censem
554 2462 843 2521 Ecclesias
876 2462 995 2518 fore
1023 2459 1414 2533 praecipimus,
1435 2477 1582 2532 quos
1612 2460 1937 2532 antiquitus

280 2557 472 2612 fuisse
499 2553 588 2610 vel
622 2552 972 2625 scriptorum
998 2549 1378 2606 monimentis
1404 2549 1491 2604 vel
1514 2549 1937 2605 territoriorum

281 2643 697 2717 diremptione,
736 2640 825 2697 vel
873 2641 1047 2697 certis
1086 2638 1384 2711 aliquibus
1441 2638 1674 2694 indiciis
1731 2640 1942 2712 poterit

281 2732 679 2806 comprobari,
704 2734 769 2786 ut
789 2733 1080 2786 annuente
1101 2729 1216 2784 Deo
1236 2727 1625 2783 Ecclesiarum
1645 2745 1755 2799 pax
1781 2728 1943 2782 nulla

283 2822 593 2880 occasione
623 2820 914 2886 turbetur,
945 2822 1003 2874 et
1033 2834 1160 2889 qua:
1192 2833 1295 2888 pro
1328 2815 1589 2872 fidelium
1621 2816 1808 2873 salute
1828 2821 1943 2873 sta-

281 2918 412 2969 tuta
440 2914 608 2977 sunt,
641 2907 882 2981 perenni
920 2912 1181 2979 tempore
1237 2904 1579 2960 inconvulsa
1625 2905 1942 2962 stabilitate

283 3000 779 3075 persistent.Sane
799 2996 848 3052 si
871 2995 1005 3068 quis
1022 2996 1080 3051 in
1102 2994 1425 3050 crastinum
1446 2993 1938 3067 archiepiscopus,

232 3156 239 3162 η
284 3092 625 3164 episcopus,
659 3087 977 3158 imperator
1034 3089 1135 3139 aut
1162 3100 1281 3150 rex,
1343 3082 1614 3154 princeps
1668 3087 1771 3138 aut
1801 3084 1938 3151 dux,

284 3195 485 3237 comes
518 3181 624 3232 aut
651 3176 995 3243 vicecomes,
1021 3173 1204 3245 judex
1235 3176 1337 3228 aut
1382 3188 1630 3244 persona
1669 3171 1944 3244 quaelibet

284 3283 500 3339 magna
530 3263 620 3320 vel
652 3279 833 3337 parva
861 3262 1040 3333 hujus
1080 3260 1262 3316 nostii
1323 3258 1609 3333 privilegii
1669 3260 1941 3333 paginam

2035 685 2367 741 Decembris
2400 686 2713 743 indictione
2741 704 2816 755 ιν,
2836 706 2988 743 anno
3010 688 3311 745 dominicis
3335 690 3681 749 Incarnatio-

2037 773 2128 829 nis
2169 791 2340 841 mxcv,
2366 775 2737 848 pontificatus
2759 782 2950 833 autem
2973 777 3169 833 domui
3196 777 3404 834 Urbani
3429 798 3589 853 papas
3608 783 3676 838 ll.

2780 866 2942 921 CVII.

2040 953 2247 1027 Urbani
2274 955 2331 1027 (lg
2347 955 2573 1024 epistola
2588 956 2666 1027 ad
2694 956 2959 1011 Alardum
2990 958 3411 1027 Atrebatensem,
3443 962 3680 1016 Remm-

2107 1024 2238 1078 dum
2270 1025 2777 1082 Obstrevandensem
2807 1029 3270 1094 arehz'diueonum,
3304 1024 3411 1085 etc.
3437 1062 3505 1072 -—
3545 1034 3681 1088 Hor-

2109 1098 2265 1178 tatur
2424 1097 2705 1153 Lumberto
2760 1100 3003 1171 episeopo
3053 1101 3391 1159 Atrebatensi
3435 1102 3683 1178 deinceps

2110 1166 2377 1222 obediam.

2641 1241 2843 1313 (Anno.
2896 1242 3076 1313 1094.)

2469 1310 2674 1379 [ΜΑΝει
2710 1311 2912 1367 Coneil.
2955 1310 3065 1382 XX,
3107 1316 3257 1387 674.]

2112 1395 2389 1452 Uanaxus
2405 1398 2733 1470 cpiscopus,
2753 1416 2954 1457 servus
2975 1418 3271 1459 servorum
3306 1404 3426 1473 Dei,
3458 1406 3686 1465 dilectis

2043 1485 2178 1541 ﬁliis
2196 1488 2427 1541 Aunno
2440 1488 2800 1544 Atrebatensi
2813 1532 2825 1555 ,
2841 1490 3151 1547 Benxanno
3176 1493 3683 1567 Obstrevandensi,

2043 1575 2489 1645 archidiaconis,
2522 1580 2578 1631 et
2607 1577 2879 1633 omnibus
2896 1581 3221 1651 prazpositis
3250 1586 3424 1653 atque
3451 1584 3687 1641 decanis

2042 1681 2177 1719 cum
2209 1664 2483 1720 omnibus
2514 1664 2736 1721 clericis
2767 1666 2863 1737 qui
2898 1667 2954 1721 in
2998 1669 3286 1739 prredictis
3325 1671 3687 1729 archidiaco-

2044 1754 2158 1808 niis
2191 1756 2345 1819 sunt,
2381 1752 2631 1809 salutem
2674 1760 2729 1810 et
2777 1756 3154 1827 apostolicam
3203 1757 3686 1818 benedictionem.

2112 1842 2453 1914 Apostolicae
2485 1844 2644 1900 sedis
2676 1861 2780 1899 nos
2803 1846 3101 1917 compellit
3119 1849 3435 1905 auctoritas
3466 1852 3692 1907 univer-

2044 1930 2125 1986 sis
2156 1947 2257 2002 per
2286 1933 2484 1987 orbem
2516 1937 2803 1988 terrarum
2838 1934 3111 1990 Ecclesiis
3143 1937 3461 2008 providere,
3496 1942 3553 1995 et
3581 1957 3692 1996 sua

2036 2021 2175 2090 jura
2207 2021 2584 2091 poscentibus
2618 2026 2856 2094 paterna
2895 2024 3300 2096 compassione
3331 2043 3689 2085 succurrere.

2045 2109 2191 2173 Quia
2210 2109 2389 2181 igitur
2410 2111 2808 2167 Atrebatensis
2830 2112 3087 2168 Ecclesia
3110 2113 3315 2171 multis
3327 2116 3454 2186 jam
3476 2121 3694 2190 tempo-

2047 2198 2210 2254 ribus
2240 2197 2473 2270 propria
2500 2216 2703 2255 carens
2734 2200 3018 2271 dignitate
3049 2201 3486 2260 Cameracensis
3508 2204 3694 2261 Eccle-

2046 2286 2140 2342 sia:
2163 2288 2371 2357 jugum
2407 2286 2661 2358 pertulit,
2719 2288 2962 2359 dignum
3008 2290 3264 2361 profecto
3298 2292 3593 2349 duximus
3631 2298 3695 2349 ut

2047 2375 2395 2446 prOpiliante
2428 2375 2674 2431 Domino
2697 2376 2919 2433 amissa
2944 2377 3265 2450 eidignitas
3282 2396 3350 2435 ex
3362 2380 3692 2452 apostolicae

2049 2464 2204 2519 sedis
2235 2463 2511 2537 dignitate
2534 2464 2958 2521 restitueretur.
2984 2468 3179 2539 Neque
3200 2467 3355 2524 enim
3386 2471 3694 2542 subjectio-

2049 2569 2180 2613 nem
2212 2552 2609 2608 Atrebatensis
2640 2553 2907 2610 Ecclesiae
2938 2554 3174 2627 aliquod
3199 2557 3471 2614 Romanae
3503 2565 3695 2616 aucto-

2050 2641 2241 2695 ritatis
2271 2640 2725 2714 chirographum
2768 2645 3286 2700 Cameracensibus
3317 2646 3587 2715 vindicat,
3638 2652 3696 2704 et

2048 2730 2446 2785 Atrebatensis
2471 2729 2631 2786 urbis
2655 2731 3016 2803 populositas
3029 2732 3368 2806 longeillam
3394 2734 3485 2790 cui
3507 2735 3695 2791 hacte-

2051 2835 2163 2873 nus
2195 2818 2429 2872 subdita
2470 2819 2659 2875 fuerat
2711 2820 3012 2877 antecedit.
3047 2823 3115 2877 Et
3156 2838 3449 2879 canonum
3500 2824 3696 2898 itaque

2051 2906 2319 2973 decretis,
2378 2913 2432 2963 et
2493 2910 2983 2980 praedecessorum
3043 2916 3375 2968 nostrorum
3415 2914 3696 2987 exemplis

2052 2994 2200 3062 freti,
2226 3012 2381 3051 nunc
2395 2997 2629 3052 tandem
2649 3004 2941 3054 annuente
2955 2999 3202 3055 Domino
3222 3001 3696 3059 Atrebatensium

2049 3084 2389 3154 votisjustis
2412 3089 2469 3139 et
2481 3084 2855 3157 petitionibus
2871 3087 2945 3141 im
2957 3092 3122 3159 portu
3134 3089 3223 3143 nis
3236 3089 3509 3146 effectum
3535 3090 3697 3147 dedi-

2053 3189 2202 3240 mus,
2261 3178 2316 3227 et
2372 3174 2759 3229 venerabilem
2808 3175 2994 3230 virum
3057 3176 3451 3254 Lambertum,
3521 3196 3697 3254 quem

2052 3260 2351 3317 communi
2385 3278 2628 3317 assensu
2661 3262 2909 3318 electum
2958 3265 3030 3318 ad
3066 3281 3170 3319 nos
3219 3252 3352 3320 cum
3400 3252 3698 3322 communi

284 3331 501 3423 sciens,
521 3331 728 3409 cont-ra
749 3368 876 3408 eam
894 3331 1112 3407 temere
1132 3331 1940 3418 venire-tentaverit,ﬁsecundo
1973 3331 2015 3399 C
2054 3349 2285 3404 decreto
2317 3349 2694 3415 deduxerant,
2728 3350 2785 3405 in
2819 3351 3158 3423 episcopum
3204 3354 3696 3410 consecravimus.

284 3445 529 3502 tertiove
560 3441 975 3509 commonitus,
1007 3440 1058 3496 si
1096 3457 1211 3494 non
1262 3437 1658 3494 satisfactione
1689 3454 1946 3510 congrua

283 3531 704 3597 emendaverit,
728 3529 1033 3603 potestatis
1054 3527 1410 3599 honorisque
1428 3527 1519 3583 sui
1551 3527 1832 3600 dignitate
1855 3544 1945 3583 ca-

284 3627 430 3691 reat,
448 3636 735 3693 reumque
748 3634 808 3674 se
822 3618 1016 3673 divino
1026 3616 1251 3687 judicio
1269 3617 1514 3672 existere
1530 3616 1599 3671 de
1616 3620 1945 3688 perpetrata

284 3711 602 3784 iniquitate
633 3711 965 3780 cognoscat,
1014 3710 1071 3761 et
1100 3723 1134 3760 a
1164 3705 1564 3761 sacratissimo
1622 3721 1859 3777 corpore
1888 3710 1945 3761 et

287 3798 581 3873 sanguine
610 3796 712 3852 Dei
745 3812 811 3851 ac
856 3792 1084 3850 Domini
1135 3793 1539 3864 Redemptoris
1588 3793 1769 3848 nostri
1802 3793 1943 3849 Jesu

287 3888 507 3945 Christi
543 3885 771 3941 alienus
805 3883 925 3949 ﬁat,
959 3888 1135 3954 atque
1157 3882 1215 3937 in
1260 3886 1516 3938 extremo
1547 3881 1811 3938 examine
1855 3882 1941 3937 di-

288 3977 508 4035 stricta
539 3973 749 4030 ultioni
784 3972 1102 4043 subiaceat.
1135 3970 1372 4026 Cunctis
1428 3971 1618 4026 eidem
1668 3971 1782 4026 ista
1818 3970 1944 4027 loco

288 4064 666 4125 servantibus
680 4062 758 4118 sit
778 4078 889 4134 pax
915 4059 1141 4116 Domini
1161 4060 1387 4115 nostriJ
1392 4076 1495 4115 esu
1508 4059 1943 4132 Christi,quate-

288 4171 406 4211 nus
431 4157 491 4210 et
509 4150 607 4207 hic
630 4151 887 4205 fructum
908 4149 1072 4204 bonae
1095 4147 1338 4204 actionis
1361 4147 1761 4220 percipiant,et
1790 4149 1944 4220 apud

285 4242 627 4300 districtum
648 4238 910 4311 judicem
934 4239 1175 4311 praemia
1195 4241 1409 4293 aeterna
1432 4237 1593 4309 pacis
1624 4237 1944 4293 inveniant.

358 4330 684 4387 Benedictus
713 4329 852 4384 Deus
994 4327 1291 4398 Scriptum
1332 4342 1434 4397 per
1482 4343 1720 4381 manum
1770 4325 1947 4381 Boni-

384 4398 389 4403 1
471 4423 523 4474 et
576 4419 746 4473 Pater
924 4414 1184 4471 hominis
1236 4412 1524 4487 sqriniarii
1581 4414 1728 4469 sacri
1787 4413 1945 4486 pala-

431 4509 489 4565 S.
710 4505 767 4562 S.
921 4505 1008 4561 tii.
1060 4507 1272 4560 Datum
1305 4503 1503 4558 Romae
1543 4519 1647 4575 per
1702 4520 1946 4558 manum

366 4600 561 4654 Petrus
634 4596 844 4650 Paulus
898 4593 1184 4660 ‘Joannis,
1220 4593 1380 4648 11.8.
1434 4592 1496 4646 E.
1540 4590 1772 4647 diaconi
1821 4608 1945 4647 car-

486 4685 734 4743 Urbanus

427 4777 544 4832 PP.
714 4774 783 4828 II.
933 4770 1185 4827 dictione
1216 4788 1276 4839 ιι,
1311 4787 1462 4824 anno
1504 4768 1816 4825 Dominicaz
1851 4770 1945 4824 [n-

383 4863 612 4922 Domim'
666 4863 839 4919 nostri
939 4858 1294 4917 carnationis
1344 4860 1483 4915 1093
1528 4858 1669 4931 (2’1),
1709 4858 1944 4931 pontiﬁ-

412 4955 542 5010 Jesu
574 4952 799 5009 Christi.
934 4954 1100 5005 catus
1131 4952 1325 5005 autem
1375 4946 1599 5003 domini
1645 4945 1861 5003 Urbani
1897 4945 1947 5002 ΙΙ

802 5072 805 5075 -
936 5055 1097 5110 papae
1129 5038 1400 5110 septimo.

363 5130 693 5189 Recitatum
708 5132 798 5186 est
810 5131 1008 5184 autem
1020 5126 1130 5183 hoc
1144 5125 1514 5199 privilegium
1536 5125 1594 5181 in
1619 5125 1951 5180 Claromon-

287 5221 445 5278 tensi
475 5218 724 5276 concilio
746 5234 814 5273 ex
832 5219 1117 5289 praecepto
1135 5215 1334 5270 domni
1359 5214 1571 5270 Urbani
1599 5215 1671 5282 Il,
1701 5213 1792 5268 cui
1823 5213 1948 5285 ipse

291 5308 588 5383 praesedit,
623 5310 680 5362 et
717 5322 851 5362 cum
885 5320 951 5360 eo
987 5303 1313 5359 cardinales
1362 5303 1630 5368 Romani,
1666 5300 1948 5373 archiepi-

290 5398 455 5472 scopi
488 5413 612 5465 xm,
645 5394 902 5468 episcopi
952 5410 1149 5457 conv,
1196 5392 1434 5448 abbntcs
1478 5410 1611 5447 vero
1673 5408 1741 5446 xc
1772 5397 1826 5445 et
1884 5408 1949 5445 eo

291 5484 591 5559 amplius;
634 5482 891 5555 exceptis
925 5479 1190 5536 honestis
1213 5484 1268 5535 et
1289 5479 1572 5553 religiosis
1591 5480 1954 5534 diversarum

289 5576 602 5649 regionum
620 5577 677 5628 et
696 5570 1128 5645 provinciarum
1152 5568 1374 5625 clericis
1385 5574 1442 5625 et
1462 5568 1953 5625 laicis.Etintente

282 5670 351 5721 et
378 5664 487 5721 sub
511 5677 726 5735 magno
748 5659 977 5717 silentio
1009 5658 1081 5714 ab
1114 5657 1274 5712 omni
1295 5674 1573 5714 concessu
1597 5655 1831 5713 concilii
1856 5673 1954 5712 au-

373 5754 488 5824 (24)
522 5748 694 5808 Falsa
726 5749 945 5805 notatio
977 5745 1278 5817 temporis.
1305 5746 1487 5803 Hann.

2049 3439 2120 3494 Et
2150 3455 2394 3509 quaeque
2426 3437 2498 3492 ad
2528 3438 2965 3494 Atrebatensem
2996 3440 3329 3512 parochiam
3371 3441 3698 3515 antiquitus

2051 3526 2406 3599 pertinuisse
2435 3532 2779 3593 noscuntur,
2815 3528 2927 3599 ipsi
2959 3534 3015 3583 et
3045 3529 3230 3601 ipsius
3260 3531 3700 3587 successoribus

2052 3619 2331 3687 perpetuo
2391 3616 2665 3688 regenda,
2697 3621 2754 3672 et
2809 3616 3124 3689 episcopali
3170 3619 3303 3689 jure
3348 3619 3702 3690 possidenda

2055 3702 2346 3776 privilegii
2379 3704 2724 3761 auctoritate
2753 3706 3079 3761 ﬁrmamus.
3113 3706 3468 3762 Nominatim
3510 3698 3698 3764 archi-

2052 3793 2350 3847 diaconias
2381 3793 2548 3860 duas,
2584 3810 2834 3865 quarum
2882 3812 3000 3850 una
3040 3796 3462 3864 Atrebatensis,
3522 3795 3702 3853 altera

2054 3881 2268 3937 dicitur
2296 3881 2835 3938 Obstrevandensis.
2868 3884 3134 3940 Vestram
3165 3900 3301 3957 ergo
3333 3884 3700 3941 dilectionem

2052 3971 2264 4026 litteris
2290 3971 2676 4043 praesentibus
2705 3973 3091 4028 admonemus
3123 3978 3298 4045 atque
3328 3972 3700 4046 praecipimus

2056 4062 2119 4114 ut
2140 4059 2189 4114 ei
2215 4058 2486 4131 deinceps
2513 4065 2793 4133 tanquam
2821 4062 3099 4118 cardinali
3119 4063 3700 4136 episcopo,tanquam

2054 4149 2117 4204 B.
2152 4148 2303 4203 Petri
2365 4149 2640 4205 manibus
2690 4157 3028 4207 consecrato
3075 4154 3318 4208 subesse
3365 4156 3423 4208 et
3468 4151 3703 4208 obedire

2056 4237 2291 4293 curetis.
2326 4237 2487 4292 Unde
2516 4243 2573 4293 et
2627 4256 2726 4295 vos
2757 4244 2813 4295 et
2865 4239 3107 4296 clericbs
3164 4241 3463 4298 universos
3502 4242 3603 4314 qui
3641 4240 3702 4297 in

2058 4326 2348 4398 praedictis
2378 4326 2827 4384 archidiaconiis
2860 4335 3019 4396 sunt,
3053 4347 3086 4385 a
3119 4330 3476 4401 professione
3509 4329 3703 4387 Eccle-

2058 4415 2156 4470 siae
2187 4413 2621 4471 Cameracensis
2645 4416 3030 4474 absolvimus.
3064 4418 3123 4473 Si
3155 4418 3253 4490 qui
3278 4434 3409 4472 vero
3432 4418 3583 4473 inter
3602 4434 3705 4473 vos

2056 4502 2236 4575 hujus
2265 4508 2481 4559 nostrae
2513 4506 2948 4563 constitutionis
2980 4510 3176 4563 tenore
3216 4510 3515 4579 perspecto
3554 4523 3705 4578 pra:-

2057 4592 2211 4647 dicto
2239 4594 2515 4648 confralri
2547 4600 2745 4651 nostro
2777 4595 3143 4652 Atrobatcnsi
3175 4595 3443 4669 episcopo
3474 4584 3707 4651 cbedire

922 4681 1159 4751 dinalis,
1193 4700 1229 4737 x
1280 4681 1513 4737 Kalend.
1569 4678 1807 4752 Aprilis,
1850 4680 1940 4736 in-
1973 4693 2019 4760 ι)
2050 4681 2524 4753 contempserint,
2563 4700 2978 4757 quamcunque
3008 4685 3066 4740 in
3089 4702 3187 4742 eos
3216 4683 3563 4740 sententiam
3586 4684 3711 4756 ipse

2054 4769 2368 4842 episcopali
2400 4772 2800 4829 moderatione
2829 4774 3150 4842 dictaverit,
3186 4771 3547 4829 auctoritatis
3578 4789 3709 4829 nos-

2054 4861 2158 4913 trae
2188 4859 2442 4930 pondere
2474 4861 2646 4917 ﬁrma
2670 4867 3028 4934 permaneat.

2133 4946 2272 5002 Data
2303 4948 2496 5003 Romae
2526 4967 2583 5005 1x
2613 4950 2740 5006 Kal.
2773 4951 3008 5024 Aprilis.

2797 5041 2991 5098 CVIII.

2062 5124 2267 5197 ι]νρᾳηί
2288 5127 2338 5181 II
2368 5128 2600 5197 epistola
2630 5129 2701 5184 ad
2728 5130 2980 5185 Aloldum
3011 5131 3065 5185 S.
3109 5129 3336 5197 l’edasii,
3378 5129 3712 5186 Richardum

2129 5195 2575 5267 Illarcianénsem,
2618 5201 2897 5257 Albertum
2951 5195 3408 5267 Ilasnoniensem,
3458 5202 3708 5257 Homeri-

2131 5284 2253 5341 cum
2282 5270 2769 5340 Aquz‘cinelensem,
2820 5273 3056 5337 abbatcs,
3085 5281 3136 5327 et
3171 5275 3229 5327 S.
3280 5271 3631 5341 Ragen/‘redis
3658 5272 3709 5326 et

2130 5339 2501 5414 Strumensem
2548 5342 2868 5398 abbatissas.
2898 5375 2965 5385 —
3017 5346 3143 5400 Illos
3188 5339 3384 5414 parere
3429 5339 3709 5399 Lamberto

2130 5412 2372 5482 episeopo
2393 5414 2734 5469 Atrebatensi
2746 5418 2933 5484 jubet.

2687 5504 2874 5573 (Anno
2906 5503 3090 5567 4094.)
3210 5572 3251 5573 η
3300 5561 3305 5565 .

2310 5571 2565 5642 [ΒΑιυΖ.,
2598 5571 2818 5630 Misce”.
2869 5575 3005 5629 edit.
3040 5574 3175 5628 Luc.
3208 5572 3278 5639 ΙΙ,
3313 5572 3459 5641 133.]

2134 5656 2409 5715 URBANUS
2431 5661 2763 5733 episcopus,
2789 5666 3303 5741 servusservorum
3337 5658 3459 5727 Dei,
3478 5660 3708 5742 dilectis
