3928 6208
356 412 474 498 33.3

1649 407 1722 495 .n.
1767 405 2062 497 .UBBANI
2107 404 2462 493 1.1mm.

3624 413 3730 496 εει

357 548 495 630 ﬁliis
524 550 750 608 ALoLno
772 542 1247 614 SanotiVedasti,
1272 542 1560 602 Richardo
1590 542 1996 612 Marcianensi,
2026 542 2082 611 Α
2110 541 2404 626 prosequi,
2437 545 2504 622 ut
2535 539 2869 624 quicunque
2900 539 2961 629 in
3010 541 3243 628 duabus
3284 529 3728 630 archidiaconiis,

356 623 591 695 Alberto
616 636 998 705 Hasnonensi,
1029 635 1332 693 Hamerico
1371 634 1746 708 Aquicinensi
1777 633 2000 690 abbati-

355 729 467 785 bus
493 754 506 798 ;
537 713 676 784 item
710 726 1018 803 abbatissae
1049 725 1272 781 Sanctae
1304 724 1705 800 Regenfredis,
1735 727 1793 778 et
1823 723 1998 778 abba-

347 804 511 874 tissa;
541 815 890 884 Strumensi,
925 812 1172 870 salutem
1205 817 1263 869 et
1308 812 1686 886 apostolicam
1728 812 1996 868 benedic-

352 907 594 963 tionem.

423 994 761 1068 Apostolicaa
790 993 967 1060 sedis,
1020 997 1152 1060 etc.,
1217 995 1271 1047 ut
1313 1009 1481 1064 supra
1535 1008 1704 1064 usque
1749 991 1995 1063 dignum

352 1085 626 1142 duximus
657 1089 723 1138 ut
752 1083 1014 1156 ejusdem
1044 1081 1309 1138 Ecclesia:
1342 1080 1477 1136 ﬁliis
1522 1079 1803 1136 amissam
1834 1096 1994 1154 repe-

351 1174 609 1232 tentibus
639 1172 1003 1245 dignitatem,
1039 1175 1250 1226 nostra;
1282 1169 1656 1242 benignitatis
1689 1167 1993 1225 inclinare-

351 1280 486 1320 mus
517 1277 844 1319 assensum.
877 1261 1074 1332 Neque
1123 1259 1303 1324 enim,
1336 1264 1468 1326 etc.,
1502 1264 1561 1314 ut
1611 1275 1780 1330 supra
1825 1275 1996 1328 usque

349 1351 662 1426 episcopali
685 1351 819 1422 jure
841 1350 1194 1423 possidenda
1215 1349 1597 1414 ﬁrmavimus,
1621 1347 1990 1414 nominatim,

346 1425 480 1510 οἷα,
511 1425 787 1512 ιιιέιιρντι
829 1455 1000 1510 usque
1054 1438 1359 1494 dictaverit
1415 1439 1584 1493 ﬁrma
1634 1441 1989 1510 permaneat.

345 1532 582 1608 Datum,
616 1534 674 1584 ut
703 1545 889 1600 supra.

1095 1632 1232 1689 CIX.

353 1727 558 1785 Urbani
610 1724 660 1788 11
711 1724 942 1796 cpistola
997 1722 1096 1796 ad”
1133 1722 1463 1786 Rainaldum
1513 1724 1997 1796 archiepiscopum

420 1795 814 1854 Rememem'et
838 1795 954 1865 ejus
984 1795 1376 1867 suﬂ'raganeos.
1407 1824 1472 1836 —
1502 1795 1849 1867 Lambertum
1869 1795 1994 1867 epi-

419 1884 638 1942 :copum
665 1865 1075 1923 Atrebatensem'
1096 1866 1212 1922 illis
1240 1865 1593 1922 commendat.

988 1956 1174 2027 (Anno
1201 1953 1385 2027 4094.)

805 2044 1013 2119 [MANE]
1046 2045 1252 2101 Concil.
1285 2044 1397 2112 XX,
1425 2045 1578 2118 673.]

420 2153 699 2230 Unsmus
722 2151 1050 2225 episcopus,
1071 2167 1273 2208 servus
1294 2167 1590 2208 servorum
1613 2151 1736 2219 Dei,
1771 2152 1996 2209 dilectis

348 2241 628 2298 fratribus
659 2245 716 2297 et
743 2240 1100 2319 coepiscopis
1132 2241 1439 2296 RAYNALDO
1471 2241 1742 2298 Remensi
1786 2246 1843 2297 et
1873 2243 1996 2298 suf-

347 2330 639 2404 fraganeis
668 2331 816 2402 ejus,
851 2329 1099 2385 salutem
1131 2334 1187 2386 et
1213 2329 1592 2403 apostolicam
1641 2330 1994 2388 benedictio-

350 2437 506 2477 nem.

417 2511 562 2566 Cum
595 2509 1006 2565 Atrebatenses
1037 2506 1228 2564 clerici
1257 2508 1507 2565 electum
1532 2527 1707 2565 suum
1740 2527 1870 2566 cum
1903 2512 1995 2568 de-

345 2601 500 2654 creto
530 2596 829 2654 communi
854 2596 1170 2670 praesentiae
1193 2601 1404 2653 nostris
1435 2597 1859 2668 exhibuissent,
1888 2616 1994 2656 nos

345 2704 446 2744 eos
487 2686 642 2759 apud
693 2703 800 2759 nos
844 2685 1070 2757 integro
1123 2685 1345 2742 mensis
1384 2686 1572 2758 spatio
1621 2687 1990 2757 retinuimus,

344 2775 880 2841 Cameracensium,
922 2772 1322 2848 praestolantes
1379 2775 1712 2843 adventum,
1769 2777 1817 2831 si
1851 2777 1995 2833 forte

346 2863 585 2935 aliquod
603 2863 1037 2919 munimentum
1049 2862 1324 2919 aﬂ'errent
1339 2880 1439 2936 per
1451 2864 1604 2936 quod
1617 2865 1992 2921 Cameracen-

346 2952 397 3008 si
418 2951 681 3024 Ecclesiae
703 2951 1104 3008 Atrebatensis
1125 2951 1419 3006 videretur
1431 2969 1554 3008 esse
1572 2953 1853 3023 subjecta.
1874 2954 1991 3027 Ipsi

341 3043 544 3120 autem
575 3041 727 3097 sicut
755 3040 813 3096 in
845 3039 1150 3113 praeteritis
1180 3040 1464 3115 terminis,
1499 3039 1580 3096 ita
1609 3045 1665 3096 et
1701 3045 1841 3098 tunc
1875 3060 1991 3100 non

343 3134 641 3199 venerunt,
675 3145 780 3185 nec
805 3145 1029 3197 causas,
1057 3145 1162 3184 cur
1190 3144 1304 3185 non
1333 3133 1608 3186 venerant
1636 3131 1989 3188 direxerunt.

341 3219 458 3276 Nos
489 3218 670 3292 igitur
689 3219 917 3291 justam
953 3219 1190 3274 omnino
1235 3235 1474 3274 causam
1517 3219 1987 3278 Atrebatensium

2109 618 2376 689 videlicet
2393 618 2757 690 Atrebatensi
2785 618 3359 702 etObstrevandensi,
3375 629 3567 694 clerici
3587 618 3730 708 sunt,

2109 737 2142 777 a
2173 721 2529 792 professione
2558 721 2995 778 Cameracensis
3041 721 3309 779 Ecclesia
3357 725 3729 785 absolvantur.

2107 809 2168 865 Si
2201 810 2301 882 qui
2333 828 2465 866 vero
2495 811 2728 868 obedire
2749 813 3226 884 contempserint,
3257 817 3732 896 quamcunquein

2107 915 2205 955 eos
2236 900 2587 956 sententiam
2621 901 2744 980 ipse
2773 900 3089 982 episcopali
3130 902 3522 960 moderatione
3567 905 3731 983 dicta-

2105 988 2255 1044 veris
2285 989 2458 1045 ﬁrma
2487 993 2846 1062 permaneat.
3593 985 3596 992 ’

2177 1077 2323 1133 Data
2354 1078 2547 1134 Romae
2578 1095 2674 1134 VIII
2706 1078 2995 1135 Kalendas
3022 1078 3256 1151 Aprilis.

2877 1193 2984 1250 CX.

2109 1281 2314 1355 Urbani
2342 1282 2393 1338 Il
2419 1283 2644 1355 epistola
2682 1283 2751 1354 ad
2788 1283 3138 1355 Guillelmum
3184 1285 3605 1342 Pictaviemium
3654 1304 3730 1344 co-

2172 1354 2376 1408 mitem.
2411 1354 2478 1394 -ὲ-
2508 1355 2768 1411 Hortatur
2796 1359 2854 1410 ut
2891 1354 3073 1412 ablata
3120 1357 3450 1413 monasterio
3478 1356 3480 1358 ’
3505 1357 3730 1415 Vindoci-

2173 1427 2331 1480 nensi
2353 1425 2558 1482 reddat.

2725 1516 2909 1586 (Anno
2938 1516 3122 1588 4094.)

2106 1601 2273 1674 [Opp.
2323 1603 2624 1660 ,Godet‘ridi
2674 1604 3129 1748 Vinciat-immoti.
3189 1603 3509 1671 Sirmond.,
3566 1605 3729 1676 in-12,

2723 1693 2795 1733 no
2828 1719 2864 1742 .,
2897 1694 2952 1748 p.
2980 1728 2982 1730 .
3057 1713 3073 1731 .

2723 1693 2864 1742 non,
2897 1694 2952 1749 p.
2980 1693 3073 1733 νι.

2175 1789 2456 1847 υιιΒΑκυε
2477 1789 2807 1864 eqiscopus,
2841 1807 3042 1848 servus
3063 1807 3367 1870 servorum
3387 1791 3511 1870 Dei,
3545 1791 3733 1851 dilecto

2107 1876 2225 1934 ﬁlio
2257 1878 2591 1936 GUILLELMO
2624 1879 3072 1954 Pictaviensium
3132 1880 3358 1958 comiti,
3391 1880 3642 1958 salutem
3685 1886 3734 1939 et

2106 1967 2485 2040 apostolicam
2514 1968 3002 2025 benedictionem.
3141 1955 3144 1958 ’
3316 1955 3319 1958 ’
3391 1955 3395 1958 ’
3448 1955 3452 1964 ’

2175 2057 2338 2131 Saspe
2366 2061 2532 2114 tuam
2577 2056 2837 2114 indolem
2896 2058 3376 2115 commonuimus
3431 2062 3499 2115 ut
3535 2059 3732 2133 egregii

2105 2145 2386 2219 principis
2407 2147 2590 2220 patris
2621 2146 2706 2202 tui
2737 2145 3100 2203 devotionem
3150 2151 3329 2219 atque
3384 2147 3730 2221 prudentiam

2105 2233 2375 2292 imiteris.
2401 2236 2530 2308 Ipse
2555 2235 2919 2312 principatus
2955 2236 3047 2292 sui
3071 2235 3350 2312 ecclesias
3379 2237 3731 2314 devotissime

2104 2323 2304 2393 coluit,
2329 2323 2526 2396 plures
2553 2324 2727 2381 rebus
2759 2324 2884 2381 suis
2909 2323 3133 2401 ditavit,
3165 2340 3347 2401 novas
3369 2326 3541 2382 etiam
3563 2343 3595 2382 a
3614 2325 3724 2403 fun-

2105 2413 2398 2486 damentis
2425 2413 2726 2470 exstruxit.
2761 2413 2842 2470 De
2871 2418 2925 2470 te
2956 2430 3088 2470 vero
3120 2414 3410 2492 miramur
3442 2431 3455 2472 :
3489 2414 3583 2488 qui
3611 2431 3729 2471 eum

2105 2501 2235 2558 aliis
2266 2501 2438 2559 bonis
2467 2502 2682 2558 studiis
2714 2507 3000 2575 quantum
3033 2505 3103 2558 ad
3138 2501 3387 2560 militem
3417 2502 3650 2577 polleas,
3677 2503 3729 2558 in

2103 2590 2213 2647 hoc
2243 2608 2277 2646 a
2306 2590 2492 2663 patris
2521 2590 2606 2646 tui
2650 2591 2938 2662 probitate
2998 2591 3356 2664 degenerare
3407 2591 3730 2666 perhiberis,

2104 2679 2258 2752 quod
2288 2677 2664 2752 ecclesiarum
2685 2679 2820 2749 jura
2840 2680 3167 2754 perturbes,
3199 2682 3256 2736 et
3285 2697 3437 2754 quas
3467 2680 3563 2737 ille
3607 2667 3728 2736 iun-

2103 2767 2261 2823 davit
2291 2767 2596 2840 exspolies.
2632 2765 2897 2823 Pervenit
2926 2768 2998 2823 ad
3031 2785 3137 2824 nos
3188 2755 3346 2840 quod
3400 2768 3729 2826 monasterio

2101 2856 2516 2934 Vindocincnsi
2547 2855 2852 2913 ecclesiam
2884 2856 3044 2913 Beati
3097 2845 3354 2931 Georgii,
3388 2858 3448 2914 in
3488 2845 3729 2915 Oleronis

2101 2944 2297 3001 insula
2325 2946 2521 3014 sitam,
2549 2962 2684 3002 cum
2716 2946 2971 3021 quadam
2990 2945 3211 3018 optima
3229 2950 3390 3003 terra
3417 2943 3724 3004 abstuleris.

2102 3033 2409 3106 Teitaque,
2434 3033 2678 3090 charissi
2687 3050 2778 3090 me
2798 3033 2901 3103 ﬁli,
2915 3034 3303 3107 praesentibus
3327 3031 3533 3092 litteris
3551 3023 3729 3092 admo-

2100 3139 2310 3198 nemus
2340 3126 2406 3179 ut
2429 3122 2582 3180 sicut
2609 3127 2945 3199 sanctorum
2975 3122 3376 3196 apostolorum
3405 3129 3463 3180 et
3485 3115 3728 3181 nostram

2099 3212 2347 3286 gratiam
2378 3212 2594 3288 diligis,
2628 3211 2933 3287 ecclesiam
2963 3211 3127 3268 illam
3150 3217 3207 3268 et
3226 3216 3436 3270 caetera
3455 3231 3577 3286 quas
3603 3212 3728 3268 Vin-

341 3289 782 3381 perpendentes,
798 3311 854 3364 et
873 3307 1101 3364 labores
1125 3325 1228 3381 pro
1250 3307 1518 3365 Ecclesia-
1541 3326 1658 3365 sua:
1673 3309 1990 3368 restitutio-
2017 3289 2061 3357 C
2100 3300 2515 3358 docinensibus
2531 3300 2834 3358 monachis
2856 3300 3176 3366 abstulisti,
3191 3301 3249 3356 in
3268 3317 3470 3358 eorum
3491 3305 3728 3376 potests-

340 3414 414 3454 ne
425 3398 552 3470 jam
581 3397 842 3454 diutinos
862 3396 1180 3470 apostolica
1201 3397 1652 3455 mansuetudine
1673 3399 1988 3473 respicien-

338 3489 446 3555 tes,
471 3491 807 3544 sanctorum
824 3503 1114 3544 canonum
1133 3486 1380 3543 decretis
1397 3490 1454 3543 et
1478 3487 1807 3560 apostolica:
1830 3489 1987 3546 sedis

332 3576 675 3652 auctoritate
702 3575 934 3644 muniti,
968 3575 1312 3648 religiosum
1343 3593 1409 3631 ac
1441 3577 1767 3649 sapientem
1795 3578 1987 3634 virum

336 3665 735 3734 Lambertum,
772 3681 947 3738 quem
980 3665 1052 3720 ad
1085 3681 1191 3720 nos
1221 3665 1600 3734 deduxerant,
1645 3666 1706 3721 Β.
1740 3667 1988 3724 Vedasto

335 3759 392 3810 et
416 3755 643 3828 sanctis
661 3753 791 3809 aliis
815 3752 1192 3825 pontiﬁcibus
1209 3753 1309 3825 qui
1341 3753 1400 3808 in
1414 3754 1778 3810 Atrebatensi
1800 3755 1987 3812 Eccle-

334 3843 423 3898 sia
443 3843 739 3916 quondam
758 3842 1179 3914 praesederunt,
1193 3839 1432 3897 tandem
1450 3840 1731 3915 largiente
1743 3845 1987 3900 Domino

333 3932 706 3988 instituimus
725 3945 1144 3986 successorem.
1171 3929 1340 3986 Salva
1361 3931 1420 3985 in
1442 3931 1719 3988 omnibus
1742 3933 1987 3990 Remen-

334 4020 416 4077 sis
434 4017 772 4090 metropolis
787 4017 1125 4084 reverentia,
1143 4034 1322 4091 quam
1336 4019 1602 4076 videlicet
1615 4019 1818 4078 multis
1836 4026 1987 4078 retro

333 4108 699 4181 temporibus
720 4107 1118 4174 imminutam,
1136 4123 1292 4162 nunc
1313 4109 1548 4164 tandem
1571 4124 1675 4180 per
1696 4109 1991 4168 humilita-

331 4201 454 4265 tem
484 4199 747 4252 nostram
779 4195 1150 4268 omnipotens
1183 4196 1333 4250 Deus
1363 4195 1424 4250 in
1454 4187 1617 4268 parte
1646 4197 1756 4254 hac
1795 4199 1986 4255 redin-

331 4289 559 4358 tegrare
581 4284 858 4357 dignatus
877 4287 984 4341 est.
1013 4285 1161 4340 Eum
1184 4284 1378 4355 itaque
1407 4285 1480 4342 ad
1498 4303 1600 4342 vos
1621 4303 1753 4343 cum
1778 4286 1987 4346 litteris

332 4372 717 4447 praesentibus
756 4373 1122 4430 remittentes
1151 4373 1421 4430 charitati
1454 4378 1656 4431 vestris
1706 4377 1988 4436 attentius

332 4464 840 4531 commendamus,
872 4468 1147 4542 rogantes
1179 4479 1244 4530 ac
1275 4463 1679 4538 praecipientes
1729 4470 1794 4522 ut
1829 4467 1882 4523 ei
1914 4469 1986 4526 ad

330 4553 852 4626 redintegrandum
875 4552 1204 4610 commissae
1220 4551 1332 4608 sibi
1349 4552 1616 4608 Ecclesia:
1631 4559 1850 4613 statum
1863 4559 1989 4614 tan-

332 4659 508 4716 quam
527 4643 807 4709 confratri
830 4647 886 4698 et
910 4642 1251 4715 coepiscopo
1274 4639 1519 4699 sollicite
1540 4643 1848 4702 assistatis.
1867 4647 1987 4704 Nos
2015 4663 2064 4730 D

332 4732 625 4805 siquidem
657 4736 892 4791 auctore
923 4732 1040 4788 Deo
1061 4730 1394 4805 legitimum
1425 4732 1850 4806 sempiternum
1874 4741 1986 4794 sta-

287 4826 292 4827 '
329 4821 575 4892 tuimus,
608 4826 673 4878 ut
700 4820 1102 4878 Atrebatensis
1131 4819 1390 4877 Ecclesia
1410 4821 1691 4880 cardinali
1710 4825 1984 4901 deinceps

329 4909 589 4983 potiatur
625 4910 919 4983 episcopo.
953 4909 1116 4972 Quod
1140 4911 1434 4980 annuente
1465 4910 1578 4966 Deo
1609 4915 1666 4968 et
1685 4912 1984 4988 religionis

333 5002 647 5071 augmento
678 5003 736 5054 et
767 4997 1097 5053 animarum
1128 4995 1323 5064 saluti,
1366 5003 1423 5054 et
1450 5001 1756 5073 temporali
1796 5003 1985 5076 ipsius

332 5086 598 5159 Ecclesiae
646 5085 978 5154 revelationi
1018 5086 1342 5159 plurimum
1383 5088 1679 5147 credimus
1719 5093 1984 5163 prolutu-

331 5174 658 5244 rum.Nunc
679 5179 789 5232 tuae
810 5174 1223 5232 sollicitudinis
1244 5176 1856 5246 interest,cbarissime
1870 5183 1984 5238 fra-

312 5270 419 5341 ter
431 5264 734 5339 Bainolde,
753 5265 853 5338 qui
879 5270 996 5320 tam
1019 5265 1385 5324 Atrebatensi
1404 5265 1670 5324 Ecclesia:
1689 5287 1867 5341 quam
1883 5270 1988 5326 Ca-

333 5356 655 5414 meracensi
683 5353 1116 5427 metropolitani
1150 5355 1492 5413 auctoritate
1523 5357 1833 5428 praesidere
1895 5375 1990 5415 co-

332 5444 651 5516 gnosceris,
686 5460 786 5500 eos
817 5459 1022 5501 omnes
1042 5444 1143 5517 qui
1173 5444 1502 5500 secundum
1536 5443 1825 5518 privilegii
1855 5462 1992 5503 nos-

329 5533 403 5588 tri
423 5537 684 5604 tenorem
702 5533 776 5602 ad
789 5533 1223 5592 Atrebatensem
1239 5533 1411 5602 viden
1419 5537 1514 5588 tur
1525 5531 1816 5603 pertinere
1829 5551 1994 5606 paro-

317 5620 546 5698 chiam,
572 5623 641 5677 ad
659 5621 912 5696 episcopi
935 5621 1333 5678 Atrebatensis
1349 5611 1743 5676 obedientiam
1757 5623 1874 5680 tuis
1896 5624 1991 5680 lit-

330 5709 468 5769 teris
492 5709 756 5783 invitare,
792 5718 851 5772 et
883 5711 1234 5772 sententiam
1259 5712 1521 5767 nostram
1553 5707 1675 5765 tuis
1698 5711 1992 5785 suffragiis

2097 3394 2214 3446 tem
2246 3389 2484 3447 omnino
2515 3389 2810 3447 restituas.
2843 3390 2954 3447 Res
2983 3391 3143 3447 enim
3183 3405 3388 3447 eorum
3439 3393 3728 3464 parentum

2096 3483 2335 3535 tuorum
2374 3477 2754 3555 eleemosynaa
2790 3483 2929 3536 sunt
2965 3483 3024 3536 et
3061 3477 3393 3552 apostolica:
3433 3479 3586 3536 sedis
3623 3476 3728 3534 alo-

2096 3554 2450 3635 dium.Quod
2467 3567 2514 3623 si
2528 3567 2680 3624 infra
2693 3568 2819 3624 dies
2836 3567 3077 3640 triginta
3097 3567 3344 3624 visisbis
3367 3554 3575 3624 litteris
3587 3564 3726 3640 quod

2096 3658 2450 3714 mandamus
2473 3656 2791 3731 adimplere
2825 3657 3268 3730 contempseris,
3303 3661 3363 3714 et
3386 3655 3726 3739 indignatio-

2097 3761 2232 3802 nem
2255 3749 2516 3803 nostram
2539 3745 2856 3824 incurristi,
2879 3751 2936 3803 et
2956 3745 3288 3821 apostolicos
3320 3747 3477 3828 sedis
3507 3735 3727 3802 anathe-

2097 3838 2252 3891 mate
2274 3839 2329 3891 te
2360 3851 2702 3908 percussum
2741 3835 3148 3909 indubitanter
3168 3851 3475 3914 agnoscas.
3510 3835 3727 3911 Monas-

2095 3923 2312 3999 terium
2343 3922 2772 3980 Vindocinense
2793 3927 2850 3980 et
2869 3941 2963 3981 res
2979 3925 3051 3980 ad
3074 3924 3271 4001 ipsum
3293 3925 3640 4003 pertinentes
3656 3921 3727 3977 ita

2096 4011 2416 4086 apostolica
2445 4013 2791 4087 auctoritate
2820 4013 3200 4070 corroboratis
3232 4015 3570 4080 nascuntur,
3597 4007 3725 4068 utsi

2096 4100 2238 4172 quid
2269 4101 2391 4157 inte
2418 4101 2683 4174 ablatum
2713 4101 2801 4160 vel
2833 4101 3180 4158 distractum
3211 4120 3245 4160 a
3270 4087 3566 4182 quoquam
3613 4099 3722 4156 fue-

2096 4190 2192 4260 rit,
2230 4208 2265 4246 a
2316 4188 2842 4263 praedecessoribus
2901 4191 3119 4250 nostris
3176 4189 3726 4272 excommunicatu‘m

2096 4297 2212 4354 non
2243 4279 2515 4351 dubites;
2549 4283 2606 4337 et
2635 4296 2810 4354 quem
2838 4280 2990 4338 beati
3027 4279 3113 4336 illi
3142 4280 3250 4336 viri
3281 4276 3725 4364 excommunica-

2093 4372 2303 4425 verunt
2333 4386 2446 4426 non
2479 4386 2794 4443 possumus
2839 4369 3081 4437 solvere,
3130 4386 3236 4428 nec
3267 4371 3546 4450 debemus
3580 4384 3592 4422 :
3636 4364 3726 4424 sed

2096 4459 2252 4531 quod
2281 4457 2562 4525 iecerunt,
2597 4476 2704 4536 nos
2735 4461 2939 4537 eadem
2970 4459 3315 4539 auctoritate
3344 4461 3662 4537 ﬁrmamus.

2166 4550 2377 4612 Datum
2409 4549 2603 4623 Roma)
2636 4567 2674 4606 ιι
2704 4549 2995 4628 Kalendas
3019 4548 3262 4626 Aprilis.

2865 4674 3000 4732 CXI.

2099 4762 2347 4841 Πνιῖαημδ
2375 4766 2425 4822 Π
2459 4785 2502 4841 α,
2520 4765 2945 4841 Ανητςιοχιᾷσαερ
2958 4765 3284 4841 apostolicae
3313 4763 3490 4841 sedis,‘
3515 4758 3732 4841 aliisgue

2163 4833 2376 4913 in???”
2413 4836 2675 4909 episcopis
2716 4831 2967 4913 Vinjtmgit
2995 4831 3058 4913 iit
3086 4835 3439 4913 Guillelmum
3465 4831 3728 4913 (comitem

2165 4905 2709 4982 Ρὶοίαυίεηζςεηῑγρνρ
2737 4905 3424 4982 ᾳῶεοὴῃιηὼαιοᾼὴρὺεᾳηι,
3451 4905 3563 4982 uisi
3592 4905 3728 4956 intra

2399 4995 2436 5033 (ι
2461 4995 2520 5034 se
2543 4976 2882 5063 pra/initum
2912 4980 3052 5063 bona
3107 4976 3578 5036 Vindocinemibxis
3620 4984 3724 5026 mo-

2165 5065 2270 5103 nac
2310 5065 2358 5103 ιε
2386 5050 2570 5103 ablata
2593 5057 2904 5103 restituere.
2941 5052 3130 5103 faciat.
3161 5069 3190 5103 ι

2165 5050 2358 5105 nachi:
2386 5050 2570 5106 ablata
2593 5052 2904 5127 restituere,
2938 5052 3130 5122 faciat.
3161 5069 3190 5103 ι

2725 5141 2911 5200 {Anno
2945 5140 3130 5208 1094.)

2103 5227 2388 5294 [Romam
2412 5227 2471 5284 in
2524 5229 2641 5286 I’ita
2699 5195 2926 5287 Urbani.
2947 5195 3030 5270 i-ﬁh—r
3059 5195 3210 5286 ΜἈΒ.
3257 5231 3316 5290 et
3348 5225 3523 5290 Bura.
3554 5195 3720 5286 Detur.

2697 5300 2880 5373 ροειιι.
2914 5299 3012 5369 III,
3037 5300 3140 5374 1154
3157 5299 3198 5372 .]
