  <div class='ocr_page' id='page_1' title='image "/cluster/home/n/w/nwhite01/storage/ocr_20150623/151/uva.x000829795/216.png"; bbox 0 0 3928 6208; ppageno 0'>
   <div class='ocr_carea' id='block_1_1' title="bbox 191 244 304 305">
    <p class='ocr_par' dir='ltr' id='par_1_1' title="bbox 191 244 304 305">
     <span class='ocr_line' id='line_1_1' title="bbox 191 244 304 305; baseline -0.027 0"><span class='ocrx_word' id='word_1_1' title='bbox 191 244 304 305; x_wconf 70' lang='lat'><strong>385</strong></span> 
     </span>
    </p>
   </div>
   <div class='ocr_carea' id='block_1_2' title="bbox 201 357 1859 533">
    <p class='ocr_par' dir='ltr' id='par_1_2' title="bbox 201 357 1859 533">
     <span class='ocr_line' id='line_1_2' title="bbox 201 357 1859 533; baseline -0.008 -6"><span class='ocrx_word' id='word_1_2' title='bbox 201 463 407 527; x_wconf 70' lang='lat' dir='ltr'><strong>Urbani</strong></span> <span class='ocrx_word' id='word_1_3' title='bbox 437 455 491 524; x_wconf 85' lang='grc' dir='ltr'><em>Π</em></span> <span class='ocrx_word' id='word_1_4' title='bbox 518 446 753 533; x_wconf 62' lang='lat' dir='ltr'><strong>epistola</strong></span> <span class='ocrx_word' id='word_1_5' title='bbox 782 457 852 521; x_wconf 76' lang='lat' dir='ltr'><strong>ad</strong></span> <span class='ocrx_word' id='word_1_6' title='bbox 877 357 1209 533; x_wconf 51' lang='lat' dir='ltr'><strong>Rogfgiim,</strong></span> <span class='ocrx_word' id='word_1_7' title='bbox 1241 463 1664 520; x_wconf 71' lang='lat' dir='ltr'><strong>Flandrensium</strong></span> <span class='ocrx_word' id='word_1_8' title='bbox 1692 461 1859 516; x_wconf 79' lang='lat' dir='ltr'><strong>comi-</strong></span> 
     </span>
    </p>
   </div>
   <div class='ocr_carea' id='block_1_3' title="bbox 273 484 1864 668">
    <p class='ocr_par' dir='ltr' id='par_1_3' title="bbox 273 484 1864 668">
     <span class='ocr_line' id='line_1_3' title="bbox 273 484 1859 533; baseline -0.006 -10"><span class='ocrx_word' id='word_1_9' title='bbox 273 484 406 525; x_wconf 41' lang='lat' dir='ltr'><strong>‘oam</strong></span> <span class='ocrx_word' id='word_1_10' title='bbox 437 484 486 524; x_wconf 82' lang='grc' dir='ltr'><em>ιι</em></span> <span class='ocrx_word' id='word_1_11' title='bbox 518 484 550 522; x_wconf 85' lang='lat' dir='ltr'><strong>e</strong></span> <span class='ocrx_word' id='word_1_12' title='bbox 590 484 753 524; x_wconf 62' lang='lat' dir='ltr'><strong>mora</strong></span> <span class='ocrx_word' id='word_1_13' title='bbox 782 484 850 521; x_wconf 86' lang='lat' dir='ltr'><strong>aa</strong></span> <span class='ocrx_word' id='word_1_14' title='bbox 877 484 1209 533; x_wconf 76' lang='lat' dir='ltr'><strong>uowmum,</strong></span> <span class='ocrx_word' id='word_1_15' title='bbox 1241 484 1664 520; x_wconf 77' lang='lat' dir='ltr'><strong>rtanarcnszum</strong></span> <span class='ocrx_word' id='word_1_16' title='bbox 1692 484 1859 516; x_wconf 80' lang='lat' dir='ltr'><strong>cmm-</strong></span> 
     </span>
     <span class='ocr_line' id='line_1_4' title="bbox 273 484 1864 667; baseline -0.005 -72"><span class='ocrx_word' id='word_1_17' title='bbox 273 548 398 596; x_wconf 81' lang='lat' dir='ltr'><strong>tem.</strong></span> <span class='ocrx_word' id='word_1_18' title='bbox 431 550 502 582; x_wconf 81' lang='lat'><strong>-&#39;-</strong></span> <span class='ocrx_word' id='word_1_19' title='bbox 667 537 964 595; x_wconf 76' lang='lat' dir='ltr'><strong>Eeclesiam</strong></span> <span class='ocrx_word' id='word_1_20' title='bbox 1013 534 1065 594; x_wconf 80' lang='lat' dir='ltr'><strong>et</strong></span> <span class='ocrx_word' id='word_1_21' title='bbox 1109 537 1416 609; x_wconf 65' lang='lat' dir='ltr'><strong>epiScopum</strong></span> <span class='ocrx_word' id='word_1_22' title='bbox 1461 534 1864 591; x_wconf 75' lang='lat' dir='ltr'><strong>Atrebatensem</strong></span> 
     </span>
     <span class='ocr_line' id='line_1_5' title="bbox 274 626 637 668; baseline -0.003 0"><span class='ocrx_word' id='word_1_23' title='bbox 274 626 524 668; x_wconf 70' lang='lat' dir='ltr'><strong>commen&#39;</strong></span> <span class='ocrx_word' id='word_1_24' title='bbox 623 653 637 667; x_wconf 93' lang='lat'><strong>.</strong></span> 
     </span>
    </p>
   </div>
   <div class='ocr_carea' id='block_1_4' title="bbox 841 697 1246 773">
    <p class='ocr_par' dir='ltr' id='par_1_4' title="bbox 841 697 1246 773">
     <span class='ocr_line' id='line_1_6' title="bbox 841 697 1246 773; baseline -0.012 -16"><span class='ocrx_word' id='word_1_25' title='bbox 841 700 1028 773; x_wconf 81' lang='lat' dir='ltr'><strong>(Anno</strong></span> <span class='ocrx_word' id='word_1_26' title='bbox 1061 697 1246 768; x_wconf 76' lang='grc'><strong>1094.)</strong></span> 
     </span>
    </p>
   </div>
   <div class='ocr_carea' id='block_1_5' title="bbox 640 781 1436 874">
    <p class='ocr_par' dir='ltr' id='par_1_5' title="bbox 640 781 1436 874">
     <span class='ocr_line' id='line_1_7' title="bbox 640 781 1436 874; baseline -0.004 -30"><span class='ocrx_word' id='word_1_27' title='bbox 640 787 872 860; x_wconf 56' lang='lat' dir='ltr'><strong>[Manen</strong></span> <span class='ocrx_word' id='word_1_28' title='bbox 908 781 1118 874; x_wconf 71' lang='lat' dir='ltr'><strong>Concit.</strong></span> <span class='ocrx_word' id='word_1_29' title='bbox 1148 786 1260 856; x_wconf 84' lang='lat' dir='ltr'><strong>XX,</strong></span> <span class='ocrx_word' id='word_1_30' title='bbox 1286 786 1436 857; x_wconf 67' lang='lat'><strong>674.]</strong></span> 
     </span>
    </p>
   </div>
   <div class='ocr_carea' id='block_1_6' title="bbox 278 888 1866 972">
    <p class='ocr_par' dir='ltr' id='par_1_6' title="bbox 278 888 1866 972">
     <span class='ocr_line' id='line_1_8' title="bbox 278 888 1866 972; baseline -0.007 -18"><span class='ocrx_word' id='word_1_31' title='bbox 278 892 925 968; x_wconf 63' lang='lat' dir='ltr'><strong>Uﬁsauus&#39;episcopus,</strong></span> <span class='ocrx_word' id='word_1_32' title='bbox 949 888 1152 952; x_wconf 84' lang='lat' dir='ltr'><strong>servus</strong></span> <span class='ocrx_word' id='word_1_33' title='bbox 1181 892 1484 950; x_wconf 85' lang='lat' dir='ltr'><strong>servorum</strong></span> <span class='ocrx_word' id='word_1_34' title='bbox 1512 889 1635 972; x_wconf 84' lang='lat' dir='ltr'><strong>Dei,</strong></span> <span class='ocrx_word' id='word_1_35' title='bbox 1659 888 1866 946; x_wconf 89' lang='lat' dir='ltr'><strong>dilecto</strong></span> 
     </span>
    </p>
   </div>
   <div class='ocr_carea' id='block_1_7' title="bbox 208 977 1869 1053">
    <p class='ocr_par' dir='ltr' id='par_1_7' title="bbox 208 977 1869 1053">
     <span class='ocr_line' id='line_1_9' title="bbox 208 977 1869 1053; baseline -0.005 -10"><span class='ocrx_word' id='word_1_36' title='bbox 208 984 338 1044; x_wconf 80' lang='lat' dir='ltr'><strong>ﬁlio</strong></span> <span class='ocrx_word' id='word_1_37' title='bbox 381 981 710 1052; x_wconf 59' lang='lat' dir='ltr'><strong>aen-mo,</strong></span> <span class='ocrx_word' id='word_1_38' title='bbox 743 983 1192 1042; x_wconf 88' lang='lat' dir='ltr'><strong>Flandrensium</strong></span> <span class='ocrx_word' id='word_1_39' title='bbox 1241 979 1462 1053; x_wconf 83' lang='lat' dir='ltr'><strong>comiti,</strong></span> <span class='ocrx_word' id='word_1_40' title='bbox 1505 977 1752 1037; x_wconf 77' lang='lat' dir='ltr'><strong>salutem</strong></span> <span class='ocrx_word' id='word_1_41' title='bbox 1812 979 1869 1034; x_wconf 90' lang='lat' dir='ltr'><strong>et</strong></span> 
     </span>
    </p>
   </div>
   <div class='ocr_carea' id='block_1_8' title="bbox 209 1073 1118 1149">
    <p class='ocr_par' dir='ltr' id='par_1_8' title="bbox 209 1073 1118 1149">
     <span class='ocr_line' id='line_1_10' title="bbox 209 1073 1118 1149; baseline -0.004 -16"><span class='ocrx_word' id='word_1_42' title='bbox 209 1075 600 1149; x_wconf 82' lang='lat' dir='ltr'><strong>apostolicam</strong></span> <span class='ocrx_word' id='word_1_43' title='bbox 629 1073 1118 1131; x_wconf 79' lang='lat' dir='ltr'><strong>benedictionem.</strong></span> 
     </span>
    </p>
   </div>
   <div class='ocr_carea' id='block_1_9' title="bbox 278 1158 1869 1237">
    <p class='ocr_par' dir='ltr' id='par_1_9' title="bbox 278 1158 1869 1237">
     <span class='ocr_line' id='line_1_11' title="bbox 278 1158 1869 1237; baseline -0.004 -17"><span class='ocrx_word' id='word_1_44' title='bbox 278 1165 498 1237; x_wconf 86' lang='lat' dir='ltr'><strong>Magna</strong></span> <span class='ocrx_word' id='word_1_45' title='bbox 525 1162 633 1219; x_wconf 83' lang='lat' dir='ltr'><strong>tibi</strong></span> <span class='ocrx_word' id='word_1_46' title='bbox 682 1160 1068 1219; x_wconf 80' lang='lat' dir='ltr'><strong>exsultatione</strong></span> <span class='ocrx_word' id='word_1_47' title='bbox 1107 1159 1524 1235; x_wconf 89' lang='lat' dir='ltr'><strong>gratulandum</strong></span> <span class='ocrx_word' id='word_1_48' title='bbox 1575 1161 1665 1215; x_wconf 90' lang='lat' dir='ltr'><strong>est</strong></span> <span class='ocrx_word' id='word_1_49' title='bbox 1711 1158 1869 1232; x_wconf 86' lang='lat' dir='ltr'><strong>quod</strong></span> 
     </span>
    </p>
   </div>
   <div class='ocr_carea' id='block_1_10' title="bbox 208 1249 1871 1326">
    <p class='ocr_par' dir='ltr' id='par_1_10' title="bbox 208 1249 1871 1326">
     <span class='ocr_line' id='line_1_12' title="bbox 208 1249 1871 1326; baseline -0.004 -16"><span class='ocrx_word' id='word_1_50' title='bbox 208 1251 474 1326; x_wconf 83' lang='lat' dir='ltr'><strong>ecclesia</strong></span> <span class='ocrx_word' id='word_1_51' title='bbox 505 1267 633 1324; x_wconf 86' lang='lat' dir='ltr'><strong>qua</strong></span> <span class='ocrx_word' id='word_1_52' title='bbox 666 1252 724 1308; x_wconf 90' lang='lat' dir='ltr'><strong>in</strong></span> <span class='ocrx_word' id='word_1_53' title='bbox 767 1256 870 1307; x_wconf 90' lang='lat' dir='ltr'><strong>tua</strong></span> <span class='ocrx_word' id='word_1_54' title='bbox 912 1251 1129 1307; x_wconf 89' lang='lat' dir='ltr'><strong>ditione</strong></span> <span class='ocrx_word' id='word_1_55' title='bbox 1159 1254 1300 1316; x_wconf 87' lang='lat' dir='ltr'><strong>sunt</strong></span> <span class='ocrx_word' id='word_1_56' title='bbox 1342 1251 1462 1306; x_wconf 83' lang='lat' dir='ltr'><strong>tuis</strong></span> <span class='ocrx_word' id='word_1_57' title='bbox 1506 1249 1871 1322; x_wconf 81' lang='lat' dir='ltr'><strong>temporibus</strong></span> 
     </span>
    </p>
   </div>
   <div class='ocr_carea' id='block_1_11' title="bbox 209 1331 1872 1414">
    <p class='ocr_par' dir='ltr' id='par_1_11' title="bbox 209 1331 1872 1414">
     <span class='ocr_line' id='line_1_13' title="bbox 209 1331 1872 1414; baseline -0.004 -15"><span class='ocrx_word' id='word_1_58' title='bbox 209 1337 506 1399; x_wconf 83' lang='lat' dir='ltr'><strong>amissam</strong></span> <span class='ocrx_word' id='word_1_59' title='bbox 551 1335 842 1414; x_wconf 85' lang='lat' dir='ltr'><strong>recipiunt</strong></span> <span class='ocrx_word' id='word_1_60' title='bbox 881 1335 1246 1414; x_wconf 84' lang='lat' dir='ltr'><strong>dignitatem.</strong></span> <span class='ocrx_word' id='word_1_61' title='bbox 1279 1331 1422 1396; x_wconf 84' lang='lat' dir='ltr'><strong>Ecce</strong></span> <span class='ocrx_word' id='word_1_62' title='bbox 1465 1339 1622 1394; x_wconf 90' lang='lat' dir='ltr'><strong>enim</strong></span> <span class='ocrx_word' id='word_1_63' title='bbox 1669 1337 1872 1394; x_wconf 83' lang='lat' dir='ltr'><strong>civitas</strong></span> 
     </span>
    </p>
   </div>
   <div class='ocr_carea' id='block_1_12' title="bbox 211 1424 1872 1502">
    <p class='ocr_par' dir='ltr' id='par_1_12' title="bbox 211 1424 1872 1502">
     <span class='ocr_line' id='line_1_14' title="bbox 211 1424 1872 1502; baseline -0.004 -15"><span class='ocrx_word' id='word_1_64' title='bbox 211 1424 645 1498; x_wconf 76' lang='lat' dir='ltr'><strong>Atrebatemsis,</strong></span> <span class='ocrx_word' id='word_1_65' title='bbox 679 1448 805 1502; x_wconf 80' lang='lat' dir='ltr'><strong>qua</strong></span> <span class='ocrx_word' id='word_1_66' title='bbox 836 1430 894 1485; x_wconf 89' lang='lat' dir='ltr'><strong>in</strong></span> <span class='ocrx_word' id='word_1_67' title='bbox 936 1429 1214 1486; x_wconf 87' lang='lat' dir='ltr'><strong>comitatu</strong></span> <span class='ocrx_word' id='word_1_68' title='bbox 1255 1427 1353 1484; x_wconf 91' lang='lat' dir='ltr'><strong>tuo</strong></span> <span class='ocrx_word' id='word_1_69' title='bbox 1396 1425 1731 1502; x_wconf 83' lang='lat' dir='ltr'><strong>principalis</strong></span> <span class='ocrx_word' id='word_1_70' title='bbox 1762 1430 1872 1495; x_wconf 89' lang='lat' dir='ltr'><strong>est,</strong></span> 
     </span>
    </p>
   </div>
   <div class='ocr_carea' id='block_1_13' title="bbox 213 1515 1877 1593">
    <p class='ocr_par' dir='ltr' id='par_1_13' title="bbox 213 1515 1877 1593">
     <span class='ocr_line' id='line_1_15' title="bbox 213 1515 1877 1593; baseline -0.005 -15"><span class='ocrx_word' id='word_1_71' title='bbox 213 1539 283 1579; x_wconf 81' lang='lat' dir='ltr'><strong>ex</strong></span> <span class='ocrx_word' id='word_1_72' title='bbox 323 1517 660 1593; x_wconf 86' lang='lat' dir='ltr'><strong>apostolica</strong></span> <span class='ocrx_word' id='word_1_73' title='bbox 717 1519 874 1575; x_wconf 90' lang='lat' dir='ltr'><strong>sedis</strong></span> <span class='ocrx_word' id='word_1_74' title='bbox 905 1518 1190 1591; x_wconf 84' lang='lat' dir='ltr'><strong>dignitate</strong></span> <span class='ocrx_word' id='word_1_75' title='bbox 1249 1516 1599 1572; x_wconf 90' lang='lat' dir='ltr'><strong>cardinalem</strong></span> <span class='ocrx_word' id='word_1_76' title='bbox 1661 1515 1877 1588; x_wconf 78' lang='lat' dir='ltr'><strong>recepit</strong></span> 
     </span>
    </p>
   </div>
   <div class='ocr_carea' id='block_1_14' title="bbox 212 1603 1873 1684">
    <p class='ocr_par' dir='ltr' id='par_1_14' title="bbox 212 1603 1873 1684">
     <span class='ocr_line' id='line_1_16' title="bbox 212 1603 1873 1684; baseline -0.004 -18"><span class='ocrx_word' id='word_1_77' title='bbox 212 1610 586 1684; x_wconf 86' lang='lat' dir='ltr'><strong>episcopum.</strong></span> <span class='ocrx_word' id='word_1_78' title='bbox 637 1609 786 1665; x_wconf 87' lang='lat' dir='ltr'><strong>Eum</strong></span> <span class='ocrx_word' id='word_1_79' title='bbox 844 1603 982 1681; x_wconf 87' lang='lat' dir='ltr'><strong>ergo</strong></span> <span class='ocrx_word' id='word_1_80' title='bbox 1039 1611 1096 1663; x_wconf 90' lang='lat' dir='ltr'><strong>et</strong></span> <span class='ocrx_word' id='word_1_81' title='bbox 1141 1606 1192 1663; x_wconf 93' lang='lat' dir='ltr'><strong>ei</strong></span> <span class='ocrx_word' id='word_1_82' title='bbox 1247 1605 1625 1661; x_wconf 86' lang='lat' dir='ltr'><strong>commissam</strong></span> <span class='ocrx_word' id='word_1_83' title='bbox 1683 1604 1873 1661; x_wconf 88' lang='lat' dir='ltr'><strong>Eccle-</strong></span> 
     </span>
    </p>
   </div>
   <div class='ocr_carea' id='block_1_15' title="bbox 213 1689 1953 1807">
    <p class='ocr_par' dir='ltr' id='par_1_15' title="bbox 213 1689 1953 1807">
     <span class='ocr_line' id='line_1_17' title="bbox 213 1689 1953 1807; baseline -0.005 -50"><span class='ocrx_word' id='word_1_84' title='bbox 213 1699 374 1784; x_wconf 1' lang='lat' dir='ltr'><strong>siam,</strong></span> <span class='ocrx_word' id='word_1_85' title='bbox 397 1696 694 1798; x_wconf 75' lang='lat' dir='ltr'><strong>nobilitati</strong></span> <span class='ocrx_word' id='word_1_86' title='bbox 738 1700 850 1753; x_wconf 87' lang='lat' dir='ltr'><strong>tua</strong></span> <span class='ocrx_word' id='word_1_87' title='bbox 899 1696 1114 1752; x_wconf 89' lang='lat' dir='ltr'><strong>litteris</strong></span> <span class='ocrx_word' id='word_1_88' title='bbox 1143 1689 1528 1770; x_wconf 79' lang='lat' dir='ltr'><strong>prasentibus</strong></span> <span class='ocrx_word' id='word_1_89' title='bbox 1575 1709 1877 1795; x_wconf 78' lang='lat' dir='ltr'><strong>commen-</strong></span> <span class='ocrx_word' id='word_1_90' title='bbox 1904 1729 1953 1807; x_wconf 60' lang='grc' dir='ltr'>Β</span> 
     </span>
    </p>
   </div>
   <div class='ocr_carea' id='block_1_16' title="bbox 215 1782 1872 1860">
    <p class='ocr_par' dir='ltr' id='par_1_16' title="bbox 215 1782 1872 1860">
     <span class='ocr_line' id='line_1_18' title="bbox 215 1782 1872 1860; baseline -0.004 -15"><span class='ocrx_word' id='word_1_91' title='bbox 215 1782 462 1856; x_wconf 80' lang='lat' dir='ltr'><strong>damus,</strong></span> <span class='ocrx_word' id='word_1_92' title='bbox 525 1790 582 1843; x_wconf 89' lang='lat' dir='ltr'><strong>et</strong></span> <span class='ocrx_word' id='word_1_93' title='bbox 632 1785 692 1842; x_wconf 91' lang='lat' dir='ltr'><strong>in</strong></span> <span class='ocrx_word' id='word_1_94' title='bbox 749 1789 1119 1860; x_wconf 86' lang='lat' dir='ltr'><strong>peccatorum</strong></span> <span class='ocrx_word' id='word_1_95' title='bbox 1179 1785 1414 1842; x_wconf 87' lang='lat' dir='ltr'><strong>tuorum</strong></span> <span class='ocrx_word' id='word_1_96' title='bbox 1469 1782 1872 1840; x_wconf 88' lang='lat' dir='ltr'><strong>remissionem</strong></span> 
     </span>
    </p>
   </div>
   <div class='ocr_carea' id='block_1_17' title="bbox 215 1869 1872 1951">
    <p class='ocr_par' dir='ltr' id='par_1_17' title="bbox 215 1869 1872 1951">
     <span class='ocr_line' id='line_1_19' title="bbox 215 1869 1872 1951; baseline -0.004 -18"><span class='ocrx_word' id='word_1_97' title='bbox 215 1872 626 1951; x_wconf 64' lang='lat' dir='ltr'><strong>praecipientes</strong></span> <span class='ocrx_word' id='word_1_98' title='bbox 656 1879 722 1931; x_wconf 93' lang='lat' dir='ltr'><strong>ut</strong></span> <span class='ocrx_word' id='word_1_99' title='bbox 767 1891 902 1932; x_wconf 90' lang='lat' dir='ltr'><strong>eum</strong></span> <span class='ocrx_word' id='word_1_100' title='bbox 951 1874 1149 1931; x_wconf 90' lang='lat' dir='ltr'><strong>debita</strong></span> <span class='ocrx_word' id='word_1_101' title='bbox 1178 1869 1513 1930; x_wconf 83' lang='lat' dir='ltr'><strong>obedientia</strong></span> <span class='ocrx_word' id='word_1_102' title='bbox 1560 1869 1872 1940; x_wconf 87' lang='lat' dir='ltr'><strong>venereris,</strong></span> 
     </span>
    </p>
   </div>
   <div class='ocr_carea' id='block_1_18' title="bbox 215 1960 1878 2036">
    <p class='ocr_par' dir='ltr' id='par_1_18' title="bbox 215 1960 1878 2036">
     <span class='ocr_line' id='line_1_20' title="bbox 215 1960 1878 2036; baseline -0.002 -14"><span class='ocrx_word' id='word_1_103' title='bbox 215 1961 462 2035; x_wconf 80' lang='lat' dir='ltr'><strong>tuearis,</strong></span> <span class='ocrx_word' id='word_1_104' title='bbox 498 1960 759 2036; x_wconf 70' lang='lat' dir='ltr'><strong>adiuves,</strong></span> <span class='ocrx_word' id='word_1_105' title='bbox 783 1968 955 2036; x_wconf 91' lang='lat' dir='ltr'><strong>atque</strong></span> <span class='ocrx_word' id='word_1_106' title='bbox 987 1965 1059 2020; x_wconf 89' lang='lat' dir='ltr'><strong>ad</strong></span> <span class='ocrx_word' id='word_1_107' title='bbox 1093 1963 1456 2020; x_wconf 89' lang='lat' dir='ltr'><strong>restituenda</strong></span> <span class='ocrx_word' id='word_1_108' title='bbox 1476 1962 1662 2035; x_wconf 89' lang='lat' dir='ltr'><strong>ipsius</strong></span> <span class='ocrx_word' id='word_1_109' title='bbox 1692 1960 1878 2018; x_wconf 85' lang='lat' dir='ltr'><strong>Eccle-</strong></span> 
     </span>
    </p>
   </div>
   <div class='ocr_carea' id='block_1_19' title="bbox 218 2051 1878 2123">
    <p class='ocr_par' dir='ltr' id='par_1_19' title="bbox 218 2051 1878 2123">
     <span class='ocr_line' id='line_1_21' title="bbox 218 2051 1878 2123; baseline -0.002 -14"><span class='ocrx_word' id='word_1_110' title='bbox 218 2053 317 2110; x_wconf 79' lang='lat' dir='ltr'><strong>sia</strong></span> <span class='ocrx_word' id='word_1_111' title='bbox 343 2052 504 2110; x_wconf 86' lang='lat' dir='ltr'><strong>bona</strong></span> <span class='ocrx_word' id='word_1_112' title='bbox 531 2052 732 2109; x_wconf 86' lang='lat' dir='ltr'><strong>auxilii</strong></span> <span class='ocrx_word' id='word_1_113' title='bbox 762 2052 847 2109; x_wconf 89' lang='lat' dir='ltr'><strong>tui</strong></span> <span class='ocrx_word' id='word_1_114' title='bbox 877 2052 1184 2110; x_wconf 86' lang='lat' dir='ltr'><strong>brachium</strong></span> <span class='ocrx_word' id='word_1_115' title='bbox 1215 2052 1406 2108; x_wconf 91' lang='lat' dir='ltr'><strong>modis</strong></span> <span class='ocrx_word' id='word_1_116' title='bbox 1436 2051 1712 2107; x_wconf 90' lang='lat' dir='ltr'><strong>omnibus</strong></span> <span class='ocrx_word' id='word_1_117' title='bbox 1746 2068 1878 2123; x_wconf 88' lang='lat' dir='ltr'><strong>por-</strong></span> 
     </span>
    </p>
   </div>
   <div class='ocr_carea' id='block_1_20' title="bbox 220 2141 456 2216">
    <p class='ocr_par' dir='ltr' id='par_1_20' title="bbox 220 2141 456 2216">
     <span class='ocr_line' id='line_1_22' title="bbox 220 2141 456 2216; baseline -0.004 -17"><span class='ocrx_word' id='word_1_118' title='bbox 220 2141 401 2216; x_wconf 84' lang='lat' dir='ltr'><strong>rigas.</strong></span> <span class='ocrx_word' id='word_1_119' title='bbox 451 2207 456 2212; x_wconf 90' lang='grc' dir='ltr'><strong> </strong></span> 
     </span>
    </p>
   </div>
   <div class='ocr_carea' id='block_1_21' title="bbox 290 2226 1282 2303">
    <p class='ocr_par' dir='ltr' id='par_1_21' title="bbox 290 2226 1282 2303">
     <span class='ocr_line' id='line_1_23' title="bbox 290 2226 1282 2303; baseline -0.003 -15"><span class='ocrx_word' id='word_1_120' title='bbox 290 2226 442 2288; x_wconf 87' lang='lat' dir='ltr'><strong>Data</strong></span> <span class='ocrx_word' id='word_1_121' title='bbox 472 2226 669 2288; x_wconf 66' lang='lat' dir='ltr'><strong>Romae</strong></span> <span class='ocrx_word' id='word_1_122' title='bbox 702 2228 740 2287; x_wconf 80' lang='grc' dir='ltr'><strong>η</strong></span> <span class='ocrx_word' id='word_1_123' title='bbox 774 2230 1014 2288; x_wconf 83' lang='lat' dir='ltr'><strong>Kalend.</strong></span> <span class='ocrx_word' id='word_1_124' title='bbox 1046 2229 1282 2303; x_wconf 82' lang='lat' dir='ltr'><strong>Aprilis.</strong></span> 
     </span>
    </p>
   </div>
   <div class='ocr_carea' id='block_1_22' title="bbox 297 2407 1810 2500">
    <p class='ocr_par' dir='ltr' id='par_1_22' title="bbox 297 2407 1810 2500">
     <span class='ocr_line' id='line_1_24' title="bbox 297 2407 1810 2500; baseline -0.004 -15"><span class='ocrx_word' id='word_1_125' title='bbox 297 2422 510 2486; x_wconf 65' lang='lat' dir='ltr'><strong>Urb&#39;mii</strong></span> <span class='ocrx_word' id='word_1_126' title='bbox 535 2420 699 2500; x_wconf 73' lang='lat' dir='ltr'><strong>papae</strong></span> <span class='ocrx_word' id='word_1_127' title='bbox 728 2407 798 2500; x_wconf 76' lang='lat' dir='ltr'><strong>II,</strong></span> <span class='ocrx_word' id='word_1_128' title='bbox 829 2427 1099 2500; x_wconf 55' lang='lat' dir='ltr'><strong>sententia</strong></span> <span class='ocrx_word' id='word_1_129' title='bbox 1126 2424 1191 2481; x_wconf 83' lang='lat' dir='ltr'><strong>de</strong></span> <span class='ocrx_word' id='word_1_130' title='bbox 1213 2423 1537 2498; x_wconf 73' lang='lat' dir='ltr'><strong>subjectione</strong></span> <span class='ocrx_word' id='word_1_131' title='bbox 1564 2425 1810 2480; x_wconf 71' lang='lat' dir='ltr'><strong>Dolensis</strong></span> 
     </span>
    </p>
   </div>
   <div class='ocr_carea' id='block_1_23' title="bbox 672 2497 1434 2554">
    <p class='ocr_par' dir='ltr' id='par_1_23' title="bbox 672 2497 1434 2554">
     <span class='ocr_line' id='line_1_25' title="bbox 672 2497 1434 2554; baseline -0.003 0"><span class='ocrx_word' id='word_1_132' title='bbox 672 2499 921 2554; x_wconf 75' lang='lat' dir='ltr'><strong>Ecclesia</strong></span> <span class='ocrx_word' id='word_1_133' title='bbox 951 2497 1022 2552; x_wconf 86' lang='lat' dir='ltr'><strong>ad</strong></span> <span class='ocrx_word' id='word_1_134' title='bbox 1053 2498 1434 2553; x_wconf 78' lang='lat' dir='ltr'><strong>Turonensem.</strong></span> 
     </span>
    </p>
   </div>
   <div class='ocr_carea' id='block_1_24' title="bbox 857 2586 1259 2658">
    <p class='ocr_par' dir='ltr' id='par_1_24' title="bbox 857 2586 1259 2658">
     <span class='ocr_line' id='line_1_26' title="bbox 857 2586 1259 2658; baseline -0.005 -16"><span class='ocrx_word' id='word_1_135' title='bbox 857 2586 1043 2658; x_wconf 86' lang='lat' dir='ltr'><strong>(Anno</strong></span> <span class='ocrx_word' id='word_1_136' title='bbox 1074 2587 1259 2655; x_wconf 76' lang='grc'><strong>1094.)</strong></span> 
     </span>
    </p>
   </div>
   <div class='ocr_carea' id='block_1_25' title="bbox 481 2673 1634 2748">
    <p class='ocr_par' dir='ltr' id='par_1_25' title="bbox 481 2673 1634 2748">
     <span class='ocr_line' id='line_1_27' title="bbox 481 2673 1634 2748; baseline -0.003 -14"><span class='ocrx_word' id='word_1_137' title='bbox 481 2675 769 2748; x_wconf 59' lang='lat' dir='ltr'><strong>(Manus.</strong></span> <span class='ocrx_word' id='word_1_138' title='bbox 806 2675 1092 2732; x_wconf 86' lang='lat' dir='ltr'><strong>Thesaur.</strong></span> <span class='ocrx_word' id='word_1_139' title='bbox 1122 2673 1318 2731; x_wconf 83' lang='lat' dir='ltr'><strong>Anecd.</strong></span> <span class='ocrx_word' id='word_1_140' title='bbox 1355 2673 1452 2741; x_wconf 92' lang='lat' dir='ltr'><strong>IIl,</strong></span> <span class='ocrx_word' id='word_1_141' title='bbox 1484 2674 1634 2745; x_wconf 87' lang='lat'><strong>879.]</strong></span> 
     </span>
    </p>
   </div>
   <div class='ocr_carea' id='block_1_26' title="bbox 291 2777 1882 2860">
    <p class='ocr_par' dir='ltr' id='par_1_26' title="bbox 291 2777 1882 2860">
     <span class='ocr_line' id='line_1_28' title="bbox 291 2777 1882 2860; baseline -0.001 -20"><span class='ocrx_word' id='word_1_142' title='bbox 291 2777 579 2860; x_wconf 49' lang='grc' dir='ltr'><strong>Πηλῆος</strong></span> <span class='ocrx_word' id='word_1_143' title='bbox 609 2783 942 2856; x_wconf 89' lang='lat' dir='ltr'><strong>episcopus,</strong></span> <span class='ocrx_word' id='word_1_144' title='bbox 967 2798 1170 2838; x_wconf 88' lang='lat' dir='ltr'><strong>servus</strong></span> <span class='ocrx_word' id='word_1_145' title='bbox 1193 2798 1492 2838; x_wconf 89' lang='lat' dir='ltr'><strong>servorum</strong></span> <span class='ocrx_word' id='word_1_146' title='bbox 1529 2781 1648 2850; x_wconf 86' lang='lat' dir='ltr'><strong>Dei,</strong></span> <span class='ocrx_word' id='word_1_147' title='bbox 1672 2780 1882 2838; x_wconf 90' lang='lat' dir='ltr'><strong>dilecto</strong></span> 
     </span>
    </p>
   </div>
   <div class='ocr_carea' id='block_1_27' title="bbox 225 2867 1886 2944">
    <p class='ocr_par' dir='ltr' id='par_1_27' title="bbox 225 2867 1886 2944">
     <span class='ocr_line' id='line_1_29' title="bbox 225 2867 1886 2944; baseline 0.001 -17"><span class='ocrx_word' id='word_1_148' title='bbox 225 2872 392 2929; x_wconf 83' lang='lat' dir='ltr'><strong>fratri</strong></span> <span class='ocrx_word' id='word_1_149' title='bbox 454 2871 792 2944; x_wconf 68' lang='lat' dir='ltr'><strong>RADu&#39;Lpso,</strong></span> <span class='ocrx_word' id='word_1_150' title='bbox 844 2871 1169 2927; x_wconf 91' lang='lat' dir='ltr'><strong>Turonensi</strong></span> <span class='ocrx_word' id='word_1_151' title='bbox 1229 2867 1688 2943; x_wconf 85' lang='lat' dir='ltr'><strong>archiepisc0po,</strong></span> <span class='ocrx_word' id='word_1_152' title='bbox 1733 2872 1886 2943; x_wconf 82' lang='lat' dir='ltr'><strong>ejus-</strong></span> 
     </span>
    </p>
   </div>
   <div class='ocr_carea' id='block_1_28' title="bbox 226 2949 1884 3034">
    <p class='ocr_par' dir='ltr' id='par_1_28' title="bbox 226 2949 1884 3034">
     <span class='ocr_line' id='line_1_30' title="bbox 226 2949 1884 3034; baseline 0 -18"><span class='ocrx_word' id='word_1_153' title='bbox 226 2976 339 3034; x_wconf 89' lang='lat' dir='ltr'><strong>que</strong></span> <span class='ocrx_word' id='word_1_154' title='bbox 381 2949 829 3018; x_wconf 79' lang='lat' dir='ltr'><strong>suecessOribus</strong></span> <span class='ocrx_word' id='word_1_155' title='bbox 877 2959 1156 3016; x_wconf 86' lang='lat' dir='ltr'><strong>canonice</strong></span> <span class='ocrx_word' id='word_1_156' title='bbox 1205 2954 1634 3016; x_wconf 90' lang='lat' dir='ltr'><strong>substituendis</strong></span> <span class='ocrx_word' id='word_1_157' title='bbox 1662 2959 1719 3016; x_wconf 89' lang='lat' dir='ltr'><strong>in</strong></span> <span class='ocrx_word' id='word_1_158' title='bbox 1754 2976 1884 3032; x_wconf 87' lang='lat' dir='ltr'><strong>per-</strong></span> 
     </span>
    </p>
   </div>
   <div class='ocr_carea' id='block_1_29' title="bbox 228 3055 500 3123">
    <p class='ocr_par' dir='ltr' id='par_1_29' title="bbox 228 3055 500 3123">
     <span class='ocr_line' id='line_1_31' title="bbox 228 3055 500 3123; baseline -0.004 -17"><span class='ocrx_word' id='word_1_159' title='bbox 228 3055 500 3123; x_wconf 87' lang='lat' dir='ltr'><strong>petuum.</strong></span> 
     </span>
    </p>
   </div>
   <div class='ocr_carea' id='block_1_30' title="bbox 1387 215 2448 301">
    <p class='ocr_par' dir='ltr' id='par_1_30' title="bbox 1387 215 2448 301">
     <span class='ocr_line' id='line_1_32' title="bbox 1387 215 2448 301; baseline -0.006 0"><span class='ocrx_word' id='word_1_160' title='bbox 1387 235 1787 301; x_wconf 62' lang='lat' dir='ltr'><strong>amarem</strong></span> <span class='ocrx_word' id='word_1_161' title='bbox 1832 234 1930 297; x_wconf 70' lang='lat' dir='ltr'><strong>ar</strong></span> <span class='ocrx_word' id='word_1_162' title='bbox 1976 215 2448 298; x_wconf 67' lang='lat' dir='ltr'><strong>paivmcm.</strong></span> 
     </span>
    </p>
   </div>
   <div class='ocr_carea' id='block_1_31' title="bbox 1888 357 3614 452">
    <p class='ocr_par' dir='ltr' id='par_1_31' title="bbox 1888 357 3614 452">
     <span class='ocr_line' id='line_1_33' title="bbox 1888 357 3614 452; baseline 0.001 -28"><span class='ocrx_word' id='word_1_163' title='bbox 1888 373 1944 437; x_wconf 78' lang='grc' dir='ltr'>Α</span> <span class='ocrx_word' id='word_1_164' title='bbox 1972 386 2152 425; x_wconf 89' lang='lat' dir='ltr'><strong>causa</strong></span> <span class='ocrx_word' id='word_1_165' title='bbox 2173 369 2480 426; x_wconf 89' lang='lat' dir='ltr'><strong>sollicitius</strong></span> <span class='ocrx_word' id='word_1_166' title='bbox 2501 361 2838 440; x_wconf 78' lang='lat' dir='ltr'><strong>agitaretur,</strong></span> <span class='ocrx_word' id='word_1_167' title='bbox 2853 369 2910 424; x_wconf 89' lang='lat' dir='ltr'><strong>et</strong></span> <span class='ocrx_word' id='word_1_168' title='bbox 2930 367 3221 440; x_wconf 84' lang='lat' dir='ltr'><strong>siquidem</strong></span> <span class='ocrx_word' id='word_1_169' title='bbox 3243 385 3344 443; x_wconf 91' lang='lat' dir='ltr'><strong>per</strong></span> <span class='ocrx_word' id='word_1_170' title='bbox 3364 357 3614 452; x_wconf 74' lang='lat' dir='ltr'><strong>alicujus</strong></span> 
     </span>
    </p>
   </div>
   <div class='ocr_carea' id='block_1_32' title="bbox 3495 237 3614 297">
    <p class='ocr_par' dir='ltr' id='par_1_32' title="bbox 3495 237 3614 297">
     <span class='ocr_line' id='line_1_34' title="bbox 3495 237 3614 297; baseline -0.025 0"><span class='ocrx_word' id='word_1_171' title='bbox 3495 237 3614 297; x_wconf 83' lang='lat'><strong>386</strong></span> 
     </span>
    </p>
   </div>
   <div class='ocr_carea' id='block_1_33' title="bbox 1969 455 3616 530">
    <p class='ocr_par' dir='ltr' id='par_1_33' title="bbox 1969 455 3616 530">
     <span class='ocr_line' id='line_1_35' title="bbox 1969 455 3616 530; baseline 0.001 -18"><span class='ocrx_word' id='word_1_172' title='bbox 1969 457 2240 513; x_wconf 85' lang='lat' dir='ltr'><strong>catholici</strong></span> <span class='ocrx_word' id='word_1_173' title='bbox 2270 461 2326 514; x_wconf 93' lang='lat' dir='ltr'><strong>et</strong></span> <span class='ocrx_word' id='word_1_174' title='bbox 2357 456 2560 530; x_wconf 84' lang='lat' dir='ltr'><strong>legalis</strong></span> <span class='ocrx_word' id='word_1_175' title='bbox 2591 473 2750 530; x_wconf 83' lang='lat' dir='ltr'><strong>papa</strong></span> <span class='ocrx_word' id='word_1_176' title='bbox 2782 456 3184 513; x_wconf 84' lang='lat' dir='ltr'><strong>auctoritatem</strong></span> <span class='ocrx_word' id='word_1_177' title='bbox 3220 455 3616 515; x_wconf 85' lang='lat' dir='ltr'><strong>authenticam</strong></span> 
     </span>
    </p>
   </div>
   <div class='ocr_carea' id='block_1_34' title="bbox 1971 545 3619 619">
    <p class='ocr_par' dir='ltr' id='par_1_34' title="bbox 1971 545 3619 619">
     <span class='ocr_line' id='line_1_36' title="bbox 1971 545 3619 619; baseline 0 -16"><span class='ocrx_word' id='word_1_178' title='bbox 1971 563 2033 603; x_wconf 89' lang='lat' dir='ltr'><strong>se</strong></span> <span class='ocrx_word' id='word_1_179' title='bbox 2062 546 2211 602; x_wconf 91' lang='lat' dir='ltr'><strong>tueri</strong></span> <span class='ocrx_word' id='word_1_180' title='bbox 2255 545 2524 603; x_wconf 90' lang='lat' dir='ltr'><strong>Dolensis</strong></span> <span class='ocrx_word' id='word_1_181' title='bbox 2554 545 2823 619; x_wconf 87' lang='lat' dir='ltr'><strong>nequiret</strong></span> <span class='ocrx_word' id='word_1_182' title='bbox 2863 545 3200 619; x_wconf 86' lang='lat' dir='ltr'><strong>episcopus;</strong></span> <span class='ocrx_word' id='word_1_183' title='bbox 3234 548 3304 603; x_wconf 90' lang='lat' dir='ltr'><strong>de</strong></span> <span class='ocrx_word' id='word_1_184' title='bbox 3328 553 3529 605; x_wconf 84' lang='lat' dir='ltr'><strong>catero</strong></span> <span class='ocrx_word' id='word_1_185' title='bbox 3560 551 3619 604; x_wconf 88' lang='lat' dir='ltr'><strong>et</strong></span> 
     </span>
    </p>
   </div>
   <div class='ocr_carea' id='block_1_35' title="bbox 1971 633 3618 718">
    <p class='ocr_par' dir='ltr' id='par_1_35' title="bbox 1971 633 3618 718">
     <span class='ocr_line' id='line_1_37' title="bbox 1971 633 3618 718; baseline 0.002 -28"><span class='ocrx_word' id='word_1_186' title='bbox 1971 633 2097 718; x_wconf 83' lang='lat' dir='ltr'><strong>ipse</strong></span> <span class='ocrx_word' id='word_1_187' title='bbox 2145 639 2202 690; x_wconf 90' lang='lat' dir='ltr'><strong>et</strong></span> <span class='ocrx_word' id='word_1_188' title='bbox 2255 634 2442 690; x_wconf 80' lang='lat' dir='ltr'><strong>caeteri</strong></span> <span class='ocrx_word' id='word_1_189' title='bbox 2502 635 2916 692; x_wconf 89' lang='lat' dir='ltr'><strong>Britannorum</strong></span> <span class='ocrx_word' id='word_1_190' title='bbox 2971 635 3262 692; x_wconf 86' lang='lat' dir='ltr'><strong>antistites</strong></span> <span class='ocrx_word' id='word_1_191' title='bbox 3318 635 3618 693; x_wconf 70' lang='lat' dir='ltr'><strong>Tu&#39;ronica</strong></span> 
     </span>
    </p>
   </div>
   <div class='ocr_carea' id='block_1_36' title="bbox 1974 723 3622 798">
    <p class='ocr_par' dir='ltr' id='par_1_36' title="bbox 1974 723 3622 798">
     <span class='ocr_line' id='line_1_38' title="bbox 1974 723 3622 798; baseline 0.002 -20"><span class='ocrx_word' id='word_1_192' title='bbox 1974 723 2238 780; x_wconf 84' lang='lat' dir='ltr'><strong>Ecclesia</strong></span> <span class='ocrx_word' id='word_1_193' title='bbox 2290 727 2572 795; x_wconf 89' lang='lat' dir='ltr'><strong>tanquam</strong></span> <span class='ocrx_word' id='word_1_194' title='bbox 2629 723 2934 797; x_wconf 87' lang='lat' dir='ltr'><strong>metropoli</strong></span> <span class='ocrx_word' id='word_1_195' title='bbox 2995 724 3241 798; x_wconf 84' lang='lat' dir='ltr'><strong>prepriae</strong></span> <span class='ocrx_word' id='word_1_196' title='bbox 3297 725 3622 794; x_wconf 86' lang='lat' dir='ltr'><strong>obedirent,</strong></span> 
     </span>
    </p>
   </div>
   <div class='ocr_carea' id='block_1_37' title="bbox 1973 811 3623 888">
    <p class='ocr_par' dir='ltr' id='par_1_37' title="bbox 1973 811 3623 888">
     <span class='ocr_line' id='line_1_39' title="bbox 1973 811 3623 888; baseline 0.002 -22"><span class='ocrx_word' id='word_1_197' title='bbox 1973 811 2162 885; x_wconf 89' lang='lat' dir='ltr'><strong>ipsius</strong></span> <span class='ocrx_word' id='word_1_198' title='bbox 2192 829 2424 886; x_wconf 91' lang='lat' dir='ltr'><strong>quoque</strong></span> <span class='ocrx_word' id='word_1_199' title='bbox 2455 813 2513 868; x_wconf 91' lang='lat' dir='ltr'><strong>in</strong></span> <span class='ocrx_word' id='word_1_200' title='bbox 2546 812 2884 886; x_wconf 82' lang='lat' dir='ltr'><strong>episcopatu</strong></span> <span class='ocrx_word' id='word_1_201' title='bbox 2921 830 3290 870; x_wconf 90' lang='lat' dir='ltr'><strong>successores</strong></span> <span class='ocrx_word' id='word_1_202' title='bbox 3320 815 3623 888; x_wconf 82' lang='lat' dir='ltr'><strong>nunquam</strong></span> 
     </span>
    </p>
   </div>
   <div class='ocr_carea' id='block_1_38' title="bbox 1975 900 3626 977">
    <p class='ocr_par' dir='ltr' id='par_1_38' title="bbox 1975 900 3626 977">
     <span class='ocr_line' id='line_1_40' title="bbox 1975 900 3626 977; baseline 0.002 -21"><span class='ocrx_word' id='word_1_203' title='bbox 1975 901 2221 958; x_wconf 89' lang='lat' dir='ltr'><strong>ulterius</strong></span> <span class='ocrx_word' id='word_1_204' title='bbox 2244 900 2487 974; x_wconf 88' lang='lat' dir='ltr'><strong>pallium</strong></span> <span class='ocrx_word' id='word_1_205' title='bbox 2516 902 3126 959; x_wconf 89' lang='lat' dir='ltr'><strong>obtinerent.Ostensa</strong></span> <span class='ocrx_word' id='word_1_206' title='bbox 3146 908 3234 960; x_wconf 90' lang='lat' dir='ltr'><strong>est</strong></span> <span class='ocrx_word' id='word_1_207' title='bbox 3263 903 3438 961; x_wconf 89' lang='lat' dir='ltr'><strong>etiam</strong></span> <span class='ocrx_word' id='word_1_208' title='bbox 3468 902 3626 977; x_wconf 89' lang='lat' dir='ltr'><strong>lega-</strong></span> 
     </span>
    </p>
   </div>
   <div class='ocr_carea' id='block_1_39' title="bbox 1975 989 3630 1066">
    <p class='ocr_par' dir='ltr' id='par_1_39' title="bbox 1975 989 3630 1066">
     <span class='ocr_line' id='line_1_41' title="bbox 1975 989 3630 1066; baseline 0.002 -22"><span class='ocrx_word' id='word_1_209' title='bbox 1975 993 2168 1045; x_wconf 89' lang='lat' dir='ltr'><strong>torum</strong></span> <span class='ocrx_word' id='word_1_210' title='bbox 2188 989 2288 1062; x_wconf 88' lang='lat' dir='ltr'><strong>qui</strong></span> <span class='ocrx_word' id='word_1_211' title='bbox 2311 991 2369 1046; x_wconf 90' lang='lat' dir='ltr'><strong>in</strong></span> <span class='ocrx_word' id='word_1_212' title='bbox 2391 991 2688 1062; x_wconf 84' lang='lat' dir='ltr'><strong>provincia</strong></span> <span class='ocrx_word' id='word_1_213' title='bbox 2709 990 3018 1046; x_wconf 89' lang='lat' dir='ltr'><strong>concilium</strong></span> <span class='ocrx_word' id='word_1_214' title='bbox 3039 997 3277 1064; x_wconf 82' lang='lat' dir='ltr'><strong>egerant</strong></span> <span class='ocrx_word' id='word_1_215' title='bbox 3297 995 3630 1066; x_wconf 84' lang='lat' dir='ltr'><strong>perpetrata</strong></span> 
     </span>
    </p>
   </div>
   <div class='ocr_carea' id='block_1_40' title="bbox 1977 1076 3627 1152">
    <p class='ocr_par' dir='ltr' id='par_1_40' title="bbox 1977 1076 3627 1152">
     <span class='ocr_line' id='line_1_42' title="bbox 1977 1076 3627 1152; baseline 0.003 -18"><span class='ocrx_word' id='word_1_216' title='bbox 1977 1076 2259 1145; x_wconf 88' lang='lat' dir='ltr'><strong>deﬁnitio,</strong></span> <span class='ocrx_word' id='word_1_217' title='bbox 2285 1077 2385 1152; x_wconf 86' lang='lat' dir='ltr'><strong>qui</strong></span> <span class='ocrx_word' id='word_1_218' title='bbox 2411 1096 2544 1135; x_wconf 91' lang='lat' dir='ltr'><strong>cum</strong></span> <span class='ocrx_word' id='word_1_219' title='bbox 2570 1079 2833 1136; x_wconf 88' lang='lat' dir='ltr'><strong>Dolensis</strong></span> <span class='ocrx_word' id='word_1_220' title='bbox 2864 1080 3026 1136; x_wconf 91' lang='lat' dir='ltr'><strong>nulla</strong></span> <span class='ocrx_word' id='word_1_221' title='bbox 3051 1098 3291 1138; x_wconf 89' lang='lat' dir='ltr'><strong>causam</strong></span> <span class='ocrx_word' id='word_1_222' title='bbox 3323 1099 3492 1139; x_wconf 84' lang='lat' dir='ltr'><strong>suam</strong></span> <span class='ocrx_word' id='word_1_223' title='bbox 3525 1099 3627 1138; x_wconf 88' lang='lat' dir='ltr'><strong>au-</strong></span> 
     </span>
    </p>
   </div>
   <div class='ocr_carea' id='block_1_41' title="bbox 1976 1167 3630 1244">
    <p class='ocr_par' dir='ltr' id='par_1_41' title="bbox 1976 1167 3630 1244">
     <span class='ocr_line' id='line_1_43' title="bbox 1976 1167 3630 1244; baseline 0.004 -22"><span class='ocrx_word' id='word_1_224' title='bbox 1976 1167 2236 1222; x_wconf 89' lang='lat' dir='ltr'><strong>thentica</strong></span> <span class='ocrx_word' id='word_1_225' title='bbox 2265 1167 2608 1224; x_wconf 83' lang='lat' dir='ltr'><strong>auctoritate</strong></span> <span class='ocrx_word' id='word_1_226' title='bbox 2647 1169 2933 1241; x_wconf 89' lang='lat' dir='ltr'><strong>potuisset</strong></span> <span class='ocrx_word' id='word_1_227' title='bbox 2967 1169 3294 1239; x_wconf 82' lang='lat' dir='ltr'><strong>defendere,</strong></span> <span class='ocrx_word' id='word_1_228' title='bbox 3316 1169 3630 1244; x_wconf 84' lang='lat' dir='ltr'><strong>Gregorius</strong></span> 
     </span>
    </p>
   </div>
   <div class='ocr_carea' id='block_1_42' title="bbox 1979 1255 3630 1332">
    <p class='ocr_par' dir='ltr' id='par_1_42' title="bbox 1979 1255 3630 1332">
     <span class='ocr_line' id='line_1_44' title="bbox 1979 1255 3630 1332; baseline 0.003 -22"><span class='ocrx_word' id='word_1_229' title='bbox 1979 1271 2131 1328; x_wconf 90' lang='lat' dir='ltr'><strong>papa</strong></span> <span class='ocrx_word' id='word_1_230' title='bbox 2158 1255 2528 1311; x_wconf 88' lang='lat' dir='ltr'><strong>sententiam.</strong></span> <span class='ocrx_word' id='word_1_231' title='bbox 2559 1297 2572 1310; x_wconf 96' lang='lat'><strong>.</strong></span> <span class='ocrx_word' id='word_1_232' title='bbox 2599 1297 2612 1310; x_wconf 91' lang='lat'><strong>.</strong></span> <span class='ocrx_word' id='word_1_233' title='bbox 2641 1299 2652 1311; x_wconf 98' lang='lat'><strong>.</strong></span> <span class='ocrx_word' id='word_1_234' title='bbox 2682 1299 2695 1311; x_wconf 95' lang='lat'><strong>.</strong></span> <span class='ocrx_word' id='word_1_235' title='bbox 2729 1257 2965 1328; x_wconf 87' lang='lat' dir='ltr'><strong>scriptis</strong></span> <span class='ocrx_word' id='word_1_236' title='bbox 3003 1261 3059 1312; x_wconf 91' lang='lat' dir='ltr'><strong>et</strong></span> <span class='ocrx_word' id='word_1_237' title='bbox 3098 1258 3630 1332; x_wconf 86' lang='lat' dir='ltr'><strong>subscriptionibus</strong></span> 
     </span>
    </p>
   </div>
   <div class='ocr_carea' id='block_1_43' title="bbox 1981 1343 3630 1409">
    <p class='ocr_par' dir='ltr' id='par_1_43' title="bbox 1981 1343 3630 1409">
     <span class='ocr_line' id='line_1_45' title="bbox 1981 1343 3630 1409; baseline 0.002 -11"><span class='ocrx_word' id='word_1_238' title='bbox 1981 1343 2337 1399; x_wconf 87' lang='lat' dir='ltr'><strong>omnimodis</strong></span> <span class='ocrx_word' id='word_1_239' title='bbox 2380 1347 2731 1409; x_wconf 87' lang='lat' dir='ltr'><strong>statuerunt,</strong></span> <span class='ocrx_word' id='word_1_240' title='bbox 2767 1349 2831 1400; x_wconf 90' lang='lat' dir='ltr'><strong>ut</strong></span> <span class='ocrx_word' id='word_1_241' title='bbox 2879 1345 3147 1401; x_wconf 83' lang='lat' dir='ltr'><strong>videlicet</strong></span> <span class='ocrx_word' id='word_1_242' title='bbox 3195 1351 3313 1402; x_wconf 89' lang='lat' dir='ltr'><strong>tam</strong></span> <span class='ocrx_word' id='word_1_243' title='bbox 3365 1345 3630 1403; x_wconf 88' lang='lat' dir='ltr'><strong>Dolensis</strong></span> 
     </span>
    </p>
   </div>
   <div class='ocr_carea' id='block_1_44' title="bbox 1983 1431 3630 1507">
    <p class='ocr_par' dir='ltr' id='par_1_44' title="bbox 1983 1431 3630 1507">
     <span class='ocr_line' id='line_1_46' title="bbox 1983 1431 3630 1507; baseline 0.002 -20"><span class='ocrx_word' id='word_1_244' title='bbox 1983 1449 2159 1504; x_wconf 91' lang='lat' dir='ltr'><strong>quam</strong></span> <span class='ocrx_word' id='word_1_245' title='bbox 2191 1433 2378 1487; x_wconf 79' lang='lat' dir='ltr'><strong>cateri</strong></span> <span class='ocrx_word' id='word_1_246' title='bbox 2412 1431 2821 1488; x_wconf 88' lang='lat' dir='ltr'><strong>Britannorum</strong></span> <span class='ocrx_word' id='word_1_247' title='bbox 2854 1433 3110 1507; x_wconf 88' lang='lat' dir='ltr'><strong>episcopi</strong></span> <span class='ocrx_word' id='word_1_248' title='bbox 3145 1434 3445 1490; x_wconf 80' lang='lat' dir='ltr'><strong>Turonica</strong></span> <span class='ocrx_word' id='word_1_249' title='bbox 3479 1435 3630 1491; x_wconf 85' lang='lat' dir='ltr'><strong>sem-</strong></span> 
     </span>
    </p>
   </div>
   <div class='ocr_carea' id='block_1_45' title="bbox 1984 1519 3720 1598">
    <p class='ocr_par' dir='ltr' id='par_1_45' title="bbox 1984 1519 3720 1598">
     <span class='ocr_line' id='line_1_47' title="bbox 1984 1519 3720 1598; baseline 0.002 -22"><span class='ocrx_word' id='word_1_250' title='bbox 1984 1537 2085 1593; x_wconf 91' lang='lat' dir='ltr'><strong>per</strong></span> <span class='ocrx_word' id='word_1_251' title='bbox 2114 1519 2378 1576; x_wconf 86' lang='lat' dir='ltr'><strong>Ecclesia</strong></span> <span class='ocrx_word' id='word_1_252' title='bbox 2409 1521 2796 1593; x_wconf 88' lang='lat' dir='ltr'><strong>subjacerent.</strong></span> <span class='ocrx_word' id='word_1_253' title='bbox 2821 1525 2960 1577; x_wconf 80' lang='lat' dir='ltr'><strong>Cum</strong></span> <span class='ocrx_word' id='word_1_254' title='bbox 2989 1523 3059 1577; x_wconf 91' lang='lat' dir='ltr'><strong>ad</strong></span> <span class='ocrx_word' id='word_1_255' title='bbox 3089 1522 3209 1578; x_wconf 83' lang='lat' dir='ltr'><strong>hac</strong></span> <span class='ocrx_word' id='word_1_256' title='bbox 3229 1521 3635 1596; x_wconf 86' lang='lat' dir='ltr'><strong>Dolensis,qui</strong></span> <span class='ocrx_word' id='word_1_257' title='bbox 3707 1585 3720 1598; x_wconf 83' lang='lat'><em>_</em></span> 
     </span>
    </p>
   </div>
   <div class='ocr_carea' id='block_1_46' title="bbox 1985 1609 3633 1684">
    <p class='ocr_par' dir='ltr' id='par_1_46' title="bbox 1985 1609 3633 1684">
     <span class='ocr_line' id='line_1_48' title="bbox 1985 1609 3633 1684; baseline 0.002 -19"><span class='ocrx_word' id='word_1_258' title='bbox 1985 1609 2176 1666; x_wconf 90' lang='lat' dir='ltr'><strong>adhuc</strong></span> <span class='ocrx_word' id='word_1_259' title='bbox 2234 1611 2454 1678; x_wconf 88' lang='lat' dir='ltr'><strong>aderat,</strong></span> <span class='ocrx_word' id='word_1_260' title='bbox 2488 1611 2864 1682; x_wconf 87' lang='lat' dir='ltr'><strong>responderet</strong></span> <span class='ocrx_word' id='word_1_261' title='bbox 2921 1627 2983 1666; x_wconf 89' lang='lat' dir='ltr'><strong>se</strong></span> <span class='ocrx_word' id='word_1_262' title='bbox 3040 1628 3155 1666; x_wconf 90' lang='lat' dir='ltr'><strong>non</strong></span> <span class='ocrx_word' id='word_1_263' title='bbox 3209 1613 3282 1667; x_wconf 90' lang='lat' dir='ltr'><strong>ad</strong></span> <span class='ocrx_word' id='word_1_264' title='bbox 3341 1613 3633 1684; x_wconf 86' lang='lat' dir='ltr'><strong>agendum</strong></span> 
     </span>
    </p>
   </div>
   <div class='ocr_carea' id='block_1_47' title="bbox 1984 1699 3635 1773">
    <p class='ocr_par' dir='ltr' id='par_1_47' title="bbox 1984 1699 3635 1773">
     <span class='ocr_line' id='line_1_49' title="bbox 1984 1699 3635 1773; baseline 0 -17"><span class='ocrx_word' id='word_1_265' title='bbox 1984 1699 2232 1768; x_wconf 87' lang='lat' dir='ltr'><strong>venisse,</strong></span> <span class='ocrx_word' id='word_1_266' title='bbox 2257 1703 2528 1771; x_wconf 89' lang='lat' dir='ltr'><strong>paratum</strong></span> <span class='ocrx_word' id='word_1_267' title='bbox 2571 1704 2767 1755; x_wconf 87' lang='lat' dir='ltr'><strong>tamen</strong></span> <span class='ocrx_word' id='word_1_268' title='bbox 2814 1716 2948 1755; x_wconf 92' lang='lat' dir='ltr'><strong>cum</strong></span> <span class='ocrx_word' id='word_1_269' title='bbox 2993 1700 3284 1773; x_wconf 90' lang='lat' dir='ltr'><strong>episcopis</strong></span> <span class='ocrx_word' id='word_1_270' title='bbox 3327 1700 3635 1773; x_wconf 88' lang='lat' dir='ltr'><strong>provincia</strong></span> 
     </span>
    </p>
   </div>
   <div class='ocr_carea' id='block_1_48' title="bbox 1984 1789 3640 1862">
    <p class='ocr_par' dir='ltr' id='par_1_48' title="bbox 1984 1789 3640 1862">
     <span class='ocr_line' id='line_1_50' title="bbox 1984 1789 3640 1862; baseline 0.001 -18"><span class='ocrx_word' id='word_1_271' title='bbox 1984 1804 2242 1860; x_wconf 89' lang='lat' dir='ltr'><strong>congruo</strong></span> <span class='ocrx_word' id='word_1_272' title='bbox 2273 1793 2531 1860; x_wconf 91' lang='lat' dir='ltr'><strong>tempore</strong></span> <span class='ocrx_word' id='word_1_273' title='bbox 2562 1789 2933 1860; x_wconf 84' lang='lat' dir='ltr'><strong>respondere,</strong></span> <span class='ocrx_word' id='word_1_274' title='bbox 2957 1805 3085 1854; x_wconf 90' lang='lat' dir='ltr'><strong>nos,</strong></span> <span class='ocrx_word' id='word_1_275' title='bbox 3119 1794 3366 1862; x_wconf 87' lang='lat' dir='ltr'><strong>utroque</strong></span> <span class='ocrx_word' id='word_1_276' title='bbox 3396 1807 3640 1848; x_wconf 90' lang='lat' dir='ltr'><strong>consen-</strong></span> 
     </span>
    </p>
   </div>
   <div class='ocr_carea' id='block_1_49' title="bbox 1984 1877 3640 1950">
    <p class='ocr_par' dir='ltr' id='par_1_49' title="bbox 1984 1877 3640 1950">
     <span class='ocr_line' id='line_1_51' title="bbox 1984 1877 3640 1950; baseline 0.002 -16"><span class='ocrx_word' id='word_1_277' title='bbox 1984 1879 2187 1948; x_wconf 91' lang='lat' dir='ltr'><strong>tiente,</strong></span> <span class='ocrx_word' id='word_1_278' title='bbox 2218 1877 2622 1950; x_wconf 88' lang='lat' dir='ltr'><strong>disposuimus</strong></span> <span class='ocrx_word' id='word_1_279' title='bbox 2653 1884 2716 1933; x_wconf 90' lang='lat' dir='ltr'><strong>ut</strong></span> <span class='ocrx_word' id='word_1_280' title='bbox 2747 1878 2803 1932; x_wconf 90' lang='lat' dir='ltr'><strong>in</strong></span> <span class='ocrx_word' id='word_1_281' title='bbox 2830 1879 3077 1950; x_wconf 87' lang='lat' dir='ltr'><strong>proximi</strong></span> <span class='ocrx_word' id='word_1_282' title='bbox 3111 1879 3249 1934; x_wconf 92' lang='lat' dir='ltr'><strong>anni</strong></span> <span class='ocrx_word' id='word_1_283' title='bbox 3279 1879 3473 1935; x_wconf 90' lang='lat' dir='ltr'><strong>media</strong></span> <span class='ocrx_word' id='word_1_284' title='bbox 3493 1881 3640 1946; x_wconf 85' lang='lat' dir='ltr'><strong>Qua-</strong></span> 
     </span>
    </p>
   </div>
   <div class='ocr_carea' id='block_1_50' title="bbox 1986 1967 3637 2041">
    <p class='ocr_par' dir='ltr' id='par_1_50' title="bbox 1986 1967 3637 2041">
     <span class='ocr_line' id='line_1_52' title="bbox 1986 1967 3637 2041; baseline 0.002 -19"><span class='ocrx_word' id='word_1_285' title='bbox 1986 1968 2318 2040; x_wconf 89' lang='lat' dir='ltr'><strong>dragesima</strong></span> <span class='ocrx_word' id='word_1_286' title='bbox 2350 1971 2597 2038; x_wconf 90' lang='lat' dir='ltr'><strong>uterque</strong></span> <span class='ocrx_word' id='word_1_287' title='bbox 2640 1971 2838 2022; x_wconf 90' lang='lat' dir='ltr'><strong>nostro</strong></span> <span class='ocrx_word' id='word_1_288' title='bbox 2889 1984 2952 2023; x_wconf 89' lang='lat' dir='ltr'><strong>se</strong></span> <span class='ocrx_word' id='word_1_289' title='bbox 3000 1967 3336 2040; x_wconf 87' lang='lat' dir='ltr'><strong>conspectui</strong></span> <span class='ocrx_word' id='word_1_290' title='bbox 3383 1984 3637 2041; x_wconf 85' lang='lat' dir='ltr'><strong>prasen-</strong></span> 
     </span>
    </p>
   </div>
   <div class='ocr_carea' id='block_1_51' title="bbox 1986 2056 3639 2134">
    <p class='ocr_par' dir='ltr' id='par_1_51' title="bbox 1986 2056 3639 2134">
     <span class='ocr_line' id='line_1_53' title="bbox 1986 2056 3639 2134; baseline 0.001 -22"><span class='ocrx_word' id='word_1_291' title='bbox 1986 2061 2177 2112; x_wconf 90' lang='lat' dir='ltr'><strong>tarent</strong></span> <span class='ocrx_word' id='word_1_292' title='bbox 2209 2073 2220 2109; x_wconf 93' lang='lat'><strong>:</strong></span> <span class='ocrx_word' id='word_1_293' title='bbox 2257 2057 2356 2128; x_wconf 88' lang='lat' dir='ltr'><strong>qui</strong></span> <span class='ocrx_word' id='word_1_294' title='bbox 2390 2061 2583 2112; x_wconf 90' lang='lat' dir='ltr'><strong>autem</strong></span> <span class='ocrx_word' id='word_1_295' title='bbox 2615 2071 2676 2111; x_wconf 91' lang='lat' dir='ltr'><strong>se</strong></span> <span class='ocrx_word' id='word_1_296' title='bbox 2718 2060 2858 2134; x_wconf 90' lang='lat' dir='ltr'><strong>tunc</strong></span> <span class='ocrx_word' id='word_1_297' title='bbox 2908 2056 3033 2111; x_wconf 90' lang='lat' dir='ltr'><strong>sine</strong></span> <span class='ocrx_word' id='word_1_298' title='bbox 3081 2057 3360 2113; x_wconf 89' lang='lat' dir='ltr'><strong>canonico</strong></span> <span class='ocrx_word' id='word_1_299' title='bbox 3389 2057 3639 2131; x_wconf 90' lang='lat' dir='ltr'><strong>impedi-</strong></span> 
     </span>
    </p>
   </div>
   <div class='ocr_carea' id='block_1_52' title="bbox 1988 2143 3636 2214">
    <p class='ocr_par' dir='ltr' id='par_1_52' title="bbox 1988 2143 3636 2214">
     <span class='ocr_line' id='line_1_54' title="bbox 1988 2143 3636 2214; baseline 0.001 -13"><span class='ocrx_word' id='word_1_300' title='bbox 1988 2150 2183 2201; x_wconf 90' lang='lat' dir='ltr'><strong>mento</strong></span> <span class='ocrx_word' id='word_1_301' title='bbox 2214 2144 2580 2202; x_wconf 88' lang='lat' dir='ltr'><strong>subtraheret</strong></span> <span class='ocrx_word' id='word_1_302' title='bbox 2609 2148 2710 2201; x_wconf 88' lang='lat' dir='ltr'><strong>aut</strong></span> <span class='ocrx_word' id='word_1_303' title='bbox 2735 2143 3022 2214; x_wconf 90' lang='lat' dir='ltr'><strong>deﬁceret,</strong></span> <span class='ocrx_word' id='word_1_304' title='bbox 3052 2161 3292 2202; x_wconf 89' lang='lat' dir='ltr'><strong>causam</strong></span> <span class='ocrx_word' id='word_1_305' title='bbox 3323 2147 3636 2204; x_wconf 89' lang='lat' dir='ltr'><strong>amitteret.</strong></span> 
     </span>
    </p>
   </div>
   <div class='ocr_carea' id='block_1_53' title="bbox 1989 2234 3639 2306">
    <p class='ocr_par' dir='ltr' id='par_1_53' title="bbox 1989 2234 3639 2306">
     <span class='ocr_line' id='line_1_55' title="bbox 1989 2234 3639 2306; baseline 0.001 -16"><span class='ocrx_word' id='word_1_306' title='bbox 1989 2234 2218 2290; x_wconf 88' lang='lat' dir='ltr'><strong>Statuto</strong></span> <span class='ocrx_word' id='word_1_307' title='bbox 2251 2237 2448 2290; x_wconf 89' lang='lat' dir='ltr'><strong>autem</strong></span> <span class='ocrx_word' id='word_1_308' title='bbox 2488 2238 2770 2306; x_wconf 89' lang='lat' dir='ltr'><strong>tempore,</strong></span> <span class='ocrx_word' id='word_1_309' title='bbox 2800 2249 2935 2288; x_wconf 91' lang='lat' dir='ltr'><strong>cum</strong></span> <span class='ocrx_word' id='word_1_310' title='bbox 2982 2250 3089 2289; x_wconf 85' lang='lat' dir='ltr'><strong>nos</strong></span> <span class='ocrx_word' id='word_1_311' title='bbox 3115 2235 3173 2290; x_wconf 92' lang='lat' dir='ltr'><strong>in</strong></span> <span class='ocrx_word' id='word_1_312' title='bbox 3205 2235 3356 2290; x_wconf 87' lang='lat' dir='ltr'><strong>Urbe</strong></span> <span class='ocrx_word' id='word_1_313' title='bbox 3383 2250 3639 2293; x_wconf 89' lang='lat' dir='ltr'><strong>morare-</strong></span> 
     </span>
    </p>
   </div>
   <div class='ocr_carea' id='block_1_54' title="bbox 1990 2322 3642 2394">
    <p class='ocr_par' dir='ltr' id='par_1_54' title="bbox 1990 2322 3642 2394">
     <span class='ocr_line' id='line_1_56' title="bbox 1990 2322 3642 2394; baseline 0.002 -16"><span class='ocrx_word' id='word_1_314' title='bbox 1990 2340 2143 2390; x_wconf 91' lang='lat' dir='ltr'><strong>mur,</strong></span> <span class='ocrx_word' id='word_1_315' title='bbox 2204 2322 2470 2379; x_wconf 91' lang='lat' dir='ltr'><strong>Dolensis</strong></span> <span class='ocrx_word' id='word_1_316' title='bbox 2525 2322 2868 2394; x_wconf 88' lang='lat' dir='ltr'><strong>neutiquam</strong></span> <span class='ocrx_word' id='word_1_317' title='bbox 2914 2323 3090 2390; x_wconf 87' lang='lat' dir='ltr'><strong>venit,</strong></span> <span class='ocrx_word' id='word_1_318' title='bbox 3152 2327 3254 2380; x_wconf 88' lang='lat' dir='ltr'><strong>tua</strong></span> <span class='ocrx_word' id='word_1_319' title='bbox 3308 2323 3642 2382; x_wconf 82' lang='lat' dir='ltr'><strong>fraternitas</strong></span> 
     </span>
    </p>
   </div>
   <div class='ocr_carea' id='block_1_55' title="bbox 1990 2407 3641 2487">
    <p class='ocr_par' dir='ltr' id='par_1_55' title="bbox 1990 2407 3641 2487">
     <span class='ocr_line' id='line_1_57' title="bbox 1990 2407 3641 2487; baseline 0.001 -18"><span class='ocrx_word' id='word_1_320' title='bbox 1990 2417 2199 2486; x_wconf 88' lang='lat' dir='ltr'><strong>prasto</strong></span> <span class='ocrx_word' id='word_1_321' title='bbox 2231 2411 2358 2467; x_wconf 85' lang='lat' dir='ltr'><strong>fuit.</strong></span> <span class='ocrx_word' id='word_1_322' title='bbox 2383 2407 2634 2477; x_wconf 83' lang='lat' dir='ltr'><strong>Quasita</strong></span> <span class='ocrx_word' id='word_1_323' title='bbox 2671 2415 2760 2466; x_wconf 89' lang='lat' dir='ltr'><strong>est</strong></span> <span class='ocrx_word' id='word_1_324' title='bbox 2789 2409 2848 2464; x_wconf 89' lang='lat' dir='ltr'><strong>in</strong></span> <span class='ocrx_word' id='word_1_325' title='bbox 2881 2409 3125 2484; x_wconf 90' lang='lat' dir='ltr'><strong>registro</strong></span> <span class='ocrx_word' id='word_1_326' title='bbox 3159 2413 3214 2467; x_wconf 89' lang='grc' dir='ltr'><strong>Β.</strong></span> <span class='ocrx_word' id='word_1_327' title='bbox 3245 2411 3506 2486; x_wconf 86' lang='lat' dir='ltr'><strong>Gregorii</strong></span> <span class='ocrx_word' id='word_1_328' title='bbox 3538 2430 3641 2487; x_wconf 85' lang='lat' dir='ltr'><strong>pa-</strong></span> 
     </span>
    </p>
   </div>
   <div class='ocr_carea' id='block_1_56' title="bbox 1989 2499 3642 2574">
    <p class='ocr_par' dir='ltr' id='par_1_56' title="bbox 1989 2499 3642 2574">
     <span class='ocr_line' id='line_1_58' title="bbox 1989 2499 3642 2574; baseline 0.002 -18"><span class='ocrx_word' id='word_1_329' title='bbox 1989 2519 2074 2574; x_wconf 89' lang='lat' dir='ltr'><strong>pa</strong></span> <span class='ocrx_word' id='word_1_330' title='bbox 2105 2501 2208 2556; x_wconf 84' lang='lat' dir='ltr'><strong>VII</strong></span> <span class='ocrx_word' id='word_1_331' title='bbox 2240 2499 2547 2557; x_wconf 89' lang='lat' dir='ltr'><strong>sententia.</strong></span> <span class='ocrx_word' id='word_1_332' title='bbox 2581 2500 2650 2555; x_wconf 89' lang='lat' dir='ltr'><strong>Et</strong></span> <span class='ocrx_word' id='word_1_333' title='bbox 2685 2499 2768 2556; x_wconf 85' lang='lat' dir='ltr'><strong>ita</strong></span> <span class='ocrx_word' id='word_1_334' title='bbox 2813 2499 3052 2555; x_wconf 90' lang='lat' dir='ltr'><strong>omnino</strong></span> <span class='ocrx_word' id='word_1_335' title='bbox 3084 2501 3238 2556; x_wconf 86' lang='lat' dir='ltr'><strong>sicut</strong></span> <span class='ocrx_word' id='word_1_336' title='bbox 3266 2501 3642 2560; x_wconf 84' lang='lat' dir='ltr'><strong>audieramus</strong></span> 
     </span>
    </p>
   </div>
   <div class='ocr_carea' id='block_1_57' title="bbox 1989 2588 3643 2649">
    <p class='ocr_par' dir='ltr' id='par_1_57' title="bbox 1989 2588 3643 2649">
     <span class='ocr_line' id='line_1_59' title="bbox 1989 2588 3643 2649; baseline 0.002 -3"><span class='ocrx_word' id='word_1_337' title='bbox 1989 2592 2242 2648; x_wconf 88' lang='lat' dir='ltr'><strong>inventa.</strong></span> <span class='ocrx_word' id='word_1_338' title='bbox 2278 2589 2526 2646; x_wconf 91' lang='lat' dir='ltr'><strong>Ostensa</strong></span> <span class='ocrx_word' id='word_1_339' title='bbox 2583 2593 2722 2645; x_wconf 93' lang='lat' dir='ltr'><strong>sunt</strong></span> <span class='ocrx_word' id='word_1_340' title='bbox 2777 2589 2955 2646; x_wconf 89' lang='lat' dir='ltr'><strong>etiam</strong></span> <span class='ocrx_word' id='word_1_341' title='bbox 3009 2588 3230 2647; x_wconf 87' lang='lat' dir='ltr'><strong>Nicolai</strong></span> <span class='ocrx_word' id='word_1_342' title='bbox 3286 2594 3345 2647; x_wconf 89' lang='lat' dir='ltr'><strong>et</strong></span> <span class='ocrx_word' id='word_1_343' title='bbox 3396 2592 3643 2649; x_wconf 87' lang='lat' dir='ltr'><strong>Joannis</strong></span> 
     </span>
    </p>
   </div>
   <div class='ocr_carea' id='block_1_58' title="bbox 1992 2677 3640 2752">
    <p class='ocr_par' dir='ltr' id='par_1_58' title="bbox 1992 2677 3640 2752">
     <span class='ocr_line' id='line_1_60' title="bbox 1992 2677 3640 2752; baseline 0.001 -16"><span class='ocrx_word' id='word_1_344' title='bbox 1992 2681 2388 2736; x_wconf 82' lang='lat' dir='ltr'><strong>Romanorum</strong></span> <span class='ocrx_word' id='word_1_345' title='bbox 2420 2677 2762 2752; x_wconf 88' lang='lat' dir='ltr'><strong>pontiﬁcum</strong></span> <span class='ocrx_word' id='word_1_346' title='bbox 2809 2679 3170 2736; x_wconf 88' lang='lat' dir='ltr'><strong>monimenta</strong></span> <span class='ocrx_word' id='word_1_347' title='bbox 3197 2679 3255 2736; x_wconf 90' lang='lat' dir='ltr'><strong>id</strong></span> <span class='ocrx_word' id='word_1_348' title='bbox 3288 2681 3640 2750; x_wconf 82' lang='lat' dir='ltr'><strong>astruentia;</strong></span> 
     </span>
    </p>
   </div>
   <div class='ocr_carea' id='block_1_59' title="bbox 1992 2763 3644 2841">
    <p class='ocr_par' dir='ltr' id='par_1_59' title="bbox 1992 2763 3644 2841">
     <span class='ocr_line' id='line_1_61' title="bbox 1992 2763 3644 2841; baseline 0.002 -17"><span class='ocrx_word' id='word_1_349' title='bbox 1992 2769 2202 2826; x_wconf 90' lang='lat' dir='ltr'><strong>Leonis</strong></span> <span class='ocrx_word' id='word_1_350' title='bbox 2234 2784 2465 2841; x_wconf 89' lang='lat' dir='ltr'><strong>quoque</strong></span> <span class='ocrx_word' id='word_1_351' title='bbox 2495 2767 2570 2823; x_wconf 81' lang='lat' dir='ltr'><strong>IX</strong></span> <span class='ocrx_word' id='word_1_352' title='bbox 2600 2767 2898 2823; x_wconf 90' lang='lat' dir='ltr'><strong>decretum</strong></span> <span class='ocrx_word' id='word_1_353' title='bbox 2945 2769 3212 2824; x_wconf 84' lang='lat' dir='ltr'><strong>eamdem</strong></span> <span class='ocrx_word' id='word_1_354' title='bbox 3260 2763 3501 2827; x_wconf 89' lang='lat' dir='ltr'><strong>causam</strong></span> <span class='ocrx_word' id='word_1_355' title='bbox 3534 2770 3644 2826; x_wconf 87' lang='lat' dir='ltr'><strong>sub</strong></span> 
     </span>
    </p>
   </div>
   <div class='ocr_carea' id='block_1_60' title="bbox 1992 2849 3645 2916">
    <p class='ocr_par' dir='ltr' id='par_1_60' title="bbox 1992 2849 3645 2916">
     <span class='ocr_line' id='line_1_62' title="bbox 1992 2849 3645 2916; baseline 0 -1"><span class='ocrx_word' id='word_1_356' title='bbox 1992 2857 2382 2915; x_wconf 89' lang='lat' dir='ltr'><strong>anathematis</strong></span> <span class='ocrx_word' id='word_1_357' title='bbox 2422 2855 2718 2912; x_wconf 91' lang='lat' dir='ltr'><strong>additione</strong></span> <span class='ocrx_word' id='word_1_358' title='bbox 2757 2857 3130 2913; x_wconf 88' lang='lat' dir='ltr'><strong>conﬁrmans.</strong></span> <span class='ocrx_word' id='word_1_359' title='bbox 3163 2858 3388 2914; x_wconf 82' lang='lat' dir='ltr'><strong>Audita</strong></span> <span class='ocrx_word' id='word_1_360' title='bbox 3419 2861 3560 2916; x_wconf 91' lang='lat' dir='ltr'><strong>sunt</strong></span> <span class='ocrx_word' id='word_1_361' title='bbox 3587 2849 3645 2915; x_wconf 89' lang='lat' dir='ltr'><strong>et</strong></span> 
     </span>
    </p>
   </div>
   <div class='ocr_carea' id='block_1_61' title="bbox 1993 2944 3648 3019">
    <p class='ocr_par' dir='ltr' id='par_1_61' title="bbox 1993 2944 3648 3019">
     <span class='ocr_line' id='line_1_63' title="bbox 1993 2944 3648 3019; baseline 0.001 -16"><span class='ocrx_word' id='word_1_362' title='bbox 1993 2948 2190 3004; x_wconf 81' lang='lat' dir='ltr'><strong>fratris</strong></span> <span class='ocrx_word' id='word_1_363' title='bbox 2218 2945 2403 3002; x_wconf 90' lang='lat' dir='ltr'><strong>nostri</strong></span> <span class='ocrx_word' id='word_1_364' title='bbox 2435 2944 2702 3001; x_wconf 89' lang='lat' dir='ltr'><strong>Dolensis</strong></span> <span class='ocrx_word' id='word_1_365' title='bbox 2729 2945 2986 3019; x_wconf 87' lang='lat' dir='ltr'><strong>episcopi</strong></span> <span class='ocrx_word' id='word_1_366' title='bbox 3018 2964 3122 3019; x_wconf 91' lang='lat' dir='ltr'><strong>per</strong></span> <span class='ocrx_word' id='word_1_367' title='bbox 3153 2949 3470 3019; x_wconf 89' lang='lat' dir='ltr'><strong>quemdam</strong></span> <span class='ocrx_word' id='word_1_368' title='bbox 3502 2965 3648 3004; x_wconf 87' lang='lat' dir='ltr'><strong>nun-</strong></span> 
     </span>
    </p>
   </div>
   <div class='ocr_carea' id='block_1_62' title="bbox 1994 3033 3644 3106">
    <p class='ocr_par' dir='ltr' id='par_1_62' title="bbox 1994 3033 3644 3106">
     <span class='ocr_line' id='line_1_64' title="bbox 1994 3033 3644 3106; baseline 0.001 -14"><span class='ocrx_word' id='word_1_369' title='bbox 1994 3037 2144 3092; x_wconf 89' lang='lat' dir='ltr'><strong>tium</strong></span> <span class='ocrx_word' id='word_1_370' title='bbox 2180 3036 2623 3091; x_wconf 90' lang='lat' dir='ltr'><strong>excusationes:</strong></span> <span class='ocrx_word' id='word_1_371' title='bbox 2651 3051 2763 3089; x_wconf 90' lang='lat' dir='ltr'><strong>non</strong></span> <span class='ocrx_word' id='word_1_372' title='bbox 2797 3037 2934 3090; x_wconf 90' lang='lat' dir='ltr'><strong>tunc</strong></span> <span class='ocrx_word' id='word_1_373' title='bbox 2963 3033 3240 3106; x_wconf 78' lang='lat' dir='ltr'><strong>legitima</strong></span> <span class='ocrx_word' id='word_1_374' title='bbox 3276 3035 3644 3093; x_wconf 84' lang='lat' dir='ltr'><strong>videbantur.</strong></span> 
     </span>
    </p>
   </div>
   <div class='ocr_carea' id='block_1_63' title="bbox 292 3107 3648 3212">
    <p class='ocr_par' dir='ltr' id='par_1_63' title="bbox 292 3107 3648 3212">
     <span class='ocr_line' id='line_1_65' title="bbox 292 3107 3648 3212; baseline 0.001 -35"><span class='ocrx_word' id='word_1_375' title='bbox 292 3133 646 3212; x_wconf 48' lang='lat' dir='ltr'><strong>sanctorum</strong></span> <span class='ocrx_word' id='word_1_376' title='bbox 665 3153 954 3194; x_wconf 66' lang='lat' dir='ltr'><strong>canonum</strong></span> <span class='ocrx_word' id='word_1_377' title='bbox 989 3134 1249 3194; x_wconf 65' lang='lat' dir='ltr'><strong>decernit</strong></span> <span class='ocrx_word' id='word_1_378' title='bbox 1268 3138 1584 3194; x_wconf 64' lang='lat' dir='ltr'><strong>auctoritas</strong></span> <span class='ocrx_word' id='word_1_379' title='bbox 1606 3141 1671 3193; x_wconf 72' lang='grc' dir='ltr'><strong>ιη</strong></span> <span class='ocrx_word' id='word_1_380' title='bbox 1701 3138 1884 3209; x_wconf 51' lang='grc' dir='ltr'><strong>ωηο-</strong></span> <span class='ocrx_word' id='word_1_381' title='bbox 1913 3107 1958 3176; x_wconf 82' lang='lat' dir='ltr'><strong><em>C</em></strong></span> <span class='ocrx_word' id='word_1_382' title='bbox 1996 3125 2284 3182; x_wconf 92' lang='lat' dir='ltr'><strong>Omnibus</strong></span> <span class='ocrx_word' id='word_1_383' title='bbox 2302 3125 2498 3195; x_wconf 89' lang='lat' dir='ltr'><strong>itaque</strong></span> <span class='ocrx_word' id='word_1_384' title='bbox 2514 3123 3269 3196; x_wconf 89' lang='lat' dir='ltr'><strong>pertractatis,inconcussu</strong></span> <span class='ocrx_word' id='word_1_385' title='bbox 3289 3125 3648 3182; x_wconf 85' lang='lat' dir='ltr'><strong>confratrum</strong></span> 
     </span>
    </p>
   </div>
   <div class='ocr_carea' id='block_1_64' title="bbox 226 3223 1886 3300">
    <p class='ocr_par' dir='ltr' id='par_1_64' title="bbox 226 3223 1886 3300">
     <span class='ocr_line' id='line_1_66' title="bbox 226 3223 1886 3300; baseline -0.003 -14"><span class='ocrx_word' id='word_1_386' title='bbox 226 3225 321 3286; x_wconf 80' lang='lat' dir='ltr'><strong>res</strong></span> <span class='ocrx_word' id='word_1_387' title='bbox 344 3223 729 3300; x_wconf 81' lang='lat' dir='ltr'><strong>ecclesiarum</strong></span> <span class='ocrx_word' id='word_1_388' title='bbox 753 3244 941 3283; x_wconf 86' lang='lat' dir='ltr'><strong>causa</strong></span> <span class='ocrx_word' id='word_1_389' title='bbox 962 3225 1292 3300; x_wconf 87' lang='lat' dir='ltr'><strong>apostolica</strong></span> <span class='ocrx_word' id='word_1_390' title='bbox 1312 3226 1466 3300; x_wconf 85' lang='lat' dir='ltr'><strong>sedis</strong></span> <span class='ocrx_word' id='word_1_391' title='bbox 1481 3227 1706 3298; x_wconf 88' lang='lat' dir='ltr'><strong>judicio</strong></span> <span class='ocrx_word' id='word_1_392' title='bbox 1728 3225 1886 3282; x_wconf 88' lang='lat' dir='ltr'><strong>deci-</strong></span> 
     </span>
    </p>
   </div>
   <div class='ocr_carea' id='block_1_65' title="bbox 229 3313 1890 3390">
    <p class='ocr_par' dir='ltr' id='par_1_65' title="bbox 229 3313 1890 3390">
     <span class='ocr_line' id='line_1_67' title="bbox 229 3313 1890 3390; baseline -0.002 -17"><span class='ocrx_word' id='word_1_393' title='bbox 229 3318 467 3373; x_wconf 86' lang='lat' dir='ltr'><strong>dantur.</strong></span> <span class='ocrx_word' id='word_1_394' title='bbox 496 3313 756 3383; x_wconf 82' lang='lat' dir='ltr'><strong>Qualiter</strong></span> <span class='ocrx_word' id='word_1_395' title='bbox 783 3314 962 3390; x_wconf 86' lang='lat' dir='ltr'><strong>igitur</strong></span> <span class='ocrx_word' id='word_1_396' title='bbox 990 3315 1349 3371; x_wconf 89' lang='lat' dir='ltr'><strong>Turonensis</strong></span> <span class='ocrx_word' id='word_1_397' title='bbox 1389 3313 1654 3384; x_wconf 83' lang='lat' dir='ltr'><strong>Ecclesia</strong></span> <span class='ocrx_word' id='word_1_398' title='bbox 1686 3320 1890 3371; x_wconf 89' lang='lat' dir='ltr'><strong>contra</strong></span> 
     </span>
    </p>
   </div>
   <div class='ocr_carea' id='block_1_66' title="bbox 233 3393 1887 3478">
    <p class='ocr_par' dir='ltr' id='par_1_66' title="bbox 233 3393 1887 3478">
     <span class='ocr_line' id='line_1_68' title="bbox 233 3393 1887 3478; baseline 0 -16"><span class='ocrx_word' id='word_1_399' title='bbox 233 3393 544 3463; x_wconf 76' lang='lat' dir='ltr'><strong>Dolensem</strong></span> <span class='ocrx_word' id='word_1_400' title='bbox 569 3403 909 3478; x_wconf 90' lang='lat' dir='ltr'><strong>episcopum</strong></span> <span class='ocrx_word' id='word_1_401' title='bbox 932 3403 1170 3477; x_wconf 91' lang='lat' dir='ltr'><strong>querela</strong></span> <span class='ocrx_word' id='word_1_402' title='bbox 1191 3401 1406 3460; x_wconf 89' lang='lat' dir='ltr'><strong>nostris</strong></span> <span class='ocrx_word' id='word_1_403' title='bbox 1426 3404 1506 3459; x_wconf 88' lang='lat' dir='ltr'><strong>sit</strong></span> <span class='ocrx_word' id='word_1_404' title='bbox 1527 3399 1638 3460; x_wconf 85' lang='lat' dir='ltr'><strong>tem</strong></span> <span class='ocrx_word' id='word_1_405' title='bbox 1649 3403 1887 3476; x_wconf 88' lang='lat' dir='ltr'><strong>poribus</strong></span> 
     </span>
    </p>
   </div>
   <div class='ocr_carea' id='block_1_67' title="bbox 231 3485 1887 3568">
    <p class='ocr_par' dir='ltr' id='par_1_67' title="bbox 231 3485 1887 3568">
     <span class='ocr_line' id='line_1_69' title="bbox 231 3485 1887 3568; baseline -0.002 -18"><span class='ocrx_word' id='word_1_406' title='bbox 231 3485 614 3568; x_wconf 85' lang='lat' dir='ltr'><strong>pertractata,</strong></span> <span class='ocrx_word' id='word_1_407' title='bbox 631 3497 689 3549; x_wconf 91' lang='lat' dir='ltr'><strong>et</strong></span> <span class='ocrx_word' id='word_1_408' title='bbox 716 3491 1090 3565; x_wconf 85' lang='lat' dir='ltr'><strong>prasentium</strong></span> <span class='ocrx_word' id='word_1_409' title='bbox 1111 3489 1385 3546; x_wconf 88' lang='lat' dir='ltr'><strong>volumus</strong></span> <span class='ocrx_word' id='word_1_410' title='bbox 1417 3489 1634 3545; x_wconf 83' lang='lat' dir='ltr'><strong>notitia</strong></span> <span class='ocrx_word' id='word_1_411' title='bbox 1664 3495 1887 3547; x_wconf 89' lang='lat' dir='ltr'><strong>certum</strong></span> 
     </span>
    </p>
   </div>
   <div class='ocr_carea' id='block_1_68' title="bbox 231 3577 1890 3650">
    <p class='ocr_par' dir='ltr' id='par_1_68' title="bbox 231 3577 1890 3650">
     <span class='ocr_line' id='line_1_70' title="bbox 231 3577 1890 3650; baseline -0.001 -12"><span class='ocrx_word' id='word_1_412' title='bbox 231 3583 381 3650; x_wconf 85' lang='lat' dir='ltr'><strong>ﬁeri,</strong></span> <span class='ocrx_word' id='word_1_413' title='bbox 417 3587 476 3639; x_wconf 91' lang='lat' dir='ltr'><strong>et</strong></span> <span class='ocrx_word' id='word_1_414' title='bbox 505 3583 838 3638; x_wconf 85' lang='lat' dir='ltr'><strong>futurorum</strong></span> <span class='ocrx_word' id='word_1_415' title='bbox 872 3577 1214 3636; x_wconf 85' lang='lat' dir='ltr'><strong>memoriam</strong></span> <span class='ocrx_word' id='word_1_416' title='bbox 1248 3596 1362 3635; x_wconf 92' lang='lat' dir='ltr'><strong>non</strong></span> <span class='ocrx_word' id='word_1_417' title='bbox 1394 3577 1590 3635; x_wconf 85' lang='lat' dir='ltr'><strong>latere.</strong></span> <span class='ocrx_word' id='word_1_418' title='bbox 1624 3579 1890 3636; x_wconf 89' lang='lat' dir='ltr'><strong>Dolensis</strong></span> 
     </span>
    </p>
   </div>
   <div class='ocr_carea' id='block_1_69' title="bbox 230 3661 1892 3743">
    <p class='ocr_par' dir='ltr' id='par_1_69' title="bbox 230 3661 1892 3743">
     <span class='ocr_line' id='line_1_71' title="bbox 230 3661 1892 3743; baseline -0.002 -16"><span class='ocrx_word' id='word_1_419' title='bbox 230 3661 531 3743; x_wconf 86' lang='lat' dir='ltr'><strong>siquidem</strong></span> <span class='ocrx_word' id='word_1_420' title='bbox 550 3670 862 3743; x_wconf 89' lang='lat' dir='ltr'><strong>episcopus</strong></span> <span class='ocrx_word' id='word_1_421' title='bbox 883 3668 1182 3724; x_wconf 85' lang='lat' dir='ltr'><strong>Rolandus</strong></span> <span class='ocrx_word' id='word_1_422' title='bbox 1199 3684 1351 3723; x_wconf 90' lang='lat' dir='ltr'><strong>anno</strong></span> <span class='ocrx_word' id='word_1_423' title='bbox 1368 3665 1680 3724; x_wconf 81' lang='lat' dir='ltr'><strong>Dominica</strong></span> <span class='ocrx_word' id='word_1_424' title='bbox 1704 3668 1892 3726; x_wconf 89' lang='lat' dir='ltr'><strong>Incar—</strong></span> 
     </span>
    </p>
   </div>
   <div class='ocr_carea' id='block_1_70' title="bbox 231 3755 1890 3831">
    <p class='ocr_par' dir='ltr' id='par_1_70' title="bbox 231 3755 1890 3831">
     <span class='ocr_line' id='line_1_72' title="bbox 231 3755 1890 3831; baseline -0.002 -16"><span class='ocrx_word' id='word_1_425' title='bbox 231 3755 493 3825; x_wconf 86' lang='lat' dir='ltr'><strong>nationis</strong></span> <span class='ocrx_word' id='word_1_426' title='bbox 527 3758 667 3814; x_wconf 86' lang='grc'><strong>1093</strong></span> <span class='ocrx_word' id='word_1_427' title='bbox 697 3758 767 3813; x_wconf 88' lang='lat' dir='ltr'><strong>ad</strong></span> <span class='ocrx_word' id='word_1_428' title='bbox 800 3761 1062 3812; x_wconf 90' lang='lat' dir='ltr'><strong>nostram</strong></span> <span class='ocrx_word' id='word_1_429' title='bbox 1091 3755 1456 3828; x_wconf 87' lang='lat' dir='ltr'><strong>prasentiam</strong></span> <span class='ocrx_word' id='word_1_430' title='bbox 1488 3757 1746 3825; x_wconf 89' lang='lat' dir='ltr'><strong>veniens,</strong></span> <span class='ocrx_word' id='word_1_431' title='bbox 1767 3756 1890 3831; x_wconf 88' lang='lat' dir='ltr'><strong>pal-</strong></span> 
     </span>
    </p>
   </div>
   <div class='ocr_carea' id='block_1_71' title="bbox 233 3841 1890 3920">
    <p class='ocr_par' dir='ltr' id='par_1_71' title="bbox 233 3841 1890 3920">
     <span class='ocr_line' id='line_1_73' title="bbox 233 3841 1890 3920; baseline -0.001 -16"><span class='ocrx_word' id='word_1_432' title='bbox 233 3849 383 3904; x_wconf 88' lang='lat' dir='ltr'><strong>lium</strong></span> <span class='ocrx_word' id='word_1_433' title='bbox 414 3843 585 3920; x_wconf 90' lang='lat' dir='ltr'><strong>quasi</strong></span> <span class='ocrx_word' id='word_1_434' title='bbox 631 3847 1045 3902; x_wconf 89' lang='lat' dir='ltr'><strong>Britannorum</strong></span> <span class='ocrx_word' id='word_1_435' title='bbox 1086 3841 1560 3917; x_wconf 84' lang='lat' dir='ltr'><strong>archiepiscopus</strong></span> <span class='ocrx_word' id='word_1_436' title='bbox 1599 3845 1890 3918; x_wconf 81' lang='lat' dir='ltr'><strong>expetivit.</strong></span> 
     </span>
    </p>
   </div>
   <div class='ocr_carea' id='block_1_72' title="bbox 231 3934 1892 4010">
    <p class='ocr_par' dir='ltr' id='par_1_72' title="bbox 231 3934 1892 4010">
     <span class='ocr_line' id='line_1_74' title="bbox 231 3934 1892 4010; baseline -0.001 -17"><span class='ocrx_word' id='word_1_437' title='bbox 231 3938 418 4010; x_wconf 85' lang='lat' dir='ltr'><strong>Cujus</strong></span> <span class='ocrx_word' id='word_1_438' title='bbox 449 3953 582 3991; x_wconf 88' lang='lat' dir='ltr'><strong>cum</strong></span> <span class='ocrx_word' id='word_1_439' title='bbox 621 3951 822 4008; x_wconf 89' lang='lat' dir='ltr'><strong>preces</strong></span> <span class='ocrx_word' id='word_1_440' title='bbox 853 3934 1075 3989; x_wconf 87' lang='lat' dir='ltr'><strong>diutius</strong></span> <span class='ocrx_word' id='word_1_441' title='bbox 1107 3950 1527 4003; x_wconf 88' lang='lat' dir='ltr'><strong>aversaremur,</strong></span> <span class='ocrx_word' id='word_1_442' title='bbox 1562 3934 1892 4007; x_wconf 81' lang='lat' dir='ltr'><strong>apostolica</strong></span> 
     </span>
    </p>
   </div>
   <div class='ocr_carea' id='block_1_73' title="bbox 233 4016 1895 4098">
    <p class='ocr_par' dir='ltr' id='par_1_73' title="bbox 233 4016 1895 4098">
     <span class='ocr_line' id='line_1_75' title="bbox 233 4016 1895 4098; baseline -0.001 -16"><span class='ocrx_word' id='word_1_443' title='bbox 233 4023 541 4082; x_wconf 85' lang='lat' dir='ltr'><strong>memoriae</strong></span> <span class='ocrx_word' id='word_1_444' title='bbox 562 4023 822 4097; x_wconf 87' lang='lat' dir='ltr'><strong>Gregorii</strong></span> <span class='ocrx_word' id='word_1_445' title='bbox 853 4022 1091 4096; x_wconf 87' lang='lat' dir='ltr'><strong>septimi</strong></span> <span class='ocrx_word' id='word_1_446' title='bbox 1121 4016 1350 4077; x_wconf 85' lang='lat' dir='ltr'><strong>litteras</strong></span> <span class='ocrx_word' id='word_1_447' title='bbox 1382 4023 1739 4095; x_wconf 81' lang='lat' dir='ltr'><strong>praeferebat,</strong></span> <span class='ocrx_word' id='word_1_448' title='bbox 1764 4025 1895 4098; x_wconf 91' lang='lat' dir='ltr'><strong>qui-</strong></span> 
     </span>
    </p>
   </div>
   <div class='ocr_carea' id='block_1_74' title="bbox 239 4109 1899 4187">
    <p class='ocr_par' dir='ltr' id='par_1_74' title="bbox 239 4109 1899 4187">
     <span class='ocr_line' id='line_1_76' title="bbox 239 4109 1899 4187; baseline 0 -16"><span class='ocrx_word' id='word_1_449' title='bbox 239 4116 356 4171; x_wconf 89' lang='lat' dir='ltr'><strong>bus</strong></span> <span class='ocrx_word' id='word_1_450' title='bbox 378 4110 802 4171; x_wconf 82' lang='lat' dir='ltr'><strong>ostendebatur</strong></span> <span class='ocrx_word' id='word_1_451' title='bbox 819 4112 992 4168; x_wconf 91' lang='lat' dir='ltr'><strong>Ivano</strong></span> <span class='ocrx_word' id='word_1_452' title='bbox 1012 4111 1242 4167; x_wconf 89' lang='lat' dir='ltr'><strong>cuidam</strong></span> <span class='ocrx_word' id='word_1_453' title='bbox 1272 4109 1506 4167; x_wconf 90' lang='lat' dir='ltr'><strong>Dolensi</strong></span> <span class='ocrx_word' id='word_1_454' title='bbox 1533 4114 1805 4187; x_wconf 90' lang='lat' dir='ltr'><strong>episcopo</strong></span> <span class='ocrx_word' id='word_1_455' title='bbox 1840 4119 1899 4171; x_wconf 92' lang='lat' dir='ltr'><strong>et</strong></span> 
     </span>
    </p>
   </div>
   <div class='ocr_carea' id='block_1_75' title="bbox 234 4197 1899 4276">
    <p class='ocr_par' dir='ltr' id='par_1_75' title="bbox 234 4197 1899 4276">
     <span class='ocr_line' id='line_1_77' title="bbox 234 4197 1899 4276; baseline -0.001 -16"><span class='ocrx_word' id='word_1_456' title='bbox 234 4197 372 4276; x_wconf 74' lang='lat' dir='ltr'><strong>ejus</strong></span> <span class='ocrx_word' id='word_1_457' title='bbox 390 4197 832 4260; x_wconf 89' lang='lat' dir='ltr'><strong>successoribus</strong></span> <span class='ocrx_word' id='word_1_458' title='bbox 855 4199 1100 4275; x_wconf 87' lang='lat' dir='ltr'><strong>pallium</strong></span> <span class='ocrx_word' id='word_1_459' title='bbox 1119 4199 1190 4255; x_wconf 92' lang='lat' dir='ltr'><strong>ab</strong></span> <span class='ocrx_word' id='word_1_460' title='bbox 1208 4199 1410 4256; x_wconf 90' lang='lat' dir='ltr'><strong>eodem</strong></span> <span class='ocrx_word' id='word_1_461' title='bbox 1429 4199 1746 4273; x_wconf 88' lang='lat' dir='ltr'><strong>apostolico</strong></span> <span class='ocrx_word' id='word_1_462' title='bbox 1767 4220 1899 4259; x_wconf 90' lang='lat' dir='ltr'><strong>con-</strong></span> 
     </span>
    </p>
   </div>
   <div class='ocr_carea' id='block_1_76' title="bbox 233 4283 1896 4366">
    <p class='ocr_par' dir='ltr' id='par_1_76' title="bbox 233 4283 1896 4366">
     <span class='ocr_line' id='line_1_78' title="bbox 233 4283 1896 4366; baseline 0 -18"><span class='ocrx_word' id='word_1_463' title='bbox 233 4286 550 4357; x_wconf 74' lang='lat' dir='ltr'><strong>tributnm,</strong></span> <span class='ocrx_word' id='word_1_464' title='bbox 567 4286 728 4348; x_wconf 81' lang='lat' dir='ltr'><strong>salva</strong></span> <span class='ocrx_word' id='word_1_465' title='bbox 749 4294 945 4346; x_wconf 89' lang='lat' dir='ltr'><strong>tamen</strong></span> <span class='ocrx_word' id='word_1_466' title='bbox 969 4287 1205 4362; x_wconf 89' lang='lat' dir='ltr'><strong>querela</strong></span> <span class='ocrx_word' id='word_1_467' title='bbox 1224 4283 1581 4346; x_wconf 87' lang='lat' dir='ltr'><strong>Turonensis</strong></span> <span class='ocrx_word' id='word_1_468' title='bbox 1605 4290 1896 4366; x_wconf 87' lang='lat' dir='ltr'><strong>Ecclesia,</strong></span> 
     </span>
    </p>
   </div>
   <div class='ocr_carea' id='block_1_77' title="bbox 237 4375 1897 4454">
    <p class='ocr_par' dir='ltr' id='par_1_77' title="bbox 237 4375 1897 4454">
     <span class='ocr_line' id='line_1_79' title="bbox 237 4375 1897 4454; baseline 0.001 -16"><span class='ocrx_word' id='word_1_469' title='bbox 237 4386 309 4438; x_wconf 88' lang='lat' dir='ltr'><strong>ut</strong></span> <span class='ocrx_word' id='word_1_470' title='bbox 332 4382 383 4437; x_wconf 89' lang='lat' dir='ltr'><strong>si</strong></span> <span class='ocrx_word' id='word_1_471' title='bbox 406 4375 644 4454; x_wconf 84' lang='lat' dir='ltr'><strong>quando</strong></span> <span class='ocrx_word' id='word_1_472' title='bbox 666 4381 893 4435; x_wconf 88' lang='lat' dir='ltr'><strong>actione</strong></span> <span class='ocrx_word' id='word_1_473' title='bbox 916 4377 1173 4451; x_wconf 89' lang='lat' dir='ltr'><strong>legitima</strong></span> <span class='ocrx_word' id='word_1_474' title='bbox 1201 4378 1489 4450; x_wconf 90' lang='lat' dir='ltr'><strong>potuisset</strong></span> <span class='ocrx_word' id='word_1_475' title='bbox 1520 4380 1763 4450; x_wconf 90' lang='lat' dir='ltr'><strong>probare</strong></span> <span class='ocrx_word' id='word_1_476' title='bbox 1784 4381 1897 4439; x_wconf 90' lang='lat' dir='ltr'><strong>Do-</strong></span> 
     </span>
    </p>
   </div>
   <div class='ocr_carea' id='block_1_78' title="bbox 1996 3211 3648 3282">
    <p class='ocr_par' dir='ltr' id='par_1_78' title="bbox 1996 3211 3648 3282">
     <span class='ocr_line' id='line_1_80' title="bbox 1996 3211 3648 3282; baseline 0 -12"><span class='ocrx_word' id='word_1_477' title='bbox 1996 3219 2329 3271; x_wconf 90' lang='lat' dir='ltr'><strong>nostrorum</strong></span> <span class='ocrx_word' id='word_1_478' title='bbox 2371 3211 2615 3267; x_wconf 91' lang='lat' dir='ltr'><strong>Joannis</strong></span> <span class='ocrx_word' id='word_1_479' title='bbox 2659 3211 3017 3282; x_wconf 89' lang='lat' dir='ltr'><strong>Portuensis,</strong></span> <span class='ocrx_word' id='word_1_480' title='bbox 3050 3211 3255 3268; x_wconf 89' lang='lat' dir='ltr'><strong>Ubaldi</strong></span> <span class='ocrx_word' id='word_1_481' title='bbox 3285 3212 3648 3281; x_wconf 87' lang='lat' dir='ltr'><strong>Sabinensis,</strong></span> 
     </span>
    </p>
   </div>
   <div class='ocr_carea' id='block_1_79' title="bbox 1995 3290 3649 3384">
    <p class='ocr_par' dir='ltr' id='par_1_79' title="bbox 1995 3290 3649 3384">
     <span class='ocr_line' id='line_1_81' title="bbox 1995 3290 3649 3384; baseline -0.002 -24"><span class='ocrx_word' id='word_1_482' title='bbox 1995 3290 2237 3384; x_wconf 75' lang='lat' dir='ltr'><strong>Joannis</strong></span> <span class='ocrx_word' id='word_1_483' title='bbox 2251 3299 3025 3366; x_wconf 88' lang='lat' dir='ltr'><strong>Tusculanensis,Brunonis</strong></span> <span class='ocrx_word' id='word_1_484' title='bbox 3039 3301 3649 3373; x_wconf 85' lang='lat' dir='ltr'><strong>Signiensis,Daiberti</strong></span> 
     </span>
    </p>
   </div>
   <div class='ocr_carea' id='block_1_80' title="bbox 1999 3383 3679 3462">
    <p class='ocr_par' dir='ltr' id='par_1_80' title="bbox 1999 3383 3679 3462">
     <span class='ocr_line' id='line_1_82' title="bbox 1999 3383 3679 3462; baseline -0.004 -14"><span class='ocrx_word' id='word_1_485' title='bbox 1999 3385 2213 3460; x_wconf 90' lang='lat' dir='ltr'><strong>Pisani,</strong></span> <span class='ocrx_word' id='word_1_486' title='bbox 2239 3387 2528 3446; x_wconf 89' lang='lat' dir='ltr'><strong>Lamberti</strong></span> <span class='ocrx_word' id='word_1_487' title='bbox 2549 3389 2946 3444; x_wconf 88' lang='lat' dir='ltr'><strong>Atrebatensis</strong></span> <span class='ocrx_word' id='word_1_488' title='bbox 2966 3389 3397 3462; x_wconf 91' lang='lat' dir='ltr'><strong>episcoporum,</strong></span> <span class='ocrx_word' id='word_1_489' title='bbox 3423 3394 3480 3447; x_wconf 85' lang='lat' dir='ltr'><strong>et</strong></span> <span class='ocrx_word' id='word_1_490' title='bbox 3509 3383 3679 3448; x_wconf 28' lang='lat' dir='ltr'><strong>non...</strong></span> 
     </span>
    </p>
   </div>
   <div class='ocr_carea' id='block_1_81' title="bbox 1999 3477 3649 3548">
    <p class='ocr_par' dir='ltr' id='par_1_81' title="bbox 1999 3477 3649 3548">
     <span class='ocr_line' id='line_1_83' title="bbox 1999 3477 3649 3548; baseline -0.001 -11"><span class='ocrx_word' id='word_1_491' title='bbox 1999 3478 2293 3538; x_wconf 80' lang='lat' dir='ltr'><strong>nullorum</strong></span> <span class='ocrx_word' id='word_1_492' title='bbox 2329 3483 2536 3534; x_wconf 86' lang='lat' dir='ltr'><strong>nostra</strong></span> <span class='ocrx_word' id='word_1_493' title='bbox 2566 3477 2830 3533; x_wconf 85' lang='lat' dir='ltr'><strong>Ecclesia</strong></span> <span class='ocrx_word' id='word_1_494' title='bbox 2856 3477 3221 3548; x_wconf 90' lang='lat' dir='ltr'><strong>clericorum,</strong></span> <span class='ocrx_word' id='word_1_495' title='bbox 3250 3480 3649 3536; x_wconf 83' lang='lat' dir='ltr'><strong>Romanorum</strong></span> 
     </span>
    </p>
   </div>
   <div class='ocr_carea' id='block_1_82' title="bbox 1999 3565 3652 3646">
    <p class='ocr_par' dir='ltr' id='par_1_82' title="bbox 1999 3565 3652 3646">
     <span class='ocr_line' id='line_1_84' title="bbox 1999 3565 3652 3646; baseline 0.002 -19"><span class='ocrx_word' id='word_1_496' title='bbox 1999 3586 2231 3646; x_wconf 90' lang='lat' dir='ltr'><strong>quoque</strong></span> <span class='ocrx_word' id='word_1_497' title='bbox 2255 3565 2523 3642; x_wconf 91' lang='lat' dir='ltr'><strong>judicum</strong></span> <span class='ocrx_word' id='word_1_498' title='bbox 2551 3571 2607 3622; x_wconf 91' lang='lat' dir='ltr'><strong>et</strong></span> <span class='ocrx_word' id='word_1_499' title='bbox 2650 3566 2896 3624; x_wconf 87' lang='lat' dir='ltr'><strong>aliorum</strong></span> <span class='ocrx_word' id='word_1_500' title='bbox 2930 3567 3328 3625; x_wconf 88' lang='lat' dir='ltr'><strong>consularium</strong></span> <span class='ocrx_word' id='word_1_501' title='bbox 3355 3585 3367 3626; x_wconf 94' lang='lat'>:</span> <span class='ocrx_word' id='word_1_502' title='bbox 3396 3586 3465 3626; x_wconf 86' lang='lat' dir='ltr'><strong>ex</strong></span> <span class='ocrx_word' id='word_1_503' title='bbox 3491 3586 3652 3631; x_wconf 86' lang='lat' dir='ltr'><strong>com-</strong></span> 
     </span>
    </p>
   </div>
   <div class='ocr_carea' id='block_1_83' title="bbox 2001 3655 3656 3732">
    <p class='ocr_par' dir='ltr' id='par_1_83' title="bbox 2001 3655 3656 3732">
     <span class='ocr_line' id='line_1_85' title="bbox 2001 3655 3656 3732; baseline 0 -16"><span class='ocrx_word' id='word_1_504' title='bbox 2001 3661 2166 3717; x_wconf 91' lang='lat' dir='ltr'><strong>muni</strong></span> <span class='ocrx_word' id='word_1_505' title='bbox 2194 3657 2437 3715; x_wconf 89' lang='lat' dir='ltr'><strong>consilio</strong></span> <span class='ocrx_word' id='word_1_506' title='bbox 2463 3657 2655 3712; x_wconf 89' lang='lat' dir='ltr'><strong>visum</strong></span> <span class='ocrx_word' id='word_1_507' title='bbox 2686 3661 2775 3712; x_wconf 87' lang='lat' dir='ltr'><strong>est</strong></span> <span class='ocrx_word' id='word_1_508' title='bbox 2803 3655 3017 3712; x_wconf 90' lang='lat' dir='ltr'><strong>harum</strong></span> <span class='ocrx_word' id='word_1_509' title='bbox 3045 3673 3264 3728; x_wconf 89' lang='lat' dir='ltr'><strong>rerum,</strong></span> <span class='ocrx_word' id='word_1_510' title='bbox 3279 3655 3405 3730; x_wconf 81' lang='lat' dir='ltr'><strong>qua</strong></span> <span class='ocrx_word' id='word_1_511' title='bbox 3437 3675 3540 3732; x_wconf 90' lang='lat' dir='ltr'><strong>per</strong></span> <span class='ocrx_word' id='word_1_512' title='bbox 3567 3663 3656 3716; x_wconf 89' lang='lat' dir='ltr'><strong>tot</strong></span> 
     </span>
    </p>
   </div>
   <div class='ocr_carea' id='block_1_84' title="bbox 2000 3746 3656 3823">
    <p class='ocr_par' dir='ltr' id='par_1_84' title="bbox 2000 3746 3656 3823">
     <span class='ocr_line' id='line_1_86' title="bbox 2000 3746 3656 3823; baseline -0.001 -17"><span class='ocrx_word' id='word_1_513' title='bbox 2000 3747 2352 3823; x_wconf 87' lang='lat' dir='ltr'><strong>apostolicos</strong></span> <span class='ocrx_word' id='word_1_514' title='bbox 2384 3746 2690 3819; x_wconf 90' lang='lat' dir='ltr'><strong>pontiﬁces</strong></span> <span class='ocrx_word' id='word_1_515' title='bbox 2718 3747 3072 3802; x_wconf 88' lang='lat' dir='ltr'><strong>conﬁrmata</strong></span> <span class='ocrx_word' id='word_1_516' title='bbox 3100 3748 3349 3816; x_wconf 82' lang='lat' dir='ltr'><strong>fuerant,</strong></span> <span class='ocrx_word' id='word_1_517' title='bbox 3375 3747 3656 3804; x_wconf 81' lang='lat' dir='ltr'><strong>deﬁnitio-</strong></span> 
     </span>
    </p>
   </div>
   <div class='ocr_carea' id='block_1_85' title="bbox 2002 3835 3654 3910">
    <p class='ocr_par' dir='ltr' id='par_1_85' title="bbox 2002 3835 3654 3910">
     <span class='ocr_line' id='line_1_87' title="bbox 2002 3835 3654 3910; baseline -0.001 -15"><span class='ocrx_word' id='word_1_518' title='bbox 2002 3856 2135 3895; x_wconf 88' lang='lat' dir='ltr'><strong>nem</strong></span> <span class='ocrx_word' id='word_1_519' title='bbox 2167 3837 2398 3910; x_wconf 87' lang='lat' dir='ltr'><strong>plenam</strong></span> <span class='ocrx_word' id='word_1_520' title='bbox 2439 3852 2555 3891; x_wconf 92' lang='lat' dir='ltr'><strong>non</strong></span> <span class='ocrx_word' id='word_1_521' title='bbox 2588 3835 2795 3890; x_wconf 89' lang='lat' dir='ltr'><strong>debere</strong></span> <span class='ocrx_word' id='word_1_522' title='bbox 2835 3835 3076 3906; x_wconf 76' lang='lat' dir='ltr'><strong>differri,</strong></span> <span class='ocrx_word' id='word_1_523' title='bbox 3109 3853 3214 3892; x_wconf 89' lang='lat' dir='ltr'><strong>nec</strong></span> <span class='ocrx_word' id='word_1_524' title='bbox 3241 3835 3408 3892; x_wconf 90' lang='lat' dir='ltr'><strong>illum</strong></span> <span class='ocrx_word' id='word_1_525' title='bbox 3439 3837 3654 3895; x_wconf 88' lang='lat' dir='ltr'><strong>lucrari</strong></span> 
     </span>
    </p>
   </div>
   <div class='ocr_carea' id='block_1_86' title="bbox 2003 3923 3654 3996">
    <p class='ocr_par' dir='ltr' id='par_1_86' title="bbox 2003 3923 3654 3996">
     <span class='ocr_line' id='line_1_88' title="bbox 2003 3923 3654 3996; baseline -0.001 -11"><span class='ocrx_word' id='word_1_526' title='bbox 2003 3929 2214 3985; x_wconf 87' lang='lat' dir='ltr'><strong>debere</strong></span> <span class='ocrx_word' id='word_1_527' title='bbox 2234 3923 2580 3990; x_wconf 90' lang='lat' dir='ltr'><strong>absentiam,</strong></span> <span class='ocrx_word' id='word_1_528' title='bbox 2595 3923 2695 3996; x_wconf 90' lang='lat' dir='ltr'><strong>qui</strong></span> <span class='ocrx_word' id='word_1_529' title='bbox 2718 3940 2780 3979; x_wconf 88' lang='lat' dir='ltr'><strong>se</strong></span> <span class='ocrx_word' id='word_1_530' title='bbox 2797 3927 3004 3996; x_wconf 88' lang='lat' dir='ltr'><strong>arguta</strong></span> <span class='ocrx_word' id='word_1_531' title='bbox 3022 3924 3336 3982; x_wconf 86' lang='lat' dir='ltr'><strong>calliditate</strong></span> <span class='ocrx_word' id='word_1_532' title='bbox 3357 3927 3654 3983; x_wconf 83' lang='lat' dir='ltr'><strong>subtraxe-</strong></span> 
     </span>
    </p>
   </div>
   <div class='ocr_carea' id='block_1_87' title="bbox 2005 4012 3652 4088">
    <p class='ocr_par' dir='ltr' id='par_1_87' title="bbox 2005 4012 3652 4088">
     <span class='ocr_line' id='line_1_89' title="bbox 2005 4012 3652 4088; baseline -0.001 -15"><span class='ocrx_word' id='word_1_533' title='bbox 2005 4018 2098 4074; x_wconf 87' lang='lat' dir='ltr'><strong>rit.</strong></span> <span class='ocrx_word' id='word_1_534' title='bbox 2133 4017 2201 4073; x_wconf 89' lang='lat' dir='ltr'><strong>Et</strong></span> <span class='ocrx_word' id='word_1_535' title='bbox 2254 4032 2360 4071; x_wconf 91' lang='lat' dir='ltr'><strong>nos</strong></span> <span class='ocrx_word' id='word_1_536' title='bbox 2417 4015 2598 4087; x_wconf 87' lang='lat' dir='ltr'><strong>igitur</strong></span> <span class='ocrx_word' id='word_1_537' title='bbox 2652 4012 3012 4082; x_wconf 87' lang='lat' dir='ltr'><strong>sanctorum,</strong></span> <span class='ocrx_word' id='word_1_538' title='bbox 3048 4030 3196 4086; x_wconf 87' lang='lat' dir='ltr'><strong>quos</strong></span> <span class='ocrx_word' id='word_1_539' title='bbox 3254 4013 3652 4088; x_wconf 79' lang='lat' dir='ltr'><strong>pradiximus,</strong></span> 
     </span>
    </p>
   </div>
   <div class='ocr_carea' id='block_1_88' title="bbox 2005 4103 3657 4180">
    <p class='ocr_par' dir='ltr' id='par_1_88' title="bbox 2005 4103 3657 4180">
     <span class='ocr_line' id='line_1_90' title="bbox 2005 4103 3657 4180; baseline -0.001 -18"><span class='ocrx_word' id='word_1_540' title='bbox 2005 4105 2497 4180; x_wconf 74' lang='lat' dir='ltr'><strong>praedecessorum</strong></span> <span class='ocrx_word' id='word_1_541' title='bbox 2531 4106 2866 4158; x_wconf 89' lang='lat' dir='ltr'><strong>nostrorum</strong></span> <span class='ocrx_word' id='word_1_542' title='bbox 2899 4106 3124 4159; x_wconf 88' lang='lat' dir='ltr'><strong>statuta</strong></span> <span class='ocrx_word' id='word_1_543' title='bbox 3154 4103 3478 4172; x_wconf 88' lang='lat' dir='ltr'><strong>ﬁrmantes,</strong></span> <span class='ocrx_word' id='word_1_544' title='bbox 3512 4122 3657 4178; x_wconf 85' lang='lat' dir='ltr'><strong>pra-</strong></span> 
     </span>
    </p>
   </div>
   <div class='ocr_carea' id='block_1_89' title="bbox 2008 4187 3657 4265">
    <p class='ocr_par' dir='ltr' id='par_1_89' title="bbox 2008 4187 3657 4265">
     <span class='ocr_line' id='line_1_91' title="bbox 2008 4187 3657 4265; baseline -0.001 -13"><span class='ocrx_word' id='word_1_545' title='bbox 2008 4195 2159 4253; x_wconf 89' lang='lat' dir='ltr'><strong>senti</strong></span> <span class='ocrx_word' id='word_1_546' title='bbox 2191 4194 2420 4250; x_wconf 91' lang='lat' dir='ltr'><strong>decreto</strong></span> <span class='ocrx_word' id='word_1_547' title='bbox 2451 4191 2750 4248; x_wconf 87' lang='lat' dir='ltr'><strong>sancimus</strong></span> <span class='ocrx_word' id='word_1_548' title='bbox 2782 4196 2864 4260; x_wconf 92' lang='lat' dir='ltr'><strong>ut,</strong></span> <span class='ocrx_word' id='word_1_549' title='bbox 2885 4187 3038 4246; x_wconf 79' lang='lat' dir='ltr'><strong>Sient</strong></span> <span class='ocrx_word' id='word_1_550' title='bbox 3077 4193 3149 4248; x_wconf 91' lang='lat' dir='ltr'><strong>ab</strong></span> <span class='ocrx_word' id='word_1_551' title='bbox 3183 4193 3326 4265; x_wconf 90' lang='lat' dir='ltr'><strong>ipsis</strong></span> <span class='ocrx_word' id='word_1_552' title='bbox 3357 4193 3657 4251; x_wconf 88' lang='lat' dir='ltr'><strong>decretum</strong></span> 
     </span>
    </p>
   </div>
   <div class='ocr_carea' id='block_1_90' title="bbox 2007 4279 3657 4354">
    <p class='ocr_par' dir='ltr' id='par_1_90' title="bbox 2007 4279 3657 4354">
     <span class='ocr_line' id='line_1_92' title="bbox 2007 4279 3657 4354; baseline -0.002 -13"><span class='ocrx_word' id='word_1_553' title='bbox 2007 4291 2115 4354; x_wconf 91' lang='lat' dir='ltr'><strong>est,</strong></span> <span class='ocrx_word' id='word_1_554' title='bbox 2129 4290 2252 4340; x_wconf 90' lang='lat' dir='ltr'><strong>tam</strong></span> <span class='ocrx_word' id='word_1_555' title='bbox 2269 4281 2536 4338; x_wconf 89' lang='lat' dir='ltr'><strong>Dolensis</strong></span> <span class='ocrx_word' id='word_1_556' title='bbox 2554 4297 2730 4352; x_wconf 88' lang='lat' dir='ltr'><strong>quam</strong></span> <span class='ocrx_word' id='word_1_557' title='bbox 2749 4280 2939 4335; x_wconf 79' lang='lat' dir='ltr'><strong>cateri</strong></span> <span class='ocrx_word' id='word_1_558' title='bbox 2956 4279 3231 4352; x_wconf 88' lang='lat' dir='ltr'><strong>deinceps</strong></span> <span class='ocrx_word' id='word_1_559' title='bbox 3244 4279 3657 4339; x_wconf 88' lang='lat' dir='ltr'><strong>Britannorum</strong></span> 
     </span>
    </p>
   </div>
   <div class='ocr_carea' id='block_1_91' title="bbox 2006 4367 3656 4448">
    <p class='ocr_par' dir='ltr' id='par_1_91' title="bbox 2006 4367 3656 4448">
     <span class='ocr_line' id='line_1_93' title="bbox 2006 4367 3656 4448; baseline -0.004 -17"><span class='ocrx_word' id='word_1_560' title='bbox 2006 4371 2266 4448; x_wconf 81' lang='lat' dir='ltr'><strong>episcOpi</strong></span> <span class='ocrx_word' id='word_1_561' title='bbox 2296 4371 2697 4427; x_wconf 88' lang='lat' dir='ltr'><strong>Turonensem</strong></span> <span class='ocrx_word' id='word_1_562' title='bbox 2729 4367 3048 4424; x_wconf 89' lang='lat' dir='ltr'><strong>Ecclesiam</strong></span> <span class='ocrx_word' id='word_1_563' title='bbox 3083 4385 3251 4424; x_wconf 90' lang='lat' dir='ltr'><strong>suam</strong></span> <span class='ocrx_word' id='word_1_564' title='bbox 3284 4384 3412 4424; x_wconf 90' lang='lat' dir='ltr'><strong>esse</strong></span> <span class='ocrx_word' id='word_1_565' title='bbox 3443 4374 3656 4426; x_wconf 90' lang='lat' dir='ltr'><strong>metro-</strong></span> 
     </span>
    </p>
   </div>
   <div class='ocr_carea' id='block_1_92' title="bbox 233 4451 3659 4544">
    <p class='ocr_par' dir='ltr' id='par_1_92' title="bbox 233 4451 3659 4544">
     <span class='ocr_line' id='line_1_94' title="bbox 233 4451 3659 4544; baseline -0.004 -18"><span class='ocrx_word' id='word_1_566' title='bbox 233 4451 464 4526; x_wconf 85' lang='lat' dir='ltr'><strong>lensem</strong></span> <span class='ocrx_word' id='word_1_567' title='bbox 500 4471 856 4544; x_wconf 65' lang='lat' dir='ltr'><strong>ca&#39;terosque</strong></span> <span class='ocrx_word' id='word_1_568' title='bbox 895 4464 1204 4523; x_wconf 83' lang='lat' dir='ltr'><strong>Britannia</strong></span> <span class='ocrx_word' id='word_1_569' title='bbox 1255 4465 1540 4523; x_wconf 88' lang='lat' dir='ltr'><strong>citerioris</strong></span> <span class='ocrx_word' id='word_1_570' title='bbox 1595 4469 1900 4544; x_wconf 83' lang='lat' dir='ltr'><strong>episcopos</strong></span> <span class='ocrx_word' id='word_1_571' title='bbox 2009 4463 2189 4538; x_wconf 90' lang='lat' dir='ltr'><strong>polim</strong></span> <span class='ocrx_word' id='word_1_572' title='bbox 2247 4463 2686 4534; x_wconf 87' lang='lat' dir='ltr'><strong>recognoscant,</strong></span> <span class='ocrx_word' id='word_1_573' title='bbox 2735 4463 2792 4513; x_wconf 92' lang='lat' dir='ltr'><strong>et</strong></span> <span class='ocrx_word' id='word_1_574' title='bbox 2848 4457 3105 4513; x_wconf 89' lang='lat' dir='ltr'><strong>debitam</strong></span> <span class='ocrx_word' id='word_1_575' title='bbox 3163 4457 3215 4513; x_wconf 90' lang='lat' dir='ltr'><strong>ei</strong></span> <span class='ocrx_word' id='word_1_576' title='bbox 3274 4451 3659 4514; x_wconf 84' lang='lat' dir='ltr'><strong>reverentiam</strong></span> 
     </span>
    </p>
   </div>
   <div class='ocr_carea' id='block_1_93' title="bbox 235 4549 1900 4630">
    <p class='ocr_par' dir='ltr' id='par_1_93' title="bbox 235 4549 1900 4630">
     <span class='ocr_line' id='line_1_95' title="bbox 235 4549 1900 4630; baseline 0.001 -16"><span class='ocrx_word' id='word_1_577' title='bbox 235 4549 450 4616; x_wconf 86' lang='lat' dir='ltr'><strong>debere</strong></span> <span class='ocrx_word' id='word_1_578' title='bbox 503 4553 810 4630; x_wconf 89' lang='lat' dir='ltr'><strong>metropoli</strong></span> <span class='ocrx_word' id='word_1_579' title='bbox 849 4556 1148 4612; x_wconf 83' lang='lat' dir='ltr'><strong>Turonica</strong></span> <span class='ocrx_word' id='word_1_580' title='bbox 1196 4555 1429 4627; x_wconf 86' lang='lat' dir='ltr'><strong>subjici,</strong></span> <span class='ocrx_word' id='word_1_581' title='bbox 1471 4556 1900 4627; x_wconf 88' lang='lat' dir='ltr'><strong>subjicerentur</strong></span> 
     </span>
    </p>
   </div>
   <div class='ocr_carea' id='block_1_94' title="bbox 236 4643 1898 4722">
    <p class='ocr_par' dir='ltr' id='par_1_94' title="bbox 236 4643 1898 4722">
     <span class='ocr_line' id='line_1_96' title="bbox 236 4643 1898 4722; baseline 0.001 -19"><span class='ocrx_word' id='word_1_582' title='bbox 236 4645 797 4722; x_wconf 34' lang='lat' dir='ltr'><strong>quidemLDolensis</strong></span> <span class='ocrx_word' id='word_1_583' title='bbox 828 4649 1024 4702; x_wconf 88' lang='lat' dir='ltr'><strong>tamen</strong></span> <span class='ocrx_word' id='word_1_584' title='bbox 1047 4661 1220 4700; x_wconf 90' lang='lat' dir='ltr'><strong>usum</strong></span> <span class='ocrx_word' id='word_1_585' title='bbox 1255 4643 1414 4717; x_wconf 88' lang='lat' dir='ltr'><strong>pallii</strong></span> <span class='ocrx_word' id='word_1_586' title='bbox 1454 4643 1758 4703; x_wconf 89' lang='lat' dir='ltr'><strong>obtineret.</strong></span> <span class='ocrx_word' id='word_1_587' title='bbox 1783 4647 1898 4705; x_wconf 87' lang='lat' dir='ltr'><strong>Has</strong></span> 
     </span>
    </p>
   </div>
   <div class='ocr_carea' id='block_1_95' title="bbox 233 4729 1897 4809">
    <p class='ocr_par' dir='ltr' id='par_1_95' title="bbox 233 4729 1897 4809">
     <span class='ocr_line' id='line_1_97' title="bbox 233 4729 1897 4809; baseline 0.001 -17"><span class='ocrx_word' id='word_1_588' title='bbox 233 4731 465 4793; x_wconf 87' lang='lat' dir='ltr'><strong>litteras</strong></span> <span class='ocrx_word' id='word_1_589' title='bbox 492 4730 753 4809; x_wconf 85' lang='lat' dir='ltr'><strong>Gregorii</strong></span> <span class='ocrx_word' id='word_1_590' title='bbox 777 4729 937 4806; x_wconf 83' lang='lat' dir='ltr'><strong>papa</strong></span> <span class='ocrx_word' id='word_1_591' title='bbox 964 4749 1069 4789; x_wconf 90' lang='lat' dir='ltr'><strong>nec</strong></span> <span class='ocrx_word' id='word_1_592' title='bbox 1101 4733 1299 4790; x_wconf 89' lang='lat' dir='ltr'><strong>minus</strong></span> <span class='ocrx_word' id='word_1_593' title='bbox 1317 4750 1423 4788; x_wconf 91' lang='lat' dir='ltr'><strong>nec</strong></span> <span class='ocrx_word' id='word_1_594' title='bbox 1443 4731 1698 4806; x_wconf 89' lang='lat' dir='ltr'><strong>amplius</strong></span> <span class='ocrx_word' id='word_1_595' title='bbox 1717 4752 1897 4808; x_wconf 89' lang='lat' dir='ltr'><strong>quam</strong></span> 
     </span>
    </p>
   </div>
   <div class='ocr_carea' id='block_1_96' title="bbox 236 4819 1899 4899">
    <p class='ocr_par' dir='ltr' id='par_1_96' title="bbox 236 4819 1899 4899">
     <span class='ocr_line' id='line_1_98' title="bbox 236 4819 1899 4899; baseline 0.001 -17"><span class='ocrx_word' id='word_1_596' title='bbox 236 4829 392 4899; x_wconf 77' lang='lat' dir='ltr'><strong>papa</strong></span> <span class='ocrx_word' id='word_1_597' title='bbox 413 4819 678 4897; x_wconf 89' lang='lat' dir='ltr'><strong>jusserat</strong></span> <span class='ocrx_word' id='word_1_598' title='bbox 707 4823 1025 4892; x_wconf 84' lang='lat' dir='ltr'><strong>continere,</strong></span> <span class='ocrx_word' id='word_1_599' title='bbox 1049 4839 1182 4878; x_wconf 91' lang='lat' dir='ltr'><strong>cum</strong></span> <span class='ocrx_word' id='word_1_600' title='bbox 1214 4822 1395 4878; x_wconf 82' lang='lat' dir='ltr'><strong>frater</strong></span> <span class='ocrx_word' id='word_1_601' title='bbox 1418 4827 1616 4878; x_wconf 90' lang='lat' dir='ltr'><strong>noster</strong></span> <span class='ocrx_word' id='word_1_602' title='bbox 1635 4823 1899 4883; x_wconf 87' lang='lat' dir='ltr'><strong>Dolensis</strong></span> 
     </span>
    </p>
   </div>
   <div class='ocr_carea' id='block_1_97' title="bbox 239 4910 1900 4987">
    <p class='ocr_par' dir='ltr' id='par_1_97' title="bbox 239 4910 1900 4987">
     <span class='ocr_line' id='line_1_99' title="bbox 239 4910 1900 4987; baseline 0 -17"><span class='ocrx_word' id='word_1_603' title='bbox 239 4913 554 4987; x_wconf 87' lang='lat' dir='ltr'><strong>episcopus</strong></span> <span class='ocrx_word' id='word_1_604' title='bbox 576 4911 967 4986; x_wconf 89' lang='lat' dir='ltr'><strong>jurejurando</strong></span> <span class='ocrx_word' id='word_1_605' title='bbox 991 4910 1301 4980; x_wconf 89' lang='lat' dir='ltr'><strong>ﬁrmasset,</strong></span> <span class='ocrx_word' id='word_1_606' title='bbox 1323 4928 1429 4966; x_wconf 90' lang='lat' dir='ltr'><strong>nos</strong></span> <span class='ocrx_word' id='word_1_607' title='bbox 1450 4911 1499 4968; x_wconf 91' lang='lat' dir='ltr'><strong>ei</strong></span> <span class='ocrx_word' id='word_1_608' title='bbox 1524 4912 1764 4984; x_wconf 89' lang='lat' dir='ltr'><strong>pallium</strong></span> <span class='ocrx_word' id='word_1_609' title='bbox 1789 4915 1900 4970; x_wconf 87' lang='lat' dir='ltr'><strong>sub</strong></span> 
     </span>
    </p>
   </div>
   <div class='ocr_carea' id='block_1_98' title="bbox 241 4993 1900 5074">
    <p class='ocr_par' dir='ltr' id='par_1_98' title="bbox 241 4993 1900 5074">
     <span class='ocr_line' id='line_1_100' title="bbox 241 4993 1900 5074; baseline -0.001 -15"><span class='ocrx_word' id='word_1_610' title='bbox 241 5001 448 5060; x_wconf 81' lang='lat' dir='ltr'><strong>eadem</strong></span> <span class='ocrx_word' id='word_1_611' title='bbox 480 4999 815 5058; x_wconf 83' lang='lat' dir='ltr'><strong>cenditione</strong></span> <span class='ocrx_word' id='word_1_612' title='bbox 856 4993 1277 5056; x_wconf 71' lang='lat' dir='ltr'><strong>concesSimus.</strong></span> <span class='ocrx_word' id='word_1_613' title='bbox 1305 4995 1558 5057; x_wconf 85' lang='lat' dir='ltr'><strong>Veniens</strong></span> <span class='ocrx_word' id='word_1_614' title='bbox 1602 5007 1733 5074; x_wconf 89' lang='lat' dir='ltr'><strong>post</strong></span> <span class='ocrx_word' id='word_1_615' title='bbox 1780 5003 1900 5058; x_wconf 84' lang='lat' dir='ltr'><strong>hac</strong></span> 
     </span>
    </p>
   </div>
   <div class='ocr_carea' id='block_1_99' title="bbox 241 5087 1897 5162">
    <p class='ocr_par' dir='ltr' id='par_1_99' title="bbox 241 5087 1897 5162">
     <span class='ocr_line' id='line_1_101' title="bbox 241 5087 1897 5162; baseline 0.001 -15"><span class='ocrx_word' id='word_1_616' title='bbox 241 5088 318 5147; x_wconf 86' lang='lat' dir='ltr'><strong>ad</strong></span> <span class='ocrx_word' id='word_1_617' title='bbox 347 5107 456 5147; x_wconf 90' lang='lat' dir='ltr'><strong>nos</strong></span> <span class='ocrx_word' id='word_1_618' title='bbox 477 5087 620 5145; x_wconf 89' lang='lat' dir='ltr'><strong>dum</strong></span> <span class='ocrx_word' id='word_1_619' title='bbox 645 5087 955 5162; x_wconf 83' lang='lat' dir='ltr'><strong>Beneventi</strong></span> <span class='ocrx_word' id='word_1_620' title='bbox 980 5105 1247 5145; x_wconf 90' lang='lat' dir='ltr'><strong>essemus</strong></span> <span class='ocrx_word' id='word_1_621' title='bbox 1265 5091 1364 5144; x_wconf 89' lang='lat' dir='ltr'><strong>tua</strong></span> <span class='ocrx_word' id='word_1_622' title='bbox 1395 5089 1736 5159; x_wconf 88' lang='lat' dir='ltr'><strong>strenuitas,</strong></span> <span class='ocrx_word' id='word_1_623' title='bbox 1759 5089 1897 5149; x_wconf 87' lang='lat' dir='ltr'><strong>cha—</strong></span> 
     </span>
    </p>
   </div>
   <div class='ocr_carea' id='block_1_100' title="bbox 243 5176 1898 5254">
    <p class='ocr_par' dir='ltr' id='par_1_100' title="bbox 243 5176 1898 5254">
     <span class='ocr_line' id='line_1_102' title="bbox 243 5176 1898 5254; baseline 0.001 -18"><span class='ocrx_word' id='word_1_624' title='bbox 243 5178 482 5236; x_wconf 81' lang='lat' dir='ltr'><strong>rissima</strong></span> <span class='ocrx_word' id='word_1_625' title='bbox 530 5180 710 5234; x_wconf 86' lang='lat' dir='ltr'><strong>frater</strong></span> <span class='ocrx_word' id='word_1_626' title='bbox 753 5176 1000 5234; x_wconf 79' lang='lat' dir='ltr'><strong>Radulfe</strong></span> <span class='ocrx_word' id='word_1_627' title='bbox 1031 5177 1392 5234; x_wconf 87' lang='lat' dir='ltr'><strong>Turonensis</strong></span> <span class='ocrx_word' id='word_1_628' title='bbox 1443 5177 1898 5254; x_wconf 36' lang='lat' dir='ltr'><strong>a’rchiepiscope,</strong></span> 
     </span>
    </p>
   </div>
   <div class='ocr_carea' id='block_1_101' title="bbox 241 5263 1900 5340">
    <p class='ocr_par' dir='ltr' id='par_1_101' title="bbox 241 5263 1900 5340">
     <span class='ocr_line' id='line_1_103' title="bbox 241 5263 1900 5340; baseline 0.001 -16"><span class='ocrx_word' id='word_1_629' title='bbox 241 5263 510 5340; x_wconf 82' lang='lat' dir='ltr'><strong>ejusdem</strong></span> <span class='ocrx_word' id='word_1_630' title='bbox 540 5263 703 5340; x_wconf 83' lang='lat' dir='ltr'><strong>papa</strong></span> <span class='ocrx_word' id='word_1_631' title='bbox 758 5266 1023 5340; x_wconf 86' lang='lat' dir='ltr'><strong>Gregorii</strong></span> <span class='ocrx_word' id='word_1_632' title='bbox 1076 5271 1276 5322; x_wconf 90' lang='lat' dir='ltr'><strong>nostro</strong></span> <span class='ocrx_word' id='word_1_633' title='bbox 1325 5263 1634 5324; x_wconf 90' lang='lat' dir='ltr'><strong>conventui</strong></span> <span class='ocrx_word' id='word_1_634' title='bbox 1678 5267 1900 5326; x_wconf 89' lang='lat' dir='ltr'><strong>litteras</strong></span> 
     </span>
    </p>
   </div>
   <div class='ocr_carea' id='block_1_102' title="bbox 239 5350 1900 5431">
    <p class='ocr_par' dir='ltr' id='par_1_102' title="bbox 239 5350 1900 5431">
     <span class='ocr_line' id='line_1_104' title="bbox 239 5350 1900 5431; baseline 0 -17"><span class='ocrx_word' id='word_1_635' title='bbox 239 5352 782 5431; x_wconf 62' lang='lat' dir='ltr'><strong>prasentavit,q&#39;ua&#39;</strong></span> <span class='ocrx_word' id='word_1_636' title='bbox 813 5350 1222 5428; x_wconf 12' lang='lat' dir='ltr'><strong>sig‘nifi&#39;Cabant</strong></span> <span class='ocrx_word' id='word_1_637' title='bbox 1249 5353 1486 5412; x_wconf 82' lang='lat' dir='ltr'><strong>causam</strong></span> <span class='ocrx_word' id='word_1_638' title='bbox 1520 5353 1670 5413; x_wconf 84' lang='lat' dir='ltr'><strong>hanc</strong></span> <span class='ocrx_word' id='word_1_639' title='bbox 1706 5353 1900 5414; x_wconf 85' lang='lat' dir='ltr'><strong>Roma</strong></span> 
     </span>
    </p>
   </div>
   <div class='ocr_carea' id='block_1_103' title="bbox 240 5435 1900 5528">
    <p class='ocr_par' dir='ltr' id='par_1_103' title="bbox 240 5435 1900 5528">
     <span class='ocr_line' id='line_1_105' title="bbox 240 5435 1900 5528; baseline 0.001 -27"><span class='ocrx_word' id='word_1_640' title='bbox 240 5446 300 5502; x_wconf 90' lang='lat' dir='ltr'><strong>in</strong></span> <span class='ocrx_word' id='word_1_641' title='bbox 355 5435 1063 5528; x_wconf 46' lang='lat' dir='ltr'><strong>conciliaretifactatam,</strong></span> <span class='ocrx_word' id='word_1_642' title='bbox 1125 5443 1230 5528; x_wconf 31' lang='lat' dir='ltr'><strong>ubi,</strong></span> <span class='ocrx_word' id='word_1_643' title='bbox 1281 5440 1416 5518; x_wconf 65' lang='lat' dir='ltr'><strong>po&#39;st</strong></span> <span class='ocrx_word' id='word_1_644' title='bbox 1471 5443 1900 5502; x_wconf 85' lang='lat' dir='ltr'><strong>discussionem</strong></span> 
     </span>
    </p>
   </div>
   <div class='ocr_carea' id='block_1_104' title="bbox 240 5519 1902 5608">
    <p class='ocr_par' dir='ltr' id='par_1_104' title="bbox 240 5519 1902 5608">
     <span class='ocr_line' id='line_1_106' title="bbox 240 5519 1902 5608; baseline 0 -17"><span class='ocrx_word' id='word_1_645' title='bbox 240 5519 538 5592; x_wconf 55' lang='lat' dir='ltr'><strong>diarium</strong></span> <span class='ocrx_word' id='word_1_646' title='bbox 570 5519 928 5607; x_wconf 67' lang='lat' dir='ltr'><strong>dispositum</strong></span> <span class='ocrx_word' id='word_1_647' title='bbox 963 5523 1152 5590; x_wconf 57' lang='lat' dir='ltr'><strong>fuerat</strong></span> <span class='ocrx_word' id='word_1_648' title='bbox 1181 5519 1253 5588; x_wconf 69' lang='lat' dir='ltr'><strong>ut</strong></span> <span class='ocrx_word' id='word_1_649' title='bbox 1273 5533 1307 5590; x_wconf 91' lang='lat' dir='ltr'><strong>a&#39;</strong></span> <span class='ocrx_word' id='word_1_650' title='bbox 1334 5527 1542 5608; x_wconf 52' lang='lat' dir='ltr'><strong>legetis</strong></span> <span class='ocrx_word' id='word_1_651' title='bbox 1569 5529 1726 5591; x_wconf 66' lang='lat' dir='ltr'><strong>sedis</strong></span> <span class='ocrx_word' id='word_1_652' title='bbox 1764 5529 1902 5607; x_wconf 69' lang='lat' dir='ltr'><strong>apo”-</strong></span> 
     </span>
    </p>
   </div>
   <div class='ocr_carea' id='block_1_105' title="bbox 240 5621 1902 5703">
    <p class='ocr_par' dir='ltr' id='par_1_105' title="bbox 240 5621 1902 5703">
     <span class='ocr_line' id='line_1_107' title="bbox 240 5621 1902 5703; baseline 0.001 -19"><span class='ocrx_word' id='word_1_653' title='bbox 240 5623 460 5687; x_wconf 74' lang='lat' dir='ltr'><strong>stolica</strong></span> <span class='ocrx_word' id='word_1_654' title='bbox 492 5621 811 5684; x_wconf 88' lang='lat' dir='ltr'><strong>concilium</strong></span> <span class='ocrx_word' id='word_1_655' title='bbox 843 5621 902 5682; x_wconf 89' lang='lat' dir='ltr'><strong>in</strong></span> <span class='ocrx_word' id='word_1_656' title='bbox 933 5622 1234 5701; x_wconf 79' lang='lat' dir='ltr'><strong>provincia</strong></span> <span class='ocrx_word' id='word_1_657' title='bbox 1262 5627 1668 5703; x_wconf 81' lang='lat' dir='ltr'><strong>convocarent,</strong></span> <span class='ocrx_word' id='word_1_658' title='bbox 1693 5623 1754 5684; x_wconf 91' lang='lat' dir='ltr'><strong>in</strong></span> <span class='ocrx_word' id='word_1_659' title='bbox 1786 5640 1902 5703; x_wconf 83' lang='lat' dir='ltr'><strong>quo</strong></span> 
     </span>
    </p>
   </div>
   <div class='ocr_carea' id='block_1_106' title="bbox 2008 4545 3662 4624">
    <p class='ocr_par' dir='ltr' id='par_1_106' title="bbox 2008 4545 3662 4624">
     <span class='ocr_line' id='line_1_108' title="bbox 2008 4545 3662 4624; baseline -0.004 -15"><span class='ocrx_word' id='word_1_660' title='bbox 2008 4567 2240 4624; x_wconf 90' lang='lat' dir='ltr'><strong>semper</strong></span> <span class='ocrx_word' id='word_1_661' title='bbox 2269 4547 2581 4604; x_wconf 85' lang='lat' dir='ltr'><strong>exhibeant</strong></span> <span class='ocrx_word' id='word_1_662' title='bbox 2613 4563 2624 4601; x_wconf 93' lang='lat'>:</span> <span class='ocrx_word' id='word_1_663' title='bbox 2661 4563 2763 4602; x_wconf 91' lang='lat' dir='ltr'><strong>nec</strong></span> <span class='ocrx_word' id='word_1_664' title='bbox 2794 4545 2913 4601; x_wconf 93' lang='lat' dir='ltr'><strong>ullo</strong></span> <span class='ocrx_word' id='word_1_665' title='bbox 2949 4545 3195 4602; x_wconf 90' lang='lat' dir='ltr'><strong>ulterius</strong></span> <span class='ocrx_word' id='word_1_666' title='bbox 3225 4551 3485 4618; x_wconf 89' lang='lat' dir='ltr'><strong>tempore</strong></span> <span class='ocrx_word' id='word_1_667' title='bbox 3529 4551 3662 4620; x_wconf 91' lang='lat' dir='ltr'><strong>post</strong></span> 
     </span>
    </p>
   </div>
   <div class='ocr_carea' id='block_1_107' title="bbox 2008 4634 3662 4708">
    <p class='ocr_par' dir='ltr' id='par_1_107' title="bbox 2008 4634 3662 4708">
     <span class='ocr_line' id='line_1_109' title="bbox 2008 4634 3662 4708; baseline -0.004 -10"><span class='ocrx_word' id='word_1_668' title='bbox 2008 4639 2254 4698; x_wconf 82' lang='lat' dir='ltr'><strong>Rolandi</strong></span> <span class='ocrx_word' id='word_1_669' title='bbox 2299 4637 2522 4693; x_wconf 90' lang='lat' dir='ltr'><strong>obitum</strong></span> <span class='ocrx_word' id='word_1_670' title='bbox 2571 4635 2642 4691; x_wconf 90' lang='lat' dir='ltr'><strong>ad</strong></span> <span class='ocrx_word' id='word_1_671' title='bbox 2692 4634 2854 4706; x_wconf 88' lang='lat' dir='ltr'><strong>pallii</strong></span> <span class='ocrx_word' id='word_1_672' title='bbox 2904 4651 3079 4690; x_wconf 90' lang='lat' dir='ltr'><strong>usum</strong></span> <span class='ocrx_word' id='word_1_673' title='bbox 3129 4634 3396 4691; x_wconf 89' lang='lat' dir='ltr'><strong>Dolensis</strong></span> <span class='ocrx_word' id='word_1_674' title='bbox 3444 4634 3662 4708; x_wconf 85' lang='lat' dir='ltr'><strong>aspiret</strong></span> 
     </span>
    </p>
   </div>
   <div class='ocr_carea' id='block_1_108' title="bbox 2007 4722 3659 4804">
    <p class='ocr_par' dir='ltr' id='par_1_108' title="bbox 2007 4722 3659 4804">
     <span class='ocr_line' id='line_1_110' title="bbox 2007 4722 3659 4804; baseline -0.004 -17"><span class='ocrx_word' id='word_1_675' title='bbox 2007 4730 2337 4804; x_wconf 90' lang='lat' dir='ltr'><strong>episcopus.</strong></span> <span class='ocrx_word' id='word_1_676' title='bbox 2380 4726 2568 4781; x_wconf 91' lang='lat' dir='ltr'><strong>Tuam</strong></span> <span class='ocrx_word' id='word_1_677' title='bbox 2609 4724 2807 4796; x_wconf 88' lang='lat' dir='ltr'><strong>itaque</strong></span> <span class='ocrx_word' id='word_1_678' title='bbox 2859 4723 3333 4793; x_wconf 90' lang='lat' dir='ltr'><strong>sollicitudinem,</strong></span> <span class='ocrx_word' id='word_1_679' title='bbox 3375 4722 3553 4780; x_wconf 86' lang='lat' dir='ltr'><strong>frater</strong></span> <span class='ocrx_word' id='word_1_680' title='bbox 3599 4726 3659 4780; x_wconf 90' lang='lat' dir='ltr'><strong>in</strong></span> 
     </span>
    </p>
   </div>
   <div class='ocr_carea' id='block_1_109' title="bbox 2007 4808 3660 4887">
    <p class='ocr_par' dir='ltr' id='par_1_109' title="bbox 2007 4808 3660 4887">
     <span class='ocr_line' id='line_1_111' title="bbox 2007 4808 3660 4887; baseline -0.003 -12"><span class='ocrx_word' id='word_1_681' title='bbox 2007 4819 2236 4876; x_wconf 83' lang='lat' dir='ltr'><strong>Christo</strong></span> <span class='ocrx_word' id='word_1_682' title='bbox 2259 4813 2626 4882; x_wconf 79' lang='lat' dir='ltr'><strong>charissima,</strong></span> <span class='ocrx_word' id='word_1_683' title='bbox 2651 4811 3055 4878; x_wconf 90' lang='lat' dir='ltr'><strong>adhortamur,</strong></span> <span class='ocrx_word' id='word_1_684' title='bbox 3077 4817 3141 4868; x_wconf 92' lang='lat' dir='ltr'><strong>ut</strong></span> <span class='ocrx_word' id='word_1_685' title='bbox 3159 4817 3332 4868; x_wconf 82' lang='lat' dir='ltr'><strong>tanta</strong></span> <span class='ocrx_word' id='word_1_686' title='bbox 3355 4808 3660 4887; x_wconf 83' lang='lat' dir='ltr'><strong>dignitatis</strong></span> 
     </span>
    </p>
   </div>
   <div class='ocr_carea' id='block_1_110' title="bbox 2009 4903 3660 4981">
    <p class='ocr_par' dir='ltr' id='par_1_110' title="bbox 2009 4903 3660 4981">
     <span class='ocr_line' id='line_1_112' title="bbox 2009 4903 3660 4981; baseline -0.002 -18"><span class='ocrx_word' id='word_1_687' title='bbox 2009 4907 2196 4981; x_wconf 87' lang='lat' dir='ltr'><strong>gratia</strong></span> <span class='ocrx_word' id='word_1_688' title='bbox 2227 4903 2464 4978; x_wconf 85' lang='lat' dir='ltr'><strong>dignam</strong></span> <span class='ocrx_word' id='word_1_689' title='bbox 2497 4920 2558 4959; x_wconf 91' lang='lat' dir='ltr'><strong>se</strong></span> <span class='ocrx_word' id='word_1_690' title='bbox 2589 4919 2820 4975; x_wconf 90' lang='lat' dir='ltr'><strong>semper</strong></span> <span class='ocrx_word' id='word_1_691' title='bbox 2861 4903 3092 4958; x_wconf 87' lang='lat' dir='ltr'><strong>studeat</strong></span> <span class='ocrx_word' id='word_1_692' title='bbox 3126 4903 3660 4970; x_wconf 87' lang='lat' dir='ltr'><strong>exhibere.Quanto</strong></span> 
     </span>
    </p>
   </div>
   <div class='ocr_carea' id='block_1_111' title="bbox 2010 4988 3663 5067">
    <p class='ocr_par' dir='ltr' id='par_1_111' title="bbox 2010 4988 3663 5067">
     <span class='ocr_line' id='line_1_113' title="bbox 2010 4988 3663 5067; baseline -0.001 -15"><span class='ocrx_word' id='word_1_693' title='bbox 2010 4996 2186 5053; x_wconf 89' lang='lat' dir='ltr'><strong>altius</strong></span> <span class='ocrx_word' id='word_1_694' title='bbox 2209 4991 2562 5067; x_wconf 85' lang='lat' dir='ltr'><strong>praeminet,</strong></span> <span class='ocrx_word' id='word_1_695' title='bbox 2577 4997 2741 5048; x_wconf 91' lang='lat' dir='ltr'><strong>tanto</strong></span> <span class='ocrx_word' id='word_1_696' title='bbox 2759 4991 2934 5048; x_wconf 91' lang='lat' dir='ltr'><strong>altius</strong></span> <span class='ocrx_word' id='word_1_697' title='bbox 2956 4991 3244 5048; x_wconf 88' lang='lat' dir='ltr'><strong>honorum</strong></span> <span class='ocrx_word' id='word_1_698' title='bbox 3269 4988 3512 5066; x_wconf 87' lang='lat' dir='ltr'><strong>operum</strong></span> <span class='ocrx_word' id='word_1_699' title='bbox 3535 4992 3663 5050; x_wconf 85' lang='lat' dir='ltr'><strong>luce</strong></span> 
     </span>
    </p>
   </div>
   <div class='ocr_carea' id='block_1_112' title="bbox 2008 5080 3662 5160">
    <p class='ocr_par' dir='ltr' id='par_1_112' title="bbox 2008 5080 3662 5160">
     <span class='ocr_line' id='line_1_114' title="bbox 2008 5080 3662 5160; baseline -0.002 -19"><span class='ocrx_word' id='word_1_700' title='bbox 2008 5083 2369 5160; x_wconf 88' lang='lat' dir='ltr'><strong>prafulgeat.</strong></span> <span class='ocrx_word' id='word_1_701' title='bbox 2396 5083 2600 5138; x_wconf 85' lang='lat' dir='ltr'><strong>Pacem</strong></span> <span class='ocrx_word' id='word_1_702' title='bbox 2645 5097 2780 5136; x_wconf 89' lang='lat' dir='ltr'><strong>cum</strong></span> <span class='ocrx_word' id='word_1_703' title='bbox 2813 5080 3089 5137; x_wconf 89' lang='lat' dir='ltr'><strong>omnibus</strong></span> <span class='ocrx_word' id='word_1_704' title='bbox 3132 5087 3413 5154; x_wconf 87' lang='lat' dir='ltr'><strong>sequatur</strong></span> <span class='ocrx_word' id='word_1_705' title='bbox 3439 5087 3496 5139; x_wconf 89' lang='lat' dir='ltr'><strong>et</strong></span> <span class='ocrx_word' id='word_1_706' title='bbox 3527 5099 3662 5138; x_wconf 83' lang='lat' dir='ltr'><strong>san-</strong></span> 
     </span>
    </p>
   </div>
   <div class='ocr_carea' id='block_1_113' title="bbox 2010 5169 3660 5242">
    <p class='ocr_par' dir='ltr' id='par_1_113' title="bbox 2010 5169 3660 5242">
     <span class='ocr_line' id='line_1_115' title="bbox 2010 5169 3660 5242; baseline -0.002 -12"><span class='ocrx_word' id='word_1_707' title='bbox 2010 5172 2349 5230; x_wconf 90' lang='lat' dir='ltr'><strong>ctimoniam</strong></span> <span class='ocrx_word' id='word_1_708' title='bbox 2383 5188 2396 5226; x_wconf 87' lang='lat'><strong>:</strong></span> <span class='ocrx_word' id='word_1_709' title='bbox 2431 5171 2490 5226; x_wconf 91' lang='lat' dir='ltr'><strong>in</strong></span> <span class='ocrx_word' id='word_1_710' title='bbox 2541 5170 2838 5242; x_wconf 90' lang='lat' dir='ltr'><strong>prosperis</strong></span> <span class='ocrx_word' id='word_1_711' title='bbox 2867 5169 3133 5240; x_wconf 92' lang='lat' dir='ltr'><strong>humilis,</strong></span> <span class='ocrx_word' id='word_1_712' title='bbox 3166 5175 3224 5226; x_wconf 89' lang='lat' dir='ltr'><strong>et</strong></span> <span class='ocrx_word' id='word_1_713' title='bbox 3269 5171 3330 5227; x_wconf 92' lang='lat' dir='ltr'><strong>in</strong></span> <span class='ocrx_word' id='word_1_714' title='bbox 3381 5171 3660 5238; x_wconf 90' lang='lat' dir='ltr'><strong>adversis,</strong></span> 
     </span>
    </p>
   </div>
   <div class='ocr_carea' id='block_1_114' title="bbox 2009 5255 3664 5336">
    <p class='ocr_par' dir='ltr' id='par_1_114' title="bbox 2009 5255 3664 5336">
     <span class='ocr_line' id='line_1_116' title="bbox 2009 5255 3664 5336; baseline -0.004 -15"><span class='ocrx_word' id='word_1_715' title='bbox 2009 5265 2061 5321; x_wconf 89' lang='lat' dir='ltr'><strong>si</strong></span> <span class='ocrx_word' id='word_1_716' title='bbox 2091 5263 2327 5336; x_wconf 86' lang='lat' dir='ltr'><strong>quando</strong></span> <span class='ocrx_word' id='word_1_717' title='bbox 2357 5259 2651 5328; x_wconf 90' lang='lat' dir='ltr'><strong>eveniunt,</strong></span> <span class='ocrx_word' id='word_1_718' title='bbox 2684 5259 3013 5316; x_wconf 88' lang='lat' dir='ltr'><strong>inveniatur</strong></span> <span class='ocrx_word' id='word_1_719' title='bbox 3040 5276 3174 5316; x_wconf 91' lang='lat' dir='ltr'><strong>cum</strong></span> <span class='ocrx_word' id='word_1_720' title='bbox 3209 5260 3444 5332; x_wconf 89' lang='lat' dir='ltr'><strong>justitia</strong></span> <span class='ocrx_word' id='word_1_721' title='bbox 3473 5255 3664 5315; x_wconf 88' lang='lat' dir='ltr'><strong>erecta</strong></span> 
     </span>
    </p>
   </div>
   <div class='ocr_carea' id='block_1_115' title="bbox 2012 5345 3662 5421">
    <p class='ocr_par' dir='ltr' id='par_1_115' title="bbox 2012 5345 3662 5421">
     <span class='ocr_line' id='line_1_117' title="bbox 2012 5345 3662 5421; baseline -0.005 -10"><span class='ocrx_word' id='word_1_722' title='bbox 2012 5354 2202 5412; x_wconf 89' lang='lat' dir='ltr'><strong>amica</strong></span> <span class='ocrx_word' id='word_1_723' title='bbox 2231 5350 2422 5418; x_wconf 86' lang='lat' dir='ltr'><strong>bonis,</strong></span> <span class='ocrx_word' id='word_1_724' title='bbox 2454 5348 2742 5421; x_wconf 89' lang='lat' dir='ltr'><strong>perversis</strong></span> <span class='ocrx_word' id='word_1_725' title='bbox 2786 5345 3098 5417; x_wconf 87' lang='lat' dir='ltr'><strong>contraria,</strong></span> <span class='ocrx_word' id='word_1_726' title='bbox 3132 5347 3353 5404; x_wconf 92' lang='lat' dir='ltr'><strong>nullius</strong></span> <span class='ocrx_word' id='word_1_727' title='bbox 3397 5364 3662 5419; x_wconf 84' lang='lat' dir='ltr'><strong>unquam</strong></span> 
     </span>
    </p>
   </div>
   <div class='ocr_carea' id='block_1_116' title="bbox 2009 5433 3666 5514">
    <p class='ocr_par' dir='ltr' id='par_1_116' title="bbox 2009 5433 3666 5514">
     <span class='ocr_line' id='line_1_118' title="bbox 2009 5433 3666 5514; baseline -0.007 -12"><span class='ocrx_word' id='word_1_728' title='bbox 2009 5446 2219 5502; x_wconf 89' lang='lat' dir='ltr'><strong>faciem</strong></span> <span class='ocrx_word' id='word_1_729' title='bbox 2243 5435 2445 5497; x_wconf 82' lang='lat' dir='ltr'><strong>contra</strong></span> <span class='ocrx_word' id='word_1_730' title='bbox 2474 5437 2777 5494; x_wconf 88' lang='lat' dir='ltr'><strong>veritatem</strong></span> <span class='ocrx_word' id='word_1_731' title='bbox 2808 5433 3116 5510; x_wconf 84' lang='lat' dir='ltr'><strong>recipiens,</strong></span> <span class='ocrx_word' id='word_1_732' title='bbox 3147 5436 3666 5514; x_wconf 79' lang='lat' dir='ltr'><strong>nulliusunquam</strong></span> 
     </span>
    </p>
   </div>
   <div class='ocr_carea' id='block_1_117' title="bbox 2011 5517 3672 5602">
    <p class='ocr_par' dir='ltr' id='par_1_117' title="bbox 2011 5517 3672 5602">
     <span class='ocr_line' id='line_1_119' title="bbox 2011 5517 3672 5602; baseline -0.007 -11"><span class='ocrx_word' id='word_1_733' title='bbox 2011 5531 2216 5591; x_wconf 86' lang='lat' dir='ltr'><strong>faciem</strong></span> <span class='ocrx_word' id='word_1_734' title='bbox 2249 5523 2354 5602; x_wconf 75' lang='lat' dir='ltr'><strong>pro</strong></span> <span class='ocrx_word' id='word_1_735' title='bbox 2387 5523 2625 5582; x_wconf 86' lang='lat' dir='ltr'><strong>veritate</strong></span> <span class='ocrx_word' id='word_1_736' title='bbox 2655 5520 2992 5599; x_wconf 83' lang='lat' dir='ltr'><strong>loquentem</strong></span> <span class='ocrx_word' id='word_1_737' title='bbox 3023 5524 3313 5599; x_wconf 86' lang='lat' dir='ltr'><strong>premens.</strong></span> <span class='ocrx_word' id='word_1_738' title='bbox 3346 5517 3672 5582; x_wconf 73' lang='lat' dir='ltr'><strong>Misericor-</strong></span> 
     </span>
    </p>
   </div>
   <div class='ocr_carea' id='block_1_118' title="bbox 2011 5614 3667 5704">
    <p class='ocr_par' dir='ltr' id='par_1_118' title="bbox 2011 5614 3667 5704">
     <span class='ocr_line' id='line_1_120' title="bbox 2011 5614 3667 5704; baseline -0.008 -18"><span class='ocrx_word' id='word_1_739' title='bbox 2011 5624 2118 5687; x_wconf 77' lang='lat' dir='ltr'><strong>dia</strong></span> <span class='ocrx_word' id='word_1_740' title='bbox 2145 5616 2420 5704; x_wconf 83' lang='lat' dir='ltr'><strong>operibus</strong></span> <span class='ocrx_word' id='word_1_741' title='bbox 2438 5615 2608 5692; x_wconf 81' lang='lat' dir='ltr'><strong>juxta</strong></span> <span class='ocrx_word' id='word_1_742' title='bbox 2623 5615 2901 5676; x_wconf 85' lang='lat' dir='ltr'><strong>virtutem</strong></span> <span class='ocrx_word' id='word_1_743' title='bbox 2923 5614 3268 5677; x_wconf 76' lang='lat' dir='ltr'><strong>substantia</strong></span> <span class='ocrx_word' id='word_1_744' title='bbox 3287 5614 3589 5690; x_wconf 79' lang='lat' dir='ltr'><strong>insistens,</strong></span> <span class='ocrx_word' id='word_1_745' title='bbox 3607 5614 3667 5673; x_wconf 76' lang='lat' dir='ltr'><strong>et</strong></span> 
     </span>
    </p>
   </div>
  </div>
