3928 6208
261 271 376 327 387

1558 258 1626 323 Β.
1676 259 1970 324 UllBANI
2019 264 2068 322 ll
2119 262 2365 322 PAPJE.

3552 260 3674 321 388

259 407 456 458 tamen
487 399 758 455 insistere
807 415 987 472 supra
1010 398 1285 454 virtutem
1339 395 1601 469 cupiens,
1654 395 1904 449 infirmis
1932 397 1985 460 Α
2017 410 2225 448 norum
2279 409 2452 466 quam
2515 392 2781 462 judicum
2839 397 2897 448 et
2952 391 3199 449 aliorum
3263 391 3670 452 consularium

261 490 646 563 compatiens,
667 489 814 544 bene
841 488 1172 544 volentibus
1194 485 1675 560 congaudens,de
1705 482 1911 538 alienis

258 579 491 652 gaudiis
540 583 822 650 tanquam
855 577 926 632 de
973 576 1226 650 propriis
1273 574 1592 640 exsultans,
1627 573 1684 627 in
1732 571 1908 626 corri-

258 669 464 742 gendis
495 668 653 724 vitiis
681 667 776 740 pie
797 667 1058 731 serviens,
1085 667 1142 722 in
1183 664 1445 720 fovendis
1470 661 1784 718 virtutibus
1815 678 1913 716 au-

259 759 516 814 ditorum
549 757 814 814 animum
847 755 1209 820 demulcens,
1245 754 1301 808 in
1344 753 1430 806 ira
1459 751 1748 822 judicium
1784 749 1912 806 sine

258 847 346 902 ira
373 850 602 913 tenens,
628 844 685 900 in
708 842 1127 916 tranquillitate
1159 839 1484 897 severitatis
1501 839 1677 910 justas
1700 855 1908 893 censu-

259 927 384 992 ram
436 952 547 990 non
610 935 905 998 deserens,
941 937 1006 986 ut
1062 929 1319 986 officium
1371 927 1524 1000 quod
1584 927 1910 982 forinsecus

257 1025 670 1089 administras,
745 1020 986 1076 interius
1055 1035 1246 1073 coram
1308 1015 1514 1074 divina:
1583 1015 1911 1086 majestatis

257 1113 445 1170 oculis
475 1112 738 1184 impleas.
763 1107 1206 1166 Fraternitatem
1241 1109 1401 1162 tuam
1434 1121 1690 1177 superna
1712 1103 1913 1176 digna-

257 1204 337 1258 tio
365 1219 469 1274 per
497 1206 762 1272 tempora
805 1198 978 1269 longa
1016 1199 1317 1252 conservet
1347 1193 1724 1250 incolumem.
1755 1193 1907 1247 Scri-

257 1297 421 1364 ptum
453 1308 554 1363 per
584 1305 822 1344 manum
857 1286 1006 1342 Petri
1037 1284 1326 1341 scriniarii
1357 1283 1506 1340 sacri
1539 1281 1762 1355 palatii.

326 1381 384 1436 S.
417 1380 642 1435 Petrus.
677 1377 734 1432 S.
770 1374 1005 1431 Paulus.

325 1468 595 1524 Urbanus
629 1482 779 1539 papa
811 1465 881 1520 II.

730 1556 894 1608 Locus
924 1552 1428 1622 monogrammatis.

346 1660 695 1701 BENBDICTUS
734 1658 880 1697 DEUS
921 1658 987 1696 ET
1027 1657 1204 1695 PATER
1242 1655 1446 1694 DOMINI
1488 1654 1644 1692 NOSTI
1683 1653 1818 1691 δεδι]

953 1726 1198 1766 CHRISTI.

328 1809 534 1861 Datum
571 1804 763 1859 Romm
813 1816 915 1872 per
954 1816 1194 1854 manum
1241 1797 1482 1854 Joannis
1529 1800 1740 1853 sancta:
1790 1795 1900 1850 Ro-

255 1913 440 1950 manae
492 1890 757 1948 Ecclesiae
790 1888 1020 1944 diaconi
1070 1887 1404 1952 cardinalis,
1431 1886 1614 1941 Nonis
1661 1883 1901 1956 Aprilis,

253 1983 568 2040 indictione
600 1997 660 2047 ιι,
695 1994 846 2034 anno
896 1976 1208 2032 Dominicze
1263 1973 1704 2040 Incarnationis,
1741 1973 1898 2038 1094,

253 2071 633 2146 pontiﬁcatus
663 2084 797 2124 vero
827 2064 1028 2122 domni
1057 2063 1272 2120 Urbani
1306 2064 1351 2119 II
1383 2081 1544 2136 papae
1571 2063 1840 2136 septimo.

257 2250 463 2307 Urbani
504 2263 659 2319 papa
708 2247 757 2301 ll
801 2244 1030 2319 epistola
1063 2241 1132 2296 ad
1180 2243 1460 2319 universos
1505 2241 1777 2319 episcopos
1801 2255 1903 2319 per

324 2312 670 2375 Britanniam
724 2312 1056 2370 constitutos.
1113 2345 1179 2352 —
1243 2313 1537 2382 Conﬁrmat
1608 2312 1900 2365 sententias

320 2393 559 2446 aliorum
597 2403 934 2442 summorum
963 2385 1304 2455 pontiﬁcum,
1331 2384 1692 2454 prarcipitque
1729 2385 1810 2437 eis
1839 2387 1900 2436 ut

293 2462 616 2531 _Turonensi
643 2458 1045 2529 archiepiscopo
1069 2465 1331 2528 tanquam
1357 2455 1772 2525 metropolitano
1795 2470 1896 2524 pa-

321 2537 498 2588 reant.

873 2618 1060 2688 (Anno
1097 2616 1280 2686 1094.)

575 2708 860 2780 [Murram
896 2706 1042 2760 Thes.
1077 2703 1273 2760 Anecd.
1309 2703 1404 2770 III,
1435 2703 1586 2772 881.]

320 2801 428 2856 Pro
459 2795 768 2855 confratris
792 2793 977 2850 nostri
1005 2791 1272 2848 Dolensis
1293 2789 1550 2862 episcopi
1571 2795 1630 2845 et
1651 2789 1898 2845 aliorum

250 2908 319 2946 ex
339 2888 504 2944 vobis
524 2883 915 2960 quorumdam
936 2879 1266 2938 obedientia
1285 2879 1609 2935 Turonensi
1629 2877 1898 2934 Ecclesia:

248 2981 553 3050 denegata,
570 2975 900 3045 frequentes
924 2968 1190 3043 querelas
1210 2969 1281 3024 ad
1305 2969 1502 3024 sedem
1521 2966 1897 3040 apostolicam

251 3057 603 3139 provenisse,
633 3060 848 3118 multas
870 3060 1134 3132 ejusdem
1166 3058 1246 3114 rei
1273 3056 1670 3113 discus-siones
1701 3072 1898 3128 perpe-

1933 1756 1983 1820 B.

2017 482 2418 554 adjudicatum
2449 486 2558 548 est,
2591 481 2800 538 harum
2850 499 3045 538 rerum
3076 500 3204 556 quae
3243 499 3346 555 per
3391 487 3479 540 tot
3527 500 3675 556 apo-

2019 570 2258 627 stolicos
2315 571 2620 644 pontifices
2669 570 3023 626 confirmata:
3077 571 3329 639 fuerant,
3379 570 3672 628 definitio-

2019 675 2152 714 nem
2205 659 2438 730 plenam
2497 676 2611 714 non
2670 659 2879 716 debere
2933 660 3172 717 differri.
3208 659 3391 733 Igitur
3447 665 3507 716 et
3564 677 3674 717 nos

2017 765 2218 804 eorum
2251 752 2472 804 statuta
2513 747 2836 817 firmantes,
2867 748 3243 820 praesentium
3274 747 3438 806 vobis
3469 751 3672 803 aucto-

2018 839 2188 894 ritate
2243 837 2614 910 praecipimus
2671 841 2764 903 ut,
2814 837 2967 893 sicut
3027 837 3100 895 ab
3156 838 3302 910 ipsis
3366 838 3671 894 decretum

2017 931 2128 994 est,
2173 926 2498 982 Turonensi
2529 925 2804 998 deinceps
2853 925 3288 1000 archiepiscopo
3335 943 3490 996 eam,
3539 944 3671 999 quae

2020 1014 2530 1087 metropolitanum
2580 1014 2763 1080 decet,
2810 1015 3202 1072 obedientiam
3248 1015 3522 1072 exhibere
3569 1032 3674 1072 cu-

2019 1105 2181 1160 retis.

2089 1195 2301 1248 Datum
2334 1193 2529 1248 Romae
2561 1210 2622 1248 ιιι
2656 1193 2794 1248 ldus
2824 1192 3060 1264 Aprilis.

2764 1281 2927 1337 CXV.

2019 1372 2225 1429 Urbani
2253 1372 2302 1426 ll
2327 1371 2555 1443 epistola
2575 1370 2654 1443 ad
2686 1370 3014 1426 Itainatdum
3046 1371 3360 1426 Remensem
3387 1371 3670 1442 archiepi-

2085 1459 2320 1514 scopum.
2343 1442 2410 1482 4-
2433 1442 2581 1510 Quort
2611 1443 2900 1496 Futconem
2939 1443 3316 1498 Belvacensem
3357 1444 3673 1513 episcopum

2085 1530 2265 1568 coram
2288 1529 2346 1568 se
2371 1517 2666 1584 purgatum
2689 1531 2720 1568 a
2742 1515 2975 1568 crimine
2996 1515 3197 1569 iterum
3217 1515 3455 1584 purgari
3480 1514 3671 1569 volue-

2086 1587 2181 1652 rit,
2214 1587 2483 1655 queritur.

2630 1657 2819 1724 (Anno
2853 1656 3034 1719 1094).

2441 1725 2670 1796 [Manen
2701 1726 2904 1782 Concil.
2942 1726 3050 1793 ΧΧ,
3081 1727 3235 1797 711.]

2083 1816 2360 1872 Unsaxus
2407 1814 2738 1888 episcopus,
2771 1832 2973 1870 servus
3022 1831 3322 1871 servorum
3371 1815 3498 1882 Dei,
3529 1815 3668 1873 cha-

2010 1904 2264 1961 rissimis
2313 1905 2590 1960 fratribus
2638 1905 2704 1959 R.
2740 1904 3011 1960 Remensi
3053 1903 3494 1978 archiepiscopo
3541 1906 3668 1976 eju-

2011 2011 2156 2066 sque
2188 1991 2573 2065 sufi'raganeis
2603 1992 2854 2049 salutem
2885 1998 2942 2048 et
2980 1991 3357 2066 apostolicam
3391 1992 3666 2050 benedic-

2010 2083 2254 2154 tionem.

2083 2170 2450 2227 Fraternitati
2479 2174 2680 2226 vestrae
2713 2170 3088 2226 notissimum
3131 2171 3430 2226 credimus
3460 2185 3670 2242 quem-

2010 2261 2327 2315 admodum
2359 2276 2511 2314 anno
2551 2259 2839 2330 praeterito
2883 2259 2954 2315 ad
3005 2259 3407 2330 apostolorum
3459 2257 3672 2316 limina

2012 2347 2185 2404 Fulco
2217 2346 2581 2402 Belvacensis
2617 2346 2927 2419 episcopus
2955 2347 3192 2403 veniens
3225 2346 3382 2402 ultro
3434 2347 3494 2402 in
3546 2364 3672 2404 ma-

2009 2438 2186 2492 nibus
2218 2438 2436 2496 nostris
2457 2436 2855 2508 episcopatum
2883 2452 2950 2491 ex
2981 2436 3206 2509 integro
3228 2437 3666 2493 refutavit..Nos

2009 2531 2205 2582 autem
2245 2525 2574 2580 necessitati
2621 2524 3027 2580 ecclesiasticae
3056 2525 3501 2597 dispensatione
3529 2543 3669 2598 apo-

2009 2615 2216 2670 stolica
2263 2614 2651 2687 providentes,
2693 2613 2880 2670 eidem
2926 2614 3086 2669 fratri
3135 2613 3353 2670 nolenti
3404 2619 3461 2670 et
3509 2615 3668 2671 reni-

2009 2705 2150 2758 tenti
2174 2704 2544 2776 epsicopatus
2575 2719 2774 2758 curam
2807 2702 3193 2774 injunximus,
3218 2707 3442 2759 retenta
3468 2707 3666 2760 tamen

2009 2791 2362 2866 pontificalis
2414 2791 2590 2847 officii
2646 2790 3041 2864 plenitudine;
3095 2793 3374 2864 quoniam
3424 2792 3666 2866 quidem

2009 2885 2230 2954 patrem
2253 2881 2380 2951 ejus
2403 2897 2506 2952 pro
2529 2879 2716 2953 ipsius
2737 2879 3018 2935 electione
3041 2881 3352 2951 pecuniam
3377 2879 3666 2938 obtulisse

2007 2987 2210 3026 rumor
2237 2970 2553 3025 exstiterat.
2574 2970 2856 3025 Caeterum
2890 2973 3020 3041 post
3045 2967 3414 3040 aliquantum
3438 2972 3668 3042 tempo-

2007 3060 2092 3116 ris
2123 3065 2177 3115 et
2209 3062 2370 3130 pater
2397 3059 2526 3130 ejus
2556 3063 2612 3114 et
2641 3058 2763 3114 Odo
2806 3063 2862 3113 et
2891 3057 3267 3114 venerablilis
3298 3057 3668 3114 Belvacensis

251 3121 431 3212 iratas
487 3169 636 3222 esse,
687 3148 1112 3206 fraternitatem
1155 3153 1406 3203 vestram
1465 3147 1730 3217 ignorare
1781 3161 1896 3198 non
1927 3121 1970 3186 ί)
2012 3147 2278 3204 Ecclesiae
2310 3147 2626 3203 canonicus
2657 3147 2727 3202 ad
2761 3151 3022 3203 nostram
3064 3147 3432 3219 praesentiam
3465 3163 3667 3220 perve-

250 3244 544 3299 credimus
567 3257 582 3296 ι
605 3257 740 3296 cum
783 3239 1040 3294 sciamus
1074 3235 1516 3309 prmdecessoris
1549 3233 1731 3289 nostri
1765 3233 1902 3289 Gre-

250 3332 396 3405 gorii
444 3346 614 3403 papa:
636 3327 900 3401 duplices
931 3326 1002 3380 ad
1034 3342 1137 3381 vos
1185 3323 1410 3379 litteras
1458 3339 1636 3396 super
1666 3321 1776 3376 hoc
1806 3339 1905 3376 ne-

250 3421 404 3496 gotio
436 3419 780 3485 destinatas,
813 3417 956 3489 quin
1004 3415 1180 3470 etiam
1231 3411 1615 3470 Sanctonensi
1660 3409 1906 3466 concilio

251 3503 556 3585 plerosque
587 3512 844 3562 vestrum
867 3503 1206 3560 interfuisse
1235 3502 1668 3567 existimamus,
1695 3500 1755 3554 in
1791 3516 1907 3590 quq

251 3620 286 3656 a
313 3598 519 3672 legatis
549 3596 816 3668 ejusdem
863 3592 1166 3667 apostolici
1197 3609 1377 3648 causa
1405 3591 1610 3646 eadem
1641 3587 1907 3662 diligenti

249 3686 693 3762 investigatione
739 3684 1026 3749 discussa,
1063 3681 1159 3737 ubi
1201 3697 1334 3736 cum
1369 3677 1637 3734 Dolensis
1666 3693 1904 3732 causam

250 3794 419 3834 suam
452 3773 615 3831 nulla
646 3771 932 3845 potuisset
972 3769 1310 3826 authentica
1343 3766 1690 3822 auctoritate
1715 3765 1911 3820 defen-

249 3869 404 3935 dere,
439 3863 764 3920 secundum
811 3860 1033 3934 praefati
1078 3875 1239 3932 papa:
1273 3854 1625 3912 sententiam
1669 3853 1908 3909 omnino

250 3959 537 4011 statutum
559 3958 646 4008 est
667 3955 731 4005 ut
754 3955 873 4006 tam
894 3947 1161 4004 Dolensis
1183 3963 1363 4018 quam
1387 3942 1579 4000 caeteri
1611 3942 1911 4021 Britanno.

251 4060 382 4098 rum
414 4040 672 4114 episcopi
700 4037 1028 4094 Turonensi
1069 4051 1300 4106 semper
1338 4031 1608 4088 Ecclesiae
1639 4031 1910 4101 subjace_

251 4135 398 4188 rent.
423 4128 684 4194 Qualiter
702 4132 900 4184 autem
925 4143 1030 4181 nos
1053 4140 1204 4180 anno
1228 4121 1516 4195 praeterito
1535 4119 1767 4176 Dolensi
1789 4119 1912 4192 epi-

249 4215 424 4293 scopo
445 4217 690 4292 pallium
715 4214 1162 4279 indulserimus,
1187 4211 1406 4267 nostris
1435 4215 1573 4265 tunc
1597 4207 1791 4264 fuistis
1814 4207 1911 4262 lit-

251 4305 728 4365 terisinformati.
755 4305 928 4360 Porro
952 4308 1074 4359 tam
1107 4300 1217 4373 ipsi
1250 4315 1428 4371 quam
1461 4296 1790 4354 Turonensi
1823 4314 1889 4352 ar

249 4397 617 4471 cbiepiscOpo
639 4394 957 4450 terminum
982 4389 1554 4460 constituimus,quo
1579 4390 1822 4458 uterque
1843 4402 1907 4442 se

2015 3235 2260 3302 nientes,
2309 3236 2484 3291 tactis
2539 3235 2928 3291 sacrosanctis
2985 3235 3314 3309 Evangeliis
3370 3237 3442 3294 ab
3504 3235 3670 3291 omni

2013 3341 2150 3381 eum
2182 3323 2524 3380 Simoniacae
2556 3325 2858 3396 pravitatis
2890 3323 3222 3398 suspicione
3253 3323 3503 3380 liberum
3539 3325 3669 3381 red-

2015 3404 2309 3470 diderunt.
2343 3414 2428 3469 Ita
2472 3430 2578 3470 nos
2608 3412 2874 3469 Ecclesia:
2923 3418 3134 3469 nostrze
3183 3412 3465 3469 fratribus
3496 3413 3672 3470 satis-

2018 3502 2494 3574 factumjnstitiaa
2515 3501 2944 3574 judicantibus,
2972 3501 3398 3575 plenitudinem
3425 3501 3509 3558 illi
3533 3519 3675 3576 pon-

2016 3592 2250 3648 tificalis
2281 3591 2455 3650 officii
2494 3591 2883 3647 restituimus.

2085 3682 2227 3737 Cum
2247 3680 2429 3752 igitur
2451 3679 2668 3736 nemini
2695 3697 2956 3751 unquam
2974 3678 3302 3751 apostolica:
3320 3679 3478 3736 sedis
3499 3679 3675 3738 liceat

2017 3772 2329 3826 retractare
2351 3767 2664 3838 judicium,
2699 3784 2829 3823 cum
2883 3767 3101 3823 nemini
3148 3769 3218 3824 de
3267 3785 3330 3825 se
3377 3769 3670 3827 confessio

2016 3857 2172 3914 credi
2227 3857 2462 3924 debeat;
2495 3873 2626 3912 cum
2676 3857 2748 3911 ad
2802 3857 2978 3912 unius
3009 3857 3444 3913 accusationem
3495 3875 3670 3914 nemo

2015 3947 2204 4004 valeat
2231 3944 2487 4019 legitime
2512 3945 2907 4014 condemnari,
2934 3946 3221 4002 miramur
3242 3963 3360 4018 qua
3391 3963 3672 4019 praesum-

2017 4037 2215 4110 ptione
2245 4038 2377 4108 post
2405 4035 2600 4090 datam
2633 4051 2666 4090 a
2698 4035 2846 4090 Petri
2885 4035 3098 4091 vicario
3138 4036 3489 4092 sententiam
3522 4053 3669 4109 prae-

2011 4123 2768 4197 judicinmfintulistis,quo
2811 4123 3021 4197 spiritu
3061 4124 3406 4197 przedictum
3439 4125 3668 4182 confra-

2017 4219 2164 4270 trem
2197 4217 2256 4268 et
2287 4213 2695 4285 coepiscopum
2731 4218 2998 4269 nostrum
3031 4213 3102 4268 ob
3136 4213 3313 4268 unius
3344 4213 3669 4272 accusatio-

2018 4319 2150 4358 nem
2183 4299 2440 4357 hominis
2485 4301 2809 4369 addixistis,
2843 4317 2960 4373 qua
2988 4301 3314 4356 temeritate
3342 4301 3534 4358 eidem
3567 4303 3670 4359 uni

2017 4389 2400 4461 semetipsum
2425 4389 2818 4444 Simoniacum
2847 4389 3144 4445 accusanti
3173 4389 3454 4445 adversus
3485 4388 3670 4455 alium

249 4503 382 4541 cum
414 4503 532 4542 sua:
566 4482 836 4540 Ecclesiae
878 4476 1261 4536 munimentis
1291 4493 1395 4548 pro
1426 4473 1674 4548 querelas
1727 4473 1902 4544 hujus
1931 4479 2152 4550 Ι),εάθο
2173 4478 2558 4546 credideritis,
2583 4482 2650 4533 ut
2668 4494 2842 4550 quem
2867 4478 2936 4534 de
2962 4495 3140 4534 causa
3161 4477 3366 4536 eadem
3388 4477 3670 4535 canonico

249 4575 540 4632 decisione
559 4581 757 4628 noser
775 4566 1111 4640 conspectui
1134 4563 1682 4638 praesentaretﬂum
1701 4562 1902 4618 Dolen-

249 4666 330 4720 sis
361 4681 476 4721 non
506 4661 748 4727 veniret,
770 4655 1134 4716 Turonensis
1156 4654 1212 4709 in
1236 4659 1493 4726 tempore
1522 4657 1731 4725 praesto
1762 4653 1892 4708 fuit.

249 4756 412 4810 'l‘unc
441 4753 501 4808 in
533 4748 833 4806 audientia
872 4745 1217 4802 clericorum
1266 4742 1443 4798 simul
1502 4747 1558 4798 et
1612 4740 1895 4798 laicorum

249 4844 520 4898 Romanis
579 4836 843 4894 Ecclesia:
893 4838 1200 4890 retractata
1230 4836 1388 4900 sunt,
1423 4849 1547 4904 quae
1580 4829 1663 4886 vel
1697 4834 1896 4886 nostro

246 4931 332 4986 vvl
365 4927 623 5000 Gregorii
665 4943 824 4998 papa:
867 4929 1126 4994 tempore
1157 4938 1334 4995 super
1374 4921 1482 4976 hoc
1526 4919 1755 4992 negotio
1797 4935 1894 4992 ge-

245 5027 334 5075 sta
368 5018 768 5082 recurrerunt;
811 5015 1050 5068 recitata
1094 5015 1232 5066 sunt
1275 5009 1447 5066 etiam
1497 5010 1894 5065 Romanorum

247 5103 592 5180 pentificum
622 5102 864 5172 Nicolai,
894 5099 1136 5158 Joannis
1167 5104 1223 5156 et
1258 5099 1464 5156 Leonis
1495 5097 1730 5169 scripta,
1763 5095 1894 5167 qui-

245 5197 354 5253 bus
386 5194 685 5248 decretum
718 5196 806 5248 est
861 5195 925 5248 ut
979 5189 1232 5246 universi
1283 5189 1697 5244 Britannorum
1745 5184 1896 5256 epis-

243 5283 372 5356 c0pi
405 5279 704 5336 Turonicae
747 5281 997 5337 debeant
1044 5276 1346 5352 metropoli
1396 5277 1720 5348 subjacere.
1753 5271 1894 5336 Qui-

244 5375 278 5429 b
327 5391 354 5428 s
397 5361 680 5426 omnibus
731 5368 1072 5444 diligentius
1119 5366 1447 5440 exquisitis,
1481 5381 1552 5420 ex
1596 5360 1894 5418 communi

240 5459 487 5518 consilio
537 5459 658 5514 tam
697 5459 1054 5516 confratrum
1103 5461 1437 5513 nostrorum
1489 5450 1894 5524 episcoporum
1931 5473 1943 5481 δ

237 5555 293 5613 et
321 5541 750 5611 nonnullorum
781 5553 992 5612 nostras
1017 5544 1285 5609 Ecclesia
1315 5541 1662 5604 clericorum
1689 5539 1896 5602 Roma-

2011 4565 2212 4623 ordine
2243 4566 2578 4622 discussum
2606 4566 2861 4622 Ecclesia
2888 4567 3150 4624 Romana
3180 4565 3532 4637 absolverat,
3566 4585 3682 4624 vos.

2003 4656 2062 4711 in
2104 4656 2232 4726 ejus
2264 4654 2544 4727 injuriam
2589 4655 2796 4712 iterato
2845 4655 3014 4711 illum
3056 4655 3282 4728 judicio
3329 4656 3669 4728 purgationi

2007 4743 2296 4799 canonica":
2347 4743 2899 4814 subjiceretis.0uia
2927 4761 3064 4818 ergo
3103 4745 3384 4801 adversus
3415 4749 3667 4802 matrem

2005 4838 2254 4888 vestram
2277 4833 2601 4888 Romanam
2625 4832 2944 4889 Ecclesiam
2968 4833 3276 4889 brachium
3295 4833 3667 4904 extendistis,
3703 4840 3707 4844 ’

2005 4938 2221 4994 magna
2250 4921 2392 4977 estis
2435 4921 2940 4978 animadversione
2968 4920 3326 4995 dignissimi,
3355 4921 3574 4996 quippe
3605 4926 3667 4978 ut

2003 5010 2412 5066 auctoritatem
2445 5015 2781 5067 sanctorum
2815 5028 3105 5067 canonum
3129 5009 3566 5067 conculcantes.
3585 5011 3666 5067 Te

2003 5098 2314 5171 praecipue,
2348 5098 2692 5158 charissima
2741 5117 2806 5156 ac
2849 5098 3333 5157 reverendissime
3376 5099 3560 5154 frater
3589 5099 3656 5156 R.

2005 5187 2311 5243 Remensis
2359 5188 2815 5262 archiepiscopo,
2848 5188 3009 5245 salva
3055 5187 3384 5246 dilectionis
3429 5187 3660 5262 inclyta:
3693 5179 3733 5260 ι’

2003 5276 2344 5344 reverentia,
2369 5281 2423 5333 te
2453 5295 2631 5351 super
2659 5279 2767 5335 hoc
2796 5279 3070 5335 ducimus
3091 5277 3482 5352 arguendum,
3506 5276 3664 5349 quod
3691 5280 3698 5285 '

2005 5364 2064 5446 in
2096 5371 2412 5437 conspectu
2445 5371 2544 5423 tuo
2575 5371 2798 5424 tantam
2831 5367 2953 5441 pati
2975 5366 3237 5440 potueris
3263 5363 3689 5439 apostolorum‘

2005 5451 2256 5526 principi
2281 5453 2559 5527 injuriam
2581 5456 2848 5532 irrogari.
2871 5457 2990 5514 Nos
3011 5459 3207 5530 itaque
3227 5454 3664 5512 accusationem

2005 5540 2191 5616 illam,
2215 5545 2273 5619 et
2301 5544 2654 5606 sententiam
2686 5545 2851 5608 illam
2883 5550 3087 5608 contra
3115 5548 3458 5614 sanctorum
3487 5560 3665 5624 cano:
