3928 6208
170 302 285 364 339

170 539 325 591 mus,
348 526 407 579 et
450 523 865 581 Belvacensem
916 524 1255 598 episcopum
1289 525 1570 600 religiosa
1600 532 1657 583 et
1686 528 1829 584 sim-

172 611 345 685 plicis
382 612 519 668 vita
554 613 751 668 virum
776 612 900 669 loco
925 630 1033 670 suo
1063 618 1120 670 et
1149 614 1339 670 officio
1361 616 1697 672 restitutum
1728 618 1828 672 fir-

172 716 429 758 mamus.
462 701 622 759 Sane
668 702 1003 775 quicunque
1051 720 1120 759 ex
1162 703 1327 759 vobis
1374 704 1652 762 adversus
1691 722 1827 761 eum

176 808 292 847 non
309 790 637 863 judicium,
653 791 759 847 sed
798 790 1203 864 prajudicium
1236 792 1625 865 protulerunt,
1658 809 1828 849 nove-

175 880 293 935 rint
320 897 384 936 se
420 884 661 936 auctore
698 880 863 936 Petro
884 880 1250 952 etjudicium
1288 899 1473 954 usque
1495 884 1567 938 ad
1600 883 1830 940 satisfa-

173 969 431 1025 ctionem
485 984 811 1041 congruam
861 968 1180 1039 subituros,
1226 974 1285 1026 et
1304 970 1598 1041 jacturam
1652 988 1830 1043 quam

176 1060 358 1114 frater
380 1056 479 1113 ille
500 1072 819 1130 perpessus
848 1062 958 1125 est,
977 1058 1360 1115 astimatione
1379 1058 1642 1132 legitima
1673 1059 1831 1116 solu-

178 1152 368 1203 turos.
403 1144 580 1202 Illum
613 1153 812 1202 autem
849 1146 931 1202 ita
961 1147 1297 1203 absolutum
1346 1165 1475 1205 esse
1503 1165 1830 1216 censemus,

175 1240 242 1292 ut
272 1236 325 1292 si
359 1252 482 1307 qua
510 1234 570 1290 in
601 1252 736 1291 eum
770 1235 1044 1308 deinceps
1074 1237 1316 1308 quastio
1357 1238 1675 1305 emerserit,
1709 1237 1832 1293 solo

176 1326 460 1381 Romana
514 1323 671 1380 sedis
718 1324 942 1395 judicio
975 1326 1340 1381 terminatur.
1374 1326 1453 1381 De
1483 1330 1684 1382 catero
1739 1343 1833 1383 ro-

171 1429 391 1488 gamus
423 1418 502 1480 te,
538 1413 1018 1470 reverendissime
1049 1416 1227 1470 frater
1268 1415 1574 1472 Bernensis
1603 1415 1832 1472 archie—

173 1502 439 1575 piscope,
482 1505 550 1557 ut
581 1502 983 1559 Belvacensem
1015 1503 1355 1574 episcopum
1391 1508 1600 1559 nostra
1632 1505 1831 1576 gratia

156 1589 616 1663 plenitudinem
648 1590 1008 1646 obtinentem
1039 1592 1097 1646 in
1120 1592 1248 1647 suis
1274 1599 1395 1647 tam
1425 1592 1832 1664 spiritualibus

174 1697 362 1753 quam
391 1679 799 1752 corporalibus
830 1680 1369 1752 opportunitatibus
1398 1681 1708 1751 adjuvetis.

247 1770 399 1825 Data
430 1769 731 1825 Lateranis
762 1785 822 1823 ιιι
856 1768 992 1824 ldus
1023 1769 1178 1825 Maii.

907 1910 1091 1967 CXVI.

155 2001 393 2077 Urbani
454 2002 506 2056 II
566 2001 823 2077 epistola_
855 2000 944 2077 ad‘
987 2006 1270 2070 Hugonem
1361 2003 1833 2077 archiepiscopum

795 2070 1226 2143 Lugdunensem.

809 2179 992 2250 (Anno
1024 2179 1208 2251 1094.)

178 2288 267 2359 [ο.
327 2286 619 2353 Romam,
681 2286 797 2341 Vita
858 2285 1294 2359 UrbaniLMaB.
1352 2290 1411 2343 et
1457 2287 1629 2345 Rom.
1664 2288 1829 2346 Ouvr.

753 2357 928 2427 poslh.
964 2356 1061 2424 III,
1086 2356 1241 2431 359.]

250 2481 536 2538 Uanasms
564 2481 898 2553 episcopus,
923 2497 1123 2536 servus
1152 2497 1451 2539 servorum
1483 2483 1833 2552 Dei,dilecto

182 2571 348 2628 fratri
382 2570 662 2643 episcopo
695 2569 920 2625 Huoom
962 2570 1438 2642 Lugdunensi,et
1476 2579 1692 2630 sancta
1724 2575 1832 2630 Ro-

186 2677 374 2716 mana
408 2658 679 2715 Ecclesia
713 2657 923 2731 legato,
954 2658 1203 2716 salutem
1235 2666 1293 2716 et
1322 2661 1702 2733 apostolicam
1736 2664 1836 2720 be-

188 2747 604 2806 nedictionem.

257 2835 694 2893 Sollicitudinis
717 2840 927 2892 nostra
965 2837 1139 2905 vices,
1164 2841 1221 2892 et
1249 2840 1609 2911 agendorum
1640 2841 1837 2897 consi-

175 2924 408 2982 ‘liorum
426 2924 854 2996 providentiam
878 2924 1208 2981 strenuitati
1239 2930 1352 2982 tua
1382 2944 1525 3000 pure
1555 2928 1837 3000 simplici-

176 3018 398 3087 terque
428 3012 858 3069 commisimus.
886 3014 992 3070 Sed
1052 3031 1156 3086 pro
1185 3017 1583 3072 conservanda
1612 3035 1753 3090 pace
1782 3023 1840 3074 et

193 3103 426 3177 negotio
437 3102 672 3159 facilius
686 3104 1037 3176 peragendo,
1052 3103 1255 3159 utilius
1269 3106 1689 3163 astimavimus
1701 3124 1837 3163 con-

1360 300 1772 368 EPISTOLAS
1814 300 1913 367 ET
1956 303 2427 369 PRIVILEGIA.

170 449 313 491 num
361 433 652 491 instituta
689 432 917 508 prolata
954 435 1194 493 omnino
1226 436 1449 493 irritam
1473 454 1599 495 esse
1630 454 1826 496 cense-
1855 440 1913 507 Α

3469 313 3588 371 390

2650 439 2858 495 CXVII.

1941 529 2147 603 Urbani
2186 531 2237 585 11
2277 529 2634 603 epistoladud
2672 531 2969 603 ΔΠαροηεηι
3021 528 3587 603 Gratianopolitanum

2008 599 2337 674 episcopum.
2383 631 2453 643 —-
2501 601 2595 655 Illi
2624 599 2716 674 Ade
2770 602 3139 674 superioribus
3193 599 3586 674 ad’Hugonem

2008 672 2421 743 Lugdunensem
2448 672 2687 744 epistolis
2715 673 3007 742 signiﬁcat.

2560 761 2745 831 (Anno
2780 761 2964 831 1094.)

2069 848 2389 919 1Rumm'r,
2429 851 2548 905 Vim
2580 851 2806 914 Urbani,
2842 850 2941 905 ubi
2975 866 3172 922 supra,
3206 868 3263 924 p.
3296 852 3446 923 360.]

2011 936 2289 994 URBANUS
2318 937 2648 1010 episcopus,
2669 954 2871 994 servus
2894 956 3196 996 servorum
3219 940 3340 1010 Dei,
3374 941 3585 999 dilecto

1939 1025 2363 1092 fratriHuoom,
2380 1025 2913 1098 Gratianopolitano
2936 1028 3233 1101 episcopo,
3261 1029 3513 1086 salutem
3531 1034 3589 1086 et

1940 1113 2321 1186 apostolicam
2354 1114 2839 1171 benedictionem.

2012 1202 2118 1258 Pro
2142 1202 2370 1275 negotio
2394 1206 2495 1259 tuo
2517 1204 2792 1259 confratri
2821 1208 3020 1260 nostro
3058 1205 3436 1278 Lugdunensi
3470 1206 3588 1262 Hu-

1939 1290 2074 1363 goni
2123 1290 2560 1364 archiepiscopo
2610 1292 3021 1364 rescripsimus
3052 1292 3206 1365 quod
3255 1295 3413 1350 enim
3464 1294 3590 1368 ipse

1941 1384 2142 1435 nostra
2163 1380 2287 1435 vice
2312 1380 2537 1449 statuit,
2574 1397 2679 1435 nos
2714 1385 2911 1436 nostra
2941 1382 3263 1438 assertione
3315 1384 3586 1440 corrobo-

1940 1485 2161 1523 ramus.
2197 1470 2253 1524 Si
2310 1486 2458 1541 quas
2497 1486 2629 1525 vero
2674 1475 2881 1524 nostra
2941 1470 3307 1527 auctoritatis
3364 1471 3588 1529 litteras

1940 1557 2295 1612 Viennensis
2320 1557 2791 1629 archiepiscopus
2839 1558 3197 1630 opposuerit,
3220 1559 3367 1614 nihil
3399 1578 3588 1617 causa

1944 1649 2056 1699 tua
2078 1645 2309 1701 ofﬁcere
2323 1645 2641 1701 arbitreris.
2665 1647 2779 1701 Nos
2792 1647 2947 1701 enim
2968 1645 3114 1701 nihil
3133 1647 3375 1719 ipsi,aut
3395 1648 3588 1705 Eccle-

1942 1733 2040 1790 sia
2060 1734 2377 1790 Viennensi
2395 1735 2816 1801 concessimus,
2832 1735 2942 1789 nisi
2961 1736 3115 1807 quod
3134 1737 3296 1807 justo
3308 1736 3592 1794 hactenus

1860 1809 1908 1874 B
1940 1823 2273 1894 possedisse
2320 1823 2715 1894 cognoscitur,
2744 1841 2847 1878 sua
2876 1824 3034 1879 enim
3065 1825 3279 1897 cuique
3320 1826 3592 1883 volumus

1936 1913 2074 1983 jura
2096 1912 2334 1968 servari.
2351 1911 2624 1967 Orantem
2654 1930 2756 1984 pro
2780 1913 2947 1968 nobis
2969 1913 3395 1971 fraternitatem
3426 1918 3590 1972 tuam

1941 2002 2239 2057 miseratio
2269 2001 2467 2055 divina
2497 2000 2810 2057 custodiat.

2012 2090 2159 2145 Data
2187 2094 2380 2146 Roma
2410 2107 2502 2144 xv:
2538 2088 2771 2145 Kalend.
2804 2090 2963 2146 Junii

2686 2196 2880 2252 XVIII.

2736 2197 2781 2248 V
2867 2238 2880 2252 .

1946 2285 2152 2343 Urbani
2196 2286 2250 2342 11
2272 2287 2631 2357 privilegium
2644 2197 3095 2357 erolilanonicis
3144 2289 3587 2344 Pistoriensibus.

2562 2375 2748 2445 (Anno
2778 2375 2962 2445 1094.)

2158 2464 2482 2534 [ZACHARIA,
2507 2462 2775 2519 Aneedota
2800 2464 2971 2518 medii
2990 2465 3117 2533 avi,
3143 2481 3199 2537 p.
3225 2466 3377 2536 224.]

2016 2569 2293 2625 URBANUS
2321 2571 2652 2643 episcopus,
2669 2586 2872 2625 servus
2894 2586 3195 2626 servorum
3218 2572 3337 2642 Dei,
3362 2570 3592 2627 dilectis

1943 2657 2001 2713 in
2035 2657 2261 2714 Christo
2285 2658 2422 2714 filiis
2475 2658 2655 2715 Uoom
2688 2658 3016 2731 praposito,
3040 2664 3095 2715 et
3126 2660 3347 2716 cateris
3405 2660 3591 2716 Pisto-

1945 2746 2159 2803 riensis
2181 2747 2470 2803 canonica
2493 2745 2795 2816 fratribus,
2810 2748 3591 2821 eorumqueauccessoribus

1945 2836 2005 2893 in
2026 2835 2311 2908 regularis
2336 2835 2463 2891 vita
2481 2836 2848 2892 observantia
2870 2836 3348 2909 permansurisin
3379 2854 3584 2912 perpe-

1945 2929 2135 2980 tuum.

2020 3014 2129 3071 Pia
2160 3012 2478 3070 voluntatis
2510 3013 2751 3070 affectus
2784 3013 2976 3070 studio
3007 3014 3178 3071 debet
3208 3019 3593 3087 prosequente

1947 3102 2247 3175 compleri,
2282 3106 2347 3157 ut
2375 3101 2768 3158 ecclesiastica
2819 3102 3045 3159 utilitas
3076 3103 3404 3175 apostolica
3436 3102 3594 3159 sedis

186 3192 386 3249 fratris
407 3191 593 3247 nostri
623 3191 928 3247 Remensis
949 3192 1502 3266 archiepiscopi(25)
1520 3195 1832 3253 consilium
1864 3178 1906 3245 C
1947 3193 2139 3247 favore
2161 3190 2312 3247 vires
2334 3190 2581 3262 accipiat
2599 3196 2656 3246 et
2687 3196 2999 3246 accrescat.
3028 3191 3275 3246 Proinde
3320 3190 3595 3263 religiosa

185 3280 539 3347 conciscere,
564 3280 706 3352 quia
752 3279 811 3334 in
867 3282 993 3350 ejus
1025 3297 1201 3336 manu
1255 3282 1604 3339 familiarius
1659 3301 1838 3341 causa

182 3369 336 3444 regis
367 3373 654 3425 versatur.
687 3368 811 3425 Tua
840 3386 971 3425 vero
1012 3370 1341 3426 interererit
1368 3372 1489 3427 sive
1518 3388 1651 3428 cum
1684 3374 1833 3444 ejus,

183 3459 303 3514 sive
324 3458 454 3514 sine
482 3457 613 3529 ejus
652 3456 915 3525 consilio,
936 3461 1110 3529 prout
1138 3457 1244 3512 tibi
1268 3474 1301 3513 a
1334 3459 1575 3514 Domino
1608 3464 1833 3532 copiam

184 3546 511 3602 ministrari
534 3545 923 3616 conspexeris,
949 3545 1221 3616 injuncta
1245 3544 1552 3620 legationis
1573 3547 1833 3604 officium

183 3651 473 3702 exercere,
505 3640 563 3690 et
618 3632 973 3708 pullulantes
1028 3634 1299 3689 vitiorum
1348 3634 1619 3706 palmites
1651 3636 1833 3692 divini

180 3723 343 3778 verbi
379 3722 521 3779 falce
561 3722 835 3778 recidere.
862 3724 1021 3777 Inter
1041 3721 1427 3779 Viennensem
1446 3724 1833 3797 archiepisco-

180 3830 327 3885 pum
386 3813 738 3879 Guidonem,
769 3816 827 3866 et
857 3810 1462 3883 Gratianopolitanum
1492 3813 1833 3885 episcopum

178 3906 489 3974 Hugonem
516 3900 658 3973 quid
680 3917 872 3956 rerum
898 3900 1291 3972 sit,sagacitas
1304 3903 1404 3955 tua
1427 3900 1595 3975 longe
1621 3901 1833 3959 melius

182 3992 339 4047 intra
379 3989 742 4063 provinciam
786 3988 1138 4061 investigare
1169 3989 1463 4060 pravalet,
1498 4006 1675 4062 quam
1727 4007 1832 4047 nos

178 4080 283 4152 qui
329 4084 453 4135 tam
510 4078 702 4151 longis
760 4082 1047 4133 terrarum
1080 4078 1289 4149 spatiis
1329 4083 1633 4134 absumus.
1667 4081 1831 4145 Quod

176 4168 362 4241 igitur
378 4167 450 4223 de
470 4167 674 4223 eodem
696 4167 927 4239 negotio
968 4170 1067 4222 tua
1106 4167 1439 4223 fraternitas
1469 4169 1692 4235 statuit,
1725 4186 1831 4226 nos

172 4257 252 4313 de
271 4264 385 4312 tua
402 4256 652 4329 justitia
685 4255 1015 4329 integritate
1060 4256 1249 4311 securi
1282 4262 1480 4312 nostra
1512 4258 1831 4315 assertione

176 4345 587 4401 firmamus.Si
611 4360 761 4416 quas
808 4360 941 4400 vero
968 4349 1179 4400 nostra
1209 4345 1575 4401 auctoritatis
1605 4345 1830 4404 litteras

175 4433 533 4491 Viennensis
572 4433 869 4503 objecerit,
890 4449 1064 4490 nosse
1108 4449 1215 4488 nos
1245 4432 1514 4490 volumus
1554 4435 1693 4507 quia
1723 4424 1829 4492 nos

177 4522 326 4579 nihil
349 4523 465 4596 ipsi
488 4527 590 4579 aut
613 4520 876 4577 Ecclesia
914 4520 1232 4577 Viennensi
1255 4522 1677 4590 concessimus,
1712 4524 1822 4581 nisi
1856 4548 1903 4614 Ι)

178 4613 334 4684 quod
348 4613 515 4684 juste
535 4610 823 4666 hactenus
845 4610 1177 4681 possedisse
1190 4610 1580 4682 cognoscitur,
1594 4611 1826 4669 etiamsi

174 4699 735 4773 persubreptionem
757 4699 919 4764 forte,
936 4699 1092 4770 quod
1124 4698 1299 4768 absit,
1319 4698 1537 4771 aliquid
1565 4700 1829 4756 videatur

172 4794 463 4845 extortum
490 4806 505 4857 ;
537 4805 648 4844 sua
676 4787 835 4843 enim
885 4787 1095 4859 cuique
1124 4786 1395 4843 volumus
1420 4788 1560 4858 jura
1591 4790 1825 4845 servari.

172 4879 259 4933 Tu
281 4879 435 4934 hanc
461 4893 667 4934 eorum
692 4876 1111 4932 dissentioncm
1129 4882 1348 4949 quanto
1385 4877 1560 4933 citius
1589 4879 1827 4951 poteris,

171 4967 485 5039 adjuvante
513 4964 786 5033 Domino,
805 4964 995 5037 sopire
1011 4981 1282 5037 procura.
1304 4967 1363 5020 In
1393 4964 1486 5022 his
1518 4970 1576 5022 et
1606 4966 1664 5021 in
1697 4966 1830 5022 aliis

173 5073 300 5128 qua
322 5055 425 5111 Dei
458 5057 623 5120 sunt,
645 5053 705 5108 in
735 5059 1008 5125 promptu
1032 5052 1249 5110 habeas
1285 5059 1341 5110 te
1366 5054 1467 5111 Dei
1491 5055 1829 5111 ministrum

171 5144 387 5218 spiritu
420 5142 854 5200 ferventissimo
878 5141 1167 5198 exhibere.
1202 5143 1475 5198 Orantem
1522 5160 1626 5216 pro
1660 5143 1830 5201 nobis

172 5233 549 5289 sanctitatem
583 5233 746 5286 tuam
778 5230 970 5303 gratia
992 5230 1189 5287 divina
1218 5233 1532 5290 custcdiat.

242 5322 388 5379 Data
416 5323 619 5379 Roma
650 5337 766 5375 xvn
792 5310 915 5376 Kal.
943 5319 1128 5376 Junii.

1944 3285 2077 3335 vota
2105 3284 2295 3334 vestra
2323 3277 2665 3351 accipimus,
2688 3282 2747 3334 et
2776 3278 2960 3351 aquis
2987 3279 3369 3350 petitionibus
3403 3278 3593 3334 liben-

1945 3374 2034 3424 ter
2063 3368 2435 3439 impertimur
2462 3354 2797 3435 assensum,
2829 3373 2895 3422 ut
2924 3367 3216 3423 canonica
3256 3367 3386 3423 vita
3438 3366 3593 3423 ordi-

1945 3474 2100 3524 nem,
2126 3472 2300 3529 quam
2329 3455 2575 3528 professi
2604 3455 2772 3523 estis,
2795 3455 3156 3512 auctoritatis
3177 3459 3388 3511 nostra
3411 3455 3594 3527 privi-

1944 3545 2094 3619 legio
2116 3545 2474 3601 muniamus.
2499 3544 2772 3600 Prasenti
2801 3544 2981 3618 igitur
3009 3545 3240 3602 decreto
3270 3544 3591 3601 statuimus

1944 3642 2009 3690 ut
2041 3634 2260 3689 nemini
2286 3633 2603 3689 viventium
2654 3633 2825 3689 liceat
2879 3650 2978 3689 vos
3011 3640 3068 3690 et
3101 3650 3468 3691 successores
3498 3649 3592 3690 ve-

1943 3729 2094 3779 stros
2119 3724 2293 3779 avita
2316 3722 2607 3778 canonica
2632 3719 3046 3778 communione
3074 3723 3420 3790 distrahere,
3447 3738 3591 3778 neve

1943 3812 2117 3868 alicui
2140 3817 2395 3869 vestrum
2424 3816 2556 3884 post
2577 3812 2996 3884 professionem
3022 3812 3272 3867 liberum
3300 3811 3378 3866 sit
3401 3829 3436 3867 a
3463 3827 3595 3868 con-

1941 3901 2279 3975 gregatione
2297 3901 2593 3956 discedere
2615 3905 2671 3955 et
2690 3901 2913 3956 latioris
2934 3901 3037 3956 via
3053 3905 3345 3973 prarupta
3359 3900 3588 3958 sectari.

1918 3990 2332 4054 Quamobrem
2367 3990 2736 4045 decernimus
2768 3993 2851 4056 ut,
2880 3989 2928 4045 si
2959 4007 3028 4046 ex
3056 3989 3218 4046 vobis
3249 3988 3594 4063 quispiama

1944 4079 2244 4152 proposito
2275 4078 2647 4149 aberraverit,
2674 4079 2745 4134 ad
2779 4079 3190 4151 corrigendum
3220 4095 3380 4145 eum,
3414 4084 3471 4134 et
3501 4094 3593 4134 se-

1940 4169 2202 4223 cundum
2252 4167 2622 4240 disciplinam
2656 4167 2866 4240 regula
2899 4168 3308 4236 coercendum,
3341 4167 3470 4235 tibi,
3502 4166 3593 4225 vel

1940 4256 2380 4313 successoribus
2412 4255 2552 4323 tuis,
2580 4261 2638 4313 et
2667 4257 3028 4329 cateris,qui
3057 4256 3415 4328 prafuerint,
3432 4256 3594 4313 nulla

1937 4346 2146 4402 debeat
2175 4362 2425 4418 persona
2453 4345 2757 4403 obsistere.
2787 4345 3050 4401 Obeunte
3108 4350 3187 4414 te,
3222 4344 3311 4400 vel
3368 4345 3590 4402 cateris

1938 4434 2226 4490 canonica
2249 4440 2450 4490 vestra
2474 4433 3031 4501 rectoribus,nullus
3054 4433 3134 4489 ibi
3168 4432 3431 4505 qualibet
3444 4434 3587 4490 sub-

1938 4522 2219 4595 reptionis
2269 4522 2503 4589 astutia,
2547 4521 2632 4577 vel
2691 4521 2965 4578 violentia
3017 4525 3410 4595 praponatur,
3471 4520 3589 4577 nisi

1937 4627 2111 4683 quem
2136 4610 2430 4684 regulares
2460 4611 2667 4666 fratres
2689 4614 3013 4667 secundum
3048 4611 3149 4667 Dei
3176 4611 3473 4678 timorem,
3494 4609 3586 4665 vel

1936 4700 2007 4756 de
2036 4699 2181 4768 suis,
2215 4699 2264 4755 si
2292 4699 2469 4756 talem
2502 4700 2656 4755 inter
2676 4717 2738 4756 se
2768 4701 3109 4773 repererint,
3140 4698 3228 4755 vel
3260 4700 3331 4755 de
3352 4698 3586 4767 alienis,

1938 4789 1986 4845 si
2019 4789 2357 4861 oportuerit,
2382 4804 2516 4843 cum
2547 4789 2791 4844 consilio
2834 4788 3113 4861 episcopi,
3147 4787 3249 4860 qui
3306 4788 3586 4845 canonice

1936 4877 2175 4944 electus,
2191 4882 2249 4933 et
2271 4894 2371 4949 per
2392 4877 2714 4933 Romanam
2731 4876 2907 4933 fuerit
2926 4877 3242 4933 Ecclesiam
3256 4876 3585 4951 ordinatus,

1935 4966 2233 5038 elegerint.
2267 4967 2402 5031 Qua
2432 4966 2631 5022 omnia
2664 4977 2726 5022 ut
2756 4965 3081 5039 opitulante
3116 4965 3358 5022 Domino
3410 4966 3582 5022 ﬁrma

1937 5071 2187 5127 semper,
2219 5059 2277 5110 et
2335 5053 2562 5111 illibata
2602 5059 3003 5128 permaneant,
3037 5055 3341 5128 prasentis
3370 5054 3586 5113 decreti

1938 5144 2286 5201 auctoritate
2315 5142 2637 5213 sancimus,
2669 5148 2734 5200 ut
2765 5142 2985 5201 nemini
3017 5145 3257 5202 omnino
3289 5144 3463 5201 liceat
3487 5161 3583 5200 ve-

1937 5239 2122 5293 stram
2155 5232 2496 5289 canonicam
2527 5237 2747 5288 temere
2776 5233 3139 5305 perturbare,
3177 5233 3265 5291 vel
3296 5236 3424 5306 ejus
3448 5250 3582 5304 pos-

1940 5322 2232 5380 sessiones
2291 5322 2541 5390 auferre,
2573 5322 2661 5378 vel
2720 5322 2947 5379 ablatas
2978 5324 3245 5391 retinere,
3297 5323 3581 5389 minuere,

165 5502 567 5665 Ροὶξὲἐέεται
608 5495 962 5576 Reynoldus,
979 5499 1079 5575 qui
1129 5514 1233 5575 pro
1273 5516 1392 5561 sua
1433 5501 1591 5560 sedis
1631 5500 1914 5580 dignitate
1942 5506 1998 5562 et
2025 5500 2278 5579 propriis
2304 5499 2549 5569 meritis,
2582 5499 2769 5561 multa
2798 5499 3139 5565 auctoritate
3190 5497 3347 5576 apud
3386 5509 3583 5577 regem
