3928 6208
404 268 511 328 391
1723 259 1791 325 Β.
1840 264 2041 326 URBA

2178 263 2226 327 ll
2271 265 2522 327 ΡΑΡΑΞ.
3664 269 3761 328 392

395 396 486 452 "vel
527 399 849 453 temerariis
898 396 1300 454 vexationibus
1340 400 1575 470 fatigare
1607 417 1618 462 ;
1655 399 1775 458 sed.
1812 403 1923 450 tam
1987 415 2046 450 ea
2084 403 2126 464 Α
2168 398 2388 451 [minime
2417 398 2834 454 lncarnationis
2861 399 3016 468 1094,
3042 397 3414 472 pontiﬁcatus
3431 400 3759 454 verodomini

404 505 530 560 quae
562 504 631 543 ex
661 488 1067 560 episcoporum
1091 487 1406 542 donatione
1437 503 1614 558 quam
1650 492 1706 541 et
1729 504 1795 541 ea
1826 504 1952 557 qua:
1982 503 2051 541 ex
2163 487 2380 542 Urbani
2407 488 2456 543 II
2478 503 2574 558 pp.
2611 487 2880 560 septimo.

404 581 893 650 quorumc‘unque
926 574 1186 631 ﬁdelium
1241 575 1632 630 oblationibus
1665 575 1836 630 hodie
1863 574 2048 646 possi-
2141 639 2146 642 τ
2857 576 3057 648 CXIX.

404 639 576 735 detis,
597 639 874 738 perpetuo
903 664 1068 720 vobis
1117 664 1344 736 integra
1373 669 1763 720 conservetur.
1798 639 1882 718 Ex-
1916 663 2049 734 qui-
2141 639 2369 722 'Urbani
2397 665 2446 720 ΙΙ
2471 663 2799 738 epistola‘ad
2826 645 3154 721 Durannum
3191 665 3551 738 Arvernorum
3589 666 3759 738 episco-

2225 752 2379 807 pum.
2439 735 2508 778 -ξ
2557 735 2776 791 Munda!
2845 740 2905 790 ut
2957 754 2987 790 a
3037 737 3316 792 canonicis
3352 735 3763 807 Bibliomensibus

2225 805 2536 933 ὶςαῗιοξιίαηι
2556 809 2617 862 Β.
2635 809 2776 879 Lupi
2802 809 3018 863 resumi
3045 807 3325 864 monachis
3355 805 3761 863 Cluniaceniibm

2219 895 2287 948 Ju
2325 894 2386 934 ea
2417 920 2428 932 .

404 755 516 811 bus
549 754 897 809 nominatim
930 753 1049 808 haec
1080 751 1442 824 designanda
1489 751 1785 806 duximus.
1815 751 2047 806 Plebem

403 844 474 899 de
503 843 734 898 Viliano
763 859 897 897 cum
929 841 1088 897 omni
1113 841 1520 906 decimatione,
1545 843 1600 895 et
1628 839 1858 912 plebem
1890 841 1960 895 de
1989 844 2044 894 S.

400 931 632 997 Quirico
655 930 944 997 similiter,
959 934 1017 986 et
1035 935 1270 985 caeteras
1307 928 1726 984 decimationes
1750 927 1867 984 sive
1895 927 2050 985 infra

402 1021 700 1076 civitatem
731 1020 851 1074 sive
883 1023 1043 1074 extra
1073 1017 1146 1073 ab
1176 1016 1465 1089 episcopis
1497 1016 1663 1072 vobis
1716 1033 2044 1084 concessas,

400 1113 736 1182 etquartam
761 1108 1080 1180 portionem
1104 1105 1488 1173 oblationum,
1509 1123 1656 1178 quas
1674 1105 1888 1161 litanias
1918 1107 2050 1162 offe-

401 1201 558 1266 runt,
587 1203 644 1254 et
672 1196 1086 1253 decimationes
1118 1196 1187 1250 de
1216 1194 1486 1266 Gropole,
1522 1198 1579 1250 et
1607 1194 1680 1250 de
1715 1194 1959 1259 Collina,
1991 1199 2049 1249 et

400 1287 703 1345 ecclesiam
729 1285 784 1339 S.
820 1284 993 1340 Blasii
1049 1300 1181 1339 cum
1215 1285 1387 1339 terris
1422 1283 1628 1356 positis
1661 1284 1718 1338 in
1780 1300 1934 1354 aqua
1962 1283 2046 1337 vi-

397 1369 546 1434 vola,
570 1373 627 1422 et
656 1367 714 1420 in
745 1365 1011 1431 Vi'rsano,
1043 1369 1100 1420 et
1129 1366 1186 1419 in
1222 1364 1569 1436 Falagrano,
1604 1369 1662 1418 et
1689 1364 1749 1418 in
1782 1364 2043 1432 Barzani,

395 1463 452 1513 et
481 1456 544 1511 in
561 1454 894 1516 Glandaria,
930 1454 1082 1509 sicut
1110 1470 1209 1509 eas
1259 1453 1422 1508 dedit
1451 1453 1731 1508 Girardus
1754 1453 1889 1507 ﬁliis
1940 1457 2044 1508 Ba—

397 1545 606 1601 conchi‘
635 1545 767 1615 (26),
801 1548 858 1598 et
889 1541 1186 1598 Ronaldus
1211 1559 1344 1596 cum
1378 1542 1615 1596 Davizzo
1645 1558 1856 1614 genero
1915 1559 2040 1596 suo.

398 1634 546 1690 Illud
579 1631 947 1703 etiam,quod
974 1631 1047 1685 ab
1069 1630 1359 1702 episcopis
1392 1630 1598 1686 vestris
1619 1635 1902 1686 statutum
1933 1635 2040 1698 est,

399 1728 610 1780 nostra
641 1719 1002 1776 auctoritatis
1060 1719 1385 1775 assertione
1417 1720 1744 1784 ﬁrmamus,
1771 1723 1834 1774 ut
1863 1720 1909 1774 si
1943 1718 2042 1791 qui

398 1828 468 1868 ex
491 1809 818 1866 ordinariis
838 1807 1063 1864 clericis
1096 1808 1288 1863 adhuc
1320 1807 1379 1862 in
1410 1809 1584 1864 domo
1610 1826 1719 1864 sua
1751 1809 2043 1863 manenti-

399 1903 510 1957 bus
540 1898 748 1955 saeculo
805 1897 1237 1969 emigraverint,
1273 1896 1555 1969 quidquid
1607 1914 1807 1953 eorum
1855 1896 2042 1952 ordini

400 1989 687 2062 pertinere
715 1987 962 2049 videtur,
981 1986 1038 2040 in
1065 2002 1241 2041 usum
1262 1987 1676 2042 canonicorum
1700 1985 2047 2057 regulariter

396 2077 714 2132 viventium
737 2075 1052 2147 redigatur,
1071 2091 1139 2129 ea
1161 2073 1438 2130 nimirum
1459 2074 1762 2146 diligentia
1790 2090 2044 2146 curaque

401 2165 684 2226 adhibita,
705 2179 775 2217 ne
789 2179 981 2217 rerum
1003 2162 1336 2236 augmentis
1350 2162 1407 2218 in
1422 2162 1747 2218 libertatem
1763 2162 1973 2229 carnis,
1989 2167 2046 2217 et

400 2253 660 2310 velamen
676 2251 908 2308 malitiae
922 2251 1272 2317 abutamini,
1298 2269 1368 2306 ne
1391 2268 1626 2324 quoquo
1649 2252 1822 2308 modo
1839 2266 1931 2307 res
1947 2269 2046 2306 au-

397 2360 552 2415 gere,
569 2345 624 2398 et
645 2343 892 2396 fratrum
912 2341 1175 2395 debeatis
1199 2357 1511 2395 numerum
1547 2341 1918 2409 imminuere;
1944 2340 2041 2394 sed

399 2436 598 2487 tantus
611 2431 1024 2486 canonicorum
1047 2445 1329 2485 numerus
1346 2435 1739 2499 conservetur,
1754 2434 2041 2499 quantum

2761 969 2950 1038 (Anno
2987 967 3174 1038 4094.)

2441 1057 2723 1127 [MABILL.,
2757 1057 2959 1111 Annal.
2993 1055 3217 1123 Bened.,
3249 1059 3317 1123 V,
3340 1054 3487 1126 336.]

2230 1144 2788 1217 URBANUSGpiSOOpU
2799 1159 3056 1213 s,servus
3071 1160 3368 1200 servorum
3383 1142 3479 1198 Dei
3487 1138 3759 1213 ,DUMNN‘O

2156 1234 2504 1290 charissimo
2525 1234 2691 1289 fratri
2715 1235 3102 1289 Arvernorum
3129 1233 3420 1305 episcopo,
3445 1229 3679 1288 salutem
3716 1234 3762 1286 et

2156 1323 2532 1396 apostolicam
2567 1323 3049 1379 benedictionem.

2223 1413 2513 1467 Adversus
2545 1411 2963 1467 fraternitatem
3013 1417 3176 1465 tuam
3201 1425 3305 1484 pro
3349 1407 3759 1466 Biliomensibus

2153 1500 2467 1567 canonicis,
2501 1501 2600 1572 qui
2636 1505 2745 1554 tuae
2805 1499 3046 1555 ditionis
3077 1499 3391 1568 habentur,
3422 1509 3532 1556 nun
3584 1493 3760 1568 exigas

2153 1589 2389 1660 querela
2401 1589 2681 1661 provenit.
2699 1589 2767 1643 Hi
2785 1587 3062 1643 nimirum
3092 1588 3247 1643 Beati
3281 1587 3421 1658 Lupi
3446 1582 3758 1654 caéno‘binm,

2155 1679 2308 1749 quod
2325 1678 2433 1732 sub
2451 1675 2852 1732 Cluniacensis
2867 1677 3259 1748 comobiijure
3272 1676 3473 1732 multis
3489 1676 3609 1746 jam
3632 1673 3760 1728 uim

2071 1765 2118 1830 B
2149 1770 2407 1820 nostram
2436 1765 2781 1821 memoriam
2804 1765 3165 1837 temporibus
3195 1767 3287 1820 est
3307 1762 3758 1829 retentum,in'va-

2153 1854 2314 1910 sione
2345 1855 2652 1920 horrenda,
2676 1857 2732 1909 et
2761 1852 3064 1909 catholicis
3085 1852 3330 1908 auribus
3366 1868 3478 1907 non
3533 1849 3757 1916 ferenda,

2152 1947 2353 1998 contra
2383 1959 2553 1998 omne
2601 1943 2703 2013 jus
2745 1946 2801 1996 et
2846 1941 2933 1996 fas
2992 1944 3367 2012 usurpantes,
3395 1939 3570 1995 altare
3597 1936 3758 2010 ipsius

2151 2031 2396 2086 camobii
2429 2031 2754 2096 dirue’runt,
2785 2028 3062 2101 reliquias
3092 2016 3241 2084 in‘eo
3267 2028 3510 2084 latentes
3539 2025 3760 2097 diripue-

2154 2124 2310 2185 runt,
2325 2119 2596 2191 quodque
2618 2118 2774 2173 dictu
2794 2123 2852 2174 et
2873 2119 3075 2174 auditu
3103 2118 3266 2173 nefas
3286 2123 3394 2184 est,
3415 2117 3606 2188 ipsum
3629 2113 3756 2186 quod

2154 2225 2330 2281 super
2360 2207 2540 2263 altare
2571 2208 2642 2262 ad
2667 2207 3035 2262 inﬁrmorum
3070 2223 3213 2262 usus
3237 2205 3556 2279 repositum
3597 2203 3759 2258 fuerat

2151 2315 2362 2370 corpus
2376 2293 2916 2368 Dominicum,ipsis
2934 2311 3110 2368 super
3124 2292 3461 2351 ccblestibus
3476 2289 3757 2349 virtutibus

2154 2386 2552 2451 reverendum,
2572 2384 2752 2440 humo
2784 2383 3119 2456 dispergere
3158 2383 3402 2439 minime
3432 2381 3753 2446 timuerunt;

399 2520 509 2576 loci
533 2519 708 2576 vestri
743 2517 988 2573 facultas
1020 2517 1139 2589 pati
1172 2535 1342 2590 posse
1372 2518 1680 2586 videbitur,
1716 2533 1787 2572 ne
1820 2518 2046 2590 religio-

400 2611 494 2666 nis
517 2609 573 2665 e't
598 2607 817 2664 servitii
841 2604 1019 2661 debiti
1051 2606 1465 2662 detrimentum
1490 2605 1748 2661 Ecclesia
1768 2605 2040 2678 patiatur.

398 2696 481 2755 Ad
506 2699 626 2753 haec
652 2695 966 2767 adjicimus
990 2697 1054 2749 ut
1073 2705 1435 2766 quacunque
1465 2693 1636 2749 hodie
1658 2699 1850 2750 vestra
1878 2712 2045 2751 cano-

402 2783 705 2856 nicajuste
727 2781 1006 2856 possidet,
1031 2782 1151 2837 sive
1183 2783 1239 2837 in
1273 2781 1533 2838 futurum
1560 2783 1721 2852 juste
1743 2788 1918 2854 atque
1949 2801 2042 2839 ca-

2153 2479 2210 2530 e‘t
2257 2479 2464 2529 caetera
2512 2479 2875 2540 ornamenta,
2909 2488 3260 2544 omnemque
3309 2469 3633 2528 monasterii
3676 2484 3756 2523 su-

2153 2561 2498 2636 pellectilem
2530 2562 2588 2616 in
2643 2577 2787 2617 usus
2845 2560 3110 2632 proprios
3165 2561 3620 2632 asportaverunt.
3650 2556 3755 2612 Haec

2153 2668 2329 2724 quam
2354 2667 2570 2723 gravm,
2606 2667 2781 2722 quam
2813 2649 3124 2716 horrenda,
3147 2663 3329 2720 quam
3361 2646 3648 2705 catholicis
3673 2661 3757 2701 au-

2153 2741 2315 2795 ribus
2346 2738 2740 2810 importabilia
2769 2738 3094 2807 videantur,
3130 2736 3510 2793 fraternitatis
3527 2738 3632 2790 tua!
3660 2749 3755 2788 non

2151 2829 2447 2886 credimus
2466 2827 2646 2884 latere
2668 2827 3059 2900 prudentiam.
3081 2827 3383 2892 Quomodo
3413 2821 3759 2899 igiturinnlta

401 2875 628 2944 nonice,
653 2871 1059 2944 episcoporum
1091 2872 1485 2938 concessione,
1517 2869 1860 2927 liberalitate
1892 2873 2046 2945 prin-

401 2964 620 3037 cipum,
642 2959 728 3016 vel
753 2958 1043 3015 oblatione
1066 2959 1324 3015 ﬁdelium
1349 2960 1559 3032 poterit
1577 2960 2038 3032 adipisci,vobis,

399 3047 727 3124 vestrisque
775 3048 1233 3116 successoribus,
1261 3049 1360 3121 qui
1411 3048 1469 3104 in
1517 3048 1717 3104 eadem
1766 3048 2042 3123 religione

402 3137 848 3214 permanSerint,
885 3137 1051 3192 ﬁrma
1082 3154 1310 3210 semper
1339 3142 1396 3192 et
1427 3135 1650 3192 illibata
1698 3138 2035 3209 persistant,
2068 3125 2110 3191 C

400 3220 623 3298 eorum,
644 3245 747 3300 pro
773 3224 1022 3299 quorum
1056 3225 1516 3282 substentatione
1547 3231 1601 3281 et.
1620 3228 2040 3298 gubernatione

401 3334 678 3376 concessa
708 3320 865 3382 sunt,
893 3315 1098 3370 usibus
1158 3311 1512 3371 omnimodis
1569 3315 1890 3388 profutura.
1923 3316 2040 3372 Vos

399 3396 597 3476 igitur,
613 3393 713 3472 ﬁlii
750 3405 807 3460 in
853 3399 1081 3460 Christo
1122 3405 1475 3473 charissimi,
1500 3410 1725 3476 oportet
1755 3405 2039 3476 regularis

397 3489 522 3554 vitae
546 3489 1014 3552 institutionibus
1035 3490 1345 3566 diligenter
1371 3493 1660 3562 insistere,
1692 3498 1748 3548 et
1777 3493 2037 3550 inomni-

399 3589 509 3644 bus
538 3580 867 3657 apostolicae
896 3583 1050 3638 sedis
1081 3583 1312 3640 decreta
1341 3582 1590 3648 servare,
1629 3588 1692 3637 ut
1724 3586 1854 3654 post
1907 3583 2035 3639 vitis

399 3669 702 3750 praesentis
724 3669 1026 3746 augustias
1057 3672 1379 3745 opitulante
1410 3672 1656 3728 Domino
1679 3669 1748 3726 ad
1773 3689 2035 3745 supernae

398 3751 726 3821 latitudinis
776 3761 1021 3835 gloriam
1082 3760 1422 3817 mereamini
1458 3761 1776 3831 pervenire.
1809 3765 1957 3817 Sane
1987 3761 2036 3817 si

399 3851 532 3926 quis
562 3854 620 3907 in
662 3850 984 3907 crastinum
1033 3849 1525 3922 archiepiscopus,
1559 3853 1660 3904 aut
1705 3849 2033 3922 episcopus,

401 3944 732 4016 imperator,
765 3943 866 3996 aut
925 3956 1042 4008 rex,
1078 3938 1357 4005 marcbio,
1420 3953 1634 4004 comes,
1694 3937 2034 4009 vicecomes,

391 4025 592 4102 judex’,
625 4027 726 4085 aut
754 4021 1056 4094 castaldio,
1091 4027 1191 4082 aut
1222 4043 1491 4100 persona,
1527 4025 1799 4097 qualibet
1825 4044 2038 4100 magna

396 4111 482 4177 vel
514 4137 709 4194 parva,
745 4117 923 4189 hujus
972 4114 1253 4190 privilegii
1313 4113 1585 4186 paginam
1619 4115 1808 4170 sciens
1838 4120 2038 4173 contra

396 4201 523 4265 eam
578 4205 798 4264 temere
846 4206 1040 4261 venire
1090 4204 1414 4272 tentaverit,
1448 4204 1702 4260 secundo
1752 4203 2037 4278 tertioque

397 4292 809 4364 cummonitus,
838 4294 888 4352 si
921 4311 1035 4350 non
1061 4292 1455 4350 satisfactione
1486 4309 1744 4366 congrua
1772 4295 2039 4351 emenda-

400 4386 559 4456 verit,
591 4384 896 4459 potestatis
927 4381 1282 4453 honorisque
1331 4380 1420 4436 sui
1482 4381 1765 4454 dignitate
1823 4381 2035 4450 careat,

398 4491 681 4547 reumque
697 4491 758 4529 se
781 4474 850 4528 de
872 4470 1303 4541 divinojudicio
1333 4469 1576 4525 existere
1606 4471 1678 4526 de
1708 4476 2038 4544 perpetrata

401 4561 684 4636 inquitate
717 4564 1049 4634 cognoscat,
1085 4551 1259 4630 atque
1290 4575 1322 4613 a
1353 4558 1752 4615 sacratissimo
1796 4577 2034 4632 corpore

2150 2920 2270 2974 haec
2293 2917 2411 2990 pati
2433 2916 2763 2973 sollicitudo
2805 2921 2907 2970 tua
2954 2919 3196 2988 poterat,
3227 2932 3345 2971 non
3379 2914 3692 2976 minimum,
3718 2909 3757 2965 si

2151 3007 2232 3062 ita
2263 3023 2324 3062 se
2355 3007 2434 3062 rei
2467 3005 2683 3061 veritas
2714 3005 2944 3072 habeat,
2978 3004 3362 3060 admiramur.
3395 3000 3754 3059 Praesentibus

2149 3113 2284 3168 ergo
2305 3094 2516 3150 litteris
2535 3094 2710 3150 ofﬁcii
2733 3094 2818 3149 tui
2843 3093 3104 3148 debitum
3127 3092 3534 3158 admonemus,
3556 3095 3618 3145 ut
3635 3104 3756 3162 pris-

2149 3185 2371 3240 dictum
2401 3183 2616 3252 locum,
2641 3187 2698 3239 et
2733 3199 2802 3238 ex
2828 3199 2894 3238 eo
2933 3183 3160 3254 direpta
3190 3180 3468 3238 utensilia
3495 3178 3755 3242 universa,

2145 3273 2672 3330 Celsiniacensibus
2691 3271 2918 3328 restitui
2944 3271 3152 3327 facias:
3173 3271 3392 3342 quibus
3415 3266 3753 3330 reinvestitis,

2147 3362 2196 3417 si
2228 3377 2404 3434 quam
2437 3361 2494 3415 in
2520 3360 2646 3416 loco
2669 3359 2768 3415 illo
2791 3359 3083 3430 justitiam
3116 3376 3177 3414 se
3203 3358 3482 3415 habuisse
3523 3351 3755 3413 canonici

2147 3449 2528 3505 Biliomenses
2541 3449 3031 3516 conﬁtentur,tem
3041 3464 3177 3520 pore
3197 3441 3758 3520 congrua‘cumCeisi-

2145 3538 2521 3594 niacensibus
2549 3536 2852 3593 monachis
2872 3541 3073 3592 nostro
3107 3555 3168 3592 se
3197 3535 3533 3609 conspectui
3575 3547 3755 3605 repra-

2145 3628 2396 3683 sentent.
2429 3625 2488 3681 Si
2519 3629 2712 3681 autem
2749 3627 2956 3680 nostra:
2980 3623 3119 3679 huic
3134 3623 3757 3696 jussioniBiliemenses

2143 3714 2407 3770 canonici
2421 3713 2656 3769 obedire
2670 3713 3147 3784 contempserint,
3166 3711 3514 3768 divinumiis
3530 3709 3757 3766 Ofﬁcium

2143 3803 2492 3867 interdicito,
2508 3803 2892 3874 quoadusque
2923 3802 3358 3874 resipiscentes,
3378 3793 3757 3859 Celsiniacensi

2144 3891 2454 3966 praeposito
2484 3893 2539 3946 et
2569 3890 2845 3946 fratribus
2877 3907 3003 3962 qua:
3051 3890 3422 3962 diripuerunt
3453 3887 3754 3945 restituant.

2144 3981 2305 4047 Quod
2321 3981 2368 4036 si
2383 3978 2730 4052 episcopalis
2741 3997 2811 4034 au
2821 3977 3128 4050 ctoritatisj
3140 3979 3397 4033 udicium
3412 3973 3757 4050 neglexerint,

2145 4073 2344 4127 nostra
2369 4085 2430 4124 se
2451 4085 2484 4124 a
2505 4067 2719 4124 divinis
2735 4067 2944 4123 ofﬁciis
2968 4067 3311 4123 auctoritate
3326 4066 3585 4122 noverint
3599 4065 3753 4119 inter-

2145 4159 2350 4223 dictos,
2370 4161 2436 4212 ut
2455 4173 2558 4212 nec
2581 4156 2692 4228 ipsi
2715 4155 2967 4228 uspiam,
2991 4172 3096 4211 nec
3117 4155 3215 4210 alii
3236 4156 3295 4210 in
3330 4148 3760 4211 carumeccle'sia

2143 4247 2201 4303 id
2232 4246 2501 4302 exhibere
2540 4249 2918 4317 praesumant,
2953 4244 3336 4316 quoadusque
3394 4244 3515 4300 huic
3543 4258 3576 4298 a
3612 4236 3758 4296 nobis

2144 4339 2430 4409 precepta
2458 4333 2778 4408 perﬁciant.

2065 4492 2113 4557 Ῑ)
2147 4513 2352 4570 Urbani
2371 4513 2422 4568 ΙΙ
2438 4513 2663 4584 epistola
2692 4511 2761 4584 ad
2779 4511 3155 4584 Guillelmum,
3169 4513 3424 4584 comitem
3441 4508 3752 4584 Tolosanum.

2212 4615 2282 4625 —
2308 4578 2478 4639 Illa-ni
2501 4582 2567 4638 de
2587 4583 2829 4654 expulsis
2849 4583 3132 4639 abbatibus
3161 4583 3523 4639 Moissiacensi
3548 4588 3597 4635 et
3619 4578 3756 4632 Lexa-

397 4660 450 4707 ct
474 4649 758 4725 sanguine
791 4647 888 4705 Dei
914 4647 971 4704 et
1004 4647 1230 4702 Domini
1261 4646 1662 4719 Redemptoris
1694 4650 2032 4706 nostriJesu

397 4740 607 4796 Christi
641 4735 866 4794 alienus
900 4735 1019 4805 ﬁat,
1043 4739 1098 4790 et
1115 4735 1174 4789 in
1193 4740 1448 4791 extremo
1470 4735 1732 4794 examine
1756 4737 2035 4795 districtus

403 4827 602 4884 ultioni
640 4824 959 4898 subjaceat.
995 4823 1232 4879 Cunctis
1262 4831 1454 4880 autem
1487 4827 1674 4882 eidem
1706 4827 1829 4883 loco
1845 4829 2033 4899 juxta,

384 4911 766 4972 servantibus
805 4911 880 4968 sit
940 4930 1048 4985 pax
1086 4913 1306 4969 Domini
1358 4914 1537 4970 nostri
1599 4915 1740 4971 Jesu
1798 4917 2035 4985 Christi,

403 4999 694 5076 quatenus
725 5008 781 5057 et
813 5000 906 5056 hic
937 5001 1186 5056 fructum
1209 5003 1368 5059 bona:
1415 5004 1662 5060 actionis
1694 5006 2034 5078 percipiant,

2216 4657 2357 4711 tensi
2385 4655 2659 4727 objurgat.

2643 4742 2829 4814 (Circa
2860 4759 3081 4799 annum
3114 4742 3295 4814 1094.)

2393 4832 2624 4903 [ΒΑιυΖ.
2657 4831 2875 4887 Misce“.
2907 4830 3045 4887 edit.
3081 4832 3242 4900 Luc.,
3275 4830 3350 4901 II,
3385 4827 3529 4898 181.]
3735 4901 3738 4903 ἓ

2221 4919 2490 4977 URBANUS
2522 4921 2852 4994 episcopus,
2886 4937 3086 4976 servus
3119 4936 3419 4984 servorum
3463 4915 3581 4973 Dei.
3611 4903 3762 4968 Gen.-

2148 5026 2351 5076 LELMO,
2385 5009 2586 5087 comiti
2632 5009 2941 5079 Tolosano,
3004 5007 3254 5065 salutem
3305 5012 3363 5064 et
3409 4997 3759 5079 apostolicam

2150 5096 2635 5154 benedictionem.
3572 5170 3575 5172 _
3749 5163 3752 5167 ι

2223 5186 2407 5258 Super
2430 5184 2711 5259 religione
2757 5191 2813 5242 et
2841 5185 3224 5260 eleemosynis
3261 5202 3408 5258 quas
3437 5199 3570 5256 erga
3598 5183 3756 5234 Deum

2152 5277 2208 5329 et
2237 5275 2366 5346 ejus
2426 5274 2675 5331 famulos
2731 5276 2941 5332 diceris
2971 5275 3240 5332 exhibere
3279 5273 3530 5330 maximo
3567 5263 3755 5343 gaudio

2151 5361 2533 5434 exsultamus,
2563 5364 2845 5420 maximas
2901 5364 3131 5438 agimus
3161 5350 3409 5419 laetitias.
3445 5362 3541 5417 Est
3585 5358 3756 5414 autem

404 5099 459 5148 et
489 5086 641 5164 apud
683 5089 1012 5146 districtum
1037 5089 1296 5162 judicem
1331 5091 1566 5165 prmmia
1596 5091 1819 5149 aeternae
1880 5095 2040 5166 pacis

406 5171 721 5236 inveniant.
755 5178 958 5248 Amen,
993 5177 1190 5249 amen,
1218 5179 1410 5236 amen.

477 5269 687 5324 Datum
707 5265 984 5324 Pistoriae.
1006 5268 1112 5324 Per
1132 5286 1370 5326 manum
1389 5271 1634 5326 Joannis
1655 5275 1710 5326 S.
1745 5270 1812 5325 R.
1849 5271 2041 5328 Eccle-

405 5358 500 5412 size
522 5356 671 5413 diac.
697 5352 876 5425 card,
905 5359 998 5414 xiv
1027 5357 1328 5428 Kal.Jan.,
1364 5358 1564 5414 indict.
1610 5373 1696 5426 in,
1730 5375 1884 5415 anno
1931 5359 2041 5416 Do-

474 5525 585 5616 (26)
619 5516 784 5594 Forte
832 5537 1096 5604 Baconii;
1121 5537 1310 5596 sancti
1369 5531 1586 5615 quippe
1619 5533 1852 5597 Baconti
1885 5541 2038 5617 apud
2072 5528 2457 5601 Pistorienes
2491 5542 2718 5603 celebre
2749 5549 2984 5604 nomen.
