3928 6208
335 381 472 442 ’393

1652 378 1719 442 Β.
1765 369 2063 442 URBANI
2107 369 2164 434 ll
2205 370 2458 436 PAPIE.

3631 367 3743 432 396

424 517 666 588 Semper
681 512 2000 587 recordantes,quiain[forteetjconsccrationc
2027 507 2084 574 Α
2114 523 2213 562 vos
2247 507 2507 563 Ecclesim
2539 508 2758 573 hostes,
2785 504 2994 562 validis
3041 503 3348 560 verborum
3391 501 3607 574 jaculis
3645 503 3741 560 im-

351 597 617 667 ejusdem
649 594 990 652 monasterii
1023 597 1318 660 abbatem,
1350 601 1407 650 et
1439 595 1631 666 ipsum
1682 593 1740 648 in
1791 608 2004 648 manus

353 689 577 740 vestras
610 684 940 758 specialiter
961 681 1522 739 commendavimus.
1545 682 1742 753 Itaque
1763 697 1794 736 e
1815 681 2004 754 priore

355 773 889 838 commendatione,
921 777 978 828 et
1009 771 1221 828 harum
1253 771 1577 827 litterarum
1617 769 1886 841 jussione
1933 771 2005 825 ab

355 863 632 918 omnibus
661 861 1085 918 monasterium
1104 863 1392 926 nostrum,
1417 865 1474 915 et
1496 859 1782 931 praecipue
1803 876 1838 914 a
1871 859 2004 914 (‘mf-

355 951 539 1022 fredo,
568 950 752 1007 Amici
784 949 1014 1007 comitis
1047 949 1183 1015 ﬁlio,
1216 947 1370 1004 sicut
1400 947 1600 1004 ﬁdeles
1631 947 1692 1003 Β.
1727 947 1875 1002 Petri
1912 947 2008 1001 de-

358 1039 596 1096 fendite.
620 1039 725 1104 Qui
749 1038 966 1105 abbati,
990 1039 1168 1093 etiam
1191 1053 1294 1108 pro
1317 1036 1654 1093 defensione
1678 1053 1794 1091 sua».
1809 1051 2004 1090 rerum

356 1127 623 1185 Ecclesiae
652 1131 848 1200 partes
895 1125 1221 1182 maritimas
1259 1123 1597 1192 conterenti,
1649 1125 2010 1196 constipatus

357 1215 684 1272 latronibus
713 1231 842 1270 sese
871 1213 1100 1270 obviam
1129 1213 1408 1270 contulit:
1444 1218 1619 1285 atque
1665 1214 1738 1268 ab
1785 1229 1851 1268 eo
1899 1214 2009 1268 sub

359 1309 515 1360 recto
545 1305 704 1376 [forte
733 1303 1012 1375 subrepto
1032 1301 1286 1375 pretioso
1319 1302 1618 1374 privilegio
1652 1306 1870 1367 nostro,
1915 1317 2013 1356 ve-

359 1393 496 1450 stris
527 1391 1058 1465 supplicationibus
1087 1391 1428 1459 constituto,
1477 1395 1533 1446 et
1581 1389 1712 1445 aliis
1756 1389 2014 1461 scriptis,

359 1481 547 1554 spolia
561 1483 690 1552 ejus
711 1479 1015 1553 diripiens,
1032 1496 1164 1534 cum
1185 1479 1310 1534 suis
1329 1479 1722 1534 conl'ratribus
1736 1479 2010 1534 satiatum

360 1569 691 1642 opprobriis
723 1583 857 1624 eum
889 1567 1143 1640 peditem
1167 1565 1478 1638 dereliquit
1499 1583 1512 1620 :
1531 1583 1594 1621 ac
1618 1565 1752 1622 inde
1771 1583 2015 1638 quaeque

351 1659 482 1732 jam
514 1673 548 1712 a
575 1662 738 1728 patre
768 1673 874 1712 suo
907 1656 1118 1711 comite
1164 1654 1352 1710 eidem
1403 1653 1754 1710 monasterio
1807 1655 2012 1709 debitae

363 1745 808 1800 restaurationis
838 1744 1031 1816 gratia
1060 1743 1406 1810 condonata,
1430 1743 1499 1797 ad
1523 1759 1662 1798 suas
1685 1759 1896 1797 manus
1918 1759 2014 1797 sa-

363 1835 612 1906 crilegas
642 1833 907 1904 nequiter
938 1833 1242 1888 revocavit.
1278 1832 1442 1894 Quod
1477 1831 1529 1885 si
1563 1831 1929 1903 privilegium
1960 1835 2017 1887 et

365 1939 610 1995 quisque
640 1922 868 1994 direpta
897 1920 1215 1992 sacrilegus
1246 1919 1342 1974 ille
1375 1920 1628 1975 renuerit
1657 1921 1912 1986 reddere,
1959 1924 2016 1974 et

364 2011 678 2069 abbatibus
699 2027 764 2066 ac
788 2009 1066 2066 fratribus
1085 2008 1430 2082 dignissime
1453 2007 2012 2080 satisfacere,przcci-

363 2101 564 2180 pimus
593 2105 658 2156 ut
695 2098 936 2172 cogatis.
985 2097 1256 2169 Alioquin
1305 2097 1428 2169 ipse
1478 2103 1535 2152 et
1583 2097 1838 2152 fautores
1885 2097 2016 2169 ejus

369 2187 728 2246 anathemati
759 2187 1102 2244 subdentur.

1079 2292 1294 2348 CXXV.

370 2385 613 2457 Epistula
645 2384 855 2457 Urbani
881 2384 933 2457 I_I
957 2381 1028 2457 ad
1049 2383 1432 2457 Rei-iugerum
1477 2383 1722 2457 abbatem
1770 2381 1848 2457 ᾇ-
1878 2382 2018 2436 Lau-

347 2475 352 2480 ’
411 2454 610 2511 ’νθηεὶἱ
637 2454 965 2518 Leodiensis,
995 2455 1432 2509 Simoniacorum
1477 2461 1528 2508 ct
1585 2454 2018 2509 Wibertistarum

440 2528 836 2592 insectatorem,
885 2525 953 2580 ab
1003 2525 1296 2595 "[einrico]
1348 2525 1674 2594 imperatore
1719 2532 1769 2579 et
1828 2523 2016 2580 Oberlo

437 2599 687 2668 episcopo
715 2597 1028 2668 expulsum.

822 2701 1002 2770 (Intra
1030 2717 1250 2756 annum
1277 2700 1562 2770 1094-95.)
1646 2766 1657 2772 _

799 2789 1033 2860 [Mausn
1062 2789 1267 2844 Concil.
1295 2793 1418 2859 XX,
1439 2789 1590 2860 9l5.]

441 2895 721 2952 Unnxuus
747 2894 1055 2968 cpiscopus
1075 2911 1279 2952 servus
1309 2913 1610 2951 servorum
1644 2895 1763 2961 Dei,
1805 2895 2016 2952 dilecto

372 2986 432 3040 in
462 2984 690 3040 Christo
717 2983 886 3040 fratri
917 2983 1248 3039 Bnnmoeno
1277 2984 1390 3056 (28)
1421 2984 1615 3040 abbati
1665 2985 1915 3040 salutem
1959 2989 2018 3042 et

371 3071 750 3146 apostolicam
782 3071 1266 3128 benedictionem.

437 3161 668 3217 Gratias
697 3161 930 3233 agimus
960 3160 1075 3216 Deo
1106 3176 1210 3232 pro
1241 3159 1405 3216 vobis
1435 3159 1493 3215 in
1525 3160 1715 3232 gratia
1746 3161 1847 3216 Dei
1886 3178 2014 3234 qua:

2114 600 2328 668 petere.
2357 601 2414 652 et
2438 601 2744 652 nutantem
2774 593 3015 650 rationis
3057 609 3260 650 eorum
3309 609 3547 648 murum
3583 592 3743 649 ariete

2065 674 2068 678 ’
2113 684 2247 739 ﬁdei
2281 684 2534 758 pulsare,
2567 692 2626 741 et
2654 683 2905 740 athletas
2933 681 3056 750 Dei,
3080 681 3182 754 qui
3203 681 3262 736 in
3280 680 3400 737 acie
3419 679 3744 738 Christiana

2115 772 2414 844 religionis
2443 773 2792 842 defecerant,
2825 771 3170 827 contortam.
3215 769 3382 824 Nunc
3424 784 3564 842 ergo
3600 767 3749 824 devo-

2116 863 2331 917 tionem
2362 866 2613 917 vestram
2647 861 2832 934 pietas
2853 859 3050 915 divina
3091 857 3362 930 inspexit,
3425 863 3485 912 et
3527 856 3745 913 tandem

2117 951 2398 1019 maiestas
2427 950 2656 1006 excelsa
2685 949 2964 1022 dignatur
2993 951 3059 1003 ut
3088 963 3192 1020 pro
3217 962 3284 1002 eo
3317 943 3640 1018 patiamini,
3660 945 3748 1018 qui

2120 1055 2221 1110 pro
2251 1043 2442 1093 vestra
2471 1037 2656 1110 gloria
2686 1037 2878 1092 crucis
2908 1034 3296 1109 ignominiam
3331 1035 3484 1090 ferre
3499 1051 3613 1090 non
3632 1051 3747 1090 cru-

2119 1127 2266 1182 buit.
2299 1126 2442 1182 Huic
2467 1131 2629 1182 tanto
2659 1125 2910 1182 cmlestis
2941 1124 3138 1198 gratia:
3159 1123 3442 1180 beneﬁcio
3461 1123 3750 1195 prudentia

2119 1219 2313 1272 vestra
2343 1217 2513 1272 debet
2541 1215 2894 1287 respondere
2920 1213 3164 1286 aliquid,
3197 1217 3255 1268 et
3295 1210 3481 1269 calice
3528 1209 3750 1268 salutari

2122 1310 2420 1377 gratanter
2449 1307 2682 1376 accepto
2711 1303 2958 1375 gloriam
2987 1305 3045 1358 et
3074 1302 3358 1358 honorem
3387 1301 3585 1357 aeterni
3615 1302 3751 1375 regis

2122 1409 2399 1466 quaerere,
2433 1397 2490 1448 et
2520 1393 2579 1448 in
2610 1391 2771 1448 omni
2797 1392 2926 1448 vita:
2953 1395 3158 1448 vestra:
3187 1393 3346 1447 statu
3377 1405 3594 1446 nomen
3617 1391 3750 1462 ejus,

2122 1482 2218 1552 qui
2269 1481 2434 1535 vobis
2481 1480 2689 1536 tribuit
2737 1479 3124 1546 intellectum,
3169 1477 3463 1544 invocare,
3517 1479 3752 1546 laudare,

2121 1571 2463 1626 benedicere
2494 1574 2552 1626 et
2580 1569 2976 1642 magniﬁcare.
3013 1569 3126 1624 Nec
3157 1567 3375 1624 damna
3406 1582 3602 1624 rerum
3627 1571 3752 1623 tem-

2123 1658 2410 1731 poralium
2441 1676 2542 1714 vos
2571 1659 2786 1714 debent
2816 1673 3062 1722 movere,
3099 1671 3288 1728 neque
3319 1656 3482 1728 quod
3513 1654 3581 1711 Η.
3612 1656 3750 1726 (58l',
3853 1693 3855 1742 ἦ

2125 1748 2298 1802 homo
2360 1747 2702 1802 Christiana:
2770 1745 2929 1819 pacis
2996 1761 3228 1801 eversor
3274 1748 3333 1800 et
3401 1743 3754 1800 ecclesiarum

2123 1835 2442 1908 sacrilegus
2466 1835 2747 1900 venditor,
2777 1833 3020 1890 Romani
3042 1834 3270 1906 imperii
3289 1834 3637 1900 destructor,
3655 1832 3753 1888 has-

2125 1926 2434 1979 reticorum
2456 1931 2658 1979 auctor
2682 1929 2738 1978 et
2761 1923 3048 1990 defensor,
3071 1939 3172 1976 vos
3195 1922 3266 1976 de
3289 1920 3552 1976 Ecclesia
3589 1927 3755 1977 vestra

2124 2030 2228 2086 per
2255 2012 2562 2069 satellitem
2615 2028 2788 2068 suum
2832 2011 3110 2066 Obertum
3159 2009 3272 2082 (29)
3313 2009 3652 2082 episcopum
3671 2023 3754 2066 ex.

2125 2102 2294 2174 pulit,
2341 2118 2560 2156 curare.
2615 2101 2760 2156 Nam
2805 2100 2855 2154 si
2915 2098 3410 2156 Patremfamilias
3463 2097 3752 2154 Beelzebub

2125 2190 2408 2246 invocavit
2439 2191 2591 2261 {leg.,
2624 2189 2887 2260 vocavit],
2920 2192 3139 2261 quanto
3183 2187 3376 2261 magis
3426 2187 3754 2246 domesticos

2125 2280 2301 2350 ejus?
2329 2302 2356 2329 ››
2389 2279 2572 2349 (Muth.
2606 2296 2660 2344 x,
2694 2280 2808 2344 25.)
2834 2277 2896 2332 Si
2925 2277 3199 2332 Romamn
3231 2281 3452 2332 sanctae
3473 2281 3531 2332 et
3560 2280 3756 2348 apoete

2125 2368 2248 2424 lica:
2280 2367 2546 2424 Ecclesia:
2575 2367 2836 2423 funestas
2867 2382 3080 2422 manus
3105 2364 3326 2436 intulit,
3357 2365 3582 2420 mirum
3619 2363 3758 2420 vobis

2123 2456 2372 2521 videtur,
2427 2456 2478 2510 si
2529 2471 2714 2527 usque
2745 2455 2816 2509 ad
2848 2471 2951 2510 vos
2979 2452 3216 2526 gladius
3242 2453 3495 2510 insania;
3515 2453 3640 2525 ejus
3657 2469 3758 2527 per-

2125 2544 2302 2600 venit.
2353 2543 2412 2599 Si
2460 2545 2819 2598 sacerdotem
2865 2558 3204 2608 summum,
3258 2541 3353 2597 cui
3417 2542 3757 2614 omnipotens

2126 2634 2410 2688 Dominus
2435 2649 2533 2703 per
2552 2632 2784 2686 Petrum
2799 2629 3084 2704 singulari
3102 2629 3410 2702 privilegio
3442 2634 3756 2704 potestatem

2125 2719 2421 2792 aperiendi
2443 2718 3052 2791 etclaudendiquibus
3083 2717 3330 2774 voluerit
3353 2719 3580 2790 januas
3613 2717 3756 2776 cccle-

2124 2808 2232 2865 stis
2262 2808 2424 2881 regni
2456 2809 2608 2862 dono
2634 2807 2814 2874 dedit,
2846 2806 2918 2862 de
2947 2805 3224 2862 cathedra
3244 2806 3571 2878 pontiﬁcali
3599 2814 3756 2880 tyran-

2125 2899 2254 2954 nice
2282 2895 2628 2964 exturbavit,
2659 2901 2718 2951 et
2747 2912 2850 2968 pro
2879 2911 2946 2950 eo
2969 2899 3227 2950 statuam
3257 2912 3504 2952 auream
3545 2896 3604 2952 in
3648 2895 3752 2952 loco

2125 2991 2325 3043 sancto
2355 2986 2556 3052 erexit,
2605 2989 2662 3040 et
2708 2985 2780 3040 ad
2832 2983 3197 3040 adorandum
3243 2999 3347 3040 eos
3387 2999 3539 3058 quos
3584 2987 3749 3057 potest

2123 3075 2297 3148 cogit,
2330 3071 2650 3130 turbamini
2682 3072 2838 3144 quod
2867 3088 2973 3128 vos
3003 3071 3284 3128 violenter
3321 3072 3570 3145 expulit,
3610 3075 3663 3128 et
3701 3071 3748 3126 in

2124 3163 2251 3220 loco
2279 3166 2470 3218 vestro
2501 3160 2678 3217 fictile
2708 3165 2766 3216 et
2793 3159 3086 3216 conﬁatile
3108 3159 3336 3216 idolum
3359 3157 3749 3217 abomiationis

371 3250 509 3308 data
527 3253 619 3306 est
637 3249 823 3318 vobis,
847 3248 947 3322 qui
968 3248 1028 3304 in
1049 3247 1159 3304 hoc
1182 3249 1334 3305 malo
1357 3253 1638 3322 tempore,
1661 3265 1796 3305 cum
1818 3249 2012 3307 omnis
2043 3234 2086 3302 C
2123 3251 2392 3308 collocari
2423 3249 2575 3306 fecit.
2611 3253 2732 3306 Imo
2763 3249 2956 3322 potius
2987 3249 3256 3322 gaudete,
3281 3249 3426 3320 quia
3443 3249 3597 3306 Deus
3615 3247 3750 3303 labo-

369 3354 517 3410 pene
547 3336 736 3394 Gallia
763 3336 977 3394 erroris
1006 3336 1254 3410 caligine
1280 3337 1438 3408 jacet
1465 3337 1763 3406 immersa,
1813 3337 2014 3395 oculos

367 3424 584 3484 mentis
611 3430 818 3482 vestras
845 3426 918 3482 ad
949 3425 1341 3499 cognitionem
1375 3426 1632 3482 veritatis
1661 3426 2015 3482 illuminavit

363 3520 430 3571 ut
461 3515 532 3572 ad
564 3531 821 3572 amorem
843 3515 1112 3587 justitize,
1144 3520 1202 3571 et
1230 3514 1526 3571 catholicae
1556 3515 1690 3570 ﬁdei
1723 3515 2012 3572 defensio-

363 3619 517 3672 nem,
547 3603 681 3677 igne
711 3605 801 3659 sui
829 3604 1072 3676 spiritus
1099 3620 1200 3658 cor
1227 3608 1484 3659 vestrum
1516 3604 1812 3660 accendat.
1869 3605 2010 3661 Gra-

359 3693 474 3749 tias
503 3691 589 3748 illi
621 3694 722 3765 qui
742 3709 844 3749 vos
866 3691 1140 3764 praeclaro
1162 3691 1340 3747 calice
1365 3692 1564 3763 gratiae
1595 3709 1713 3748 sua:
1759 3692 2010 3748 inebria-

356 3782 461 3846 vit,
493 3786 550 3836 et
579 3781 866 3854 Spiritum
898 3779 1132 3836 Domini
1165 3780 1224 3834 in
1279 3779 1502 3835 ratione
1549 3785 1745 3836 vestra
1791 3781 2012 3837 ferven-

359 3872 478 3924 tem
500 3869 572 3924 ad
595 3867 965 3924 tolerantiam
988 3865 1330 3939 multiplicis
1352 3867 1579 3937 iniurias
1602 3873 1870 3940 paratum
1887 3870 2009 3926 red-

359 3956 529 4021 didit,
562 3960 621 4010 et
650 3956 722 4011 ad
752 3955 1128 4026 perferendos
1159 3954 1389 4010 labores
1421 3959 1477 4010 et
1506 3955 1766 4026 pericula
1797 3959 2008 4029 prode-

349 4043 621 4128 fensione
641 4042 903 4099 veritatis
917 4043 1208 4099 excitavit.
1227 4043 1389 4106 Quod
1405 4042 1504 4098 Dei
1523 4060 1740 4098 munus
1758 4046 2006 4118 speciale

359 4147 489 4188 esse
511 4149 627 4188 non
649 4131 1013 4197 dubitamus,
1035 4131 1133 4202 qui
1159 4130 1870 4203 providadispensationis
1886 4151 2004 4192 sua:

355 4221 547 4294 gratia
575 4219 786 4276 electos
815 4236 956 4276 suos
1006 4218 1430 4292 persecutionis
1477 4224 1737 4293 tempore
1786 4222 2006 4282 utiliter

361 4308 571 4379 probat
600 4311 656 4364 et
685 4307 958 4376 discutit;
991 4307 1092 4364 sed
1125 4322 1197 4362 ne
1227 4305 1460 4377 penitus
1489 4307 1774 4378 aberrent,
1790 4315 1890 4366 aut
1925 4311 2007 4368 la-

353 4397 626 4454 befactati
655 4396 925 4452 funditus
956 4394 1326 4468 dejiciantur,
1350 4397 1604 4466 potentia
1622 4398 1857 4456 virtutis
1883 4417 2002 4456 suae

353 4489 666 4552 sustentat,
696 4490 761 4540 ut
790 4485 862 4540 ad
897 4482 1096 4540 omnia
1127 4487 1363 4555 propter
1383 4500 1444 4539 se
1465 4485 1809 4544 sustinenda
1833 4505 2000 4560 para-

2120 3357 2252 3396 rum
2282 3343 2617 3395 sanctorum
2649 3354 2890 3394 suorum
2921 3341 3252 3393 consortem
3269 3353 3376 3393 vos
3403 3337 3532 3394 vult
3551 3353 3689 3393 esse.
3704 3334 3749 3390 Si

2122 3428 2389 3502 rapinam
2419 3428 2708 3483 bonorum
2737 3425 3149 3498 temporalium
3189 3441 3294 3498 pro
3343 3425 3583 3482 Christo
3629 3424 3750 3481 ferre

2122 3535 2237 3574 non
2267 3515 2468 3581 vultis,
2498 3515 2792 3588 quomodo
2814 3513 3020 3571 mortis
3049 3514 3436 3586 asperitatem
3473 3531 3578 3587 pro
3611 3511 3751 3568 Chri-

2120 3607 2313 3663 stiana
2338 3605 2579 3660 veritate
2622 3603 2911 3660 sustinere
2953 3602 3333 3676 gauderetis?
3380 3603 3564 3660 Credo
3617 3599 3747 3674 quod

2116 3694 2387 3752 voluntas
2415 3693 2518 3750 Dei
2547 3697 2654 3760 est,
2687 3693 2805 3748 imo
2835 3691 3042 3748 divine:
3063 3691 3502 3764 propitiationis
3519 3707 3679 3764 opus,
3697 3691 3746 3743 ut

2116 3784 2317 3856 aliqua
2345 3783 2433 3839 vis
2461 3781 2720 3837 humana
2749 3781 2968 3837 fossam
3019 3779 3180 3836 illam
3229 3781 3657 3838 maledictionis
3701 3779 3748 3832 et

2117 3871 2388 3944 nequitiae
2417 3887 2516 3926 vos
2545 3869 2856 3942 compellat
2885 3869 3060 3935 exire,
3095 3886 3167 3925 ne
3188 3869 3396 3940 justus
3423 3875 3529 3926 Lot
3575 3869 3747 3941 penest

2116 3978 2250 4017 cum
2280 3959 2541 4026 iniustis,
2575 3974 2648 4014 ne
2664 3958 2992 4013 sanctitatis
3009 3963 3214 4013 vestrae
3227 3958 3544 4030 speculum
3567 3955 3747 4012 admit-

2113 4054 2198 4106 tat
2229 4048 2549 4122 quidquam
2582 4045 2946 4119 contagionis
2975 4062 3044 4102 ex
3074 4045 3514 4103 cohabitatione
3535 4043 3744 4102 malitis

2111 4136 2570 4194 circumstantis.
2595 4135 2736 4200 Quis
2751 4133 2910 4190 enim
2925 4151 3134 4190 murus
3148 4139 3333 4190 staret
3353 4134 3741 4194 inconcussus,

2113 4243 2242 4300 quae
2273 4242 2440 4282 mens
2468 4223 2792 4280 immobilis
2816 4223 2878 4278 in
2907 4239 3017 4280 sua
3037 4222 3317 4280 ﬁrmitate
3371 4222 3740 4296 permaneret,

2112 4315 2214 4371 ubi
2243 4313 2426 4370 crassi
2457 4329 2594 4369 sues
2623 4312 2972 4386 grunnirent
3002 4311 3261 4378 assidue,
3296 4311 3400 4369 ubi
3425 4307 3744 4368 innocentia

2108 4410 2312 4460 vestrae
2343 4401 2778 4474 simplicitatem
2803 4400 2976 4456 turba
3023 4399 3483 4474 malignantium
3533 4397 3744 4456 obside-

2111 4493 2238 4548 ret?
2267 4491 2538 4557 Obertus,
2568 4489 2912 4544 Antichristi
2945 4489 3212 4561 signifer,
3255 4492 3488 4546 Satana
3527 4490 3745 4561 jumen-

351 4573 531 4630 tiores
561 4573 722 4638 ﬁant,
748 4571 1025 4662 _fortiores
1053 4571 1285 4662 excitat,
1315 4573 1557 4662 antehac
1581 4578 1654 4662 ut
1694 4593 1796 4647 pro
1843 4582 1999 4635 certo
2032 4597 2078 4662 ι)
2107 4583 2259 4645 tum,
2292 4576 2548 4649 perﬁdia:
2579 4575 2836 4632 Simonis
2859 4575 3210 4633 manifestus
3230 4581 3506 4645 sectator,
3541 4576 3745 4648 aposto-

350 4663 716 4732 compertum
747 4658 1056 4725 habemus,
1076 4657 1209 4714 aliis
1229 4674 1332 4730 pro
1371 4659 1706 4720 defensione
1737 4665 1996 4722 veritatis
2033 4657 2068 4662 ⁷
2105 4667 2354 4722 licorum
2377 4664 2739 4736 judiciorum
2771 4668 3155 4738 contemptor,
3180 4663 3454 4722 Ecclesia
3476 4665 3739 4738 quantum

349 4753 406 4804 et
425 4747 668 4819 justitiae
697 4745 1120 4816 laborantibus,
1145 4763 1278 4802 cum
1296 4749 1455 4804 omni
1477 4750 1667 4807 ofﬁcio
1687 4752 1992 4810 charitatis

349 4837 658 4892 subvenire
690 4834 968 4891 solebatis
989 4839 1048 4890 et
1066 4851 1198 4890 cum
1222 4852 1434 4910 magna
1458 4841 1652 4897 cordis
1673 4839 1892 4909 laetitia,
1933 4847 1991 4898 et

345 4923 544 4980 vultus
573 4922 886 4988 hilaritate,
919 4927 1254 4982 sanctorum
1287 4928 1614 4984 necessitati
1645 4946 1824 5002 supra
1837 4931 1988 4988 vires

345 5015 570 5066 vestras
598 5011 954 5066 ministrare.
981 5012 1360 5083 Simoniacos,
1381 5021 1438 5070 et
1456 5015 1852 5084 Wibertistas,
1886 5035 1988 5074 no-

377 5134 528 5216 ..(2n8)
562 5133 910 5216 Deringerus
937 5152 1006 5216 ex
1022 5136 1210 5216 priore
1232 5139 1662 5216 Andaginensis
1695 5155 1984 5216 _rnonasleg

343 5205 412 5288 Ξ·ἱὶ
566 5205 824 5288 Αιψθῐξὶἰ⁸
855 5205 1060 5288 factus.
1093 5210 1327 5288 primus
1371 5205 1529 5288 prior
1561 5212 1639 5288 _S.
1694 5213 1991 5288 Laurentii

341 5276 706 5358 Eeodiensis,
721 5276 942 5358 deinde
971 5276 1152 5358 abbas
1181 5276 1413 5358 creatu's
1455 5282 1513 5358 i_n
1561 5281 1756 5358 locum
1787 5283 1994 5358 Volbe-

339 5346 508 5424 donis
539 5347 768 5424 abbatis
790 5348 1124 5424 ad‘Henrico
1147 5351 1421 5424 episcOpo
1447 5351 1698 5424 depositi
1720 5354 1990 5424 omnium

340 5416 588 5473 fratrum
619 5417 914 5492 suffragiis
945 5416 1226 5479 suffectus
1275 5416 1366 5478 est
1414 5416 1570 5478 unn'o
1621 5423 1782 5480 1075.
1835 5423 1993 5482 Man-

339 5503 504 5544 TENE.

411 5559 550 5636 (2_8')
578 5559 982 5636 Henricuis‘IV,
1014 5564 1562 5636 rexiltomonagum,
1595 5562 1777 5636 huius
1795 5566 1990 5636 nomi-

339 5627 431 5692 nis
460 5629 790 5710 imperator,
816 5633 913 5706 Ill,
941 5627 1322 5714 quischisma
1338 5632 1399 5693 in
1410 5627 1991 5706 Ecclesla'suseitavit

2098 4757 2160 4812 in
2190 4755 2320 4828 ipso
2351 4757 2442 4810 est
2471 4751 2868 4819 conculcator,
2899 4753 3284 4810 ecclesiarum
3308 4770 3460 4826 quas
3500 4752 3561 4808 in
3593 4764 3742 4808 suam

2099 4843 2486 4916 perditionem
2517 4843 2866 4898 temerarius
2912 4846 3143 4914 emptor
3181 4841 3418 4909 invasit,
3470 4840 3654 4914 praedo
3694 4849 3742 4898 et

2097 4934 2427 4988 destructor
2454 4934 2513 4986 et
2540 4931 2820 5003 profanus
2845 4931 3113 4986 venditor
3136 4947 3296 4988 nunc
3318 4929 3496 4986 minis
3534 4929 3743 4984 intona-

2097 5027 2204 5088 ret,
2237 5036 2395 5076 nunc
2416 5018 2722 5075 diabolicis
2751 5018 3170 5075 blandimentis
3199 5019 3435 5076 astutias
3465 5021 3739 5090 caputve—

2102 5143 2163 5198 in
2195 5143 2392 5198 sedem
2426 5143 2612 5198 sancti
2648 5143 2796 5198 Petri
2828 5141 3144 5199 sublimato
3169 5142 3456 5212 Wiberto,
3487 5147 3543 5198 et
3569 5142 3738 5196 extur-

2104 5215 2239 5270 bato
2269 5213 2544 5270 Gregorio
2577 5213 2670 5268 νη
2701 5213 3096 5270 sanctissimo.
3134 5213 3214 5270 In.

2193 5284 2285 5358 29)
2332 5280 2608 5340 Otliertus
2639 5284 2995 5358 Leodiensis
3038 5285 3098 5341 S.
3145 5285 3345 5358 crucis
3375 5280 3726 5358 praepositae.

2101 5347 2412 5412 defunctus
2441 5372 2612 5440 anno“
2629 5355 2784 5440 1090,
2813 5355 3064 5440 .Henrico
3088 5347 3396 5440 episcopo:
3432 5347 3516 5438 ad
3549 5347 3733 5440 Hesti-

2099 5443 2234 5500 cum
2257 5443 2450 5498 regem
2473 5426 2751 5500 confugit,
2770 5431 2832 5500 _et
2853 5443 3067 5500 magna
3063 5424 3334 5500 pecunia
3353 5424 3730 5500 episcopatum

2099 5499 2172 5554 ab
2204 5496 2779 5570 encomparavitiqui
2813 5496 3022 5570 statim
3062 5496 3443 5570 Beringerum
3474 5496 3724 5570 abbatem

2097 5566 2338 5642 expulit,
2358 5572 2421 5642 e_t_
2433 5566 2864 5642 Wolbodonem
2887 5569 3166 5642 restituit,
3193 5566 3280 5627 uti
3311 5567 3514 5630 scribit
3547 5566 3726 5624 auctor

2097 5637 2327 5705 saevus
2357 5637 2622 5703 Historia
2650 5643 2708 5700 Β.
2741 5639 3006 5720 Hubqrti.
3041 5639 3128 5711 In,
