  <div class='ocr_page' id='page_1' title='image "/cluster/home/n/w/nwhite01/storage/ocr_20150623/151/uva.x000829795/222.png"; bbox 0 0 3928 6208; ppageno 0'>
   <div class='ocr_carea' id='block_1_1' title="bbox 142 325 252 386">
    <p class='ocr_par' dir='ltr' id='par_1_1' title="bbox 142 325 252 386">
     <span class='ocr_line' id='line_1_1' title="bbox 142 325 252 386; baseline 0 -1"><span class='ocrx_word' id='word_1_1' title='bbox 142 325 252 386; x_wconf 80' lang='lat'>397</span> 
     </span>
    </p>
   </div>
   <div class='ocr_carea' id='block_1_2' title="bbox 144 544 1779 619">
    <p class='ocr_par' dir='ltr' id='par_1_2' title="bbox 144 544 1779 619">
     <span class='ocr_line' id='line_1_2' title="bbox 144 544 1779 619; baseline 0 -17"><span class='ocrx_word' id='word_1_2' title='bbox 144 549 356 603; x_wconf 87' lang='lat' dir='ltr'>decreto</span> <span class='ocrx_word' id='word_1_3' title='bbox 387 544 626 601; x_wconf 87' lang='lat' dir='ltr'>concilii</span> <span class='ocrx_word' id='word_1_4' title='bbox 656 563 689 600; x_wconf 90' lang='lat' dir='ltr'>a</span> <span class='ocrx_word' id='word_1_5' title='bbox 720 546 889 602; x_wconf 89' lang='lat' dir='ltr'>nobis</span> <span class='ocrx_word' id='word_1_6' title='bbox 922 564 1107 619; x_wconf 84' lang='lat' dir='ltr'>nuper</span> <span class='ocrx_word' id='word_1_7' title='bbox 1136 548 1249 604; x_wconf 98' lang='lat' dir='ltr'>acti</span> <span class='ocrx_word' id='word_1_8' title='bbox 1281 548 1626 604; x_wconf 88' lang='lat' dir='ltr'>damnatum</span> <span class='ocrx_word' id='word_1_9' title='bbox 1675 564 1779 603; x_wconf 88' lang='lat' dir='ltr'>au-</span> 
     </span>
    </p>
   </div>
   <div class='ocr_carea' id='block_1_3' title="bbox 143 633 1777 701">
    <p class='ocr_par' dir='ltr' id='par_1_3' title="bbox 143 633 1777 701">
     <span class='ocr_line' id='line_1_3' title="bbox 143 633 1777 701; baseline 0 -10"><span class='ocrx_word' id='word_1_10' title='bbox 143 637 392 692; x_wconf 85' lang='lat' dir='ltr'>ctoritate</span> <span class='ocrx_word' id='word_1_11' title='bbox 420 633 522 690; x_wconf 85' lang='lat' dir='ltr'>Dei</span> <span class='ocrx_word' id='word_1_12' title='bbox 556 639 615 690; x_wconf 92' lang='lat' dir='ltr'>et</span> <span class='ocrx_word' id='word_1_13' title='bbox 643 635 707 689; x_wconf 91' lang='grc' dir='ltr'>Β.</span> <span class='ocrx_word' id='word_1_14' title='bbox 740 635 912 701; x_wconf 85' lang='lat' dir='ltr'>Petri,</span> <span class='ocrx_word' id='word_1_15' title='bbox 947 641 1003 690; x_wconf 92' lang='lat' dir='ltr'>et</span> <span class='ocrx_word' id='word_1_16' title='bbox 1033 641 1240 691; x_wconf 81' lang='lat' dir='ltr'>sanctae</span> <span class='ocrx_word' id='word_1_17' title='bbox 1275 637 1546 692; x_wconf 76' lang='lat' dir='ltr'>Romanae</span> <span class='ocrx_word' id='word_1_18' title='bbox 1590 634 1777 691; x_wconf 86' lang='lat' dir='ltr'>Eccle-</span> 
     </span>
    </p>
   </div>
   <div class='ocr_carea' id='block_1_4' title="bbox 142 723 1778 795">
    <p class='ocr_par' dir='ltr' id='par_1_4' title="bbox 142 723 1778 795">
     <span class='ocr_line' id='line_1_4' title="bbox 142 723 1778 795; baseline -0.001 -17"><span class='ocrx_word' id='word_1_19' title='bbox 142 724 249 791; x_wconf 64' lang='lat' dir='ltr'>siae,</span> <span class='ocrx_word' id='word_1_20' title='bbox 276 723 365 778; x_wconf 92' lang='lat' dir='ltr'>cui</span> <span class='ocrx_word' id='word_1_21' title='bbox 398 724 641 795; x_wconf 84' lang='lat' dir='ltr'>auspice</span> <span class='ocrx_word' id='word_1_22' title='bbox 662 723 779 778; x_wconf 90' lang='lat' dir='ltr'>Deo</span> <span class='ocrx_word' id='word_1_23' title='bbox 802 724 1084 790; x_wconf 80' lang='lat' dir='ltr'>deservio,</span> <span class='ocrx_word' id='word_1_24' title='bbox 1101 725 1226 795; x_wconf 89' lang='lat' dir='ltr'>jam</span> <span class='ocrx_word' id='word_1_25' title='bbox 1252 724 1778 780; x_wconf 81' lang='lat' dir='ltr'>excommunicavi-</span> 
     </span>
    </p>
   </div>
   <div class='ocr_carea' id='block_1_5' title="bbox 141 811 1776 878">
    <p class='ocr_par' dir='ltr' id='par_1_5' title="bbox 141 811 1776 878">
     <span class='ocr_line' id='line_1_5' title="bbox 141 811 1776 878; baseline -0.001 -10"><span class='ocrx_word' id='word_1_26' title='bbox 141 828 277 877; x_wconf 88' lang='lat' dir='ltr'>mus,</span> <span class='ocrx_word' id='word_1_27' title='bbox 309 816 365 867; x_wconf 89' lang='lat' dir='ltr'>et</span> <span class='ocrx_word' id='word_1_28' title='bbox 394 827 534 868; x_wconf 87' lang='lat' dir='ltr'>cum</span> <span class='ocrx_word' id='word_1_29' title='bbox 569 828 676 867; x_wconf 90' lang='lat' dir='ltr'>suo</span> <span class='ocrx_word' id='word_1_30' title='bbox 706 811 989 878; x_wconf 80' lang='lat' dir='ltr'>Wiberto,</span> <span class='ocrx_word' id='word_1_31' title='bbox 1024 813 1213 869; x_wconf 78' lang='lat' dir='ltr'>bestia</span> <span class='ocrx_word' id='word_1_32' title='bbox 1244 812 1489 868; x_wconf 82' lang='lat' dir='ltr'>terribili</span> <span class='ocrx_word' id='word_1_33' title='bbox 1513 817 1569 868; x_wconf 91' lang='lat' dir='ltr'>et</span> <span class='ocrx_word' id='word_1_34' title='bbox 1596 812 1776 877; x_wconf 89' lang='lat' dir='ltr'>varia,</span> 
     </span>
    </p>
   </div>
   <div class='ocr_carea' id='block_1_6' title="bbox 139 900 1773 972">
    <p class='ocr_par' dir='ltr' id='par_1_6' title="bbox 139 900 1773 972">
     <span class='ocr_line' id='line_1_6' title="bbox 139 900 1773 972; baseline -0.001 -17"><span class='ocrx_word' id='word_1_35' title='bbox 139 918 251 972; x_wconf 69' lang='lat' dir='ltr'>qua</span> <span class='ocrx_word' id='word_1_36' title='bbox 281 900 544 955; x_wconf 81' lang='lat' dir='ltr'>ascendit</span> <span class='ocrx_word' id='word_1_37' title='bbox 577 900 646 955; x_wconf 92' lang='lat' dir='ltr'>de</span> <span class='ocrx_word' id='word_1_38' title='bbox 678 900 847 965; x_wconf 90' lang='lat' dir='ltr'>mari,</span> <span class='ocrx_word' id='word_1_39' title='bbox 879 904 937 954; x_wconf 92' lang='lat' dir='ltr'>et</span> <span class='ocrx_word' id='word_1_40' title='bbox 967 900 1104 956; x_wconf 82' lang='lat' dir='ltr'>facit</span> <span class='ocrx_word' id='word_1_41' title='bbox 1134 900 1353 956; x_wconf 85' lang='lat' dir='ltr'>bellum</span> <span class='ocrx_word' id='word_1_42' title='bbox 1378 917 1507 957; x_wconf 91' lang='lat' dir='ltr'>cum</span> <span class='ocrx_word' id='word_1_43' title='bbox 1534 901 1773 968; x_wconf 86' lang='lat' dir='ltr'>sanctis,</span> 
     </span>
    </p>
   </div>
   <div class='ocr_carea' id='block_1_7' title="bbox 140 988 1775 1061">
    <p class='ocr_par' dir='ltr' id='par_1_7' title="bbox 140 988 1775 1061">
     <span class='ocr_line' id='line_1_7' title="bbox 140 988 1775 1061; baseline -0.001 -18"><span class='ocrx_word' id='word_1_44' title='bbox 140 1005 295 1061; x_wconf 85' lang='lat' dir='ltr'>quam</span> <span class='ocrx_word' id='word_1_45' title='bbox 323 989 578 1044; x_wconf 89' lang='lat' dir='ltr'>adorant</span> <span class='ocrx_word' id='word_1_46' title='bbox 602 1005 855 1060; x_wconf 89' lang='lat' dir='ltr'>quorum</span> <span class='ocrx_word' id='word_1_47' title='bbox 887 1006 999 1045; x_wconf 91' lang='lat' dir='ltr'>non</span> <span class='ocrx_word' id='word_1_48' title='bbox 1032 994 1172 1045; x_wconf 86' lang='lat' dir='ltr'>sunt</span> <span class='ocrx_word' id='word_1_49' title='bbox 1198 990 1437 1044; x_wconf 91' lang='lat' dir='ltr'>nomina</span> <span class='ocrx_word' id='word_1_50' title='bbox 1470 988 1687 1060; x_wconf 89' lang='lat' dir='ltr'>scripta</span> <span class='ocrx_word' id='word_1_51' title='bbox 1716 988 1775 1043; x_wconf 91' lang='lat' dir='ltr'>in</span> 
     </span>
    </p>
   </div>
   <div class='ocr_carea' id='block_1_8' title="bbox 142 1076 1778 1149">
    <p class='ocr_par' dir='ltr' id='par_1_8' title="bbox 142 1076 1778 1149">
     <span class='ocr_line' id='line_1_8' title="bbox 142 1076 1778 1149; baseline 0.001 -19"><span class='ocrx_word' id='word_1_52' title='bbox 142 1077 270 1133; x_wconf 89' lang='lat' dir='ltr'>libro</span> <span class='ocrx_word' id='word_1_53' title='bbox 290 1076 418 1132; x_wconf 70' lang='lat' dir='ltr'>vita:</span> <span class='ocrx_word' id='word_1_54' title='bbox 450 1082 510 1131; x_wconf 92' lang='lat' dir='ltr'>et</span> <span class='ocrx_word' id='word_1_55' title='bbox 542 1077 701 1149; x_wconf 84' lang='lat' dir='ltr'>agni,</span> <span class='ocrx_word' id='word_1_56' title='bbox 734 1077 1059 1149; x_wconf 85' lang='lat' dir='ltr'>portionem</span> <span class='ocrx_word' id='word_1_57' title='bbox 1090 1077 1517 1133; x_wconf 77' lang='lat' dir='ltr'>maledictionis</span> <span class='ocrx_word' id='word_1_58' title='bbox 1548 1078 1595 1131; x_wconf 91' lang='lat' dir='ltr'>ei</span> <span class='ocrx_word' id='word_1_59' title='bbox 1622 1077 1778 1132; x_wconf 89' lang='lat' dir='ltr'>dedi-</span> 
     </span>
    </p>
   </div>
   <div class='ocr_carea' id='block_1_9' title="bbox 138 1165 1773 1238">
    <p class='ocr_par' dir='ltr' id='par_1_9' title="bbox 138 1165 1773 1238">
     <span class='ocr_line' id='line_1_9' title="bbox 138 1165 1773 1238; baseline -0.001 -16"><span class='ocrx_word' id='word_1_60' title='bbox 138 1182 253 1223; x_wconf 86' lang='lat' dir='ltr'>mus</span> <span class='ocrx_word' id='word_1_61' title='bbox 281 1182 381 1238; x_wconf 91' lang='lat' dir='ltr'>pro</span> <span class='ocrx_word' id='word_1_62' title='bbox 412 1182 481 1220; x_wconf 92' lang='lat' dir='ltr'>eo</span> <span class='ocrx_word' id='word_1_63' title='bbox 514 1166 675 1237; x_wconf 81' lang='lat' dir='ltr'>quod</span> <span class='ocrx_word' id='word_1_64' title='bbox 709 1165 1080 1221; x_wconf 82' lang='lat' dir='ltr'>Sinioniacus</span> <span class='ocrx_word' id='word_1_65' title='bbox 1113 1171 1220 1231; x_wconf 88' lang='lat' dir='ltr'>est,</span> <span class='ocrx_word' id='word_1_66' title='bbox 1271 1170 1327 1222; x_wconf 91' lang='lat' dir='ltr'>et</span> <span class='ocrx_word' id='word_1_67' title='bbox 1373 1166 1773 1238; x_wconf 83' lang='lat' dir='ltr'>episcopatum</span> 
     </span>
    </p>
   </div>
   <div class='ocr_carea' id='block_1_10' title="bbox 135 1253 1774 1326">
    <p class='ocr_par' dir='ltr' id='par_1_10' title="bbox 135 1253 1774 1326">
     <span class='ocr_line' id='line_1_10' title="bbox 135 1253 1774 1326; baseline -0.001 -16"><span class='ocrx_word' id='word_1_68' title='bbox 135 1256 256 1311; x_wconf 81' lang='lat' dir='ltr'>data</span> <span class='ocrx_word' id='word_1_69' title='bbox 284 1254 533 1326; x_wconf 87' lang='lat' dir='ltr'>pecunia</span> <span class='ocrx_word' id='word_1_70' title='bbox 562 1254 891 1326; x_wconf 76' lang='lat' dir='ltr'>usurpavit,</span> <span class='ocrx_word' id='word_1_71' title='bbox 926 1258 980 1309; x_wconf 93' lang='lat' dir='ltr'>et</span> <span class='ocrx_word' id='word_1_72' title='bbox 1012 1255 1152 1326; x_wconf 86' lang='lat' dir='ltr'>quia</span> <span class='ocrx_word' id='word_1_73' title='bbox 1177 1272 1279 1307; x_wconf 80' lang='lat' dir='ltr'>vos</span> <span class='ocrx_word' id='word_1_74' title='bbox 1310 1254 1526 1325; x_wconf 84' lang='lat' dir='ltr'>injuste</span> <span class='ocrx_word' id='word_1_75' title='bbox 1555 1255 1625 1309; x_wconf 91' lang='lat' dir='ltr'>de</span> <span class='ocrx_word' id='word_1_76' title='bbox 1651 1253 1774 1309; x_wconf 93' lang='lat' dir='ltr'>loco</span> 
     </span>
    </p>
   </div>
   <div class='ocr_carea' id='block_1_11' title="bbox 132 1341 1772 1415">
    <p class='ocr_par' dir='ltr' id='par_1_11' title="bbox 132 1341 1772 1415">
     <span class='ocr_line' id='line_1_11' title="bbox 132 1341 1772 1415; baseline 0 -18"><span class='ocrx_word' id='word_1_77' title='bbox 132 1348 300 1399; x_wconf 89' lang='lat' dir='ltr'>vestro</span> <span class='ocrx_word' id='word_1_78' title='bbox 330 1359 399 1399; x_wconf 81' lang='lat' dir='ltr'>ex</span> <span class='ocrx_word' id='word_1_79' title='bbox 429 1347 730 1414; x_wconf 66' lang='lat' dir='ltr'>prmeepto</span> <span class='ocrx_word' id='word_1_80' title='bbox 758 1341 851 1398; x_wconf 90' lang='lat' dir='ltr'>sui</span> <span class='ocrx_word' id='word_1_81' title='bbox 894 1343 1047 1415; x_wconf 85' lang='lat' dir='ltr'>regis</span> <span class='ocrx_word' id='word_1_82' title='bbox 1097 1342 1338 1414; x_wconf 78' lang='lat' dir='ltr'>expulit,</span> <span class='ocrx_word' id='word_1_83' title='bbox 1391 1347 1448 1397; x_wconf 84' lang='lat' dir='ltr'>et</span> <span class='ocrx_word' id='word_1_84' title='bbox 1488 1359 1619 1398; x_wconf 89' lang='lat' dir='ltr'>eum</span> <span class='ocrx_word' id='word_1_85' title='bbox 1673 1344 1772 1415; x_wconf 85' lang='lat' dir='ltr'>qui</span> 
     </span>
    </p>
   </div>
   <div class='ocr_carea' id='block_1_12' title="bbox 131 1430 1776 1504">
    <p class='ocr_par' dir='ltr' id='par_1_12' title="bbox 131 1430 1776 1504">
     <span class='ocr_line' id='line_1_12' title="bbox 131 1430 1776 1504; baseline 0 -18"><span class='ocrx_word' id='word_1_86' title='bbox 131 1437 345 1504; x_wconf 86' lang='lat' dir='ltr'>propter</span> <span class='ocrx_word' id='word_1_87' title='bbox 375 1431 818 1486; x_wconf 85' lang='lat' dir='ltr'>contumaciam</span> <span class='ocrx_word' id='word_1_88' title='bbox 851 1435 909 1485; x_wconf 91' lang='lat' dir='ltr'>et</span> <span class='ocrx_word' id='word_1_89' title='bbox 939 1430 1397 1486; x_wconf 90' lang='lat' dir='ltr'>inobedientiam</span> <span class='ocrx_word' id='word_1_90' title='bbox 1429 1430 1776 1502; x_wconf 86' lang='lat' dir='ltr'>publicoju-</span> 
     </span>
    </p>
   </div>
   <div class='ocr_carea' id='block_1_13' title="bbox 130 1520 1774 1592">
    <p class='ocr_par' dir='ltr' id='par_1_13' title="bbox 130 1520 1774 1592">
     <span class='ocr_line' id='line_1_13' title="bbox 130 1520 1774 1592; baseline -0.001 -16"><span class='ocrx_word' id='word_1_91' title='bbox 130 1521 264 1576; x_wconf 90' lang='lat' dir='ltr'>dicio</span> <span class='ocrx_word' id='word_1_92' title='bbox 293 1520 682 1591; x_wconf 87' lang='lat' dir='ltr'>adjudicatus</span> <span class='ocrx_word' id='word_1_93' title='bbox 713 1524 769 1573; x_wconf 87' lang='lat' dir='ltr'>et</span> <span class='ocrx_word' id='word_1_94' title='bbox 799 1520 1221 1575; x_wconf 85' lang='lat' dir='ltr'>condemnatus</span> <span class='ocrx_word' id='word_1_95' title='bbox 1253 1525 1393 1586; x_wconf 86' lang='lat' dir='ltr'>erat,</span> <span class='ocrx_word' id='word_1_96' title='bbox 1427 1524 1661 1592; x_wconf 88' lang='lat' dir='ltr'>accepta</span> <span class='ocrx_word' id='word_1_97' title='bbox 1703 1521 1774 1575; x_wconf 92' lang='lat' dir='ltr'>ab</span> 
     </span>
    </p>
   </div>
   <div class='ocr_carea' id='block_1_14' title="bbox 127 1608 1777 1682">
    <p class='ocr_par' dir='ltr' id='par_1_14' title="bbox 127 1608 1777 1682">
     <span class='ocr_line' id='line_1_14' title="bbox 127 1608 1777 1682; baseline -0.001 -18"><span class='ocrx_word' id='word_1_98' title='bbox 127 1627 185 1665; x_wconf 92' lang='lat' dir='ltr'>eo</span> <span class='ocrx_word' id='word_1_99' title='bbox 211 1608 452 1682; x_wconf 89' lang='lat' dir='ltr'>pecunia</span> <span class='ocrx_word' id='word_1_100' title='bbox 486 1608 831 1680; x_wconf 86' lang='lat' dir='ltr'>supposuit,</span> <span class='ocrx_word' id='word_1_101' title='bbox 865 1613 922 1662; x_wconf 91' lang='lat' dir='ltr'>et</span> <span class='ocrx_word' id='word_1_102' title='bbox 948 1608 1088 1679; x_wconf 89' lang='lat' dir='ltr'>quia</span> <span class='ocrx_word' id='word_1_103' title='bbox 1119 1608 1352 1663; x_wconf 87' lang='lat' dir='ltr'>cuidam</span> <span class='ocrx_word' id='word_1_104' title='bbox 1386 1608 1543 1680; x_wconf 90' lang='lat' dir='ltr'>Lupo</span> <span class='ocrx_word' id='word_1_105' title='bbox 1575 1611 1685 1679; x_wconf 89' lang='lat'>(30)</span> <span class='ocrx_word' id='word_1_106' title='bbox 1720 1613 1777 1663; x_wconf 88' lang='lat' dir='ltr'>et</span> 
     </span>
    </p>
   </div>
   <div class='ocr_carea' id='block_1_15' title="bbox 126 1696 1775 1769">
    <p class='ocr_par' dir='ltr' id='par_1_15' title="bbox 126 1696 1775 1769">
     <span class='ocr_line' id='line_1_15' title="bbox 126 1696 1775 1769; baseline -0.001 -16"><span class='ocrx_word' id='word_1_107' title='bbox 126 1699 437 1754; x_wconf 89' lang='lat' dir='ltr'>Simoniaca</span> <span class='ocrx_word' id='word_1_108' title='bbox 469 1697 708 1761; x_wconf 64' lang='lat' dir='ltr'>haeresi,</span> <span class='ocrx_word' id='word_1_109' title='bbox 733 1701 789 1751; x_wconf 81' lang='lat' dir='ltr'>et</span> <span class='ocrx_word' id='word_1_110' title='bbox 813 1697 944 1751; x_wconf 88' lang='lat' dir='ltr'>aliis</span> <span class='ocrx_word' id='word_1_111' title='bbox 967 1696 1315 1768; x_wconf 85' lang='lat' dir='ltr'>capitalibus</span> <span class='ocrx_word' id='word_1_112' title='bbox 1338 1696 1525 1768; x_wconf 87' lang='lat' dir='ltr'>culpis</span> <span class='ocrx_word' id='word_1_113' title='bbox 1550 1696 1775 1769; x_wconf 88' lang='lat' dir='ltr'>publice</span> 
     </span>
    </p>
   </div>
   <div class='ocr_carea' id='block_1_16' title="bbox 126 1784 1770 1857">
    <p class='ocr_par' dir='ltr' id='par_1_16' title="bbox 126 1784 1770 1857">
     <span class='ocr_line' id='line_1_16' title="bbox 126 1784 1770 1857; baseline -0.001 -15"><span class='ocrx_word' id='word_1_114' title='bbox 126 1791 173 1842; x_wconf 87' lang='lat' dir='ltr'>et</span> <span class='ocrx_word' id='word_1_115' title='bbox 191 1788 342 1857; x_wconf 89' lang='lat' dir='ltr'>juste</span> <span class='ocrx_word' id='word_1_116' title='bbox 356 1786 651 1842; x_wconf 83' lang='lat' dir='ltr'>damnato</span> <span class='ocrx_word' id='word_1_117' title='bbox 674 1802 883 1840; x_wconf 89' lang='lat' dir='ltr'>manus</span> <span class='ocrx_word' id='word_1_118' title='bbox 904 1784 1204 1857; x_wconf 86' lang='lat' dir='ltr'>imposuit.</span> <span class='ocrx_word' id='word_1_119' title='bbox 1229 1784 1509 1841; x_wconf 85' lang='lat' dir='ltr'>Similiter</span> <span class='ocrx_word' id='word_1_120' title='bbox 1530 1790 1585 1840; x_wconf 90' lang='lat' dir='ltr'>et</span> <span class='ocrx_word' id='word_1_121' title='bbox 1606 1785 1770 1841; x_wconf 91' lang='lat' dir='ltr'>illum</span> 
     </span>
    </p>
   </div>
   <div class='ocr_carea' id='block_1_17' title="bbox 123 1874 1773 1946">
    <p class='ocr_par' dir='ltr' id='par_1_17' title="bbox 123 1874 1773 1946">
     <span class='ocr_line' id='line_1_17' title="bbox 123 1874 1773 1946; baseline 0 -17"><span class='ocrx_word' id='word_1_122' title='bbox 123 1875 370 1931; x_wconf 67' lang='lat' dir='ltr'>Ecclesiae</span> <span class='ocrx_word' id='word_1_123' title='bbox 430 1874 757 1946; x_wconf 78' lang='lat' dir='ltr'>profanum</span> <span class='ocrx_word' id='word_1_124' title='bbox 812 1890 1179 1945; x_wconf 86' lang='lat' dir='ltr'>pervasorem</span> <span class='ocrx_word' id='word_1_125' title='bbox 1238 1875 1669 1943; x_wconf 89' lang='lat' dir='ltr'>damnavimus,</span> <span class='ocrx_word' id='word_1_126' title='bbox 1716 1879 1773 1929; x_wconf 90' lang='lat' dir='ltr'>et</span> 
     </span>
    </p>
   </div>
   <div class='ocr_carea' id='block_1_18' title="bbox 125 1960 1772 2034">
    <p class='ocr_par' dir='ltr' id='par_1_18' title="bbox 125 1960 1772 2034">
     <span class='ocr_line' id='line_1_18' title="bbox 125 1960 1772 2034; baseline -0.001 -15"><span class='ocrx_word' id='word_1_127' title='bbox 125 1961 759 2019; x_wconf 76' lang='lat' dir='ltr'>excommunicavimus</span> <span class='ocrx_word' id='word_1_128' title='bbox 789 1960 1239 2027; x_wconf 85' lang='lat' dir='ltr'>Wolbodonem,</span> <span class='ocrx_word' id='word_1_129' title='bbox 1274 1962 1411 2034; x_wconf 90' lang='lat' dir='ltr'>quia</span> <span class='ocrx_word' id='word_1_130' title='bbox 1441 1963 1772 2018; x_wconf 88' lang='lat' dir='ltr'>Simoniace</span> 
     </span>
    </p>
   </div>
   <div class='ocr_carea' id='block_1_19' title="bbox 124 2049 1769 2124">
    <p class='ocr_par' dir='ltr' id='par_1_19' title="bbox 124 2049 1769 2124">
     <span class='ocr_line' id='line_1_19' title="bbox 124 2049 1769 2124; baseline -0.001 -16"><span class='ocrx_word' id='word_1_131' title='bbox 124 2068 182 2108; x_wconf 83' lang='lat' dir='ltr'>ac</span> <span class='ocrx_word' id='word_1_132' title='bbox 208 2050 503 2123; x_wconf 83' lang='lat' dir='ltr'>tyrannica</span> <span class='ocrx_word' id='word_1_133' title='bbox 534 2054 834 2123; x_wconf 84' lang='lat' dir='ltr'>potestate</span> <span class='ocrx_word' id='word_1_134' title='bbox 868 2066 969 2122; x_wconf 90' lang='lat' dir='ltr'>per</span> <span class='ocrx_word' id='word_1_135' title='bbox 999 2049 1152 2106; x_wconf 89' lang='lat' dir='ltr'>male</span> <span class='ocrx_word' id='word_1_136' title='bbox 1196 2050 1545 2124; x_wconf 86' lang='lat' dir='ltr'>acquisitam</span> <span class='ocrx_word' id='word_1_137' title='bbox 1598 2068 1769 2123; x_wconf 91' lang='lat' dir='ltr'>pecu-</span> 
     </span>
    </p>
   </div>
   <div class='ocr_carea' id='block_1_20' title="bbox 124 2138 1769 2212">
    <p class='ocr_par' dir='ltr' id='par_1_20' title="bbox 124 2138 1769 2212">
     <span class='ocr_line' id='line_1_20' title="bbox 124 2138 1769 2212; baseline -0.001 -17"><span class='ocrx_word' id='word_1_138' title='bbox 124 2139 263 2197; x_wconf 84' lang='lat' dir='ltr'>niam</span> <span class='ocrx_word' id='word_1_139' title='bbox 285 2139 599 2195; x_wconf 88' lang='lat' dir='ltr'>abbatiam</span> <span class='ocrx_word' id='word_1_140' title='bbox 622 2144 899 2203; x_wconf 83' lang='lat' dir='ltr'>vestram,</span> <span class='ocrx_word' id='word_1_141' title='bbox 923 2145 981 2194; x_wconf 87' lang='lat' dir='ltr'>et</span> <span class='ocrx_word' id='word_1_142' title='bbox 1003 2138 1196 2194; x_wconf 88' lang='lat' dir='ltr'>locum</span> <span class='ocrx_word' id='word_1_143' title='bbox 1225 2140 1380 2195; x_wconf 84' lang='lat' dir='ltr'>unde</span> <span class='ocrx_word' id='word_1_144' title='bbox 1400 2157 1501 2212; x_wconf 92' lang='lat' dir='ltr'>per</span> <span class='ocrx_word' id='word_1_145' title='bbox 1518 2139 1769 2196; x_wconf 88' lang='lat' dir='ltr'>insolen-</span> 
     </span>
    </p>
   </div>
   <div class='ocr_carea' id='block_1_21' title="bbox 125 2227 1767 2295">
    <p class='ocr_par' dir='ltr' id='par_1_21' title="bbox 125 2227 1767 2295">
     <span class='ocr_line' id='line_1_21' title="bbox 125 2227 1767 2295; baseline 0.002 -14"><span class='ocrx_word' id='word_1_146' title='bbox 125 2230 247 2285; x_wconf 86' lang='lat' dir='ltr'>tiam</span> <span class='ocrx_word' id='word_1_147' title='bbox 302 2245 497 2294; x_wconf 87' lang='lat' dir='ltr'>suam,</span> <span class='ocrx_word' id='word_1_148' title='bbox 573 2227 727 2282; x_wconf 89' lang='lat' dir='ltr'>sicut</span> <span class='ocrx_word' id='word_1_149' title='bbox 776 2227 1048 2283; x_wconf 90' lang='lat' dir='ltr'>diabolus</span> <span class='ocrx_word' id='word_1_150' title='bbox 1114 2229 1185 2283; x_wconf 86' lang='lat' dir='ltr'>de</span> <span class='ocrx_word' id='word_1_151' title='bbox 1250 2228 1390 2283; x_wconf 75' lang='lat' dir='ltr'>coelo</span> <span class='ocrx_word' id='word_1_152' title='bbox 1457 2229 1767 2295; x_wconf 85' lang='lat' dir='ltr'>deciderat,</span> 
     </span>
    </p>
   </div>
   <div class='ocr_carea' id='block_1_22' title="bbox 123 2316 1771 2389">
    <p class='ocr_par' dir='ltr' id='par_1_22' title="bbox 123 2316 1771 2389">
     <span class='ocr_line' id='line_1_22' title="bbox 123 2316 1771 2389; baseline 0.001 -18"><span class='ocrx_word' id='word_1_153' title='bbox 123 2316 312 2374; x_wconf 85' lang='lat' dir='ltr'>invasit</span> <span class='ocrx_word' id='word_1_154' title='bbox 345 2318 459 2389; x_wconf 87' lang='grc'>(31)</span> <span class='ocrx_word' id='word_1_155' title='bbox 494 2321 561 2372; x_wconf 91' lang='lat' dir='ltr'>et.</span> <span class='ocrx_word' id='word_1_156' title='bbox 595 2333 729 2371; x_wconf 89' lang='lat' dir='ltr'>cum</span> <span class='ocrx_word' id='word_1_157' title='bbox 758 2333 824 2371; x_wconf 90' lang='lat' dir='ltr'>eo</span> <span class='ocrx_word' id='word_1_158' title='bbox 855 2333 1061 2373; x_wconf 88' lang='lat' dir='ltr'>omnes</span> <span class='ocrx_word' id='word_1_159' title='bbox 1086 2316 1306 2371; x_wconf 67' lang='lat' dir='ltr'>militiae</span> <span class='ocrx_word' id='word_1_160' title='bbox 1328 2318 1455 2386; x_wconf 83' lang='lat' dir='ltr'>ejus</span> <span class='ocrx_word' id='word_1_161' title='bbox 1476 2318 1771 2387; x_wconf 86' lang='lat' dir='ltr'>adjutores</span> 
     </span>
    </p>
   </div>
   <div class='ocr_carea' id='block_1_23' title="bbox 123 2406 1770 2478">
    <p class='ocr_par' dir='ltr' id='par_1_23' title="bbox 123 2406 1770 2478">
     <span class='ocr_line' id='line_1_23' title="bbox 123 2406 1770 2478; baseline 0.001 -17"><span class='ocrx_word' id='word_1_162' title='bbox 123 2412 169 2461; x_wconf 80' lang='lat' dir='ltr'>et</span> <span class='ocrx_word' id='word_1_163' title='bbox 196 2407 458 2463; x_wconf 78' lang='lat' dir='ltr'>fautores.</span> <span class='ocrx_word' id='word_1_164' title='bbox 492 2406 723 2462; x_wconf 87' lang='lat' dir='ltr'>Omnes</span> <span class='ocrx_word' id='word_1_165' title='bbox 752 2421 987 2478; x_wconf 92' lang='lat' dir='ltr'>quoque</span> <span class='ocrx_word' id='word_1_166' title='bbox 1028 2406 1244 2478; x_wconf 88' lang='lat' dir='ltr'>quibus</span> <span class='ocrx_word' id='word_1_167' title='bbox 1294 2406 1418 2477; x_wconf 88' lang='lat' dir='ltr'>ipse</span> <span class='ocrx_word' id='word_1_168' title='bbox 1448 2406 1770 2463; x_wconf 84' lang='lat' dir='ltr'>oblationes</span> 
     </span>
    </p>
   </div>
   <div class='ocr_carea' id='block_1_24' title="bbox 125 2493 1770 2566">
    <p class='ocr_par' dir='ltr' id='par_1_24' title="bbox 125 2493 1770 2566">
     <span class='ocr_line' id='line_1_24' title="bbox 125 2493 1770 2566; baseline 0.002 -17"><span class='ocrx_word' id='word_1_169' title='bbox 125 2495 360 2551; x_wconf 88' lang='lat' dir='ltr'>ﬁdelium</span> <span class='ocrx_word' id='word_1_170' title='bbox 402 2512 499 2551; x_wconf 89' lang='lat' dir='ltr'>res</span> <span class='ocrx_word' id='word_1_171' title='bbox 560 2493 841 2560; x_wconf 70' lang='lat' dir='ltr'>ecclesiae,</span> <span class='ocrx_word' id='word_1_172' title='bbox 875 2500 932 2549; x_wconf 91' lang='lat' dir='ltr'>et</span> <span class='ocrx_word' id='word_1_173' title='bbox 980 2494 1254 2566; x_wconf 60' lang='lat' dir='ltr'>praedicta</span> <span class='ocrx_word' id='word_1_174' title='bbox 1299 2494 1514 2550; x_wconf 84' lang='lat' dir='ltr'>divinis</span> <span class='ocrx_word' id='word_1_175' title='bbox 1565 2496 1770 2552; x_wconf 88' lang='lat' dir='ltr'>usibus</span> 
     </span>
    </p>
   </div>
   <div class='ocr_carea' id='block_1_25' title="bbox 124 2582 1772 2654">
    <p class='ocr_par' dir='ltr' id='par_1_25' title="bbox 124 2582 1772 2654">
     <span class='ocr_line' id='line_1_25' title="bbox 124 2582 1772 2654; baseline 0.001 -14"><span class='ocrx_word' id='word_1_176' title='bbox 124 2585 313 2640; x_wconf 85' lang='lat' dir='ltr'>tradita</span> <span class='ocrx_word' id='word_1_177' title='bbox 337 2584 425 2640; x_wconf 85' lang='lat' dir='ltr'>vel</span> <span class='ocrx_word' id='word_1_178' title='bbox 457 2582 734 2639; x_wconf 88' lang='lat' dir='ltr'>vendidit</span> <span class='ocrx_word' id='word_1_179' title='bbox 770 2582 856 2637; x_wconf 87' lang='lat' dir='ltr'>vel</span> <span class='ocrx_word' id='word_1_180' title='bbox 909 2583 1088 2650; x_wconf 87' lang='lat' dir='ltr'>dedit,</span> <span class='ocrx_word' id='word_1_181' title='bbox 1140 2583 1359 2654; x_wconf 88' lang='lat' dir='ltr'>pariter</span> <span class='ocrx_word' id='word_1_182' title='bbox 1404 2600 1541 2639; x_wconf 89' lang='lat' dir='ltr'>cum</span> <span class='ocrx_word' id='word_1_183' title='bbox 1590 2584 1690 2639; x_wconf 92' lang='lat' dir='ltr'>illo</span> <span class='ocrx_word' id='word_1_184' title='bbox 1737 2603 1772 2641; x_wconf 88' lang='lat' dir='ltr'>a</span> 
     </span>
    </p>
   </div>
   <div class='ocr_carea' id='block_1_26' title="bbox 126 2671 1768 2746">
    <p class='ocr_par' dir='ltr' id='par_1_26' title="bbox 126 2671 1768 2746">
     <span class='ocr_line' id='line_1_26' title="bbox 126 2671 1768 2746; baseline -0.001 -18"><span class='ocrx_word' id='word_1_185' title='bbox 126 2673 323 2745; x_wconf 84' lang='lat' dir='ltr'>gremio</span> <span class='ocrx_word' id='word_1_186' title='bbox 354 2678 587 2729; x_wconf 70' lang='lat' dir='ltr'>sancta</span> <span class='ocrx_word' id='word_1_187' title='bbox 620 2671 887 2727; x_wconf 71' lang='lat' dir='ltr'>Ecclesiae</span> <span class='ocrx_word' id='word_1_188' title='bbox 922 2671 1241 2744; x_wconf 87' lang='lat' dir='ltr'>apostolica</span> <span class='ocrx_word' id='word_1_189' title='bbox 1265 2672 1606 2728; x_wconf 82' lang='lat' dir='ltr'>auctoritate</span> <span class='ocrx_word' id='word_1_190' title='bbox 1650 2674 1768 2746; x_wconf 91' lang='lat' dir='ltr'>pel-</span> 
     </span>
    </p>
   </div>
   <div class='ocr_carea' id='block_1_27' title="bbox 128 2760 1771 2834">
    <p class='ocr_par' dir='ltr' id='par_1_27' title="bbox 128 2760 1771 2834">
     <span class='ocr_line' id='line_1_27' title="bbox 128 2760 1771 2834; baseline 0.002 -18"><span class='ocrx_word' id='word_1_191' title='bbox 128 2762 305 2831; x_wconf 91' lang='lat' dir='ltr'>limus,</span> <span class='ocrx_word' id='word_1_192' title='bbox 333 2760 939 2826; x_wconf 83' lang='lat' dir='ltr'>anathematizamus,</span> <span class='ocrx_word' id='word_1_193' title='bbox 971 2761 1344 2828; x_wconf 86' lang='lat' dir='ltr'>damnamus,</span> <span class='ocrx_word' id='word_1_194' title='bbox 1379 2767 1436 2817; x_wconf 94' lang='lat' dir='ltr'>et</span> <span class='ocrx_word' id='word_1_195' title='bbox 1458 2762 1771 2834; x_wconf 85' lang='lat' dir='ltr'>sacrilegos</span> 
     </span>
    </p>
   </div>
   <div class='ocr_carea' id='block_1_28' title="bbox 121 2849 1770 2922">
    <p class='ocr_par' dir='ltr' id='par_1_28' title="bbox 121 2849 1770 2922">
     <span class='ocr_line' id='line_1_28' title="bbox 121 2849 1770 2922; baseline 0.001 -17"><span class='ocrx_word' id='word_1_196' title='bbox 121 2852 463 2922; x_wconf 88' lang='lat' dir='ltr'>judicamus,</span> <span class='ocrx_word' id='word_1_197' title='bbox 490 2866 691 2921; x_wconf 83' lang='lat' dir='ltr'>usque</span> <span class='ocrx_word' id='word_1_198' title='bbox 712 2850 853 2904; x_wconf 90' lang='lat' dir='ltr'>dum</span> <span class='ocrx_word' id='word_1_199' title='bbox 879 2866 987 2904; x_wconf 88' lang='lat' dir='ltr'>sua</span> <span class='ocrx_word' id='word_1_200' title='bbox 1007 2849 1274 2904; x_wconf 68' lang='lat' dir='ltr'>Ecclesia:</span> <span class='ocrx_word' id='word_1_201' title='bbox 1300 2851 1627 2906; x_wconf 87' lang='lat' dir='ltr'>restituant.</span> <span class='ocrx_word' id='word_1_202' title='bbox 1656 2855 1770 2906; x_wconf 88' lang='lat' dir='ltr'>Vos</span> 
     </span>
    </p>
   </div>
   <div class='ocr_carea' id='block_1_29' title="bbox 126 2938 1770 3011">
    <p class='ocr_par' dir='ltr' id='par_1_29' title="bbox 126 2938 1770 3011">
     <span class='ocr_line' id='line_1_29' title="bbox 126 2938 1770 3011; baseline 0.001 -17"><span class='ocrx_word' id='word_1_203' title='bbox 126 2946 319 3007; x_wconf 83' lang='lat' dir='ltr'>autem,</span> <span class='ocrx_word' id='word_1_204' title='bbox 353 2940 541 2995; x_wconf 83' lang='lat' dir='ltr'>frater</span> <span class='ocrx_word' id='word_1_205' title='bbox 578 2938 947 3005; x_wconf 88' lang='lat' dir='ltr'>charissime,</span> <span class='ocrx_word' id='word_1_206' title='bbox 980 2939 1251 3011; x_wconf 85' lang='lat' dir='ltr'>gaudete,</span> <span class='ocrx_word' id='word_1_207' title='bbox 1287 2938 1423 3010; x_wconf 90' lang='lat' dir='ltr'>quia</span> <span class='ocrx_word' id='word_1_208' title='bbox 1455 2955 1550 2993; x_wconf 81' lang='lat' dir='ltr'>rex</span> <span class='ocrx_word' id='word_1_209' title='bbox 1597 2939 1770 2995; x_wconf 84' lang='lat' dir='ltr'>Israel</span> 
     </span>
    </p>
   </div>
   <div class='ocr_carea' id='block_1_30' title="bbox 127 3025 1767 3099">
    <p class='ocr_par' dir='ltr' id='par_1_30' title="bbox 127 3025 1767 3099">
     <span class='ocr_line' id='line_1_30' title="bbox 127 3025 1767 3099; baseline 0.001 -17"><span class='ocrx_word' id='word_1_210' title='bbox 127 3028 293 3084; x_wconf 88' lang='lat' dir='ltr'>ﬁlium</span> <span class='ocrx_word' id='word_1_211' title='bbox 323 3046 502 3084; x_wconf 90' lang='lat' dir='ltr'>suum</span> <span class='ocrx_word' id='word_1_212' title='bbox 536 3026 670 3082; x_wconf 73' lang='lat' dir='ltr'>vult</span> <span class='ocrx_word' id='word_1_213' title='bbox 701 3043 877 3098; x_wconf 90' lang='lat' dir='ltr'>super</span> <span class='ocrx_word' id='word_1_214' title='bbox 897 3026 1142 3082; x_wconf 85' lang='lat' dir='ltr'>ﬂumina</span> <span class='ocrx_word' id='word_1_215' title='bbox 1164 3025 1476 3099; x_wconf 83' lang='lat' dir='ltr'>Babylonis</span> <span class='ocrx_word' id='word_1_216' title='bbox 1495 3028 1693 3083; x_wconf 80' lang='lat' dir='ltr'>sedere</span> <span class='ocrx_word' id='word_1_217' title='bbox 1715 3032 1767 3083; x_wconf 85' lang='lat' dir='ltr'>et</span> 
     </span>
    </p>
   </div>
   <div class='ocr_carea' id='block_1_31' title="bbox 127 3115 1767 3187">
    <p class='ocr_par' dir='ltr' id='par_1_31' title="bbox 127 3115 1767 3187">
     <span class='ocr_line' id='line_1_31' title="bbox 127 3115 1767 3187; baseline 0.001 -16"><span class='ocrx_word' id='word_1_218' title='bbox 127 3117 266 3185; x_wconf 87' lang='lat' dir='ltr'>ﬁere,</span> <span class='ocrx_word' id='word_1_219' title='bbox 293 3123 348 3175; x_wconf 90' lang='lat' dir='ltr'>et</span> <span class='ocrx_word' id='word_1_220' title='bbox 376 3118 448 3174; x_wconf 90' lang='lat' dir='ltr'>ad</span> <span class='ocrx_word' id='word_1_221' title='bbox 483 3116 747 3172; x_wconf 85' lang='lat' dir='ltr'>reditum</span> <span class='ocrx_word' id='word_1_222' title='bbox 779 3115 833 3169; x_wconf 89' lang='lat' dir='ltr'>in</span> <span class='ocrx_word' id='word_1_223' title='bbox 872 3124 1083 3171; x_wconf 91' lang='lat' dir='ltr'>terram</span> <span class='ocrx_word' id='word_1_224' title='bbox 1139 3116 1546 3187; x_wconf 89' lang='lat' dir='ltr'>promissionis</span> <span class='ocrx_word' id='word_1_225' title='bbox 1588 3116 1767 3173; x_wconf 90' lang='lat' dir='ltr'>libero</span> 
     </span>
    </p>
   </div>
   <div class='ocr_carea' id='block_1_32' title="bbox 126 3203 1769 3276">
    <p class='ocr_par' dir='ltr' id='par_1_32' title="bbox 126 3203 1769 3276">
     <span class='ocr_line' id='line_1_32' title="bbox 126 3203 1769 3276; baseline -0.001 -14"><span class='ocrx_word' id='word_1_226' title='bbox 126 3208 300 3262; x_wconf 88' lang='lat' dir='ltr'>cordis</span> <span class='ocrx_word' id='word_1_227' title='bbox 328 3207 555 3262; x_wconf 80' lang='lat' dir='ltr'>aﬁ‘ectu</span> <span class='ocrx_word' id='word_1_228' title='bbox 588 3203 904 3275; x_wconf 86' lang='lat' dir='ltr'>suspirare,</span> <span class='ocrx_word' id='word_1_229' title='bbox 939 3221 1053 3259; x_wconf 91' lang='lat' dir='ltr'>non</span> <span class='ocrx_word' id='word_1_230' title='bbox 1089 3204 1143 3259; x_wconf 92' lang='lat' dir='ltr'>in</span> <span class='ocrx_word' id='word_1_231' title='bbox 1170 3204 1314 3276; x_wconf 87' lang='lat' dir='ltr'>ipsis</span> <span class='ocrx_word' id='word_1_232' title='bbox 1345 3205 1691 3260; x_wconf 78' lang='lat' dir='ltr'>fluminibus</span> <span class='ocrx_word' id='word_1_233' title='bbox 1712 3211 1769 3261; x_wconf 92' lang='lat' dir='ltr'>et</span> 
     </span>
    </p>
   </div>
   <div class='ocr_carea' id='block_1_33' title="bbox 125 3291 1769 3364">
    <p class='ocr_par' dir='ltr' id='par_1_33' title="bbox 125 3291 1769 3364">
     <span class='ocr_line' id='line_1_33' title="bbox 125 3291 1769 3364; baseline -0.001 -14"><span class='ocrx_word' id='word_1_234' title='bbox 125 3294 321 3351; x_wconf 87' lang='lat' dir='ltr'>studiis</span> <span class='ocrx_word' id='word_1_235' title='bbox 368 3292 764 3351; x_wconf 74' lang='lat' dir='ltr'>saecularibus</span> <span class='ocrx_word' id='word_1_236' title='bbox 812 3291 1162 3364; x_wconf 89' lang='lat' dir='ltr'>implicitum</span> <span class='ocrx_word' id='word_1_237' title='bbox 1212 3293 1467 3349; x_wconf 90' lang='lat' dir='ltr'>interire.</span> <span class='ocrx_word' id='word_1_238' title='bbox 1525 3298 1769 3349; x_wconf 90' lang='lat' dir='ltr'>Summa</span> 
     </span>
    </p>
   </div>
   <div class='ocr_carea' id='block_1_34' title="bbox 128 3381 1771 3454">
    <p class='ocr_par' dir='ltr' id='par_1_34' title="bbox 128 3381 1771 3454">
     <span class='ocr_line' id='line_1_34' title="bbox 128 3381 1771 3454; baseline 0.001 -17"><span class='ocrx_word' id='word_1_239' title='bbox 128 3389 321 3440; x_wconf 68' lang='lat' dir='ltr'>nostrae</span> <span class='ocrx_word' id='word_1_240' title='bbox 357 3381 688 3439; x_wconf 78' lang='lat' dir='ltr'>voluntatis</span> <span class='ocrx_word' id='word_1_241' title='bbox 736 3384 825 3436; x_wconf 85' lang='lat' dir='ltr'>est</span> <span class='ocrx_word' id='word_1_242' title='bbox 871 3386 936 3437; x_wconf 90' lang='lat' dir='ltr'>ut</span> <span class='ocrx_word' id='word_1_243' title='bbox 983 3386 1177 3437; x_wconf 85' lang='lat' dir='ltr'>teneat</span> <span class='ocrx_word' id='word_1_244' title='bbox 1224 3382 1534 3454; x_wconf 86' lang='lat' dir='ltr'>prudentia</span> <span class='ocrx_word' id='word_1_245' title='bbox 1578 3388 1771 3439; x_wconf 85' lang='lat' dir='ltr'>vestra</span> 
     </span>
    </p>
   </div>
   <div class='ocr_carea' id='block_1_35' title="bbox 129 3470 1769 3543">
    <p class='ocr_par' dir='ltr' id='par_1_35' title="bbox 129 3470 1769 3543">
     <span class='ocr_line' id='line_1_35' title="bbox 129 3470 1769 3543; baseline 0 -17"><span class='ocrx_word' id='word_1_246' title='bbox 129 3473 267 3543; x_wconf 88' lang='lat' dir='ltr'>quod</span> <span class='ocrx_word' id='word_1_247' title='bbox 314 3473 463 3528; x_wconf 88' lang='lat' dir='ltr'>ratio</span> <span class='ocrx_word' id='word_1_248' title='bbox 515 3470 856 3543; x_wconf 88' lang='lat' dir='ltr'>persuadet,</span> <span class='ocrx_word' id='word_1_249' title='bbox 909 3470 1212 3542; x_wconf 89' lang='lat' dir='ltr'>Scriptura</span> <span class='ocrx_word' id='word_1_250' title='bbox 1258 3470 1454 3526; x_wconf 88' lang='lat' dir='ltr'>divina</span> <span class='ocrx_word' id='word_1_251' title='bbox 1502 3475 1769 3539; x_wconf 89' lang='lat' dir='ltr'>testatur,</span> 
     </span>
    </p>
   </div>
   <div class='ocr_carea' id='block_1_36' title="bbox 128 3559 1773 3633">
    <p class='ocr_par' dir='ltr' id='par_1_36' title="bbox 128 3559 1773 3633">
     <span class='ocr_line' id='line_1_36' title="bbox 128 3559 1773 3633; baseline 0.001 -18"><span class='ocrx_word' id='word_1_252' title='bbox 128 3567 329 3617; x_wconf 67' lang='lat' dir='ltr'>sancta:</span> <span class='ocrx_word' id='word_1_253' title='bbox 358 3559 673 3633; x_wconf 84' lang='lat' dir='ltr'>religionis</span> <span class='ocrx_word' id='word_1_254' title='bbox 703 3559 844 3614; x_wconf 93' lang='lat' dir='ltr'>ordo</span> <span class='ocrx_word' id='word_1_255' title='bbox 876 3559 1140 3631; x_wconf 90' lang='lat' dir='ltr'>requirit,</span> <span class='ocrx_word' id='word_1_256' title='bbox 1176 3564 1495 3631; x_wconf 82' lang='lat' dir='ltr'>martyrum</span> <span class='ocrx_word' id='word_1_257' title='bbox 1530 3559 1773 3632; x_wconf 86' lang='lat' dir='ltr'>sanguis</span> 
     </span>
    </p>
   </div>
   <div class='ocr_carea' id='block_1_37' title="bbox 130 3647 1771 3717">
    <p class='ocr_par' dir='ltr' id='par_1_37' title="bbox 130 3647 1771 3717">
     <span class='ocr_line' id='line_1_37' title="bbox 130 3647 1771 3717; baseline 0.001 -14"><span class='ocrx_word' id='word_1_258' title='bbox 130 3649 397 3717; x_wconf 88' lang='lat' dir='ltr'>insinuat,</span> <span class='ocrx_word' id='word_1_259' title='bbox 451 3653 647 3705; x_wconf 90' lang='lat' dir='ltr'>mater</span> <span class='ocrx_word' id='word_1_260' title='bbox 694 3653 915 3714; x_wconf 89' lang='lat' dir='ltr'>nostra,</span> <span class='ocrx_word' id='word_1_261' title='bbox 968 3652 1170 3702; x_wconf 91' lang='lat' dir='ltr'>sancta</span> <span class='ocrx_word' id='word_1_262' title='bbox 1226 3647 1448 3703; x_wconf 89' lang='lat' dir='ltr'>scilicet</span> <span class='ocrx_word' id='word_1_263' title='bbox 1496 3648 1771 3717; x_wconf 89' lang='lat' dir='ltr'>Ecclesia,</span> 
     </span>
    </p>
   </div>
   <div class='ocr_carea' id='block_1_38' title="bbox 128 3735 1775 3812">
    <p class='ocr_par' dir='ltr' id='par_1_38' title="bbox 128 3735 1775 3812">
     <span class='ocr_line' id='line_1_38' title="bbox 128 3735 1775 3812; baseline -0.001 -19"><span class='ocrx_word' id='word_1_264' title='bbox 128 3740 378 3812; x_wconf 69' lang='lat' dir='ltr'>praecipit</span> <span class='ocrx_word' id='word_1_265' title='bbox 398 3744 457 3795; x_wconf 92' lang='lat' dir='ltr'>et</span> <span class='ocrx_word' id='word_1_266' title='bbox 480 3737 880 3793; x_wconf 88' lang='lat' dir='ltr'>commendat.</span> <span class='ocrx_word' id='word_1_267' title='bbox 908 3736 1134 3791; x_wconf 89' lang='lat' dir='ltr'>Veritas</span> <span class='ocrx_word' id='word_1_268' title='bbox 1156 3735 1283 3808; x_wconf 89' lang='lat' dir='ltr'>ipsa</span> <span class='ocrx_word' id='word_1_269' title='bbox 1301 3742 1365 3791; x_wconf 90' lang='lat' dir='ltr'>ut</span> <span class='ocrx_word' id='word_1_270' title='bbox 1385 3738 1456 3791; x_wconf 89' lang='lat' dir='ltr'>ad</span> <span class='ocrx_word' id='word_1_271' title='bbox 1477 3738 1775 3793; x_wconf 90' lang='lat' dir='ltr'>veritatem</span> 
     </span>
    </p>
   </div>
   <div class='ocr_carea' id='block_1_39' title="bbox 132 3823 1777 3897">
    <p class='ocr_par' dir='ltr' id='par_1_39' title="bbox 132 3823 1777 3897">
     <span class='ocr_line' id='line_1_39' title="bbox 132 3823 1777 3897; baseline -0.001 -15"><span class='ocrx_word' id='word_1_272' title='bbox 132 3843 231 3883; x_wconf 86' lang='lat' dir='ltr'>nos</span> <span class='ocrx_word' id='word_1_273' title='bbox 254 3829 620 3884; x_wconf 84' lang='lat' dir='ltr'>converteret</span> <span class='ocrx_word' id='word_1_274' title='bbox 649 3824 796 3880; x_wconf 90' lang='lat' dir='ltr'>mori</span> <span class='ocrx_word' id='word_1_275' title='bbox 833 3823 1037 3891; x_wconf 92' lang='lat' dir='ltr'>voluit,</span> <span class='ocrx_word' id='word_1_276' title='bbox 1090 3824 1353 3897; x_wconf 88' lang='lat' dir='ltr'>nihilque</span> <span class='ocrx_word' id='word_1_277' title='bbox 1398 3826 1626 3881; x_wconf 89' lang='lat' dir='ltr'>animas</span> <span class='ocrx_word' id='word_1_278' title='bbox 1675 3842 1777 3880; x_wconf 92' lang='lat' dir='ltr'>no-</span> 
     </span>
    </p>
   </div>
   <div class='ocr_carea' id='block_1_40' title="bbox 132 3899 1779 3986">
    <p class='ocr_par' dir='ltr' id='par_1_40' title="bbox 132 3899 1779 3986">
     <span class='ocr_line' id='line_1_40' title="bbox 132 3899 1779 3986; baseline 0.001 -17"><span class='ocrx_word' id='word_1_279' title='bbox 132 3920 295 3986; x_wconf 87' lang='lat' dir='ltr'>stras,</span> <span class='ocrx_word' id='word_1_280' title='bbox 322 3916 436 3973; x_wconf 88' lang='lat' dir='ltr'>nisi</span> <span class='ocrx_word' id='word_1_281' title='bbox 470 3914 602 3972; x_wconf 88' lang='lat' dir='ltr'>sola</span> <span class='ocrx_word' id='word_1_282' title='bbox 636 3914 864 3969; x_wconf 85' lang='lat' dir='ltr'>Veritas</span> <span class='ocrx_word' id='word_1_283' title='bbox 895 3931 930 3969; x_wconf 89' lang='lat' dir='ltr'>a</span> <span class='ocrx_word' id='word_1_284' title='bbox 979 3918 1262 3986; x_wconf 89' lang='lat' dir='ltr'>potestate</span> <span class='ocrx_word' id='word_1_285' title='bbox 1309 3899 1527 3971; x_wconf 83' lang='lat' dir='ltr'>diaboli</span> <span class='ocrx_word' id='word_1_286' title='bbox 1570 3914 1779 3971; x_wconf 87' lang='lat' dir='ltr'>libera-</span> 
     </span>
    </p>
   </div>
   <div class='ocr_carea' id='block_1_41' title="bbox 133 4002 1784 4074">
    <p class='ocr_par' dir='ltr' id='par_1_41' title="bbox 133 4002 1784 4074">
     <span class='ocr_line' id='line_1_41' title="bbox 133 4002 1784 4074; baseline 0.002 -17"><span class='ocrx_word' id='word_1_287' title='bbox 133 4005 230 4060; x_wconf 86' lang='lat' dir='ltr'>bit.</span> <span class='ocrx_word' id='word_1_288' title='bbox 262 4005 538 4062; x_wconf 86' lang='lat' dir='ltr'>Salutant</span> <span class='ocrx_word' id='word_1_289' title='bbox 567 4019 670 4058; x_wconf 87' lang='lat' dir='ltr'>vos</span> <span class='ocrx_word' id='word_1_290' title='bbox 695 4002 755 4057; x_wconf 92' lang='lat' dir='ltr'>in</span> <span class='ocrx_word' id='word_1_291' title='bbox 786 4002 1014 4058; x_wconf 89' lang='lat' dir='ltr'>Christo</span> <span class='ocrx_word' id='word_1_292' title='bbox 1053 4007 1111 4057; x_wconf 88' lang='lat' dir='ltr'>et</span> <span class='ocrx_word' id='word_1_293' title='bbox 1140 4003 1238 4074; x_wconf 90' lang='lat' dir='ltr'>qui</span> <span class='ocrx_word' id='word_1_294' title='bbox 1284 4002 1587 4058; x_wconf 90' lang='lat' dir='ltr'>vobiscum</span> <span class='ocrx_word' id='word_1_295' title='bbox 1643 4009 1784 4060; x_wconf 89' lang='lat' dir='ltr'>sunt</span> 
     </span>
    </p>
   </div>
   <div class='ocr_carea' id='block_1_42' title="bbox 134 4091 1784 4165">
    <p class='ocr_par' dir='ltr' id='par_1_42' title="bbox 134 4091 1784 4165">
     <span class='ocr_line' id='line_1_42' title="bbox 134 4091 1784 4165; baseline 0 -18"><span class='ocrx_word' id='word_1_296' title='bbox 134 4091 331 4150; x_wconf 81' lang='lat' dir='ltr'>fratres</span> <span class='ocrx_word' id='word_1_297' title='bbox 377 4098 610 4149; x_wconf 83' lang='lat' dir='ltr'>vestros</span> <span class='ocrx_word' id='word_1_298' title='bbox 656 4091 714 4146; x_wconf 91' lang='lat' dir='ltr'>in</span> <span class='ocrx_word' id='word_1_299' title='bbox 765 4091 1034 4163; x_wconf 69' lang='lat' dir='ltr'>praesenti</span> <span class='ocrx_word' id='word_1_300' title='bbox 1086 4091 1391 4147; x_wconf 84' lang='lat' dir='ltr'>nobiscum</span> <span class='ocrx_word' id='word_1_301' title='bbox 1449 4093 1784 4165; x_wconf 87' lang='lat' dir='ltr'>congregati</span> 
     </span>
    </p>
   </div>
   <div class='ocr_carea' id='block_1_43' title="bbox 136 4179 1784 4254">
    <p class='ocr_par' dir='ltr' id='par_1_43' title="bbox 136 4179 1784 4254">
     <span class='ocr_line' id='line_1_43' title="bbox 136 4179 1784 4254; baseline 0.001 -19"><span class='ocrx_word' id='word_1_302' title='bbox 136 4181 403 4254; x_wconf 87' lang='lat' dir='ltr'>episcopi,</span> <span class='ocrx_word' id='word_1_303' title='bbox 438 4181 664 4248; x_wconf 88' lang='lat' dir='ltr'>clerici,</span> <span class='ocrx_word' id='word_1_304' title='bbox 696 4180 939 4236; x_wconf 86' lang='lat' dir='ltr'>abbates</span> <span class='ocrx_word' id='word_1_305' title='bbox 960 4186 1018 4236; x_wconf 90' lang='lat' dir='ltr'>et</span> <span class='ocrx_word' id='word_1_306' title='bbox 1039 4179 1329 4247; x_wconf 88' lang='lat' dir='ltr'>monachi,</span> <span class='ocrx_word' id='word_1_307' title='bbox 1356 4183 1422 4235; x_wconf 89' lang='lat' dir='ltr'>ut</span> <span class='ocrx_word' id='word_1_308' title='bbox 1443 4181 1784 4237; x_wconf 88' lang='lat' dir='ltr'>memoriam</span> 
     </span>
    </p>
   </div>
   <div class='ocr_carea' id='block_1_44' title="bbox 135 4267 1792 4336">
    <p class='ocr_par' dir='ltr' id='par_1_44' title="bbox 135 4267 1792 4336">
     <span class='ocr_line' id='line_1_44' title="bbox 135 4267 1792 4336; baseline -0.001 -10"><span class='ocrx_word' id='word_1_309' title='bbox 135 4272 311 4326; x_wconf 87' lang='lat' dir='ltr'>nostri</span> <span class='ocrx_word' id='word_1_310' title='bbox 342 4272 403 4326; x_wconf 94' lang='lat' dir='ltr'>in</span> <span class='ocrx_word' id='word_1_311' title='bbox 436 4269 654 4326; x_wconf 86' lang='lat' dir='ltr'>vestris</span> <span class='ocrx_word' id='word_1_312' title='bbox 705 4268 925 4324; x_wconf 89' lang='lat' dir='ltr'>sanctis</span> <span class='ocrx_word' id='word_1_313' title='bbox 978 4267 1343 4324; x_wconf 90' lang='lat' dir='ltr'>orationibus</span> <span class='ocrx_word' id='word_1_314' title='bbox 1392 4267 1677 4336; x_wconf 90' lang='lat' dir='ltr'>habeatis,</span> <span class='ocrx_word' id='word_1_315' title='bbox 1725 4274 1792 4325; x_wconf 91' lang='lat' dir='ltr'>ut</span> 
     </span>
    </p>
   </div>
   <div class='ocr_carea' id='block_1_45' title="bbox 136 4355 1792 4431">
    <p class='ocr_par' dir='ltr' id='par_1_45' title="bbox 136 4355 1792 4431">
     <span class='ocr_line' id='line_1_45' title="bbox 136 4355 1792 4431; baseline -0.001 -17"><span class='ocrx_word' id='word_1_316' title='bbox 136 4375 234 4430; x_wconf 75' lang='lat' dir='ltr'>pro</span> <span class='ocrx_word' id='word_1_317' title='bbox 263 4376 403 4431; x_wconf 89' lang='lat' dir='ltr'>pace</span> <span class='ocrx_word' id='word_1_318' title='bbox 431 4362 640 4413; x_wconf 87' lang='lat' dir='ltr'>nostra</span> <span class='ocrx_word' id='word_1_319' title='bbox 668 4361 724 4413; x_wconf 91' lang='lat' dir='ltr'>et</span> <span class='ocrx_word' id='word_1_320' title='bbox 756 4360 967 4413; x_wconf 65' lang='lat' dir='ltr'>sancta:</span> <span class='ocrx_word' id='word_1_321' title='bbox 1000 4355 1269 4411; x_wconf 61' lang='lat' dir='ltr'>Ecclesia</span> <span class='ocrx_word' id='word_1_322' title='bbox 1301 4372 1436 4411; x_wconf 91' lang='lat' dir='ltr'>eum</span> <span class='ocrx_word' id='word_1_323' title='bbox 1471 4356 1570 4428; x_wconf 90' lang='lat' dir='ltr'>qui</span> <span class='ocrx_word' id='word_1_324' title='bbox 1620 4362 1792 4413; x_wconf 89' lang='lat' dir='ltr'>natus</span> 
     </span>
    </p>
   </div>
   <div class='ocr_carea' id='block_1_46' title="bbox 138 4445 1795 4518">
    <p class='ocr_par' dir='ltr' id='par_1_46' title="bbox 138 4445 1795 4518">
     <span class='ocr_line' id='line_1_46' title="bbox 138 4445 1795 4518; baseline -0.001 -15"><span class='ocrx_word' id='word_1_325' title='bbox 138 4463 329 4518; x_wconf 89' lang='lat' dir='ltr'>pacem</span> <span class='ocrx_word' id='word_1_326' title='bbox 362 4447 543 4503; x_wconf 89' lang='lat' dir='ltr'>terris</span> <span class='ocrx_word' id='word_1_327' title='bbox 568 4445 784 4512; x_wconf 83' lang='lat' dir='ltr'>attulit,</span> <span class='ocrx_word' id='word_1_328' title='bbox 820 4446 1040 4518; x_wconf 92' lang='lat' dir='ltr'>quique</span> <span class='ocrx_word' id='word_1_329' title='bbox 1071 4462 1177 4501; x_wconf 92' lang='lat' dir='ltr'>suo</span> <span class='ocrx_word' id='word_1_330' title='bbox 1205 4446 1496 4517; x_wconf 86' lang='lat' dir='ltr'>sanguine</span> <span class='ocrx_word' id='word_1_331' title='bbox 1520 4462 1647 4500; x_wconf 91' lang='lat' dir='ltr'>eam</span> <span class='ocrx_word' id='word_1_332' title='bbox 1681 4446 1795 4502; x_wconf 92' lang='lat' dir='ltr'>sibi</span> 
     </span>
    </p>
   </div>
   <div class='ocr_carea' id='block_1_47' title="bbox 136 4533 1877 4616">
    <p class='ocr_par' dir='ltr' id='par_1_47' title="bbox 136 4533 1877 4616">
     <span class='ocr_line' id='line_1_47' title="bbox 136 4533 1877 4616; baseline 0 -26"><span class='ocrx_word' id='word_1_333' title='bbox 136 4535 772 4609; x_wconf 86' lang='lat' dir='ltr'>desponsavit,rogetis</span> <span class='ocrx_word' id='word_1_334' title='bbox 793 4533 1140 4607; x_wconf 89' lang='lat' dir='ltr'>suppliciter</span> <span class='ocrx_word' id='word_1_335' title='bbox 1165 4550 1492 4590; x_wconf 86' lang='lat' dir='ltr'>exoramus.</span> <span class='ocrx_word' id='word_1_336' title='bbox 1519 4534 1798 4591; x_wconf 88' lang='lat' dir='ltr'>Charissi-</span> <span class='ocrx_word' id='word_1_337' title='bbox 1829 4550 1877 4616; x_wconf 82' lang='lat' dir='ltr'><strong>D</strong></span> 
     </span>
    </p>
   </div>
   <div class='ocr_carea' id='block_1_48' title="bbox 141 4622 1795 4690">
    <p class='ocr_par' dir='ltr' id='par_1_48' title="bbox 141 4622 1795 4690">
     <span class='ocr_line' id='line_1_48' title="bbox 141 4622 1795 4690; baseline 0.001 -12"><span class='ocrx_word' id='word_1_338' title='bbox 141 4640 266 4679; x_wconf 87' lang='lat' dir='ltr'>mus</span> <span class='ocrx_word' id='word_1_339' title='bbox 316 4625 482 4680; x_wconf 88' lang='lat' dir='ltr'>ﬁlius</span> <span class='ocrx_word' id='word_1_340' title='bbox 546 4627 744 4679; x_wconf 88' lang='lat' dir='ltr'>noster</span> <span class='ocrx_word' id='word_1_341' title='bbox 799 4623 1135 4690; x_wconf 90' lang='lat' dir='ltr'>Gerbertus,</span> <span class='ocrx_word' id='word_1_342' title='bbox 1197 4623 1408 4678; x_wconf 89' lang='lat' dir='ltr'>harum</span> <span class='ocrx_word' id='word_1_343' title='bbox 1471 4622 1795 4679; x_wconf 88' lang='lat' dir='ltr'>litterarum</span> 
     </span>
    </p>
   </div>
   <div class='ocr_carea' id='block_1_49' title="bbox 139 4710 1798 4784">
    <p class='ocr_par' dir='ltr' id='par_1_49' title="bbox 139 4710 1798 4784">
     <span class='ocr_line' id='line_1_49' title="bbox 139 4710 1798 4784; baseline 0.001 -17"><span class='ocrx_word' id='word_1_344' title='bbox 139 4713 399 4784; x_wconf 88' lang='lat' dir='ltr'>gerulus,</span> <span class='ocrx_word' id='word_1_345' title='bbox 437 4711 702 4784; x_wconf 88' lang='lat' dir='ltr'>quando,</span> <span class='ocrx_word' id='word_1_346' title='bbox 737 4710 865 4781; x_wconf 87' lang='lat' dir='ltr'>ubi,</span> <span class='ocrx_word' id='word_1_347' title='bbox 910 4713 1223 4783; x_wconf 91' lang='lat' dir='ltr'>quomodo,</span> <span class='ocrx_word' id='word_1_348' title='bbox 1277 4728 1409 4767; x_wconf 91' lang='lat' dir='ltr'>cum</span> <span class='ocrx_word' id='word_1_349' title='bbox 1464 4712 1679 4784; x_wconf 90' lang='lat' dir='ltr'>quibus</span> <span class='ocrx_word' id='word_1_350' title='bbox 1727 4714 1798 4769; x_wconf 91' lang='lat' dir='ltr'>ad</span> 
     </span>
    </p>
   </div>
   <div class='ocr_carea' id='block_1_50' title="bbox 142 4799 1797 4874">
    <p class='ocr_par' dir='ltr' id='par_1_50' title="bbox 142 4799 1797 4874">
     <span class='ocr_line' id='line_1_50' title="bbox 142 4799 1797 4874; baseline 0.002 -20"><span class='ocrx_word' id='word_1_351' title='bbox 142 4817 244 4856; x_wconf 88' lang='lat' dir='ltr'>nos</span> <span class='ocrx_word' id='word_1_352' title='bbox 301 4802 434 4856; x_wconf 88' lang='lat' dir='ltr'>sine</span> <span class='ocrx_word' id='word_1_353' title='bbox 497 4800 914 4871; x_wconf 88' lang='lat' dir='ltr'>impedimento</span> <span class='ocrx_word' id='word_1_354' title='bbox 983 4800 1211 4857; x_wconf 85' lang='lat' dir='ltr'>Satanae</span> <span class='ocrx_word' id='word_1_355' title='bbox 1276 4799 1473 4856; x_wconf 88' lang='lat' dir='ltr'>venire</span> <span class='ocrx_word' id='word_1_356' title='bbox 1532 4800 1797 4874; x_wconf 90' lang='lat' dir='ltr'>possitis,</span> 
     </span>
    </p>
   </div>
   <div class='ocr_carea' id='block_1_51' title="bbox 140 4888 1318 4946">
    <p class='ocr_par' dir='ltr' id='par_1_51' title="bbox 140 4888 1318 4946">
     <span class='ocr_line' id='line_1_51' title="bbox 140 4888 1318 4946; baseline -0.001 -2"><span class='ocrx_word' id='word_1_357' title='bbox 140 4894 361 4946; x_wconf 88' lang='lat' dir='ltr'>secreto</span> <span class='ocrx_word' id='word_1_358' title='bbox 389 4888 681 4945; x_wconf 89' lang='lat' dir='ltr'>indicabit</span> <span class='ocrx_word' id='word_1_359' title='bbox 709 4889 893 4944; x_wconf 92' lang='lat' dir='ltr'>vobis.</span> <span class='ocrx_word' id='word_1_360' title='bbox 932 4889 1082 4946; x_wconf 87' lang='lat' dir='ltr'>Bene</span> <span class='ocrx_word' id='word_1_361' title='bbox 1114 4888 1318 4945; x_wconf 86' lang='lat' dir='ltr'>valete.</span> 
     </span>
    </p>
   </div>
   <div class='ocr_carea' id='block_1_52' title="bbox 216 5296 1805 5372">
    <p class='ocr_par' dir='ltr' id='par_1_52' title="bbox 216 5296 1805 5372">
     <span class='ocr_line' id='line_1_52' title="bbox 216 5296 1805 5372; baseline 0.003 -17"><span class='ocrx_word' id='word_1_362' title='bbox 216 5300 331 5372; x_wconf 82' lang='lat'>(30)</span> <span class='ocrx_word' id='word_1_363' title='bbox 359 5299 499 5372; x_wconf 87' lang='lat' dir='ltr'>Sive</span> <span class='ocrx_word' id='word_1_364' title='bbox 532 5297 762 5372; x_wconf 83' lang='lat' dir='ltr'>Luponi</span> <span class='ocrx_word' id='word_1_365' title='bbox 785 5299 980 5358; x_wconf 88' lang='lat' dir='ltr'>abbati</span> <span class='ocrx_word' id='word_1_366' title='bbox 1009 5297 1373 5372; x_wconf 88' lang='lat' dir='ltr'>Trudonensi</span> <span class='ocrx_word' id='word_1_367' title='bbox 1406 5296 1509 5371; x_wconf 87' lang='lat' dir='ltr'>qui</span> <span class='ocrx_word' id='word_1_368' title='bbox 1541 5298 1612 5356; x_wconf 90' lang='lat' dir='ltr'>ab</span> <span class='ocrx_word' id='word_1_369' title='bbox 1658 5302 1805 5359; x_wconf 83' lang='lat' dir='ltr'>Hen-</span> 
     </span>
    </p>
   </div>
   <div class='ocr_carea' id='block_1_53' title="bbox 385 5370 1807 5441">
    <p class='ocr_par' dir='ltr' id='par_1_53' title="bbox 385 5370 1807 5441">
     <span class='ocr_line' id='line_1_53' title="bbox 385 5370 1807 5441; baseline 0.004 -15"><span class='ocrx_word' id='word_1_370' title='bbox 385 5370 643 5441; x_wconf 15' lang='lat' dir='ltr'>odiensii</span> <span class='ocrx_word' id='word_1_371' title='bbox 673 5370 874 5441; x_wconf 89' lang='lat' dir='ltr'>pulsus</span> <span class='ocrx_word' id='word_1_372' title='bbox 920 5389 1028 5430; x_wconf 91' lang='lat' dir='ltr'>sua</span> <span class='ocrx_word' id='word_1_373' title='bbox 1071 5371 1353 5441; x_wconf 87' lang='lat' dir='ltr'>dignitate</span> <span class='ocrx_word' id='word_1_374' title='bbox 1404 5370 1609 5428; x_wconf 81' lang='lat' dir='ltr'>fuerat.</span> <span class='ocrx_word' id='word_1_375' title='bbox 1663 5374 1807 5431; x_wconf 88' lang='lat' dir='ltr'>Vide</span> 
     </span>
    </p>
   </div>
   <div class='ocr_carea' id='block_1_54' title="bbox 148 5386 1223 5515">
    <p class='ocr_par' dir='ltr' id='par_1_54' title="bbox 148 5386 1223 5515">
     <span class='ocr_line' id='line_1_54' title="bbox 148 5386 1223 5441; baseline 0.003 -18"><span class='ocrx_word' id='word_1_376' title='bbox 148 5386 264 5428; x_wconf 80' lang='lat' dir='ltr'>rice</span> <span class='ocrx_word' id='word_1_377' title='bbox 304 5386 623 5427; x_wconf 74' lang='lat' dir='ltr'>Leoniensl</span> <span class='ocrx_word' id='word_1_378' title='bbox 673 5386 874 5441; x_wconf 79' lang='lat' dir='ltr'>pulsus</span> <span class='ocrx_word' id='word_1_379' title='bbox 920 5389 1028 5430; x_wconf 91' lang='lat' dir='ltr'>sua</span> <span class='ocrx_word' id='word_1_380' title='bbox 1071 5386 1125 5427; x_wconf 83' lang='grc' dir='ltr'>αι</span> <span class='ocrx_word' id='word_1_381' title='bbox 1175 5388 1223 5427; x_wconf 79' lang='lat' dir='ltr'>n1</span> 
     </span>
     <span class='ocr_line' id='line_1_55' title="bbox 148 5388 1223 5515; baseline 0 -19"><span class='ocrx_word' id='word_1_382' title='bbox 148 5440 591 5515; x_wconf 38' lang='grc' dir='ltr'>(ᾷιιιήοῐικςΙΪιιιιά2</span> <span class='ocrx_word' id='word_1_383' title='bbox 623 5440 887 5515; x_wconf 88' lang='lat' dir='ltr'>Spicileg.</span> <span class='ocrx_word' id='word_1_384' title='bbox 921 5449 962 5500; x_wconf 90' lang='lat' dir='ltr'>t.</span> <span class='ocrx_word' id='word_1_385' title='bbox 990 5444 1111 5499; x_wconf 85' lang='lat' dir='ltr'><strong>VII.</strong></span> <span class='ocrx_word' id='word_1_386' title='bbox 1134 5388 1223 5497; x_wconf 51' lang='grc' dir='ltr'>ᾗ).</span> 
     </span>
    </p>
   </div>
   <div class='ocr_carea' id='block_1_55' title="bbox 215 5498 1805 5583">
    <p class='ocr_par' dir='ltr' id='par_1_55' title="bbox 215 5498 1805 5583">
     <span class='ocr_line' id='line_1_56' title="bbox 215 5498 1805 5583; baseline 0.003 -15"><span class='ocrx_word' id='word_1_387' title='bbox 215 5514 333 5583; x_wconf 86' lang='grc'>(31)</span> <span class='ocrx_word' id='word_1_388' title='bbox 366 5512 522 5568; x_wconf 83' lang='lat' dir='ltr'>Hinc</span> <span class='ocrx_word' id='word_1_389' title='bbox 557 5498 722 5583; x_wconf 11' lang='lat' dir='ltr'>dejéjo</span> <span class='ocrx_word' id='word_1_390' title='bbox 773 5498 1305 5583; x_wconf 15' lang='lat' dir='ltr'>anutiquusiauctor</span> <span class='ocrx_word' id='word_1_391' title='bbox 1355 5498 1619 5570; x_wconf 65' lang='lat' dir='ltr'>Historia:</span> <span class='ocrx_word' id='word_1_392' title='bbox 1648 5512 1707 5571; x_wconf 90' lang='lat' dir='ltr'>S.</span> <span class='ocrx_word' id='word_1_393' title='bbox 1742 5516 1805 5572; x_wconf 90' lang='lat' dir='ltr'>L.</span> 
     </span>
    </p>
   </div>
   <div class='ocr_carea' id='block_1_56' title="bbox 152 5579 1808 5669">
    <p class='ocr_par' dir='ltr' id='par_1_56' title="bbox 152 5579 1808 5669">
     <span class='ocr_line' id='line_1_57' title="bbox 152 5579 1808 5669; baseline 0.003 -26"><span class='ocrx_word' id='word_1_394' title='bbox 152 5579 457 5643; x_wconf 73' lang='lat' dir='ltr'>Laurentii</span> <span class='ocrx_word' id='word_1_395' title='bbox 490 5599 527 5641; x_wconf 87' lang='lat' dir='ltr'>a</span> <span class='ocrx_word' id='word_1_396' title='bbox 561 5579 729 5641; x_wconf 85' lang='lat' dir='ltr'>nobis</span> <span class='ocrx_word' id='word_1_397' title='bbox 756 5579 1013 5647; x_wconf 80' lang='lat' dir='ltr'>edendas</span> <span class='ocrx_word' id='word_1_398' title='bbox 1043 5584 1253 5658; x_wconf 89' lang='lat' dir='ltr'>(edidit</span> <span class='ocrx_word' id='word_1_399' title='bbox 1275 5588 1317 5646; x_wconf 87' lang='lat' dir='ltr'>t.</span> <span class='ocrx_word' id='word_1_400' title='bbox 1342 5585 1418 5649; x_wconf 81' lang='grc' dir='ltr'>ιν</span> <span class='ocrx_word' id='word_1_401' title='bbox 1447 5586 1536 5646; x_wconf 72' lang='grc' dir='ltr'>νει</span> <span class='ocrx_word' id='word_1_402' title='bbox 1549 5586 1808 5669; x_wconf 73' lang='lat' dir='ltr'>Monum.)</span> 
     </span>
    </p>
   </div>
   <div class='ocr_carea' id='block_1_57' title="bbox 1304 322 2372 395">
    <p class='ocr_par' dir='ltr' id='par_1_57' title="bbox 1304 322 2372 395">
     <span class='ocr_line' id='line_1_58' title="bbox 1304 322 2372 395; baseline 0.004 -8"><span class='ocrx_word' id='word_1_403' title='bbox 1304 323 1711 387; x_wconf 68' lang='lat' dir='ltr'>EPISTOLIE</span> <span class='ocrx_word' id='word_1_404' title='bbox 1752 322 1859 386; x_wconf 85' lang='lat' dir='ltr'>ET</span> <span class='ocrx_word' id='word_1_405' title='bbox 1898 326 2372 395; x_wconf 80' lang='lat' dir='ltr'>PRIVILEGIA.</span> 
     </span>
    </p>
   </div>
   <div class='ocr_carea' id='block_1_58' title="bbox 147 456 1859 531">
    <p class='ocr_par' dir='ltr' id='par_1_58' title="bbox 147 456 1859 531">
     <span class='ocr_line' id='line_1_59' title="bbox 147 456 1859 531; baseline -0.002 -17"><span class='ocrx_word' id='word_1_406' title='bbox 147 461 238 515; x_wconf 90' lang='lat' dir='ltr'>stri</span> <span class='ocrx_word' id='word_1_407' title='bbox 270 457 475 531; x_wconf 86' lang='lat' dir='ltr'>rigoris</span> <span class='ocrx_word' id='word_1_408' title='bbox 531 456 831 512; x_wconf 83' lang='lat' dir='ltr'>incurvarc</span> <span class='ocrx_word' id='word_1_409' title='bbox 877 459 1269 513; x_wconf 86' lang='lat' dir='ltr'>contenderet.</span> <span class='ocrx_word' id='word_1_410' title='bbox 1320 461 1499 522; x_wconf 84' lang='lat' dir='ltr'>Quem</span> <span class='ocrx_word' id='word_1_411' title='bbox 1554 476 1659 513; x_wconf 76' lang='lat' dir='ltr'>nos</span> <span class='ocrx_word' id='word_1_412' title='bbox 1708 477 1772 512; x_wconf 77' lang='lat' dir='ltr'>ex</span> <span class='ocrx_word' id='word_1_413' title='bbox 1805 461 1859 526; x_wconf 81' lang='grc' dir='ltr'><strong>Α</strong></span> 
     </span>
    </p>
   </div>
   <div class='ocr_carea' id='block_1_59' title="bbox 3413 334 3533 397">
    <p class='ocr_par' dir='ltr' id='par_1_59' title="bbox 3413 334 3533 397">
     <span class='ocr_line' id='line_1_60' title="bbox 3413 334 3533 397; baseline -0.017 0"><span class='ocrx_word' id='word_1_414' title='bbox 3413 334 3533 397; x_wconf 81' lang='grc'>398</span> 
     </span>
    </p>
   </div>
   <div class='ocr_carea' id='block_1_60' title="bbox 1960 469 3534 611">
    <p class='ocr_par' dir='ltr' id='par_1_60' title="bbox 1960 469 3534 611">
     <span class='ocr_line' id='line_1_61' title="bbox 1960 469 3534 611; baseline 0.004 -22"><span class='ocrx_word' id='word_1_415' title='bbox 1960 537 2121 591; x_wconf 84' lang='lat' dir='ltr'>Bulla</span> <span class='ocrx_word' id='word_1_416' title='bbox 2152 539 2356 594; x_wconf 74' lang='lat' dir='ltr'>Urbani</span> <span class='ocrx_word' id='word_1_417' title='bbox 2382 554 2535 609; x_wconf 56' lang='lat' dir='ltr'>papa?</span> <span class='ocrx_word' id='word_1_418' title='bbox 2567 472 2768 611; x_wconf 45' lang='grc' dir='ltr'>ἧξὲέ</span> <span class='ocrx_word' id='word_1_419' title='bbox 2790 469 3125 596; x_wconf 63' lang='lat' dir='ltr'>Intonasterz’o</span> <span class='ocrx_word' id='word_1_420' title='bbox 3168 541 3224 595; x_wconf 89' lang='lat' dir='ltr'>S.</span> <span class='ocrx_word' id='word_1_421' title='bbox 3271 542 3422 596; x_wconf 77' lang='lat' dir='ltr'>Petri</span> <span class='ocrx_word' id='word_1_422' title='bbox 3468 543 3534 596; x_wconf 80' lang='lat' dir='ltr'>de</span> 
     </span>
    </p>
   </div>
   <div class='ocr_carea' id='block_1_61' title="bbox 2304 611 3112 668">
    <p class='ocr_par' dir='ltr' id='par_1_61' title="bbox 2304 611 3112 668">
     <span class='ocr_line' id='line_1_62' title="bbox 2304 611 3112 668; baseline 0.005 -5"><span class='ocrx_word' id='word_1_423' title='bbox 2304 611 2543 665; x_wconf 77' lang='lat' dir='ltr'>Puteolis</span> <span class='ocrx_word' id='word_1_424' title='bbox 2574 615 2813 668; x_wconf 73' lang='lat' dir='ltr'>Lucan</span> <span class='ocrx_word' id='word_1_425' title='bbox 2849 611 3112 668; x_wconf 59' lang='lat' dir='ltr'>dic&#39;ecesz&#39;s.</span> 
     </span>
    </p>
   </div>
   <div class='ocr_carea' id='block_1_62' title="bbox 2507 700 2909 773">
    <p class='ocr_par' dir='ltr' id='par_1_62' title="bbox 2507 700 2909 773">
     <span class='ocr_line' id='line_1_63' title="bbox 2507 700 2909 773; baseline 0.005 -20"><span class='ocrx_word' id='word_1_426' title='bbox 2507 700 2692 773; x_wconf 71' lang='lat' dir='ltr'>(Anno</span> <span class='ocrx_word' id='word_1_427' title='bbox 2728 700 2909 773; x_wconf 75' lang='lat'>1095.)</span> 
     </span>
    </p>
   </div>
   <div class='ocr_carea' id='block_1_63' title="bbox 2068 767 3354 840">
    <p class='ocr_par' dir='ltr' id='par_1_63' title="bbox 2068 767 3354 840">
     <span class='ocr_line' id='line_1_64' title="bbox 2068 767 3354 840; baseline 0.005 -19"><span class='ocrx_word' id='word_1_428' title='bbox 2068 767 2459 837; x_wconf 52' lang='lat' dir='ltr'>[Mamaea],</span> <span class='ocrx_word' id='word_1_429' title='bbox 2492 767 2689 828; x_wconf 78' lang='grc' dir='ltr'>Αηηαί.</span> <span class='ocrx_word' id='word_1_430' title='bbox 2741 767 3044 828; x_wconf 73' lang='lat' dir='ltr'>Camdldul.</span> <span class='ocrx_word' id='word_1_431' title='bbox 3080 776 3219 829; x_wconf 90' lang='lat' dir='ltr'>tom.</span> <span class='ocrx_word' id='word_1_432' title='bbox 3253 773 3354 840; x_wconf 86' lang='grc' dir='ltr'>ΠΙ,</span> 
     </span>
    </p>
   </div>
   <div class='ocr_carea' id='block_1_64' title="bbox 2428 858 2991 932">
    <p class='ocr_par' dir='ltr' id='par_1_64' title="bbox 2428 858 2991 932">
     <span class='ocr_line' id='line_1_65' title="bbox 2428 858 2991 932; baseline 0.005 -20"><span class='ocrx_word' id='word_1_433' title='bbox 2428 858 2717 930; x_wconf 88' lang='lat' dir='ltr'>Append.,</span> <span class='ocrx_word' id='word_1_434' title='bbox 2751 877 2807 932; x_wconf 91' lang='lat' dir='ltr'>p.</span> <span class='ocrx_word' id='word_1_435' title='bbox 2845 861 2991 931; x_wconf 70' lang='lat'>114.]</span> 
     </span>
    </p>
   </div>
   <div class='ocr_carea' id='block_1_65' title="bbox 1956 946 3532 1018">
    <p class='ocr_par' dir='ltr' id='par_1_65' title="bbox 1956 946 3532 1018">
     <span class='ocr_line' id='line_1_66' title="bbox 1956 946 3532 1018; baseline 0.005 -20"><span class='ocrx_word' id='word_1_436' title='bbox 1956 946 2236 999; x_wconf 60' lang='lat' dir='ltr'>Uanauus</span> <span class='ocrx_word' id='word_1_437' title='bbox 2267 946 2598 1018; x_wconf 88' lang='lat' dir='ltr'>episc0pus,</span> <span class='ocrx_word' id='word_1_438' title='bbox 2630 965 2832 1004; x_wconf 90' lang='lat' dir='ltr'>servus</span> <span class='ocrx_word' id='word_1_439' title='bbox 2856 966 3155 1005; x_wconf 84' lang='lat' dir='ltr'>servorum</span> <span class='ocrx_word' id='word_1_440' title='bbox 3178 949 3298 1017; x_wconf 91' lang='lat' dir='ltr'>Dei,</span> <span class='ocrx_word' id='word_1_441' title='bbox 3322 948 3532 1006; x_wconf 86' lang='lat' dir='ltr'>dilecto</span> 
     </span>
    </p>
   </div>
   <div class='ocr_carea' id='block_1_66' title="bbox 1886 1031 3530 1111">
    <p class='ocr_par' dir='ltr' id='par_1_66' title="bbox 1886 1031 3530 1111">
     <span class='ocr_line' id='line_1_67' title="bbox 1886 1031 3530 1111; baseline 0.005 -26"><span class='ocrx_word' id='word_1_442' title='bbox 1886 1031 2005 1087; x_wconf 85' lang='lat' dir='ltr'>lilio</span> <span class='ocrx_word' id='word_1_443' title='bbox 2037 1033 2302 1088; x_wconf 69' lang='lat' dir='ltr'>Mumxo</span> <span class='ocrx_word' id='word_1_444' title='bbox 2332 1034 2503 1105; x_wconf 86' lang='lat' dir='ltr'>priori</span> <span class='ocrx_word' id='word_1_445' title='bbox 2539 1038 2878 1092; x_wconf 89' lang='lat' dir='ltr'>monasterii</span> <span class='ocrx_word' id='word_1_446' title='bbox 2929 1038 2987 1093; x_wconf 91' lang='lat' dir='ltr'>S.</span> <span class='ocrx_word' id='word_1_447' title='bbox 3040 1038 3217 1103; x_wconf 90' lang='lat' dir='ltr'>Petri,</span> <span class='ocrx_word' id='word_1_448' title='bbox 3268 1038 3424 1111; x_wconf 90' lang='lat' dir='ltr'>quod</span> <span class='ocrx_word' id='word_1_449' title='bbox 3469 1038 3530 1094; x_wconf 90' lang='lat' dir='ltr'>in</span> 
     </span>
    </p>
   </div>
   <div class='ocr_carea' id='block_1_67' title="bbox 1886 1119 3536 1198">
    <p class='ocr_par' dir='ltr' id='par_1_67' title="bbox 1886 1119 3536 1198">
     <span class='ocr_line' id='line_1_68' title="bbox 1886 1119 3536 1198; baseline 0.005 -25"><span class='ocrx_word' id='word_1_450' title='bbox 1886 1119 2129 1174; x_wconf 67' lang='lat' dir='ltr'>Lucana:</span> <span class='ocrx_word' id='word_1_451' title='bbox 2161 1120 2430 1176; x_wconf 67' lang='lat' dir='ltr'>Ecclesia:</span> <span class='ocrx_word' id='word_1_452' title='bbox 2461 1123 2732 1194; x_wconf 87' lang='lat' dir='ltr'>parochia</span> <span class='ocrx_word' id='word_1_453' title='bbox 2757 1124 2935 1179; x_wconf 87' lang='lat' dir='ltr'>situm</span> <span class='ocrx_word' id='word_1_454' title='bbox 2968 1129 3079 1192; x_wconf 91' lang='lat' dir='ltr'>est,</span> <span class='ocrx_word' id='word_1_455' title='bbox 3109 1125 3234 1181; x_wconf 94' lang='lat' dir='ltr'>loco</span> <span class='ocrx_word' id='word_1_456' title='bbox 3264 1126 3421 1198; x_wconf 89' lang='lat' dir='ltr'>quod</span> <span class='ocrx_word' id='word_1_457' title='bbox 3443 1143 3536 1181; x_wconf 89' lang='lat' dir='ltr'>vo-</span> 
     </span>
    </p>
   </div>
   <div class='ocr_carea' id='block_1_68' title="bbox 1884 1209 3529 1287">
    <p class='ocr_par' dir='ltr' id='par_1_68' title="bbox 1884 1209 3529 1287">
     <span class='ocr_line' id='line_1_69' title="bbox 1884 1209 3529 1287; baseline 0.006 -26"><span class='ocrx_word' id='word_1_458' title='bbox 1884 1213 2051 1263; x_wconf 81' lang='lat' dir='ltr'>ratur</span> <span class='ocrx_word' id='word_1_459' title='bbox 2098 1209 2371 1277; x_wconf 88' lang='lat' dir='ltr'>Puteolis,</span> <span class='ocrx_word' id='word_1_460' title='bbox 2425 1212 2669 1284; x_wconf 86' lang='lat' dir='ltr'>ejusque</span> <span class='ocrx_word' id='word_1_461' title='bbox 2726 1213 3163 1270; x_wconf 89' lang='lat' dir='ltr'>successoribus</span> <span class='ocrx_word' id='word_1_462' title='bbox 3212 1215 3272 1271; x_wconf 89' lang='lat' dir='ltr'>in</span> <span class='ocrx_word' id='word_1_463' title='bbox 3326 1232 3529 1287; x_wconf 89' lang='lat' dir='ltr'>perpe-</span> 
     </span>
    </p>
   </div>
   <div class='ocr_carea' id='block_1_69' title="bbox 1882 1302 2071 1351">
    <p class='ocr_par' dir='ltr' id='par_1_69' title="bbox 1882 1302 2071 1351">
     <span class='ocr_line' id='line_1_70' title="bbox 1882 1302 2071 1351; baseline -0.005 0"><span class='ocrx_word' id='word_1_464' title='bbox 1882 1302 2071 1351; x_wconf 90' lang='lat' dir='ltr'>tuum.</span> 
     </span>
    </p>
   </div>
   <div class='ocr_carea' id='block_1_70' title="bbox 1882 1385 3531 1463">
    <p class='ocr_par' dir='ltr' id='par_1_70' title="bbox 1882 1385 3531 1463">
     <span class='ocr_line' id='line_1_71' title="bbox 1882 1385 3531 1463; baseline 0.005 -25"><span class='ocrx_word' id='word_1_465' title='bbox 1882 1386 1887 1392; x_wconf 71' lang='grc'><em>“</em></span> <span class='ocrx_word' id='word_1_466' title='bbox 1957 1385 2317 1442; x_wconf 90' lang='lat' dir='ltr'>Desiderium</span> <span class='ocrx_word' id='word_1_467' title='bbox 2352 1388 2505 1459; x_wconf 87' lang='lat' dir='ltr'>quod</span> <span class='ocrx_word' id='word_1_468' title='bbox 2554 1389 2622 1443; x_wconf 89' lang='lat' dir='ltr'>ad</span> <span class='ocrx_word' id='word_1_469' title='bbox 2673 1388 3010 1462; x_wconf 86' lang='lat' dir='ltr'>religiosum</span> <span class='ocrx_word' id='word_1_470' title='bbox 3059 1391 3423 1463; x_wconf 90' lang='lat' dir='ltr'>propositum</span> <span class='ocrx_word' id='word_1_471' title='bbox 3474 1395 3531 1447; x_wconf 89' lang='lat' dir='ltr'>et</span> 
     </span>
    </p>
   </div>
   <div class='ocr_carea' id='block_1_71' title="bbox 1884 1473 3529 1548">
    <p class='ocr_par' dir='ltr' id='par_1_71' title="bbox 1884 1473 3529 1548">
     <span class='ocr_line' id='line_1_72' title="bbox 1884 1473 3529 1548; baseline 0.005 -21"><span class='ocrx_word' id='word_1_472' title='bbox 1884 1473 2214 1529; x_wconf 90' lang='lat' dir='ltr'>animarum</span> <span class='ocrx_word' id='word_1_473' title='bbox 2249 1476 2498 1531; x_wconf 88' lang='lat' dir='ltr'>salutem</span> <span class='ocrx_word' id='word_1_474' title='bbox 2530 1477 2819 1548; x_wconf 89' lang='lat' dir='ltr'>pertinere</span> <span class='ocrx_word' id='word_1_475' title='bbox 2862 1482 3244 1546; x_wconf 89' lang='lat' dir='ltr'>monstratur,</span> <span class='ocrx_word' id='word_1_476' title='bbox 3294 1484 3529 1535; x_wconf 88' lang='lat' dir='ltr'>auctore</span> 
     </span>
    </p>
   </div>
   <div class='ocr_carea' id='block_1_72' title="bbox 1884 1561 3532 1638">
    <p class='ocr_par' dir='ltr' id='par_1_72' title="bbox 1884 1561 3532 1638">
     <span class='ocr_line' id='line_1_73' title="bbox 1884 1561 3532 1638; baseline 0.004 -23"><span class='ocrx_word' id='word_1_477' title='bbox 1884 1561 2153 1627; x_wconf 89' lang='lat' dir='ltr'>Domino,</span> <span class='ocrx_word' id='word_1_478' title='bbox 2187 1562 2311 1618; x_wconf 89' lang='lat' dir='ltr'>sine</span> <span class='ocrx_word' id='word_1_479' title='bbox 2344 1564 2541 1636; x_wconf 91' lang='lat' dir='ltr'>aliqua</span> <span class='ocrx_word' id='word_1_480' title='bbox 2572 1570 2663 1621; x_wconf 87' lang='lat' dir='ltr'>est</span> <span class='ocrx_word' id='word_1_481' title='bbox 2691 1565 2969 1621; x_wconf 87' lang='lat' dir='ltr'>dilatione</span> <span class='ocrx_word' id='word_1_482' title='bbox 2990 1566 3426 1638; x_wconf 90' lang='lat' dir='ltr'>complendum.</span> <span class='ocrx_word' id='word_1_483' title='bbox 3450 1567 3532 1622; x_wconf 88' lang='lat' dir='ltr'>Ea</span> 
     </span>
    </p>
   </div>
   <div class='ocr_carea' id='block_1_73' title="bbox 1884 1651 3531 1727">
    <p class='ocr_par' dir='ltr' id='par_1_73' title="bbox 1884 1651 3531 1727">
     <span class='ocr_line' id='line_1_74' title="bbox 1884 1651 3531 1727; baseline 0.004 -24"><span class='ocrx_word' id='word_1_484' title='bbox 1884 1656 2139 1722; x_wconf 87' lang='lat' dir='ltr'>propter,</span> <span class='ocrx_word' id='word_1_485' title='bbox 2176 1652 2253 1705; x_wconf 88' lang='lat' dir='ltr'>ﬁli</span> <span class='ocrx_word' id='word_1_486' title='bbox 2290 1652 2345 1706; x_wconf 90' lang='lat' dir='ltr'>in</span> <span class='ocrx_word' id='word_1_487' title='bbox 2374 1652 2599 1709; x_wconf 83' lang='lat' dir='ltr'>Christo</span> <span class='ocrx_word' id='word_1_488' title='bbox 2622 1651 2986 1721; x_wconf 89' lang='lat' dir='ltr'>charissime,</span> <span class='ocrx_word' id='word_1_489' title='bbox 3015 1653 3129 1710; x_wconf 90' lang='lat' dir='ltr'>tuis</span> <span class='ocrx_word' id='word_1_490' title='bbox 3151 1653 3531 1727; x_wconf 90' lang='lat' dir='ltr'>petitionibus</span> 
     </span>
    </p>
   </div>
   <div class='ocr_carea' id='block_1_74' title="bbox 1884 1741 3530 1809">
    <p class='ocr_par' dir='ltr' id='par_1_74' title="bbox 1884 1741 3530 1809">
     <span class='ocr_line' id='line_1_75' title="bbox 1884 1741 3530 1809; baseline 0.005 -19"><span class='ocrx_word' id='word_1_491' title='bbox 1884 1744 2227 1803; x_wconf 78' lang='lat' dir='ltr'>annuentes,</span> <span class='ocrx_word' id='word_1_492' title='bbox 2262 1741 2684 1795; x_wconf 87' lang='lat' dir='ltr'>monasterium</span> <span class='ocrx_word' id='word_1_493' title='bbox 2714 1742 2908 1796; x_wconf 89' lang='lat' dir='ltr'>Sancti</span> <span class='ocrx_word' id='word_1_494' title='bbox 2935 1741 3106 1809; x_wconf 89' lang='lat' dir='ltr'>Petri,</span> <span class='ocrx_word' id='word_1_495' title='bbox 3140 1742 3233 1797; x_wconf 93' lang='lat' dir='ltr'>cui</span> <span class='ocrx_word' id='word_1_496' title='bbox 3284 1742 3530 1798; x_wconf 91' lang='lat' dir='ltr'>Domino</span> 
     </span>
    </p>
   </div>
   <div class='ocr_carea' id='block_1_75' title="bbox 1802 1827 3535 1901">
    <p class='ocr_par' dir='ltr' id='par_1_75' title="bbox 1802 1827 3535 1901">
     <span class='ocr_line' id='line_1_76' title="bbox 1802 1827 3535 1901; baseline 0.003 -22"><span class='ocrx_word' id='word_1_497' title='bbox 1802 1827 1848 1892; x_wconf 77' lang='grc' dir='ltr'><strong>Β</strong></span> <span class='ocrx_word' id='word_1_498' title='bbox 1880 1833 2114 1881; x_wconf 88' lang='lat' dir='ltr'>auctore</span> <span class='ocrx_word' id='word_1_499' title='bbox 2146 1828 2443 1899; x_wconf 66' lang='lat' dir='ltr'>praesides,</span> <span class='ocrx_word' id='word_1_500' title='bbox 2476 1830 2779 1901; x_wconf 78' lang='lat' dir='ltr'>prmsentis</span> <span class='ocrx_word' id='word_1_501' title='bbox 2802 1830 3019 1886; x_wconf 90' lang='lat' dir='ltr'>decreti</span> <span class='ocrx_word' id='word_1_502' title='bbox 3046 1831 3386 1887; x_wconf 86' lang='lat' dir='ltr'>auctoritate</span> <span class='ocrx_word' id='word_1_503' title='bbox 3410 1848 3535 1886; x_wconf 87' lang='lat' dir='ltr'>mu-</span> 
     </span>
    </p>
   </div>
   <div class='ocr_carea' id='block_1_76' title="bbox 1880 1917 3530 1991">
    <p class='ocr_par' dir='ltr' id='par_1_76' title="bbox 1880 1917 3530 1991">
     <span class='ocr_line' id='line_1_77' title="bbox 1880 1917 3530 1991; baseline 0.003 -20"><span class='ocrx_word' id='word_1_504' title='bbox 1880 1917 2101 1971; x_wconf 90' lang='lat' dir='ltr'>nimus.</span> <span class='ocrx_word' id='word_1_505' title='bbox 2134 1917 2460 1972; x_wconf 81' lang='lat' dir='ltr'>Statuimus</span> <span class='ocrx_word' id='word_1_506' title='bbox 2491 1918 2647 1973; x_wconf 87' lang='lat' dir='ltr'>enim</span> <span class='ocrx_word' id='word_1_507' title='bbox 2681 1924 2742 1973; x_wconf 90' lang='lat' dir='ltr'>ut</span> <span class='ocrx_word' id='word_1_508' title='bbox 2776 1936 3138 1991; x_wconf 64' lang='lat' dir='ltr'>quaecunque</span> <span class='ocrx_word' id='word_1_509' title='bbox 3169 1920 3341 1975; x_wconf 87' lang='lat' dir='ltr'>hodie</span> <span class='ocrx_word' id='word_1_510' title='bbox 3373 1920 3530 1976; x_wconf 88' lang='lat' dir='ltr'>idem</span> 
     </span>
    </p>
   </div>
   <div class='ocr_carea' id='block_1_77' title="bbox 1880 2004 3534 2078">
    <p class='ocr_par' dir='ltr' id='par_1_77' title="bbox 1880 2004 3534 2078">
     <span class='ocr_line' id='line_1_78' title="bbox 1880 2004 3534 2078; baseline 0.002 -18"><span class='ocrx_word' id='word_1_511' title='bbox 1880 2004 2390 2072; x_wconf 76' lang='lat' dir='ltr'>cmnohiumjuste</span> <span class='ocrx_word' id='word_1_512' title='bbox 2425 2007 2701 2078; x_wconf 85' lang='lat' dir='ltr'>possidet,</span> <span class='ocrx_word' id='word_1_513' title='bbox 2736 2006 2852 2062; x_wconf 91' lang='lat' dir='ltr'>sive</span> <span class='ocrx_word' id='word_1_514' title='bbox 2904 2008 2960 2062; x_wconf 92' lang='lat' dir='ltr'>in</span> <span class='ocrx_word' id='word_1_515' title='bbox 3011 2008 3334 2065; x_wconf 87' lang='lat' dir='ltr'>crastinum</span> <span class='ocrx_word' id='word_1_516' title='bbox 3384 2025 3534 2064; x_wconf 88' lang='lat' dir='ltr'>con-</span> 
     </span>
    </p>
   </div>
   <div class='ocr_carea' id='block_1_78' title="bbox 1880 2094 3529 2168">
    <p class='ocr_par' dir='ltr' id='par_1_78' title="bbox 1880 2094 3529 2168">
     <span class='ocr_line' id='line_1_79' title="bbox 1880 2094 3529 2168; baseline 0.001 -19"><span class='ocrx_word' id='word_1_517' title='bbox 1880 2094 2142 2149; x_wconf 86' lang='lat' dir='ltr'>cessione</span> <span class='ocrx_word' id='word_1_518' title='bbox 2201 2094 2564 2165; x_wconf 87' lang='lat' dir='ltr'>pontiﬁcum,</span> <span class='ocrx_word' id='word_1_519' title='bbox 2626 2094 2974 2151; x_wconf 89' lang='lat' dir='ltr'>liberalitate</span> <span class='ocrx_word' id='word_1_520' title='bbox 3026 2096 3379 2168; x_wconf 88' lang='lat' dir='ltr'>principum,</span> <span class='ocrx_word' id='word_1_521' title='bbox 3438 2095 3529 2153; x_wconf 88' lang='lat' dir='ltr'>vel</span> 
     </span>
    </p>
   </div>
   <div class='ocr_carea' id='block_1_79' title="bbox 1882 2181 3528 2256">
    <p class='ocr_par' dir='ltr' id='par_1_79' title="bbox 1882 2181 3528 2256">
     <span class='ocr_line' id='line_1_80' title="bbox 1882 2181 3528 2256; baseline 0.001 -18"><span class='ocrx_word' id='word_1_522' title='bbox 1882 2181 2173 2238; x_wconf 89' lang='lat' dir='ltr'>oblatione</span> <span class='ocrx_word' id='word_1_523' title='bbox 2196 2181 2479 2251; x_wconf 86' lang='lat' dir='ltr'>ﬁdelium,</span> <span class='ocrx_word' id='word_1_524' title='bbox 2495 2183 2656 2252; x_wconf 86' lang='lat' dir='ltr'>juste</span> <span class='ocrx_word' id='word_1_525' title='bbox 2680 2189 2853 2256; x_wconf 85' lang='lat' dir='ltr'>atque</span> <span class='ocrx_word' id='word_1_526' title='bbox 2876 2185 3150 2240; x_wconf 89' lang='lat' dir='ltr'>canonice</span> <span class='ocrx_word' id='word_1_527' title='bbox 3172 2184 3383 2256; x_wconf 89' lang='lat' dir='ltr'>poterit</span> <span class='ocrx_word' id='word_1_528' title='bbox 3403 2184 3528 2239; x_wconf 90' lang='lat' dir='ltr'>adi-</span> 
     </span>
    </p>
   </div>
   <div class='ocr_carea' id='block_1_80' title="bbox 1880 2269 3528 2342">
    <p class='ocr_par' dir='ltr' id='par_1_80' title="bbox 1880 2269 3528 2342">
     <span class='ocr_line' id='line_1_81' title="bbox 1880 2269 3528 2342; baseline 0.003 -18"><span class='ocrx_word' id='word_1_529' title='bbox 1880 2269 2048 2342; x_wconf 91' lang='lat' dir='ltr'>pisci,</span> <span class='ocrx_word' id='word_1_530' title='bbox 2085 2270 2252 2323; x_wconf 87' lang='lat' dir='ltr'>ﬁrma</span> <span class='ocrx_word' id='word_1_531' title='bbox 2282 2269 2387 2323; x_wconf 85' lang='lat' dir='ltr'>tibi</span> <span class='ocrx_word' id='word_1_532' title='bbox 2429 2271 2662 2341; x_wconf 89' lang='lat' dir='ltr'>tuisque</span> <span class='ocrx_word' id='word_1_533' title='bbox 2710 2272 3148 2328; x_wconf 90' lang='lat' dir='ltr'>successoribus</span> <span class='ocrx_word' id='word_1_534' title='bbox 3196 2278 3254 2328; x_wconf 90' lang='lat' dir='ltr'>et</span> <span class='ocrx_word' id='word_1_535' title='bbox 3300 2271 3528 2329; x_wconf 84' lang='lat' dir='ltr'>illibata</span> 
     </span>
    </p>
   </div>
   <div class='ocr_carea' id='block_1_81' title="bbox 1880 2358 3528 2432">
    <p class='ocr_par' dir='ltr' id='par_1_81' title="bbox 1880 2358 3528 2432">
     <span class='ocr_line' id='line_1_82' title="bbox 1880 2358 3528 2432; baseline 0.003 -21"><span class='ocrx_word' id='word_1_536' title='bbox 1880 2362 2282 2429; x_wconf 85' lang='lat' dir='ltr'>permaneant.</span> <span class='ocrx_word' id='word_1_537' title='bbox 2320 2358 2759 2414; x_wconf 79' lang='lat' dir='ltr'>Possessionum</span> <span class='ocrx_word' id='word_1_538' title='bbox 2785 2360 2984 2426; x_wconf 88' lang='lat' dir='ltr'>etiam,</span> <span class='ocrx_word' id='word_1_539' title='bbox 3010 2377 3136 2432; x_wconf 71' lang='lat' dir='ltr'>quae</span> <span class='ocrx_word' id='word_1_540' title='bbox 3157 2359 3217 2415; x_wconf 92' lang='lat' dir='ltr'>in</span> <span class='ocrx_word' id='word_1_541' title='bbox 3239 2366 3528 2416; x_wconf 86' lang='lat' dir='ltr'>monaste-</span> 
     </span>
    </p>
   </div>
   <div class='ocr_carea' id='block_1_82' title="bbox 1880 2444 3525 2521">
    <p class='ocr_par' dir='ltr' id='par_1_82' title="bbox 1880 2444 3525 2521">
     <span class='ocr_line' id='line_1_83' title="bbox 1880 2444 3525 2521; baseline 0.004 -22"><span class='ocrx_word' id='word_1_542' title='bbox 1880 2445 1948 2500; x_wconf 90' lang='lat' dir='ltr'>rii</span> <span class='ocrx_word' id='word_1_543' title='bbox 1974 2444 2323 2518; x_wconf 89' lang='lat' dir='ltr'>proprietate</span> <span class='ocrx_word' id='word_1_544' title='bbox 2348 2446 2736 2516; x_wconf 87' lang='lat' dir='ltr'>c’ontinentur,</span> <span class='ocrx_word' id='word_1_545' title='bbox 2761 2448 3018 2504; x_wconf 89' lang='lat' dir='ltr'>decimas</span> <span class='ocrx_word' id='word_1_546' title='bbox 3040 2449 3261 2521; x_wconf 90' lang='lat' dir='ltr'>absque</span> <span class='ocrx_word' id='word_1_547' title='bbox 3281 2448 3403 2503; x_wconf 91' lang='lat' dir='ltr'>ulla</span> <span class='ocrx_word' id='word_1_548' title='bbox 3422 2465 3525 2505; x_wconf 89' lang='lat' dir='ltr'>vos</span> 
     </span>
    </p>
   </div>
   <div class='ocr_carea' id='block_1_83' title="bbox 1880 2533 3525 2610">
    <p class='ocr_par' dir='ltr' id='par_1_83' title="bbox 1880 2533 3525 2610">
     <span class='ocr_line' id='line_1_84' title="bbox 1880 2533 3525 2610; baseline 0.002 -21"><span class='ocrx_word' id='word_1_549' title='bbox 1880 2533 2147 2589; x_wconf 84' lang='lat' dir='ltr'>molestia</span> <span class='ocrx_word' id='word_1_550' title='bbox 2179 2534 2475 2606; x_wconf 87' lang='lat' dir='ltr'>possidere</span> <span class='ocrx_word' id='word_1_551' title='bbox 2508 2540 2783 2609; x_wconf 86' lang='lat' dir='ltr'>perpetuo</span> <span class='ocrx_word' id='word_1_552' title='bbox 2812 2536 3103 2594; x_wconf 92' lang='lat' dir='ltr'>volumus.</span> <span class='ocrx_word' id='word_1_553' title='bbox 3152 2536 3525 2610; x_wconf 89' lang='lat' dir='ltr'>Sepulturam</span> 
     </span>
    </p>
   </div>
   <div class='ocr_carea' id='block_1_84' title="bbox 1880 2623 3526 2695">
    <p class='ocr_par' dir='ltr' id='par_1_84' title="bbox 1880 2623 3526 2695">
     <span class='ocr_line' id='line_1_85' title="bbox 1880 2623 3526 2695; baseline 0.002 -19"><span class='ocrx_word' id='word_1_554' title='bbox 1880 2639 2111 2695; x_wconf 89' lang='lat' dir='ltr'>quoque</span> <span class='ocrx_word' id='word_1_555' title='bbox 2142 2623 2405 2694; x_wconf 84' lang='lat' dir='ltr'>ejusdem</span> <span class='ocrx_word' id='word_1_556' title='bbox 2438 2623 2548 2680; x_wconf 90' lang='lat' dir='ltr'>loci</span> <span class='ocrx_word' id='word_1_557' title='bbox 2576 2626 2813 2681; x_wconf 90' lang='lat' dir='ltr'>omnino</span> <span class='ocrx_word' id='word_1_558' title='bbox 2844 2625 3088 2682; x_wconf 89' lang='lat' dir='ltr'>liberam</span> <span class='ocrx_word' id='word_1_559' title='bbox 3108 2625 3311 2682; x_wconf 87' lang='lat' dir='ltr'>haberi</span> <span class='ocrx_word' id='word_1_560' title='bbox 3335 2624 3526 2682; x_wconf 90' lang='lat' dir='ltr'>sanci-</span> 
     </span>
    </p>
   </div>
   <div class='ocr_carea' id='block_1_85' title="bbox 1880 2712 3525 2786">
    <p class='ocr_par' dir='ltr' id='par_1_85' title="bbox 1880 2712 3525 2786">
     <span class='ocr_line' id='line_1_86' title="bbox 1880 2712 3525 2786; baseline 0.002 -20"><span class='ocrx_word' id='word_1_561' title='bbox 1880 2728 2033 2779; x_wconf 91' lang='lat' dir='ltr'>mus,</span> <span class='ocrx_word' id='word_1_562' title='bbox 2090 2717 2151 2766; x_wconf 92' lang='lat' dir='ltr'>ut</span> <span class='ocrx_word' id='word_1_563' title='bbox 2196 2728 2396 2766; x_wconf 90' lang='lat' dir='ltr'>eorum</span> <span class='ocrx_word' id='word_1_564' title='bbox 2447 2714 2546 2785; x_wconf 93' lang='lat' dir='ltr'>qui</span> <span class='ocrx_word' id='word_1_565' title='bbox 2600 2712 2717 2768; x_wconf 92' lang='lat' dir='ltr'>illic</span> <span class='ocrx_word' id='word_1_566' title='bbox 2768 2713 2999 2786; x_wconf 89' lang='lat' dir='ltr'>sepeliri</span> <span class='ocrx_word' id='word_1_567' title='bbox 3057 2713 3525 2782; x_wconf 88' lang='lat' dir='ltr'>deliberaverint,</span> 
     </span>
    </p>
   </div>
   <div class='ocr_carea' id='block_1_86' title="bbox 1880 2800 3527 2859">
    <p class='ocr_par' dir='ltr' id='par_1_86' title="bbox 1880 2800 3527 2859">
     <span class='ocr_line' id='line_1_87' title="bbox 1880 2800 3527 2859; baseline 0.002 -4"><span class='ocrx_word' id='word_1_568' title='bbox 1880 2800 2166 2855; x_wconf 89' lang='lat' dir='ltr'>devotioni</span> <span class='ocrx_word' id='word_1_569' title='bbox 2196 2805 2250 2854; x_wconf 87' lang='lat' dir='ltr'>et</span> <span class='ocrx_word' id='word_1_570' title='bbox 2283 2806 2552 2856; x_wconf 68' lang='lat' dir='ltr'>extremae</span> <span class='ocrx_word' id='word_1_571' title='bbox 2573 2801 2855 2857; x_wconf 89' lang='lat' dir='ltr'>voluntati</span> <span class='ocrx_word' id='word_1_572' title='bbox 2880 2801 3079 2859; x_wconf 90' lang='lat' dir='ltr'>nullus</span> <span class='ocrx_word' id='word_1_573' title='bbox 3099 2802 3346 2859; x_wconf 89' lang='lat' dir='ltr'>obsistat</span> <span class='ocrx_word' id='word_1_574' title='bbox 3367 2802 3527 2859; x_wconf 90' lang='lat' dir='ltr'>salvo</span> 
     </span>
    </p>
   </div>
   <div class='ocr_carea' id='block_1_87' title="bbox 1882 2888 3529 2965">
    <p class='ocr_par' dir='ltr' id='par_1_87' title="bbox 1882 2888 3529 2965">
     <span class='ocr_line' id='line_1_88' title="bbox 1882 2888 3529 2965; baseline 0.003 -22"><span class='ocrx_word' id='word_1_575' title='bbox 1882 2888 2241 2961; x_wconf 76' lang='lat' dir='ltr'>parochianze</span> <span class='ocrx_word' id='word_1_576' title='bbox 2282 2888 2538 2945; x_wconf 67' lang='lat' dir='ltr'>ecclesiae</span> <span class='ocrx_word' id='word_1_577' title='bbox 2592 2890 2804 2947; x_wconf 87' lang='lat' dir='ltr'>debito.</span> <span class='ocrx_word' id='word_1_578' title='bbox 2855 2890 3231 2948; x_wconf 89' lang='lat' dir='ltr'>Decernimus</span> <span class='ocrx_word' id='word_1_579' title='bbox 3277 2908 3414 2965; x_wconf 91' lang='lat' dir='ltr'>ergo</span> <span class='ocrx_word' id='word_1_580' title='bbox 3463 2894 3529 2948; x_wconf 88' lang='lat' dir='ltr'>ut</span> 
     </span>
    </p>
   </div>
   <div class='ocr_carea' id='block_1_88' title="bbox 1880 2978 3527 3038">
    <p class='ocr_par' dir='ltr' id='par_1_88' title="bbox 1880 2978 3527 3038">
     <span class='ocr_line' id='line_1_89' title="bbox 1880 2978 3527 3038; baseline 0.003 -5"><span class='ocrx_word' id='word_1_581' title='bbox 1880 2978 2022 3033; x_wconf 91' lang='lat' dir='ltr'>nulli</span> <span class='ocrx_word' id='word_1_582' title='bbox 2038 2979 2277 3033; x_wconf 90' lang='lat' dir='ltr'>omnino</span> <span class='ocrx_word' id='word_1_583' title='bbox 2293 2978 2600 3034; x_wconf 89' lang='lat' dir='ltr'>hominum</span> <span class='ocrx_word' id='word_1_584' title='bbox 2616 2979 2952 3036; x_wconf 86' lang='lat' dir='ltr'>liceatidem</span> <span class='ocrx_word' id='word_1_585' title='bbox 2967 2979 3295 3037; x_wconf 85' lang='lat' dir='ltr'>coenobium</span> <span class='ocrx_word' id='word_1_586' title='bbox 3310 2985 3527 3038; x_wconf 90' lang='lat' dir='ltr'>temere</span> 
     </span>
    </p>
   </div>
   <div class='ocr_carea' id='block_1_89' title="bbox 1881 3067 3525 3140">
    <p class='ocr_par' dir='ltr' id='par_1_89' title="bbox 1881 3067 3525 3140">
     <span class='ocr_line' id='line_1_90' title="bbox 1881 3067 3525 3140; baseline 0.001 -18"><span class='ocrx_word' id='word_1_587' title='bbox 1881 3068 2218 3139; x_wconf 86' lang='lat' dir='ltr'>perturbare</span> <span class='ocrx_word' id='word_1_588' title='bbox 2241 3071 2341 3122; x_wconf 90' lang='lat' dir='ltr'>aut</span> <span class='ocrx_word' id='word_1_589' title='bbox 2366 3067 2415 3122; x_wconf 91' lang='lat' dir='ltr'>ei</span> <span class='ocrx_word' id='word_1_590' title='bbox 2441 3068 2710 3123; x_wconf 89' lang='lat' dir='ltr'>subditas</span> <span class='ocrx_word' id='word_1_591' title='bbox 2730 3068 3131 3139; x_wconf 90' lang='lat' dir='ltr'>possessiones</span> <span class='ocrx_word' id='word_1_592' title='bbox 3156 3069 3405 3140; x_wconf 87' lang='lat' dir='ltr'>auferre,</span> <span class='ocrx_word' id='word_1_593' title='bbox 3436 3068 3525 3124; x_wconf 90' lang='lat' dir='ltr'>vel</span> 
     </span>
    </p>
   </div>
   <div class='ocr_carea' id='block_1_90' title="bbox 1799 3156 3528 3253">
    <p class='ocr_par' dir='ltr' id='par_1_90' title="bbox 1799 3156 3528 3253">
     <span class='ocr_line' id='line_1_91' title="bbox 1799 3156 3528 3253; baseline 0 -42"><span class='ocrx_word' id='word_1_594' title='bbox 1799 3186 1842 3253; x_wconf 67' lang='grc' dir='ltr'>Ο</span> <span class='ocrx_word' id='word_1_595' title='bbox 1881 3157 2077 3211; x_wconf 88' lang='lat' dir='ltr'>oblata</span> <span class='ocrx_word' id='word_1_596' title='bbox 2105 3156 2373 3222; x_wconf 88' lang='lat' dir='ltr'>retinere,</span> <span class='ocrx_word' id='word_1_597' title='bbox 2407 3156 2691 3223; x_wconf 89' lang='lat' dir='ltr'>minuere,</span> <span class='ocrx_word' id='word_1_598' title='bbox 2724 3157 2811 3211; x_wconf 91' lang='lat' dir='ltr'>vel</span> <span class='ocrx_word' id='word_1_599' title='bbox 2842 3157 3165 3212; x_wconf 90' lang='lat' dir='ltr'>temerariis</span> <span class='ocrx_word' id='word_1_600' title='bbox 3207 3156 3528 3212; x_wconf 79' lang='lat' dir='ltr'>venationi-</span> 
     </span>
    </p>
   </div>
   <div class='ocr_carea' id='block_1_91' title="bbox 1880 3244 3521 3317">
    <p class='ocr_par' dir='ltr' id='par_1_91' title="bbox 1880 3244 3521 3317">
     <span class='ocr_line' id='line_1_92' title="bbox 1880 3244 3521 3317; baseline 0.001 -17"><span class='ocrx_word' id='word_1_601' title='bbox 1880 3247 1991 3300; x_wconf 92' lang='lat' dir='ltr'>bus</span> <span class='ocrx_word' id='word_1_602' title='bbox 2009 3244 2269 3314; x_wconf 86' lang='lat' dir='ltr'>fatigare,</span> <span class='ocrx_word' id='word_1_603' title='bbox 2295 3245 2394 3299; x_wconf 90' lang='lat' dir='ltr'>sed</span> <span class='ocrx_word' id='word_1_604' title='bbox 2419 3246 2618 3299; x_wconf 89' lang='lat' dir='ltr'>omnia</span> <span class='ocrx_word' id='word_1_605' title='bbox 2638 3245 2863 3317; x_wconf 87' lang='lat' dir='ltr'>integra</span> <span class='ocrx_word' id='word_1_606' title='bbox 2882 3248 3299 3300; x_wconf 89' lang='lat' dir='ltr'>conserventur</span> <span class='ocrx_word' id='word_1_607' title='bbox 3317 3261 3521 3302; x_wconf 91' lang='lat' dir='ltr'>eorum</span> 
     </span>
    </p>
   </div>
   <div class='ocr_carea' id='block_1_92' title="bbox 1877 3333 3521 3406">
    <p class='ocr_par' dir='ltr' id='par_1_92' title="bbox 1877 3333 3521 3406">
     <span class='ocr_line' id='line_1_93' title="bbox 1877 3333 3521 3406; baseline 0.002 -19"><span class='ocrx_word' id='word_1_608' title='bbox 1877 3351 1979 3406; x_wconf 93' lang='lat' dir='ltr'>pro</span> <span class='ocrx_word' id='word_1_609' title='bbox 2002 3350 2248 3403; x_wconf 92' lang='lat' dir='ltr'>quorum</span> <span class='ocrx_word' id='word_1_610' title='bbox 2275 3334 2699 3388; x_wconf 89' lang='lat' dir='ltr'>sustentatione</span> <span class='ocrx_word' id='word_1_611' title='bbox 2720 3350 2787 3388; x_wconf 88' lang='lat' dir='ltr'>ac</span> <span class='ocrx_word' id='word_1_612' title='bbox 2808 3333 3228 3405; x_wconf 85' lang='lat' dir='ltr'>gubernatione</span> <span class='ocrx_word' id='word_1_613' title='bbox 3245 3349 3521 3391; x_wconf 83' lang='lat' dir='ltr'>concessa</span> 
     </span>
    </p>
   </div>
   <div class='ocr_carea' id='block_1_93' title="bbox 1878 3420 3518 3494">
    <p class='ocr_par' dir='ltr' id='par_1_93' title="bbox 1878 3420 3518 3494">
     <span class='ocr_line' id='line_1_94' title="bbox 1878 3420 3518 3494; baseline 0.001 -17"><span class='ocrx_word' id='word_1_614' title='bbox 1878 3426 2034 3489; x_wconf 90' lang='lat' dir='ltr'>sunt,</span> <span class='ocrx_word' id='word_1_615' title='bbox 2070 3420 2274 3476; x_wconf 88' lang='lat' dir='ltr'>usibus</span> <span class='ocrx_word' id='word_1_616' title='bbox 2305 3420 2659 3476; x_wconf 90' lang='lat' dir='ltr'>omnimodis</span> <span class='ocrx_word' id='word_1_617' title='bbox 2697 3421 3024 3494; x_wconf 86' lang='lat' dir='ltr'>profutura,</span> <span class='ocrx_word' id='word_1_618' title='bbox 3075 3420 3233 3477; x_wconf 87' lang='lat' dir='ltr'>salva</span> <span class='ocrx_word' id='word_1_619' title='bbox 3276 3422 3518 3478; x_wconf 70' lang='lat' dir='ltr'>Lucanus</span> 
     </span>
    </p>
   </div>
   <div class='ocr_carea' id='block_1_94' title="bbox 1878 3509 3515 3583">
    <p class='ocr_par' dir='ltr' id='par_1_94' title="bbox 1878 3509 3515 3583">
     <span class='ocr_line' id='line_1_95' title="bbox 1878 3509 3515 3583; baseline 0.001 -17"><span class='ocrx_word' id='word_1_620' title='bbox 1878 3509 2131 3566; x_wconf 83' lang='lat' dir='ltr'>ecclesiae</span> <span class='ocrx_word' id='word_1_621' title='bbox 2163 3509 2358 3563; x_wconf 89' lang='lat' dir='ltr'>debita</span> <span class='ocrx_word' id='word_1_622' title='bbox 2386 3513 2443 3563; x_wconf 90' lang='lat' dir='ltr'>et</span> <span class='ocrx_word' id='word_1_623' title='bbox 2471 3510 2751 3565; x_wconf 88' lang='lat' dir='ltr'>canonica</span> <span class='ocrx_word' id='word_1_624' title='bbox 2771 3510 3111 3566; x_wconf 89' lang='lat' dir='ltr'>reverentia.</span> <span class='ocrx_word' id='word_1_625' title='bbox 3133 3510 3285 3566; x_wconf 87' lang='lat' dir='ltr'>Sane</span> <span class='ocrx_word' id='word_1_626' title='bbox 3304 3510 3355 3566; x_wconf 84' lang='lat' dir='ltr'>si</span> <span class='ocrx_word' id='word_1_627' title='bbox 3380 3510 3515 3583; x_wconf 88' lang='lat' dir='ltr'>quis</span> 
     </span>
    </p>
   </div>
   <div class='ocr_carea' id='block_1_95' title="bbox 1882 3597 3522 3673">
    <p class='ocr_par' dir='ltr' id='par_1_95' title="bbox 1882 3597 3522 3673">
     <span class='ocr_line' id='line_1_96' title="bbox 1882 3597 3522 3673; baseline 0.001 -18"><span class='ocrx_word' id='word_1_628' title='bbox 1882 3600 1938 3655; x_wconf 92' lang='lat' dir='ltr'>in</span> <span class='ocrx_word' id='word_1_629' title='bbox 1964 3599 2284 3654; x_wconf 85' lang='lat' dir='ltr'>crastinum</span> <span class='ocrx_word' id='word_1_630' title='bbox 2306 3597 2777 3671; x_wconf 88' lang='lat' dir='ltr'>archiepiscopus</span> <span class='ocrx_word' id='word_1_631' title='bbox 2797 3603 2899 3654; x_wconf 88' lang='lat' dir='ltr'>aut</span> <span class='ocrx_word' id='word_1_632' title='bbox 2918 3599 3248 3672; x_wconf 89' lang='lat' dir='ltr'>episcopus,</span> <span class='ocrx_word' id='word_1_633' title='bbox 3274 3600 3522 3673; x_wconf 84' lang='lat' dir='ltr'>impera-</span> 
     </span>
    </p>
   </div>
   <div class='ocr_carea' id='block_1_96' title="bbox 1884 3686 3524 3760">
    <p class='ocr_par' dir='ltr' id='par_1_96' title="bbox 1884 3686 3524 3760">
     <span class='ocr_line' id='line_1_97' title="bbox 1884 3686 3524 3760; baseline 0.001 -16"><span class='ocrx_word' id='word_1_634' title='bbox 1884 3694 1974 3744; x_wconf 89' lang='lat' dir='ltr'>tor</span> <span class='ocrx_word' id='word_1_635' title='bbox 1999 3693 2101 3743; x_wconf 89' lang='lat' dir='ltr'>aut</span> <span class='ocrx_word' id='word_1_636' title='bbox 2132 3703 2247 3754; x_wconf 83' lang='lat' dir='ltr'>rex,</span> <span class='ocrx_word' id='word_1_637' title='bbox 2282 3702 2476 3742; x_wconf 87' lang='lat' dir='ltr'>comes</span> <span class='ocrx_word' id='word_1_638' title='bbox 2506 3692 2607 3742; x_wconf 91' lang='lat' dir='ltr'>aut</span> <span class='ocrx_word' id='word_1_639' title='bbox 2623 3686 2961 3756; x_wconf 88' lang='lat' dir='ltr'>vicecomes,</span> <span class='ocrx_word' id='word_1_640' title='bbox 2984 3688 3167 3760; x_wconf 84' lang='lat' dir='ltr'>judex</span> <span class='ocrx_word' id='word_1_641' title='bbox 3187 3693 3290 3745; x_wconf 90' lang='lat' dir='ltr'>aut</span> <span class='ocrx_word' id='word_1_642' title='bbox 3310 3688 3524 3746; x_wconf 75' lang='lat' dir='ltr'>castel-</span> 
     </span>
    </p>
   </div>
   <div class='ocr_carea' id='block_1_97' title="bbox 1888 3775 3529 3851">
    <p class='ocr_par' dir='ltr' id='par_1_97' title="bbox 1888 3775 3529 3851">
     <span class='ocr_line' id='line_1_98' title="bbox 1888 3775 3529 3851; baseline 0.001 -19"><span class='ocrx_word' id='word_1_643' title='bbox 1888 3777 2004 3843; x_wconf 92' lang='lat' dir='ltr'>dio,</span> <span class='ocrx_word' id='word_1_644' title='bbox 2040 3780 2141 3831; x_wconf 89' lang='lat' dir='ltr'>aut</span> <span class='ocrx_word' id='word_1_645' title='bbox 2171 3792 2419 3847; x_wconf 89' lang='lat' dir='ltr'>persona</span> <span class='ocrx_word' id='word_1_646' title='bbox 2446 3775 2719 3847; x_wconf 84' lang='lat' dir='ltr'>quaelibet</span> <span class='ocrx_word' id='word_1_647' title='bbox 2750 3793 2965 3849; x_wconf 87' lang='lat' dir='ltr'>magna</span> <span class='ocrx_word' id='word_1_648' title='bbox 2992 3777 3079 3833; x_wconf 90' lang='lat' dir='ltr'>vel</span> <span class='ocrx_word' id='word_1_649' title='bbox 3127 3794 3305 3850; x_wconf 89' lang='lat' dir='ltr'>parva</span> <span class='ocrx_word' id='word_1_650' title='bbox 3349 3778 3529 3851; x_wconf 86' lang='lat' dir='ltr'>hujus</span> 
     </span>
    </p>
   </div>
   <div class='ocr_carea' id='block_1_98' title="bbox 1890 3862 3537 3936">
    <p class='ocr_par' dir='ltr' id='par_1_98' title="bbox 1890 3862 3537 3936">
     <span class='ocr_line' id='line_1_99' title="bbox 1890 3862 3537 3936; baseline 0.003 -17"><span class='ocrx_word' id='word_1_651' title='bbox 1890 3864 2071 3919; x_wconf 89' lang='lat' dir='ltr'>nostri</span> <span class='ocrx_word' id='word_1_652' title='bbox 2106 3862 2403 3936; x_wconf 82' lang='lat' dir='ltr'>privilegii,</span> <span class='ocrx_word' id='word_1_653' title='bbox 2422 3863 2696 3936; x_wconf 89' lang='lat' dir='ltr'>paginam</span> <span class='ocrx_word' id='word_1_654' title='bbox 2724 3866 2916 3922; x_wconf 91' lang='lat' dir='ltr'>sciens</span> <span class='ocrx_word' id='word_1_655' title='bbox 2946 3871 3148 3923; x_wconf 89' lang='lat' dir='ltr'>contra</span> <span class='ocrx_word' id='word_1_656' title='bbox 3169 3883 3297 3923; x_wconf 90' lang='lat' dir='ltr'>eam</span> <span class='ocrx_word' id='word_1_657' title='bbox 3319 3870 3537 3924; x_wconf 85' lang='lat' dir='ltr'>temere</span> 
     </span>
    </p>
   </div>
   <div class='ocr_carea' id='block_1_99' title="bbox 1890 3952 3540 4025">
    <p class='ocr_par' dir='ltr' id='par_1_99' title="bbox 1890 3952 3540 4025">
     <span class='ocr_line' id='line_1_100' title="bbox 1890 3952 3540 4025; baseline 0.002 -18"><span class='ocrx_word' id='word_1_658' title='bbox 1890 3952 2087 4008; x_wconf 88' lang='lat' dir='ltr'>venire</span> <span class='ocrx_word' id='word_1_659' title='bbox 2115 3952 2443 4020; x_wconf 90' lang='lat' dir='ltr'>tentaverit,</span> <span class='ocrx_word' id='word_1_660' title='bbox 2478 3954 2733 4009; x_wconf 91' lang='lat' dir='ltr'>secundo</span> <span class='ocrx_word' id='word_1_661' title='bbox 2763 3955 3005 4011; x_wconf 89' lang='lat' dir='ltr'>tertiove</span> <span class='ocrx_word' id='word_1_662' title='bbox 3035 3956 3451 4025; x_wconf 87' lang='lat' dir='ltr'>commonitus,</span> <span class='ocrx_word' id='word_1_663' title='bbox 3487 3955 3540 4012; x_wconf 90' lang='lat' dir='ltr'>si</span> 
     </span>
    </p>
   </div>
   <div class='ocr_carea' id='block_1_100' title="bbox 1894 4040 3542 4119">
    <p class='ocr_par' dir='ltr' id='par_1_100' title="bbox 1894 4040 3542 4119">
     <span class='ocr_line' id='line_1_101' title="bbox 1894 4040 3542 4119; baseline 0.003 -23"><span class='ocrx_word' id='word_1_664' title='bbox 1894 4058 2009 4096; x_wconf 92' lang='lat' dir='ltr'>non</span> <span class='ocrx_word' id='word_1_665' title='bbox 2038 4040 2433 4095; x_wconf 75' lang='lat' dir='ltr'>satisfactione</span> <span class='ocrx_word' id='word_1_666' title='bbox 2465 4057 2723 4114; x_wconf 88' lang='lat' dir='ltr'>congrua</span> <span class='ocrx_word' id='word_1_667' title='bbox 2770 4044 3183 4115; x_wconf 88' lang='lat' dir='ltr'>emendaverit,</span> <span class='ocrx_word' id='word_1_668' title='bbox 3233 4045 3542 4119; x_wconf 86' lang='lat' dir='ltr'>potestatis</span> 
     </span>
    </p>
   </div>
   <div class='ocr_carea' id='block_1_101' title="bbox 1896 4129 3543 4207">
    <p class='ocr_par' dir='ltr' id='par_1_101' title="bbox 1896 4129 3543 4207">
     <span class='ocr_line' id='line_1_102' title="bbox 1896 4129 3543 4207; baseline 0.002 -22"><span class='ocrx_word' id='word_1_669' title='bbox 1896 4130 2252 4201; x_wconf 87' lang='lat' dir='ltr'>honorisque</span> <span class='ocrx_word' id='word_1_670' title='bbox 2303 4129 2587 4201; x_wconf 82' lang='lat' dir='ltr'>dignitate</span> <span class='ocrx_word' id='word_1_671' title='bbox 2636 4136 2846 4199; x_wconf 90' lang='lat' dir='ltr'>careat,</span> <span class='ocrx_word' id='word_1_672' title='bbox 2905 4150 3187 4207; x_wconf 88' lang='lat' dir='ltr'>reumque</span> <span class='ocrx_word' id='word_1_673' title='bbox 3243 4150 3305 4191; x_wconf 90' lang='lat' dir='ltr'>se</span> <span class='ocrx_word' id='word_1_674' title='bbox 3348 4135 3543 4191; x_wconf 92' lang='lat' dir='ltr'>divino</span> 
     </span>
    </p>
   </div>
   <div class='ocr_carea' id='block_1_102' title="bbox 1890 4216 3545 4294">
    <p class='ocr_par' dir='ltr' id='par_1_102' title="bbox 1890 4216 3545 4294">
     <span class='ocr_line' id='line_1_103' title="bbox 1890 4216 3545 4294; baseline 0.004 -22"><span class='ocrx_word' id='word_1_675' title='bbox 1890 4217 2113 4291; x_wconf 85' lang='lat' dir='ltr'>judicio</span> <span class='ocrx_word' id='word_1_676' title='bbox 2143 4216 2388 4272; x_wconf 78' lang='lat' dir='ltr'>existere</span> <span class='ocrx_word' id='word_1_677' title='bbox 2420 4216 2489 4272; x_wconf 88' lang='lat' dir='ltr'>de</span> <span class='ocrx_word' id='word_1_678' title='bbox 2518 4223 2849 4290; x_wconf 89' lang='lat' dir='ltr'>perpetrata</span> <span class='ocrx_word' id='word_1_679' title='bbox 2880 4221 3187 4293; x_wconf 89' lang='lat' dir='ltr'>iniquitate</span> <span class='ocrx_word' id='word_1_680' title='bbox 3207 4226 3545 4294; x_wconf 88' lang='lat' dir='ltr'>cognoscat,</span> 
     </span>
    </p>
   </div>
   <div class='ocr_carea' id='block_1_103' title="bbox 1900 4305 3550 4381">
    <p class='ocr_par' dir='ltr' id='par_1_103' title="bbox 1900 4305 3550 4381">
     <span class='ocr_line' id='line_1_104' title="bbox 1900 4305 3550 4381; baseline 0.002 -19"><span class='ocrx_word' id='word_1_681' title='bbox 1900 4315 1957 4363; x_wconf 91' lang='lat' dir='ltr'>et</span> <span class='ocrx_word' id='word_1_682' title='bbox 1989 4324 2023 4361; x_wconf 92' lang='lat' dir='ltr'>a</span> <span class='ocrx_word' id='word_1_683' title='bbox 2052 4305 2448 4361; x_wconf 90' lang='lat' dir='ltr'>sacratissimo</span> <span class='ocrx_word' id='word_1_684' title='bbox 2479 4322 2717 4379; x_wconf 90' lang='lat' dir='ltr'>corpore</span> <span class='ocrx_word' id='word_1_685' title='bbox 2748 4308 2848 4363; x_wconf 92' lang='lat' dir='ltr'>Dei</span> <span class='ocrx_word' id='word_1_686' title='bbox 2871 4312 2928 4364; x_wconf 91' lang='lat' dir='ltr'>et</span> <span class='ocrx_word' id='word_1_687' title='bbox 2952 4308 3177 4365; x_wconf 89' lang='lat' dir='ltr'>Domini</span> <span class='ocrx_word' id='word_1_688' title='bbox 3204 4309 3550 4381; x_wconf 81' lang='lat' dir='ltr'>Redempto-</span> 
     </span>
    </p>
   </div>
   <div class='ocr_carea' id='block_1_104' title="bbox 1904 4392 3547 4469">
    <p class='ocr_par' dir='ltr' id='par_1_104' title="bbox 1904 4392 3547 4469">
     <span class='ocr_line' id='line_1_105' title="bbox 1904 4392 3547 4469; baseline 0.001 -18"><span class='ocrx_word' id='word_1_689' title='bbox 1904 4396 1984 4451; x_wconf 89' lang='lat' dir='ltr'>ris</span> <span class='ocrx_word' id='word_1_690' title='bbox 2016 4392 2197 4448; x_wconf 90' lang='lat' dir='ltr'>nostri</span> <span class='ocrx_word' id='word_1_691' title='bbox 2229 4394 2366 4449; x_wconf 85' lang='lat' dir='ltr'>Jesu</span> <span class='ocrx_word' id='word_1_692' title='bbox 2416 4393 2629 4450; x_wconf 87' lang='lat' dir='ltr'>Christi</span> <span class='ocrx_word' id='word_1_693' title='bbox 2681 4395 2908 4451; x_wconf 90' lang='lat' dir='ltr'>alienus</span> <span class='ocrx_word' id='word_1_694' title='bbox 2958 4397 3079 4464; x_wconf 78' lang='lat' dir='ltr'>fiat,</span> <span class='ocrx_word' id='word_1_695' title='bbox 3125 4401 3299 4469; x_wconf 88' lang='lat' dir='ltr'>atque</span> <span class='ocrx_word' id='word_1_696' title='bbox 3346 4397 3404 4452; x_wconf 91' lang='lat' dir='ltr'>in</span> <span class='ocrx_word' id='word_1_697' title='bbox 3449 4413 3547 4452; x_wconf 57' lang='lat' dir='ltr'>ex«</span> 
     </span>
    </p>
   </div>
   <div class='ocr_carea' id='block_1_105' title="bbox 1905 4481 3547 4556">
    <p class='ocr_par' dir='ltr' id='par_1_105' title="bbox 1905 4481 3547 4556">
     <span class='ocr_line' id='line_1_106' title="bbox 1905 4481 3547 4556; baseline 0.001 -17"><span class='ocrx_word' id='word_1_698' title='bbox 1905 4489 2089 4540; x_wconf 89' lang='lat' dir='ltr'>tremo</span> <span class='ocrx_word' id='word_1_699' title='bbox 2137 4481 2402 4538; x_wconf 86' lang='lat' dir='ltr'>examine</span> <span class='ocrx_word' id='word_1_700' title='bbox 2442 4482 2719 4539; x_wconf 69' lang='lat' dir='ltr'>districta:</span> <span class='ocrx_word' id='word_1_701' title='bbox 2768 4483 2974 4539; x_wconf 90' lang='lat' dir='ltr'>ultioni</span> <span class='ocrx_word' id='word_1_702' title='bbox 3023 4485 3343 4556; x_wconf 90' lang='lat' dir='ltr'>subjaceat.</span> <span class='ocrx_word' id='word_1_703' title='bbox 3392 4483 3547 4540; x_wconf 89' lang='lat' dir='ltr'>Cun-</span> 
     </span>
    </p>
   </div>
   <div class='ocr_carea' id='block_1_106' title="bbox 1908 4571 2178 4642">
    <p class='ocr_par' dir='ltr' id='par_1_106' title="bbox 1908 4571 2178 4642">
     <span class='ocr_line' id='line_1_107' title="bbox 1908 4571 2178 4642; baseline -0.011 -14"><span class='ocrx_word' id='word_1_704' title='bbox 1908 4571 2039 4642; x_wconf 88' lang='lat' dir='ltr'>ctis,</span> <span class='ocrx_word' id='word_1_705' title='bbox 2070 4575 2178 4626; x_wconf 84' lang='lat' dir='ltr'>etc.</span> 
     </span>
    </p>
   </div>
   <div class='ocr_carea' id='block_1_107' title="bbox 1981 4660 3475 4718">
    <p class='ocr_par' dir='ltr' id='par_1_107' title="bbox 1981 4660 3475 4718">
     <span class='ocr_line' id='line_1_108' title="bbox 1981 4660 3475 4718; baseline 0 -3"><span class='ocrx_word' id='word_1_706' title='bbox 1981 4662 2339 4716; x_wconf 81' lang='lat' dir='ltr'>BENEDIC’I‘US</span> <span class='ocrx_word' id='word_1_707' title='bbox 2370 4661 2530 4717; x_wconf 78' lang='lat' dir='ltr'>Dsus</span> <span class='ocrx_word' id='word_1_708' title='bbox 2563 4678 2628 4715; x_wconf 83' lang='lat' dir='ltr'>ET</span> <span class='ocrx_word' id='word_1_709' title='bbox 2656 4661 2841 4716; x_wconf 76' lang='lat' dir='ltr'>PATER</span> <span class='ocrx_word' id='word_1_710' title='bbox 2863 4662 3077 4718; x_wconf 81' lang='lat' dir='ltr'>DOMINI</span> <span class='ocrx_word' id='word_1_711' title='bbox 3104 4676 3307 4718; x_wconf 70' lang='lat' dir='ltr'>nos&#39;rm</span> <span class='ocrx_word' id='word_1_712' title='bbox 3334 4660 3475 4717; x_wconf 74' lang='lat' dir='ltr'>Jssu</span> 
     </span>
    </p>
   </div>
   <div class='ocr_carea' id='block_1_108' title="bbox 2492 4735 2961 4788">
    <p class='ocr_par' dir='ltr' id='par_1_108' title="bbox 2492 4735 2961 4788">
     <span class='ocr_line' id='line_1_109' title="bbox 2492 4735 2961 4788; baseline 0.004 -4"><span class='ocrx_word' id='word_1_713' title='bbox 2492 4735 2741 4788; x_wconf 75' lang='lat' dir='ltr'>CHRISTI.</span> <span class='ocrx_word' id='word_1_714' title='bbox 2773 4735 2961 4788; x_wconf 65' lang='lat' dir='ltr'>Amas.</span> 
     </span>
    </p>
   </div>
   <div class='ocr_carea' id='block_1_109' title="bbox 1981 4818 3553 4893">
    <p class='ocr_par' dir='ltr' id='par_1_109' title="bbox 1981 4818 3553 4893">
     <span class='ocr_line' id='line_1_110' title="bbox 1981 4818 3553 4893; baseline 0 -17"><span class='ocrx_word' id='word_1_715' title='bbox 1981 4820 2192 4876; x_wconf 88' lang='lat' dir='ltr'>Datum</span> <span class='ocrx_word' id='word_1_716' title='bbox 2246 4818 2552 4875; x_wconf 66' lang='lat' dir='ltr'>Florentiae</span> <span class='ocrx_word' id='word_1_717' title='bbox 2604 4837 2708 4893; x_wconf 92' lang='lat' dir='ltr'>per</span> <span class='ocrx_word' id='word_1_718' title='bbox 2756 4837 2999 4876; x_wconf 89' lang='lat' dir='ltr'>manum</span> <span class='ocrx_word' id='word_1_719' title='bbox 3047 4819 3291 4877; x_wconf 86' lang='lat' dir='ltr'>Joannis</span> <span class='ocrx_word' id='word_1_720' title='bbox 3339 4824 3553 4877; x_wconf 68' lang='lat' dir='ltr'>saneta:</span> 
     </span>
    </p>
   </div>
   <div class='ocr_carea' id='block_1_110' title="bbox 1912 4906 3557 4977">
    <p class='ocr_par' dir='ltr' id='par_1_110' title="bbox 1912 4906 3557 4977">
     <span class='ocr_line' id='line_1_111' title="bbox 1912 4906 3557 4977; baseline 0 -14"><span class='ocrx_word' id='word_1_721' title='bbox 1912 4908 2184 4963; x_wconf 74' lang='lat' dir='ltr'>Romana:</span> <span class='ocrx_word' id='word_1_722' title='bbox 2207 4906 2471 4963; x_wconf 62' lang='lat' dir='ltr'>Ecclesiae</span> <span class='ocrx_word' id='word_1_723' title='bbox 2495 4907 2726 4966; x_wconf 88' lang='lat' dir='ltr'>diaconi</span> <span class='ocrx_word' id='word_1_724' title='bbox 2749 4908 3084 4977; x_wconf 88' lang='lat' dir='ltr'>cardinalis,</span> <span class='ocrx_word' id='word_1_725' title='bbox 3107 4908 3234 4965; x_wconf 87' lang='lat' dir='ltr'>Kal.</span> <span class='ocrx_word' id='word_1_726' title='bbox 3259 4908 3557 4966; x_wconf 88' lang='lat' dir='ltr'>Februarii</span> 
     </span>
    </p>
   </div>
   <div class='ocr_carea' id='block_1_111' title="bbox 1913 4995 3557 5067">
    <p class='ocr_par' dir='ltr' id='par_1_111' title="bbox 1913 4995 3557 5067">
     <span class='ocr_line' id='line_1_112' title="bbox 1913 4995 3557 5067; baseline 0.001 -15"><span class='ocrx_word' id='word_1_727' title='bbox 1913 4995 2229 5052; x_wconf 89' lang='lat' dir='ltr'>indictione</span> <span class='ocrx_word' id='word_1_728' title='bbox 2259 5011 2341 5064; x_wconf 88' lang='lat' dir='ltr'>Ill,</span> <span class='ocrx_word' id='word_1_729' title='bbox 2377 5012 2527 5050; x_wconf 90' lang='lat' dir='ltr'>anno</span> <span class='ocrx_word' id='word_1_730' title='bbox 2560 4996 2877 5054; x_wconf 78' lang='lat' dir='ltr'>Dominicze</span> <span class='ocrx_word' id='word_1_731' title='bbox 2919 4998 3347 5054; x_wconf 83' lang='lat' dir='ltr'>lncarnationis</span> <span class='ocrx_word' id='word_1_732' title='bbox 3395 4997 3557 5067; x_wconf 62' lang='lat'>0.095,</span> 
     </span>
    </p>
   </div>
   <div class='ocr_carea' id='block_1_112' title="bbox 1913 5084 3563 5161">
    <p class='ocr_par' dir='ltr' id='par_1_112' title="bbox 1913 5084 3563 5161">
     <span class='ocr_line' id='line_1_113' title="bbox 1913 5084 3563 5161; baseline 0.002 -20"><span class='ocrx_word' id='word_1_733' title='bbox 1913 5084 2289 5158; x_wconf 84' lang='lat' dir='ltr'>pontiﬁcatus</span> <span class='ocrx_word' id='word_1_734' title='bbox 2333 5100 2465 5139; x_wconf 86' lang='lat' dir='ltr'>vero</span> <span class='ocrx_word' id='word_1_735' title='bbox 2516 5084 2716 5141; x_wconf 91' lang='lat' dir='ltr'>domni</span> <span class='ocrx_word' id='word_1_736' title='bbox 2764 5086 2980 5144; x_wconf 87' lang='lat' dir='ltr'>Urbani</span> <span class='ocrx_word' id='word_1_737' title='bbox 3025 5088 3266 5144; x_wconf 89' lang='lat' dir='ltr'>secundi</span> <span class='ocrx_word' id='word_1_738' title='bbox 3323 5104 3420 5161; x_wconf 90' lang='lat' dir='ltr'>pp.</span> <span class='ocrx_word' id='word_1_739' title='bbox 3470 5101 3563 5144; x_wconf 87' lang='lat' dir='ltr'>se-</span> 
     </span>
    </p>
   </div>
   <div class='ocr_carea' id='block_1_113' title="bbox 1914 5173 2122 5247">
    <p class='ocr_par' dir='ltr' id='par_1_113' title="bbox 1914 5173 2122 5247">
     <span class='ocr_line' id='line_1_114' title="bbox 1914 5173 2122 5247; baseline -0.005 -18"><span class='ocrx_word' id='word_1_740' title='bbox 1914 5173 2122 5247; x_wconf 88' lang='lat' dir='ltr'>ptimo.</span> 
     </span>
    </p>
   </div>
   <div class='ocr_carea' id='block_1_114' title="bbox 1916 5310 3566 5387">
    <p class='ocr_par' dir='ltr' id='par_1_114' title="bbox 1916 5310 3566 5387">
     <span class='ocr_line' id='line_1_115' title="bbox 1916 5310 3566 5387; baseline -0.001 -16"><span class='ocrx_word' id='word_1_741' title='bbox 1916 5339 1943 5366; x_wconf 82' lang='lat'><strong>«</strong></span> <span class='ocrx_word' id='word_1_742' title='bbox 1979 5312 2313 5379; x_wconf 86' lang='lat' dir='ltr'>Pecuniam,</span> <span class='ocrx_word' id='word_1_743' title='bbox 2344 5310 2558 5386; x_wconf 90' lang='lat' dir='ltr'>inquit,</span> <span class='ocrx_word' id='word_1_744' title='bbox 2593 5315 2839 5373; x_wconf 91' lang='lat' dir='ltr'>multam</span> <span class='ocrx_word' id='word_1_745' title='bbox 2871 5335 2905 5374; x_wconf 90' lang='lat' dir='ltr'>a</span> <span class='ocrx_word' id='word_1_746' title='bbox 2934 5316 3357 5375; x_wconf 89' lang='lat' dir='ltr'>mercatoribus</span> <span class='ocrx_word' id='word_1_747' title='bbox 3383 5315 3566 5387; x_wconf 75' lang='lat' dir='ltr'>hujus</span> 
     </span>
    </p>
   </div>
   <div class='ocr_carea' id='block_1_115' title="bbox 1919 5384 3570 5460">
    <p class='ocr_par' dir='ltr' id='par_1_115' title="bbox 1919 5384 3570 5460">
     <span class='ocr_line' id='line_1_116' title="bbox 1919 5384 3570 5460; baseline -0.001 -18"><span class='ocrx_word' id='word_1_748' title='bbox 1919 5388 2117 5459; x_wconf 61' lang='lat' dir='ltr'>patriae</span> <span class='ocrx_word' id='word_1_749' title='bbox 2152 5392 2357 5460; x_wconf 78' lang='lat' dir='ltr'>mutuo</span> <span class='ocrx_word' id='word_1_750' title='bbox 2389 5384 2629 5457; x_wconf 82' lang='lat' dir='ltr'>accepit,</span> <span class='ocrx_word' id='word_1_751' title='bbox 2654 5404 2833 5459; x_wconf 86' lang='lat' dir='ltr'>quam</span> <span class='ocrx_word' id='word_1_752' title='bbox 2854 5391 2925 5445; x_wconf 93' lang='lat' dir='ltr'>de</span> <span class='ocrx_word' id='word_1_753' title='bbox 2946 5389 3192 5460; x_wconf 89' lang='lat' dir='ltr'>ecclesia</span> <span class='ocrx_word' id='word_1_754' title='bbox 3213 5390 3329 5460; x_wconf 84' lang='lat' dir='ltr'>ista</span> <span class='ocrx_word' id='word_1_755' title='bbox 3349 5384 3570 5460; x_wconf 79' lang='lat' dir='ltr'>persol-</span> 
     </span>
    </p>
   </div>
   <div class='ocr_carea' id='block_1_116' title="bbox 1918 5457 3571 5529">
    <p class='ocr_par' dir='ltr' id='par_1_116' title="bbox 1918 5457 3571 5529">
     <span class='ocr_line' id='line_1_117' title="bbox 1918 5457 3571 5529; baseline 0 -16"><span class='ocrx_word' id='word_1_756' title='bbox 1918 5457 2102 5513; x_wconf 78' lang='lat' dir='ltr'>veret:</span> <span class='ocrx_word' id='word_1_757' title='bbox 2141 5458 2293 5512; x_wconf 89' lang='lat' dir='ltr'>unde</span> <span class='ocrx_word' id='word_1_758' title='bbox 2316 5457 2440 5529; x_wconf 90' lang='lat' dir='ltr'>ipse</span> <span class='ocrx_word' id='word_1_759' title='bbox 2465 5473 2561 5511; x_wconf 89' lang='lat' dir='ltr'>rex</span> <span class='ocrx_word' id='word_1_760' title='bbox 2583 5457 2869 5516; x_wconf 82' lang='lat' dir='ltr'>trecentas</span> <span class='ocrx_word' id='word_1_761' title='bbox 2889 5477 3118 5516; x_wconf 89' lang='lat' dir='ltr'>marcas</span> <span class='ocrx_word' id='word_1_762' title='bbox 3139 5457 3367 5515; x_wconf 60' lang='lat' dir='ltr'>habuit:</span> <span class='ocrx_word' id='word_1_763' title='bbox 3387 5457 3571 5515; x_wconf 84' lang='lat' dir='ltr'>Ober-</span> 
     </span>
    </p>
   </div>
   <div class='ocr_carea' id='block_1_117' title="bbox 1918 5528 3492 5608">
    <p class='ocr_par' dir='ltr' id='par_1_117' title="bbox 1918 5528 3492 5608">
     <span class='ocr_line' id='line_1_118' title="bbox 1918 5528 3492 5608; baseline 0.002 -21"><span class='ocrx_word' id='word_1_764' title='bbox 1918 5534 2017 5587; x_wconf 88' lang='lat' dir='ltr'>tus</span> <span class='ocrx_word' id='word_1_765' title='bbox 2048 5533 2246 5588; x_wconf 89' lang='lat' dir='ltr'>autem</span> <span class='ocrx_word' id='word_1_766' title='bbox 2277 5528 2393 5584; x_wconf 86' lang='lat' dir='ltr'>non</span> <span class='ocrx_word' id='word_1_767' title='bbox 2424 5543 2663 5604; x_wconf 84' lang='lat' dir='ltr'>parvam</span> <span class='ocrx_word' id='word_1_768' title='bbox 2687 5529 2822 5588; x_wconf 89' lang='lat' dir='ltr'>inde</span> <span class='ocrx_word' id='word_1_769' title='bbox 2837 5537 3064 5608; x_wconf 87' lang='lat' dir='ltr'>partem</span> <span class='ocrx_word' id='word_1_770' title='bbox 3087 5528 3328 5607; x_wconf 89' lang='lat' dir='ltr'>accepit.</span> <span class='ocrx_word' id='word_1_771' title='bbox 3356 5551 3385 5582; x_wconf 86' lang='grc'><strong>››</strong></span> <span class='ocrx_word' id='word_1_772' title='bbox 3408 5530 3492 5591; x_wconf 83' lang='lat' dir='ltr'>In.</span> 
     </span>
    </p>
   </div>
  </div>
