3928 6208
393 351 514 436 sse

395 598 602 655 Urbani
630 601 681 656 Il
709 599 882 658 bulla:
907 617 1009 672 pro
1041 509 1369 658 τηῖἲὲςὶὲξίο
1398 600 1588 656 Sancti
1634 599 1862 672 /Egidii,
1911 615 2040 655 con-

727 672 966 742 ﬁrmatae
996 674 1058 728 in
1087 674 1320 728 concilio
1351 673 1674 728 Placentino

1014 762 1199 832 (Anno
1229 761 1415 831 4095.)
1690 819 1707 834 ι

624 850 879 920 [ΒΑιυΖ.,
911 850 1139 908 Misce”.
1173 849 1310 905 edit.
1349 848 1514 916 Luc.,
1549 849 1616 916 II,
1653 847 1800 918 l77.l,

466 953 743 1012 Unaxxus
773 955 1104 1028 episcOpus,
1127 971 1329 1011 servus
1352 970 1650 1014 servorum
1673 953 1796 1021 Dei,
1820 953 2044 1010 univcr-

398 1041 480 1099 sis
513 1060 614 1118 per
642 1043 946 1102 Gothicam
978 1043 1333 1118 provinciam
1366 1041 1636 1100 ﬁdelibus
1686 1042 1938 1098 salutem
1987 1048 2044 1098 et

398 1132 778 1205 apostolicam
809 1133 1295 1191 benedictionem.

471 1220 682 1277 Notum
701 1221 974 1278 omnibus
991 1221 1155 1278 vobis
1167 1221 1437 1280 volumus
1460 1221 1598 1293 quia
1619 1219 1866 1277 dilectus
1889 1218 2046 1275 ﬁlius

399 1315 598 1364 noster
629 1309 1022 1376 Raimundus,
1049 1309 1377 1367 Tolosanus
1411 1327 1629 1379 comes,
1675 1315 1796 1364 tam
1831 1309 2048 1364 nostris

398 1414 573 1470 quam
607 1397 856 1455 aliorum
888 1398 1296 1473 religiosorum
1331 1400 1588 1456 virorum
1621 1398 1861 1455 monitis
1894 1397 2046 1454 excio

396 1489 1159 1561 tatusetomuipotentisDei
1177 1489 1384 1544 timore
1399 1493 1785 1560 compunctus
1799 1491 2046 1560 partem,

397 1575 516 1630 imo
548 1575 811 1648 rapinam
847 1593 1022 1649 quam
1057 1593 1124 1632 ex
1145 1581 1453 1650 parentum
1479 1592 1720 1632 suorum
1751 1575 2050 1630 invasione

398 1663 458 1718 in
491 1663 660 1718 altari
689 1664 888 1722 Sancti
918 1665 1129 1738 .‘Egidii
1157 1671 1216 1722 et
1245 1665 1486 1737 reliquis
1518 1665 1706 1738 ipsius
1736 1663 1938 1720 altaris
1965 1681 2053 1719 ec-

399 1751 587 1807 clesiae
619 1751 902 1808 altaribus
933 1753 1147 1810 habere
1177 1753 1386 1810 solitus
1417 1757 1558 1820 erat,
1590 1753 1705 1810 Deo
1736 1769 1803 1809 ac
1835 1756 2050 1809 sanctas

401 1841 501 1898 Dei
514 1840 788 1898 Genitrici
805 1842 997 1898 Mariae
1013 1842 1351 1916 sanctisque
1367 1841 1696 1916 apostoloru
1708 1860 1764 1896 m
1782 1841 2054 1915 principi-

404 1931 518 1986 bus
546 1931 711 1987 Petro
741 1947 810 1988 ac
840 1931 1018 1988 Paulo
1048 1939 1106 1990 et
1133 1932 1301 1989 beato
1333 1931 1647 1988 confessori
1672 1931 1896 2002 Egidio
1919 1932 2048 1986 red-

405 2020 572 2076 didit.
607 2022 740 2087 Quaa
771 2021 1016 2078 redditio
1047 2022 1166 2078 sive
1208 2021 1473 2077 dimissio
1521 2021 1579 2076 in
1627 2019 1911 2076 Tolosaua
1954 2036 2046 2092 sy-

405 2107 558 2166 nodo
591 2109 743 2166 tacta
771 2116 862 2168 est
889 2127 1083 2168 coram
1113 2109 1304 2183 legato
1339 2115 1535 2166 nostro
1577 2109 1890 2176 Bernardo,
1940 2113 2050 2163 Το-

402 2197 597 2254 letano
609 2197 1063 2272 archiepiscopo,
1079 2203 1136 2255 et
1147 2198 1418 2272 pluribus
1433 2204 1550 2254 tam
1564 2199 1854 2272 episcopis
1869 2214 2048 2271 quam

403 2287 732 2344 abbatibus.
767 2291 912 2344 Item
939 2287 1000 2343 in
1031 2281 1342 2344 festivitate
1386 2288 1570 2344 sancti
1602 2286 1810 2360 .‘Egidii
1851 2303 2049 2343 coram

400 2375 602 2432 eodem
616 2373 806 2447 legato
818 2379 1016 2431 nostro
1029 2375 1276 2447 aliisque
1291 2374 1750 2447 quamplurimis
1760 2375 2048 2448 episcopis

395 2463 484 2519 vel
515 2463 828 2520 abbatibus
856 2465 1124 2521 eamdem
1161 2463 1546 2520 redditionem
1573 2480 1705 2519 cum
1731 2480 1906 2519 uxore
1939 2481 2050 2520 sua

396 2552 636 2623 Hervira
663 2556 722 2608 et
749 2551 871 2608 tilio
902 2553 1220 2608 Bertranno
1250 2570 1428 2625 super
1457 2551 1639 2608 altare
1671 2553 1818 2607 beati
1839 2553 2048 2624 zEgidii

399 2640 1024 2707 confirmavit,duobus
1039 2640 1156 2697 illic
1170 2641 1432 2696 nummis
1443 2640 1794 2713 {Egidiensis
1807 2646 2050 2698 monetis

403 2729 630 2802 positis.
652 2728 836 2801 Igitur
856 2746 962 2785 nos
983 2730 1309 2786 secundum
1331 2729 1521 2801 ipsius
1542 2729 1773 2784 comitis
1796 2729 2051 2802 postula-

403 2818 624 2874 tionem
657 2833 760 2889 pro
789 2833 902 2872 sua
929 2820 988 2873 et
1015 2821 1327 2889 parentum
1357 2833 1597 2872 suorum
1623 2817 1810 2874 salute
1831 2820 2048 2876 factum

405 2905 517 2977 hoc
546 2905 889 2962 auctoritate
917 2905 1240 2979 apostolica
1257 2905 1678 2962 conﬁrmamus
1702 2911 1761 2963 et
1781 2907 2050 2980 omnipo-

405 2993 586 3051 tentis
606 2993 708 3050 Dei
727 2993 1186 3050 misericordiam
1201 2995 2049 3068 deprecamurquatenusquod

404 3083 478 3140 de
499 3098 695 3138 rerum
717 3081 1243 3156 ecclesiasticarum
1270 3083 1645 3156 usurpatione
1659 3083 1944 3142 hactenus
1955 3085 2052 3142 ad-

402 3172 711 3239 miserunt,
727 3172 932 3228 suaeis
951 3172 1361 3246 propitiatione
1383 3171 1682 3246 indulgeat
1693 3177 2047 3232 etasuorum

1696 371 1765 438 B.
1815 374 2105 440 URBANI
2151 375 2200 436 ll
2243 361 2496 435 PAPAE.

2063 513 2115 577 Α
2220 510 2335 580 Ego
2358 507 2550 562 Bonus
2577 507 2774 562 senior
2799 505 3100 579 presbyter
3119 504 3432 562 cardinalis
3447 497 3753 581 subscripsi.

3654 341 3757 436 tot

2221 597 2339 668 Ego
2371 595 2561 650 Teuzo
2593 595 2897 668 presbyter
2921 593 3240 651 cardinalis
3259 593 3604 668 subscripsi.

2221 685 2338 755 Ego
2369 683 2687 756 Gregorius
2719 683 3003 740 diaconus
3031 682 3347 739 cardinalis
3378 684 3696 756 subscripsi.

2225 774 2338 844 Ego
2361 772 2662 829 Daihertus
2683 773 2933 829 Pisanus
2955 772 3428 846 archiepiscopus
3450 773 3754 848 subscripsi.

2222 863 2340 933 Ego
2373 860 2719 934 Rodulphus
2743 863 3103 918 Turonensis
3134 861 3596 936 archiepiscopus
3635 864 3757 920 sub-

2151 965 2386 1022 SCI‘IpSl.

2225 1039 2390 1112 Hugo
2419 1039 2736 1096 cardinalis
2778 1033 3063 1097 diaconus
3111 1045 3324 1097 sanctze
3376 1039 3634 1098 Romanis
3674 1039 3757 1098 Et-

2153 1129 2340 1186 clesize
2371 1129 2715 1202 subscripsi.
3739 1125 3748 1136 ’

2224 1217 2616 1275 Herimannus
2644 1218 2978 1275 cardinalis.

2225 1307 2344 1380 Ego
2375 1305 2680 1380 Philippus
2711 1308 3001 1364 Lunensis
3030 1306 3342 1380 episcopus
3383 1306 3702 1382 subscripsi.

2229 1397 2344 1469 Ego
2374 1395 2777 1452 Aurasicensis
2807 1395 3118 1470 episcopus
3146 1395 3432 1454 Gilelmus
3457 1396 3762 1470 subscripsi.

2227 1486 2346 1544 Ego
2372 1484 2657 1550 Rogerius
2683 1491 2900 1540 sanctae
2936 1485 3207 1541 Romanas
3231 1485 3497 1542 Ecclesiae
3518 1486 3766 1544 diaconus

2157 1574 2500 1646 subscripsi.

2229 1663 2346 1734 Ego
2365 1662 2620 1718 Joannes
2642 1661 2978 1718 Portuensis
2999 1662 3314 1719 cardinalis
3335 1663 3634 1737 episcopus
3653 1663 3764 1720 sub-

2159 1767 2388 1822 scripsi.

2231 1841 2344 1912 Ego
2382 1839 2717 1896 Willelmus
2761 1839 3096 1897 Ausciensis
3146 1839 3612 1918 archiepiscopus
3655 1856 3763 1898 cum

2158 1931 2305 1984 meis
2336 1930 2744 1999 sutl‘raganeis,
2788 1929 3010 1984 scilicet
3057 1931 3218 1987 Dodo
3268 1929 3622 2004 Bigerritano
3665 1931 3764 2002 epi-

2156 2034 2352 2090 scopo,
2371 2017 2579 2072 Sancio
2603 2018 2975 2074 [.ascurrensi
2994 2018 3290 2092 episcopo,
3311 2019 3517 2075 Ottone
3529 2018 3770 2075 Olorense

2155 2107 2448 2180 episcopo,
2473 2105 2768 2162 Willelmo
2789 2107 3123 2163 Consorano
3143 2107 3438 2180 episcopo,
3461 2104 3766 2180 subscripsi.

2228 2196 2345 2267 Ego
2381 2194 2684 2252 lmolcnsis
2713 2194 3022 2269 episcopus
3051 2196 3182 2252 Otto
3213 2195 3558 2270 subscripsi.

2228 2285 2345 2357 Ego
2377 2283 2661 2340 Rodull‘us
2685 2284 2940 2358 Reginus
2958 2284 3440 2359 archiepiscopus
3461 2275 3766 2358 subscripsi.

2228 2373 2434 2428 Petrus
2455 2372 2710 2428 Venetus
2735 2373 3084 2446 patriarcha,
3111 2374 3320 2430 Petrus
3335 2373 3768 2447 archiepiscopus

2157 2460 2628 2528 Mediolanensis,
2659 2461 2994 2518 Gotal‘ridus
3015 2462 3330 2536 episcopus
3353 2462 3768 2538 Magalonensis,

2159 2551 2542 2621 Berengarius
2563 2549 2872 2622 episcOpus
2896 2551 3338 2622 Forojuliensis,
3360 2554 3598 2608 Amatus
3616 2549 3770 2608 archi-

2155 2639 2467 2713 episcopus
2483 2639 2952 2712 Burdogalensis,
2966 2638 3316 2696 Aldebertus
3334 2640 3770 2714 archiepiscopus

2158 2728 2558 2795 Bituricensis,
2579 2728 2783 2784 Petrus
2801 2727 3276 2802 archiepiscopus
3298 2729 3605 2803 Aquensis,
3626 2728 3770 2786 Falco

2158 2816 2524 2873 Belvacensis
2554 2817 2866 2888 episcopus
2897 2815 3310 2873 interfuerunt.
3739 2839 3744 2842 η

2227 2905 2544 2962 Tetbaldus
2574 2903 2956 2962 Berceliensis
3000 2905 3182 2962 abbas
3227 2906 3508 2966 laudavit.
3560 2905 3776 2964 Poncius

2158 2995 2341 3052 abbas
2370 2995 2526 3052 Casa;
2551 2994 2674 3061 Dei,
2708 2994 3026 3050 Frotardus
3057 2995 3240 3051 abbas
3269 2996 3472 3054 Sancti
3502 2997 3696 3054 Pontii.

2227 3083 2328 3140 Isti
2350 3088 2407 3140 et
2436 3099 2642 3140 omnes
2670 3081 3119 3156 archiepiscopi,
3158 3083 3420 3158 episcopi
3464 3089 3522 3142 et
3565 3085 3770 3144 abbates

2157 3173 2219 3229 in
2244 3171 2582 3228 Placentina
2609 3171 2830 3244 synodo
2877 3171 3200 3229 residentes
3245 3173 3403 3230 hanc
3443 3171 3771 3230 dimissionis

401 3259 750 3332 delictorum
778 3259 1028 3318 vinculis
1058 3277 1162 3334 per
1187 3266 1524 3318 sanctorum
1555 3261 1953 3334 apostolorum
1987 3266 2046 3320 et
2073 3246 2116 3314 C
2157 3262 2421 3318 chartam
2452 3265 2738 3334 pracepto
2767 3259 2987 3316 domini
3013 3277 3175 3334 papa:
3196 3260 3582 3320 laudaverunt
3597 3266 3648 3318 et
3665 3277 3771 3317 cou-

399 3350 587 3423 sancti
619 3349 824 3423 (Egidii
849 3351 1059 3422 merita
1089 3355 1145 3406 et
1175 3367 1372 3423 preces
1403 3349 1682 3408 absolvat.
1713 3351 1888 3408 Porro
1922 3356 2044 3410 tam

398 3438 594 3512 ipsum
619 3455 796 3512 quam
813 3439 944 3512 ejus
958 3444 1222 3512 posteros
1239 3439 1562 3510 universos,
1583 3441 1633 3496 si
1655 3440 1929 3498 altarium
1951 3443 2049 3500 ob-

397 3525 678 3600 lationem
708 3527 957 3586 ulterius
988 3529 1260 3586 invadere
1289 3528 1657 3598 tentaverint,
1686 3529 2048 3588 anathemati

399 3617 754 3690 subjieimus
782 3621 839 3674 et
857 3617 931 3674 ab
956 3617 1226 3674 universo
1247 3615 1514 3674 Ecclesia:
1537 3618 1830 3675 consortio
1851 3635 2046 3694 segre-

399 3721 630 3779 gamus.
659 3705 1005 3778 Quicunque
1033 3706 1209 3765 etiam
1239 3704 1323 3761 vel
1360 3707 1433 3762 ab
1465 3706 1592 3779 ipso
1623 3707 1832 3765 comite
1852 3707 1942 3765 vel
1973 3708 2047 3766 ab

399 3793 596 3867 aliquo
630 3795 894 3867 quolibet
923 3794 995 3850 de
1023 3792 1422 3850 oblationibus
1459 3793 1574 3850 illis
1597 3795 1837 3854 feudum
1869 3803 2046 3866 tenet,

399 3880 582 3955 hujus
609 3881 822 3940 decreti
854 3886 1053 3938 tenore
1082 3881 1315 3954 cognito
1344 3881 1456 3954 nisi
1499 3883 1738 3942 omnino
1781 3885 2048 3944 Ecclesia)

397 3969 740 4041 reddiderit,
760 3968 950 4026 eidem
973 3969 1330 4027 anathemati
1357 3971 1678 4042 subjaceat.
1704 3973 1852 4045 Ipsis
1873 3975 2047 4032 etiam

398 4056 706 4114 monachis
736 4057 846 4114 sub
877 4057 1248 4114 anathemate
1279 4058 1688 4118 interdicimus
1711 4077 1782 4117 ne
1803 4062 1921 4119 ullo
1947 4081 2050 4121 un-

400 4163 580 4219 quam
608 4148 870 4218 tempore
899 4145 1184 4216 laicorum
1215 4146 1492 4220 cuiquam
1520 4148 1576 4204 in
1609 4149 1754 4221 ipsis
1775 4149 2046 4210 altarium

397 4233 794 4304 oblationibus
822 4240 1048 4309 partem
1080 4235 1293 4292 habere
1316 4237 1676 4308 permittant.
1702 4239 1971 4313 Alioquin
1992 4247 2050 4298 et

393 4323 499 4396 qui
531 4323 753 4382 dederit
783 4329 840 4382 et
861 4325 961 4400 qui
981 4325 1267 4398 receperit
1287 4324 1646 4384 anathemati
1667 4329 1820 4401 quod
1843 4347 2050 4404 propo-

395 4413 627 4473 suimus
655 4415 1004 4488 subjacebit.

395 4549 428 4574 ς,
467 4503 612 4560 Data
641 4521 744 4577 per
774 4521 1015 4560 manum
1048 4503 1314 4573 Joannis,
1355 4509 1567 4562 sanctis
1617 4506 1891 4564 Romanas
1939 4509 2044 4566 Ec-

2157 3351 2553 3417 ﬁrmaverunt,
2579 3367 2645 3406 ac
2665 3350 2845 3423 hujus
2873 3349 3239 3408 dimissionis
3269 3351 3546 3426 deinceps
3574 3351 3770 3407 invaso-

2155 3457 2279 3496 rem
2307 3438 2392 3496 vel
2417 3440 2820 3512 subreptorem
2841 3443 3120 3513 perpetuo
3145 3439 3506 3498 anathe‘lnati
3531 3438 3770 3498 subdide-

2155 3532 2314 3595 runt,
2343 3533 2400 3584 et
2431 3527 2854 3584 monasterium
2885 3544 3080 3594 omne,
3113 3529 3163 3584 si
3216 3528 3535 3602 aliquando
3581 3525 3770 3586 invasio

2155 3617 2462 3687 accideret,
2495 3619 2568 3673 ab
2594 3616 2754 3672 omni
2781 3616 2976 3672 divino
3007 3617 3198 3674 officio
3226 3617 3626 3676 interdicendo
3666 3633 3770 3698 ces-

2155 3723 2284 3764 sare
2306 3707 2636 3780 jusserunt.
3437 3699 3441 3702 ’
3752 3709 3756 3712 ‘

2829 3794 3116 3852 CXXVIII.

2159 3885 2408 3943 Urbanus
2469 3885 2524 3957 II
2575 3885 2825 3957 pontifex
2889 3887 3265 3942 monasteriun
3330 3888 3404 3943 D.
3465 3885 3674 3956 Georgii
3725 3883 3772 3937 in

2224 3959 2395 4031 Nigra
2451 3955 2706 4031 Silvalin
2731 3955 2912 4012 suam
2953 3959 3343 4031 protectionem
3409 3955 3608 4031 recipit
3642 3962 3775 4028 atque

2228 4027 2474 4098 insignes
2501 4031 2558 4085 ei
2575 4027 2852 4084 libertates
2879 4027 3140 4086 concedit.

2772 4135 2960 4207 (Anno
2999 4135 3180 4207 4095.)

2318 4223 2728 4291 [εοηοειιιειιικη
2761 4223 2929 4280 Alsat.
2951 4221 3110 4295 dipl.,
3145 4228 3288 4280 tom.
3323 4225 3369 4292 Ι,
3404 4241 3462 4298 p.
3493 4223 3649 4294 177.}-
3723 4235 3756 4259 ’-

2226 4329 2504 4386 υιωΑΝυε
2531 4329 2862 4403 episcopus,
2895 4345 3096 4386 servus
3117 4345 3420 4388 servorum
3450 4329 3566 4399 Dei,
3589 4328 3772 4387 dilecto

2153 4417 2274 4475 ﬁlio
2317 4421 2614 4475 Tsocsmo
2661 4418 2860 4475 abbati
2909 4419 3251 4476 monasterii
3302 4421 3502 4478 Sancti
3548 4415 3773 4490 Georgii.

2154 4508 2310 4580 quod
2343 4507 2523 4563 situm
2551 4506 2723 4563 estin
2754 4506 2910 4564 Silva
2938 4507 3136 4580 Nigra,
3161 4509 3334 4581 juxta
3364 4509 3579 4566 ﬂumen
3603 4505 3774 4578 Briga-

398 4591 589 4649 clesior.
619 4592 849 4650 diaconi
895 4593 1232 4662 cardinalis,
1282 4599 1574 4650 Cremona:
1626 4613 1704 4651 xu
1756 4597 2046 4656 Kalendas
2153 4613 2310 4662 nam,
2333 4597 2580 4668 ejusque
2603 4596 3044 4654 successoribus
3065 4597 3412 4672 regulariter
3441 4597 3776 4662 substituen-

397 4681 614 4751 Martii,
645 4682 964 4742 indictione
991 4699 1076 4752 III,
1111 4699 1265 4740 anno
1295 4683 1368 4738 ab
1391 4683 1796 4742 Incarnatione
1816 4686 2048 4744 Domini
2078 4681 2109 4683 θ
2159 4687 2250 4742 dis
2281 4686 2339 4741 in
2373 4689 2739 4758 perpetuum.

398 4771 558 4840 1095,
611 4771 986 4844 pontificatus
1033 4787 1170 4828 vero
1218 4771 1420 4828 domni
1472 4771 1690 4830 Urbani
1734 4791 1897 4847 papae
1953 4793 2047 4832 se-

437 4863 604 4916 timo.

397 4875 435 4930 Ρ
468 4948 580 5028 (32)
608 4947 843 5003 Relecta
870 4964 1005 5004 vero
1035 4952 1092 5005 et
1113 4949 1455 5008 conﬁrmata
1487 4951 1544 5006 in
1595 4951 1842 5008 concilio
1891 4955 2044 5025 quod

397 5032 553 5092 idem
583 5053 732 5110 papa
761 5036 1064 5094 Placentiae
1095 5039 1424 5097 celebravit.

379 5148 398 5160 -
469 5126 586 5200 Ego
600 5127 856 5184 Joannes
881 5127 1217 5185 Portuensis
1243 5130 1554 5204 episcopus
1575 5129 1890 5187 cardinalis
1911 5131 2047 5186 sub-

397 5230 886 5379 scl‘lgpglitlbertus
920 5306 1234 5364 cardinalis
1265 5307 1617 5380 subscripsi.

370 5453 384 5462 ,
463 5395 584 5469 Ego
615 5393 942 5452 Richardus
975 5397 1274 5470 presbyter
1301 5395 1622 5452 cardinalis
1669 5397 1884 5450 sanctas
1932 5394 2044 5454 Ro-

367 5499 580 5542 -manas
611 5482 877 5540 Ecclesiae
908 5489 965 5541 et
987 5483 1374 5543 Massiliensis
1403 5483 1588 5541 abbas
1623 5481 1968 5558 subscripsi.

459 5663 572 5754 (32)
601 5663 917 5747 Sequentia
941 5664 1143 5728 addito.
1169 5665 1376 5746 postea
1407 5665 1570 5728 sunt.

2228 4773 2592 4830 Desiderium
2618 4775 2773 4846 quod
2825 4775 2898 4830 ad
2948 4773 3288 4850 religiosum
3331 4775 3690 4850 propositum
3731 4771 3778 4826 et

2143 4863 2486 4918 animarum
2515 4862 2764 4918 salutem
2805 4863 3095 4935 pertinere
3143 4869 3525 4933 monstratur,
3568 4863 3778 4920 auctore

2154 4951 2290 5017 Deo,
2322 4951 2448 5007 sine
2477 4951 2672 5024 aliqua
2700 4957 2789 5008 est
2833 4951 3126 5009 delatione
3175 4952 3607 5027 complendum.
3653 4946 3778 5015 Quia

2153 5038 2334 5112 igitur
2365 5039 2586 5095 nobiles
2615 5039 2718 5094 viri
2775 5039 2965 5096 Herilo
3013 5047 3073 5097 et
3121 5042 3302 5099 Hesso
3351 5041 3413 5098 in
3461 5042 3774 5116 epiSOOpatu

2153 5129 2606 5196 Constantiensi,
2639 5130 2700 5185 in
2731 5145 2880 5202 pago
2913 5131 3150 5187 nomine
3195 5131 3362 5197 Bara,
3417 5130 3476 5186 in
3521 5127 3774 5187 comitatu

2151 5216 2446 5286 Ascheim,
2464 5217 2522 5273 in
2545 5217 2691 5274 silva
2707 5234 2886 5291 quam
2905 5218 3109 5275 dicunt
3123 5219 3386 5292 Nigrum,
3402 5219 3568 5290 juxta
3581 5216 3774 5272 ﬂumen

2151 5305 2486 5379 Briganam,
2514 5307 2574 5363 in
2601 5307 2820 5368 honore
2849 5307 3034 5364 sancti
3075 5306 3310 5382 Georgii
3351 5304 3625 5382 martyris
3667 5315 3775 5358 mo-

2152 5392 2476 5454 nasterium
2503 5394 2956 5464 aediﬁcaverunt,
3005 5400 3065 5452 et
3110 5395 3279 5456 beato
3324 5395 3493 5454 Petro
3542 5385 3775 5468 apostolo

2149 5481 2210 5540 id
2239 5482 2437 5559 ipsum
2473 5499 2610 5542 cum
2643 5483 2932 5544 universis
2953 5501 3082 5560 qua
3113 5483 3236 5544 illic
3267 5485 3602 5546 obtulerant
3637 5475 3776 5538 dolo-
