3928 6208
210 258 325 345 494

1402 268 1809 337 EPISTOLE
1838 270 1953 338 ΕΤ
1990 268 2463 341 PRIVILEGIA.

3513 284 3633 360 408

214 402 525 491 gaverunt,
545 416 659 487 nos
688 400 1016 462 secundum
1047 418 1248 463 eorum
1279 403 1643 464 devotionem
1675 405 1878 479 praefa-
1907 405 1963 487 Α
1991 421 2117 464 cem
2142 408 2389 482 praemia
2418 412 2644 468 aeterna:
2673 409 2834 485 pacis
2850 410 3167 485 inveniant,
3196 414 3401 489 Amen,
3436 431 3631 491 amen,

219 497 346 548 tum
376 489 577 563 locum
609 492 726 551 sub
755 493 1085 568 apostolicae
1126 494 1285 552 sedis
1318 495 1501 552 tutela
1550 495 1880 569 specialiter
1989 513 2182 554 amen.

218 581 653 639 confovendum
679 583 1059 658 suscipimus.
1082 585 1187 641 Per
1220 584 1524 658 praesentis
1553 585 1732 658 igitur
1764 585 1877 657 pri-

219 669 415 744 vilegii
451 671 737 746 paginam
785 674 1106 746 apostolica
1161 675 1504 732 auctoritate
1560 673 1875 731 statuimus

216 764 283 817 ut
306 777 677 834 quacunque
700 763 920 835 praedia
947 762 1067 820 sive
1095 764 1498 836 possessiones
1526 763 1746 837 praefati
1769 762 1876 819 viri

215 848 308 905 vel
339 849 441 907 alii
473 850 727 923 quilibet
778 868 849 909 ex
897 869 1003 910 suo
1052 854 1189 927 jure
1219 853 1555 927 supradicto
1609 852 1873 910 cmnobio

214 938 582 1008 obtulerunt,
621 956 1033 1014 quemcunque
1081 943 1140 999 in
1185 943 1451 1000 futurum
1499 941 1875 999 concessione

214 1028 591 1101 pontiﬁcum,
620 1028 971 1088 liberalitate
1029 1031 1381 1105 principum,
1432 1049 1535 1090 seu
1583 1031 1873 1088 oblatione

213 1118 660 1191 ﬁdeliumjuste
687 1124 862 1193 atque
876 1122 1153 1178 canonice
1183 1122 1395 1194 poterit
1409 1121 1674 1195 adipisci,
1709 1121 1875 1177 ﬁrma

212 1208 325 1265 tibi
360 1209 600 1282 tuisque
628 1210 1066 1267 successoribus
1103 1214 1161 1267 et
1188 1208 1415 1267 illibata
1470 1214 1869 1283 permaneant.

210 1297 380 1356 Nulli
440 1302 720 1372 praeterea
777 1300 1170 1367 sacerdotum,
1253 1316 1457 1372 regum
1516 1298 1603 1355 vel
1656 1300 1871 1355 ducum

210 1392 320 1453 aut
348 1377 656 1455 comitum,
687 1403 791 1444 seu
815 1388 1209 1461 quarumlibet
1224 1404 1605 1461 personarum
1630 1386 1871 1443 liceatin

208 1493 283 1533 eo
310 1475 444 1533 loco
473 1475 702 1548 aliquas
732 1476 845 1533 sibi
891 1477 1266 1550 proprietatis
1314 1476 1698 1544 conditiones,
1750 1494 1866 1533 non

208 1564 577 1623 hereditarii
598 1565 776 1637 juris,
814 1581 929 1622 non
989 1565 1322 1633 advocatiaa,
1384 1583 1499 1622 non
1556 1566 1872 1638 cuiuslibet

209 1653 526 1729 potestatis
558 1654 1023 1727 usurpationem,
1056 1671 1183 1728 quea
1227 1654 1481 1712 libertati
1530 1656 1870 1712 monasterii

2059 585 2275 643 Datum
2305 587 2610 646 Placentia:
2668 607 2771 663 per
2822 608 3065 649 manum
3120 592 3364 652 Joannis
3418 600 3632 653 sancta

1985 673 2258 733 Romanae
2280 676 2547 734 Ecclesiae
2577 679 2805 737 diaconi
2836 680 3170 749 cardinalis,
3202 701 3300 740 VIII
3330 684 3464 741 ldus
3482 686 3631 742 Mar-

1984 763 2073 831 tii,
2104 763 2306 821 indict.
2339 784 2423 834 In,
2448 785 2599 824 anno
2630 769 2941 826 Dominicis
2974 775 3262 828 Incarnat.
3306 773 3447 830 1095
3493 775 3630 847 (33),

1984 854 2361 925 pontificatus
2391 860 2588 913 autem
2642 858 2845 915 domni
2901 859 3120 917 Urbani
3175 862 3419 919 secundi
3468 881 3630 936 papa

1981 942 2254 1014 septimo.

2690 1037 2915 1094 CXXIX.

1980 1124 2365 1200 Monasterium
2444 1128 2829 1200 Hirsaugiense
2893 1128 3166 1200 Spirensis
3234 1130 3481 1188 discessi:
3535 1131 3631 1186 sub

2049 1197 2378 1277 protentio-ne
2442 1197 2603 1277 ,ςειίἰδ⁸
2647 1197 2953 1270 apostolicae
3027 1202 3310 1273 recipitur,
3388 1204 3634 1277 bonaque

2051 1269 2237 1322 omnia
2264 1268 2441 1325 eidem
2466 1268 2879 1340 conﬁrniantur.

2601 1376 2787 1447 (Anno
2822 1376 3005 1448 1095.)

2207 1462 2645 1535 [Cocousnmss,
2677 1466 2890 1521 Butler.
2922 1465 3153 1537 collect.,
3186 1467 3258 1535 II,
3290 1467 3405 1540 80.]

2053 1569 2330 1626 Unsmos
2362 1571 2691 1643 episcopus,
2725 1588 2927 1628 servus
2944 1589 3244 1628 servorum
3278 1573 3397 1642 Dei,
3421 1572 3631 1631 dilecto

1981 1657 2100 1714 tilio
2130 1659 2493 1727 GEBEHARDO,
2539 1660 2878 1717 monasterii
2927 1660 3361 1734 Hirsaugiensis
3411 1661 3628 1732 abbati,

208 1747 443 1811 noceat,
488 1743 818 1846 vindicare,
847 1745 1232 1846 ‘Advocatum.
1278 1743 1392 1846 sibi
1448 1744 1865 1846 constituendi,
1899 1780 1948 1846 Β
1981 1748 2226 1819 ejusque
2257 1749 2694 1806 successoribus
2726 1748 3070 1823 regulariter
3099 1751 3548 1821 substituendis,
3570 1752 3631 1809 in

207 1848 391 1906 quem
420 1831 735 1899 voluerint,
769 1832 950 1889 abbas
981 1849 1116 1888 cum
1142 1833 1268 1891 suis
1299 1832 1580 1889 fratribus
1624 1832 1871 1889 liberam

206 1922 472 1979 habeant
499 1924 871 1994 potestatem.
893 1922 960 1976 Et
975 1922 1024 1977 si
1050 1922 1100 1978 is
1118 1923 1492 1993 postmodum
1511 1922 1871 1979 monasterio

208 2012 446 2071 inutilis
473 2012 669 2078 fuerit,
698 2016 919 2069 remoto
932 2030 999 2069 eo
1012 2011 1192 2069 alium
1208 2014 1585 2069 constituant.
1607 2012 1765 2069 Obeu
1775 2017 1872 2068 nte

208 2106 267 2158 te
299 2118 463 2159 nunc
491 2102 623 2173 ejus
646 2100 759 2157 loci
789 2102 997 2158 abbate
1027 2101 1115 2158 vel
1161 2106 1393 2158 tuorum
1442 2099 1705 2174 quolibet
1735 2118 1871 2157 suc-

210 2207 545 2253 cessorum,
582 2189 784 2247 nullus
815 2190 895 2246 ibi
925 2190 1185 2263 qualibet
1214 2190 1608 2263 subreptionis
1656 2190 1873 2246 astutia

210 2280 298 2336 vel
330 2277 614 2335 violentia
646 2282 1038 2352 praeponatur,
1071 2278 1185 2335 nisi
1234 2297 1407 2353 quem
1463 2280 1673 2336 fratres
1704 2295 1867 2335 com-

198 2358 381 2425 muni
415 2384 713 2425 consensu
742 2367 830 2423 vel
864 2368 1112 2424 fratrum
1165 2385 1301 2440 pars
1329 2368 1557 2425 consilii
1618 2368 1869 2425 sanioris

196 2458 546 2521 secundum
580 2457 678 2513 Dei
711 2457 982 2514 timorem
1016 2460 1073 2513 et
1102 2456 1363 2532 regulam
1392 2458 1545 2515 beati
1576 2456 1869 2517 Benedicti

207 2544 516 2620 elegerint.
552 2544 626 2601 Ut
654 2550 851 2602 autem
896 2546 1104 2603 fratres
1132 2546 1193 2602 in
1237 2546 1439 2602 eodem
1470 2545 1596 2602 loco
1645 2544 1869 2602 collecti

204 2634 642 2709 omnipotentis
658 2633 761 2690 Dei
788 2634 1039 2689 servitiis
1059 2633 1540 2692 liberiusvaleant
1569 2633 1865 2702 insudare,

201 2723 587 2782 decernimus
618 2726 684 2779 ut
713 2721 857 2779 nulli
890 2722 1128 2780 omnino
1160 2723 1466 2779 hominum
1499 2723 1670 2780 liceat
1711 2724 1867 2779 idem

186 2814 549 2887 ,cmnobium
578 2815 800 2869 temere
830 2812 1169 2885 perturbare
1224 2816 1327 2869 aut
1358 2812 1628 2870 subditas
1651 2812 1703 2869 ei
1733 2830 1866 2886 pos-

201 2903 512 2960 sessiones
545 2901 795 2967 auferre,
826 2901 1092 2958 minuere
1119 2900 1207 2957 vel
1246 2900 1572 2958 temerariis
1614 2901 1865 2957 vexatio-

199 2990 384 3048 nibus
418 2990 686 3063 fatigare,
737 2990 839 3046 sed
892 2990 1091 3046 omnia
1145 2989 1374 3063 integra
1430 2994 1867 3057 conserventur,

194 3071 417 3137 eorum
448 3096 555 3153 pro
587 3095 840 3152 quorum
874 3079 1298 3136 sustentatione
1349 3096 1415 3135 ac
1445 3077 1868 3152 gubernatione

1979 1841 2351 1909 perpetuum.

2052 1926 2198 1982 Cum
2226 1926 2515 1983 universis
2541 1932 2754 1984 sanctae
2784 1927 3051 1984 Ecclesia
3081 1927 3219 1984 ﬁliis
3250 1944 3353 2001 pro
3399 1932 3629 2003 aposto-

1980 2014 2103 2070 lica:
2163 2016 2320 2071 sedis
2378 2016 2722 2073 auctoritate
2778 2034 2845 2072 ac
2898 2017 3303 2075 benevolentia
3339 2017 3631 2076 debitores

1979 2103 2320 2174 existamus,
2355 2104 2473 2161 illis
2504 2108 2720 2176 tamen,
2753 2104 2897 2161 locis
2930 2122 2997 2162 ac
3024 2107 3313 2179 personis,
3349 2124 3476 2179 quae
3499 2124 3631 2181 spe-

1981 2191 2185 2249 cialius
2218 2197 2276 2249 et
2305 2193 2654 2250 familiarius
2683 2194 2957 2250 Romanis
3010 2194 3311 2253 adherant
3338 2195 3630 2263 Ecclesiae,

1981 2298 2225 2354 quaeque
2257 2282 2526 2355 ampliori
2584 2281 2886 2355 religionis
2943 2284 3133 2356 gratia
3188 2284 3466 2351 eminent,
3496 2301 3630 2357 pro-

1969 2369 2237 2443 .pensiori
2267 2387 2373 2426 nos
2405 2371 2677 2426 convenit
2721 2370 3026 2426 charitatis
3067 2372 3262 2426 studio
3296 2371 3624 2428 imminere.

1978 2457 2140 2515 Unde
2193 2476 2321 2526 nos,
2372 2459 2535 2515 homo
2594 2460 2889 2514 memoria:
2941 2460 3387 2531 praedecessoris
3444 2460 3630 2516 nostri

1979 2547 2237 2621 Gregorii
2273 2548 2520 2604 formam
2553 2550 2891 2619 sequentes,
2921 2548 3124 2605 eadem
3154 2548 3261 2605 tibi
3290 2549 3527 2621 tuisque
3548 2548 3628 2605 le-

1979 2635 2201 2710 gitimis
2226 2637 2601 2692 concedimus
2628 2635 3223 2708 successoribus,qua3
3250 2635 3376 2708 ipse
3407 2638 3628 2709 praede-

1978 2725 2193 2783 cessori
2226 2730 2325 2782 tuo
2357 2724 2653 2781 Willelmo
2683 2727 2741 2781 et
2768 2725 3034 2797 ejusdem
3057 2726 3411 2795 monasterio
3442 2727 3627 2798 preci-

1976 2814 2087 2871 bus
2126 2814 2421 2870 Adalherti
2470 2814 2723 2881 comitis,
2782 2814 3074 2871 concessit
3113 2817 3171 2870 et
3222 2815 3627 2886 confirmavit;

1977 2903 2078 2975 qui
2109 2907 2332 2959 internis
2365 2902 2768 2959 retributionis
2782 2919 2981 2959 amore
3004 2902 3396 2960 succensusin
3410 2904 3628 2977 praedio

1976 3009 2084 3048 suo
2115 2992 2266 3063 quod
2301 2991 2514 3047 dicitur
2545 2990 2873 3065 Hirsaugia,
2920 2992 3342 3062 monasterium
3373 3010 3408 3048 a
3436 3009 3638 3066 proge-

1977 3080 2268 3137 nitoribus
2299 3080 2424 3135 suis
2446 3081 2712 3152 antiquis
2731 3085 3164 3147 constructum,
3197 3097 3385 3154 nuper
3413 3081 3636 3138 amissa

201 3186 500 3226 concessa
530 3171 674 3223 sunt
702 3166 910 3225 usibus
956 3166 1311 3224 omnimodis
1365 3167 1691 3239 profutura.
1749 3166 1866 3223 Vos
1895 3147 1939 3214 α
1980 3168 2296 3225 restituens
2327 3171 2570 3223 venuste
2603 3169 2911 3239 reparavit,
2946 3172 3005 3223 et
3065 3166 3124 3223 in
3182 3186 3328 3225 usus
3385 3169 3633 3226 fratrum

198 3274 366 3326 vero,
400 3256 510 3312 ﬁlii
535 3257 593 3312 in
624 3255 856 3312 Christo
904 3255 1259 3324 charissimi,
1303 3259 1530 3327 oportet
1582 3254 1866 3328 regularis

201 3344 537 3419 disciplinae
569 3343 1672 3417 institutionibusdiligenterinsistere,
1706 3347 1763 3399 et
1786 3347 1869 3399 to-

198 3437 327 3491 tius
358 3434 572 3490 animee
602 3449 669 3489 ac
700 3433 913 3488 mentis
944 3432 1260 3489 virtutibus
1310 3431 1606 3499 anhelare,
1654 3435 1718 3487 ut
1766 3448 1869 3504 per

197 3527 436 3580 arctam
458 3522 617 3593 viam
648 3520 981 3595 gradientes
1013 3520 1394 3595 omnipotenti
1430 3520 1541 3577 Deo
1573 3519 1799 3592 placere
1811 3522 1869 3576 et

197 3613 278 3668 ad
318 3626 641 3683 supernam
671 3598 1105 3666 beatitudinem
1140 3610 1438 3683 pervenire
1488 3607 1747 3664 valeatis.
1779 3609 1864 3664 Ad

191 3699 496 3756 indicium
529 3702 724 3754 autem
760 3702 1039 3770 percepta:
1070 3697 1250 3769 hujus
1268 3698 1582 3753 aRomana
1610 3696 1868 3753 Ecclesia

188 3788 496 3847 libertatis
526 3804 629 3860 per
658 3803 847 3844 annos
878 3786 1144 3860 singulos
1156 3803 1397 3843 aureum
1420 3785 1745 3843 Bizantium
1766 3787 1868 3843 La-

191 3876 502 3933 teranensi
533 3875 755 3950 palatio
788 3876 1144 3948 persolvetis.
1176 3880 1326 3932 Sane
1345 3876 1390 3932 si
1416 3876 1549 3947 quis
1580 3875 1637 3930 in
1658 3875 1865 3931 crasti-

193 3982 350 4023 num
380 3964 859 4038 archiepiscopus
887 3969 991 4022 aut
1029 3964 1364 4038 episcopus,
1410 3964 1731 4036 imperator
1758 3968 1865 4020 aut

199 4072 329 4121 rex,
363 4054 482 4110 dux
510 4058 611 4110 aut
642 4054 927 4120 marchio,
986 4071 1182 4110 comes
1213 4058 1315 4109 aut
1364 4053 1708 4119 vicecomes,
1765 4057 1869 4109 aut

195 4159 463 4217 persona
490 4142 768 4216 quaslibet
796 4142 1189 4199 ecclesiastica
1216 4141 1304 4198 vel
1336 4141 1634 4199 saecularis
1686 4143 1864 4214 hujus

200 4238 426 4290 nostra:
455 4231 895 4289 constitutionis
942 4233 1216 4305 paginam
1266 4230 1458 4287 sciens
1508 4236 1710 4287 contra
1737 4247 1865 4288 eam

198 4326 430 4378 temere
453 4321 647 4378 venire
679 4319 1009 4389 tentaverit,
1044 4321 1299 4379 secundo
1326 4319 1565 4375 tertiove
1606 4336 1864 4377 commo-

200 4409 394 4477 nitus,
425 4409 475 4466 si
529 4425 645 4466 non
687 4408 1088 4465 satisfactione
1141 4424 1403 4485 congrua
1448 4407 1862 4476 emendaverit,

1977 3256 2119 3312 inibi
2143 3257 2259 3312 Deo
2292 3256 2668 3312 servientium
2725 3255 2996 3327 pluribus
3043 3255 3538 3328 possessionibus,
3571 3262 3632 3313 et

1976 3344 2303 3401 redditibus
2328 3344 2647 3418 ampliavit.
2670 3345 2854 3408 Quam
2881 3361 3000 3400 sua:
3020 3344 3633 3402 liberalitatisinstitu-

1974 3434 2193 3489 tionem
2228 3450 2298 3489 ne
2328 3433 2451 3488 ulla
2477 3432 2535 3488 in
2568 3436 2867 3505 posterum
2884 3449 3287 3506 perversurum
3319 3433 3629 3490 hominum

1976 3522 2222 3579 audacia
2252 3521 2513 3578 minuere
2544 3525 2647 3577 aut
2675 3519 2887 3577 violare
2933 3526 3252 3595 prmsumat
3298 3520 3628 3595 apostolica:

1975 3610 2339 3668 auctoritatis
2371 3608 2671 3682 privilegio
2705 3609 2946 3679 muniri,
2979 3613 3037 3665 et
3066 3615 3280 3666 sancta:
3330 3611 3628 3681 Romanae,

1974 3700 2243 3757 Ecclesiae
2275 3698 2519 3755 tuitione
2549 3698 2807 3754 roborari
2841 3697 3177 3772 postulavit.
3211 3699 3628 3773 Quamobrem,
3684 3751 3688 3755 .

1975 3790 2282 3864 praefatum
2314 3786 2735 3844 monasterium
2768 3789 2880 3860 sub
2907 3786 3239 3859 apostolicis
3287 3789 3444 3845 sedis
3492 3806 3627 3862 pro-

1973 3878 2220 3934 tectione
2251 3893 2318 3932 ac
2348 3876 2530 3932 tutela
2559 3875 2887 3948 specialiter
2903 3875 3345 3948 amplectentes,
3371 3893 3629 3949 prasen-

1975 3966 2052 4023 tis
2086 3965 2366 4039 privilegii
2400 3965 2612 4037 pagina
2638 3965 2978 4034 statuimus,
3012 3969 3079 4021 ut
3109 3981 3235 4037 quae
3266 3964 3441 4022 hodie
3471 3966 3628 4023 idem

1976 4055 2309 4112 coenobium
2332 4055 2497 4125 juste
2532 4053 2811 4126 possidet,
2844 4053 2964 4109 sive
2994 4052 3052 4109 in
3081 4054 3348 4110 futurum
3390 4071 3629 4112 conces-

1976 4146 2140 4201 sione
2158 4142 2805 4216 pontiﬁcum,libertate
2837 4142 3193 4215 principum,
3214 4142 3303 4199 vel
3333 4141 3628 4201 oblatione

1976 4232 2260 4298 fidelium,
2287 4233 2449 4303 juste
2480 4235 2537 4285 et
2566 4230 2842 4286 canonice
2888 4231 3101 4302 poterit
3151 4230 3416 4302 adipisci,
3460 4232 3633 4289 firma

1975 4323 2104 4392 tibi,
2137 4321 2373 4393 tuisque
2404 4319 2866 4388 successoribus,
2887 4324 2944 4375 et
2971 4318 3198 4375 illibata
3228 4326 3628 4393 permaneant.

1978 4414 2039 4468 In
2072 4409 2291 4483 quibus
2322 4408 2444 4464 haec
2487 4406 2833 4464 nominatim
2886 4408 3252 4480 designanda
3307 4407 3623 4464 duximus:

199 4496 512 4571 potestatis
541 4496 902 4569 honorisque
931 4496 1022 4553 sui
1040 4496 1324 4571 dignitate
1337 4500 1550 4562 careat,
1583 4512 1865 4569 reumque
1896 4513 1942 4579 ι)
1971 4499 2213 4556 cellulas
2240 4502 2297 4553 S.
2343 4496 2595 4570 Georgii,
2650 4513 2779 4568 quae
2832 4495 3047 4552 dicitur
3093 4494 3445 4564 Riehenbac,
3478 4500 3537 4552 et
3568 4498 3629 4556 S.

199 4603 269 4644 se
299 4585 497 4643 divino
518 4586 748 4659 judicio
778 4585 1023 4642 existere
1062 4586 1133 4642 de
1177 4586 1504 4658 perpetrata
1556 4583 1864 4656 iniquitate
1904 4582 1907 4585 ’

190 4679 537 4749 cognoscat,
570 4678 751 4748 atque
777 4690 811 4730 a
844 4674 1243 4731 sacratissimo
1273 4690 1511 4746 corpore
1541 4673 1641 4729 Dei
1675 4690 1740 4729 ac
1766 4675 1866 4730 Do-

198 4764 351 4825 mini
383 4763 796 4838 Redemptoris
825 4762 1009 4821 nostri
1036 4764 1176 4821 Jesu
1207 4762 1423 4819 Christi
1458 4762 1687 4819 alienus
1737 4763 1859 4831 ﬁat,

194 4859 263 4912 .et
291 4853 353 4911 in
383 4857 643 4913 extremo
672 4853 939 4910 examine
970 4853 1247 4910 districts:
1293 4852 1501 4909 ultioni
1534 4852 1856 4924 suhjaceat.

203 4943 444 5000 Cunctis
472 4946 675 4999 autem
709 4941 901 4998 eidem
930 4941 1056 4998 loco
1079 4943 1246 5013 justa
1275 4941 1644 4998 servantibus
1665 4940 1742 4996 sit
1754 4958 1864 5015 pax

208 5032 437 5090 Domini
468 5029 659 5090 nostri
674 5034 812 5087 Jesu
825 5029 1061 5099 Christi,
1095 5036 1388 5104 quatenus
1418 5031 1584 5087 ethic
1607 5031 1861 5087 fructum

209 5123 366 5179 bona
391 5119 650 5180 actionis
683 5118 1008 5193 percipiant
1037 5125 1096 5175 et
1126 5120 1281 5193 apud
1329 5120 1659 5175 districtum
1701 5119 1865 5191 judi-

268 5286 385 5364 (33)
409 5284 637 5355 Errant
665 5278 770 5362 qui
805 5277 1139 5362 Eugenium
1171 5279 1271 5361 01V.
1295 5278 1558 5360 omnium
1606 5280 1866 5405 Erim‘um

268 5376 364 5405 nm
406 5355 853 5405 Incamationis
901 5368 959 5405 in
1009 5355 1309 5405 rescriptis
1355 5367 1480 5405 suis
1529 5350 1600 5405 ad
1648 5351 1866 5405 ibuisse

190 5349 374 5420 Eram,
402 5349 853 5415 Incamationis
901 5349 959 5407 in
1009 5349 1309 5423 rescriptis
1355 5351 1497 5423 suis
1529 5349 1870 5407 adhibuisse

185 5434 293 5496 sibi
325 5423 741 5508 persuadent,
771 5426 945 5508 atque
976 5423 1119 5508 adeo
1149 5420 1362 5508 omnes.
1385 5420 1573 5508 bullas
1598 5425 1734 5508 ante
1755 5423 1868 5508 Eu-

175 5492 428 5590 genium
464 5492 1520 5590 Ιξ⁷Διειιιξιίίῖ1ξξθεινῖὶξιῑὶοῐὲξεζἔρὲῐξιιειε⁸
1549 5492 1868 5590 interppla-

171 5563 356 5649 {Dionis
416 5566 708 5630 reddunt
758 5568 1078 5636 suspectas.
1140 5563 1447 5622 Pontifices
1495 5564 1623 5635 jam
1670 5563 1872 5619 a'Leo-

1974 4587 2230 4655 Martini,
2256 4604 2383 4659 quae
2396 4586 2610 4642 dicitur
2627 4584 3042 4655 Vischhahajo,
3075 4588 3132 4641 et
3161 4585 3447 4657 praedium
3469 4587 3627 4656 quod

1973 4677 2186 4733 dicitur
2216 4675 2482 4741 Gilstein,
2515 4673 2671 4746 quod
2703 4673 2907 4728 datum
2934 4677 3026 4728 est
3054 4690 3158 4746 pro
3189 4672 3334 4729 cella
3362 4677 3418 4728 Β.
3452 4673 3625 4744 Petri;

1972 4766 2412 4830 constituentes,
2445 4780 2518 4819 ne
2546 4761 2630 4818 vel
2657 4765 2740 4828 tu,
2777 4760 2859 4816 illi
2891 4761 3238 4818 charissime
3269 4761 3626 4833 Gebeharde,

1972 4854 2058 4912 vel
2091 4853 2334 4926 quilibet
2366 4857 2600 4908 tuorum
2634 4866 3066 4920 successorum,
3093 4850 3366 4924 prmfatas
3386 4849 3629 4909 cellulas

1972 4944 2295 5009 destruere,
2328 4940 2415 4997 vel
2442 4957 2532 5007 ea,
2564 4957 2691 5012 quae
2722 4939 2839 4996 illis
2869 4957 3150 4997 concessa
3178 4944 3319 4997 sunt
3347 4947 3451 4998 seu
3488 4959 3626 4998 con-

1974 5033 2272 5099 cedentur,
2303 5035 2522 5085 temere
2548 5029 2919 5101 praesumatis
2944 5029 3314 5086 imminuere.
3352 5030 3632 5087 Praeterea

1976 5120 2366 5186 decernimus,
2400 5122 2465 5173 ut
2495 5117 2639 5173 nulli
2670 5119 2908 5176 omnino
2939 5118 3248 5176 hominum
3277 5119 3451 5176 liceat
3474 5120 3631 5176 idem

1977 5280 2070 5338 nis
2098 5281 2171 5338 IX
2196 5282 2361 5336 aetate
2389 5295 2505 5334 aera
2524 5277 2947 5335 lncarnationis
2968 5277 3221 5335 subinde
3253 5277 3344 5334 usi
3372 5277 3630 5347 fuerunt,

1978 5358 2069 5409 ast
2096 5354 2206 5408 sub
2238 5349 2493 5423 Eugenio
2526 5349 2598 5406 IV
2621 5349 2866 5423 ejusque
2896 5349 3339 5423 successoribus
3370 5354 3633 5423 usugsille

1978 5429 2256 5480 constans
2304 5420 2434 5477 esse
2490 5420 2681 5492 coepit.
2743 5421 3088 5492 (MABILLON.
3148 5422 3221 5475 De
3278 5436 3337 5475 re
3366 5421 3631 5491 Diplom.,

1978 5494 2077 5551 lih.
2142 5512 2203 5558 ιι,
2263 5510 2390 5565 cap.
2444 5493 2535 5559 25;
2589 5493 2725 5545 PAGI
2799 5494 2932 5549 Vitae
2974 5493 3300 5564 pontiﬁcum
3353 5495 3497 5549 tom.
3562 5498 3630 5563 II,

1981 5583 2114 5640 pag.
2146 5566 2300 5635 356.)
