3928 6208
339 361 466 428 198

1645 365 1715 430 Β.
1761 363 2051 432 URBANI
2094 363 2150 428 II
2191 363 2440 430 ΡΑΡιΕ.

3631 366 3767 431 ωἴ

342 498 672 558 ccenobium
703 505 920 560 temere
948 503 1410 576 perturbare,vcl
1445 504 1572 576 ejus
1586 503 1988 578 possessiones
2017 498 2072 567 Α
2092 499 2274 572 judex
2295 505 2399 557 aut
2430 517 2678 573 persona
2709 497 2982 574 quislibet
3013 497 3325 576 magnavel
3354 497 3757 574 parva,hujus

342 589 588 659 auferre,
625 591 907 659 minuere,
938 593 1026 649 vel
1057 594 1382 650 temerariis
1412 593 1812 648 vexationibus
1858 591 1986 647 fati-

340 691 498 752 gare;
531 680 631 735 sed
665 681 862 737 omnia
893 682 1116 755 integra
1163 688 1598 750 conserventur,
1651 698 1853 738 eorum
1885 697 1988 754 pro

341 783 593 841 quorum
619 770 1044 828 sustentatione
1074 788 1352 830 concessa
1383 779 1539 837 sunt,
1575 771 1782 827 usibus
1806 771 1990 826 omni-

341 857 514 913 modo
532 857 1302 930 protutura.Constitutionis
1323 877 1555 933 quoque
1574 860 1988 926 immunitatis,

343 949 403 1002 et
431 945 716 1003 libertatis
746 949 969 1015 modos,
1004 966 1153 1021 quos
1184 951 1458 1022 praefatus
1501 966 1696 1006 comes
1746 949 1990 1005 illustris

345 1035 694 1092 Adalbertus
725 1037 943 1110 scripto
975 1056 1092 1093 suae
1111 1038 1722 1106 traditionisinseruit,
1755 1045 1811 1095 et
1835 1041 1991 1112 regio

351 1122 542 1196 sigillo
576 1124 836 1196 imprimi
867 1128 1108 1195 curavit,
1141 1129 1213 1184 ad
1236 1129 1590 1200 posteritatis
1621 1129 1994 1196 cautelam,et

349 1213 635 1269 arcendos
665 1213 1068 1271 infestantium
1118 1217 1374 1288 impetus
1427 1217 1738 1290 diligenter
1785 1219 1989 1273 statui-

348 1315 504 1368 mus,
535 1301 616 1357 uti
650 1319 753 1358 nec
783 1303 854 1358 de
884 1305 1190 1377 promissis
1209 1307 1498 1378 quidlibet
1515 1306 1865 1380 negligatur,
1887 1323 1993 1362 nec

349 1389 421 1445 de
449 1391 640 1448 vetitis
671 1393 957 1465 quidlibet
986 1400 1394 1466 prresumatur.
1451 1397 1713 1452 Obeunte
1751 1411 1884 1451 vero
1916 1400 1990 1460 te,

349 1494 507 1534 nunc
537 1479 666 1552 ejus
696 1481 806 1536 loci
837 1482 1065 1550 abbate,
1089 1483 1177 1538 vel
1211 1489 1445 1540 tuorum
1473 1484 1733 1556 quolibet
1763 1500 1992 1540 succes-

351 1583 573 1636 sorum,
607 1569 807 1626 nullus
837 1571 918 1626 ibi
945 1572 1208 1643 qualibet
1239 1573 1636 1645 subreptionis
1660 1573 1880 1629 astutia
1909 1573 1994 1628 vel

348 1653 626 1710 violentia
657 1663 1045 1728 praeponatur,
1079 1659 1193 1716 nisi
1225 1677 1399 1733 quem
1434 1661 1642 1716 fratres
1694 1661 1992 1715 communi

349 1758 662 1814 consensu,
696 1744 778 1801 vel
814 1747 1060 1803 fratrum
1081 1765 1215 1821 pars
1245 1748 1492 1804 sanioris
1523 1749 1993 1816 consilii,secun-

351 1831 494 1935 dum
525 1832 732 1935 Deu‘m,
763 1838 820 1890 et
849 1835 1023 1935 Beati.
1045 1837 1337 1935 Benedicti
1387 1837 1648 1935 regulam
1697 1837 1992 1935 elegerint.
2030 1870 2076 1935 Β

352 1919 829 1978 Consecrationes
859 1923 1132 1980 altarium
1164 1925 1282 1982 sive
1326 1926 1728 1994 basilicarum,
1770 1927 1998 1982 ordina-

349 2004 541 2066 tienes
570 2026 801 2082 quoque
830 2012 1197 2085 clericorum,
1250 2014 1443 2072 oleum
1489 2020 1780 2084 sanctum,
1815 2021 1870 2072 et
1899 2034 2000 2072 cae-

349 2101 476 2154 tera
505 2100 576 2155 ad
600 2099 928 2174 episcopale
954 2102 1212 2160 officium
1228 2104 1600 2176 pertinentia,
1624 2105 1696 2160 ab
1727 2106 1998 2178 episcopo

351 2186 632 2258 Spirensi,
665 2190 722 2245 in
753 2192 924 2262 cujus
953 2191 1096 2249 estis
1125 2192 1379 2261 dioecesi,
1412 2193 1707 2266 accipietis
1738 2194 1788 2250 si
1805 2198 1999 2250 tamen

351 2277 672 2334 catholicus
701 2279 896 2346 fuerit,
920 2285 974 2336 et
988 2281 1460 2338 communionem
1493 2283 1822 2354 apostolica
1844 2282 2001 2338 sedis

349 2364 640 2434 habuerit;
704 2367 752 2424 si
783 2385 852 2424 ea
901 2370 1104 2441 gratis,
1162 2371 1286 2427 sine
1344 2371 1667 2428 simoniaca
1718 2372 2002 2444 pravitate

350 2452 687 2526 impendere
715 2456 997 2526 voluerit;
1048 2459 1194 2516 alias
1239 2477 1374 2515 vero
1423 2459 1594 2516 liceat
1623 2459 1998 2527 catholicum,

353 2559 526 2615 quem
558 2544 877 2614 volueritis,
909 2548 1248 2621 episcopum
1289 2549 1469 2615 adire,
1496 2553 1551 2604 et
1583 2551 1655 2604 ab
1685 2567 1751 2605 eo
1801 2566 2002 2605 conse-

353 2633 679 2690 crationum
737 2641 1106 2704 sacramenta
1164 2639 1456 2710 accipere;
1527 2639 1627 2710 qui
1689 2638 2007 2710 apostolica

355 2719 541 2777 fultus
569 2725 932 2790 auctoritate,
967 2743 1094 2797 quae
1127 2726 1488 2800 postulastis,
1519 2726 1840 2800 indulgeat.
1890 2729 2004 2782 Ad-

356 2814 628 2866 vocatum
670 2815 948 2882 praaterea
973 2815 1092 2870 sive
1141 2819 1522 2886 protectorem
1567 2816 1731 2871 vobis
1779 2815 2005 2872 Godfri-

361 2898 528 2964 dum,
560 2900 783 2972 praefati
813 2901 1046 2958 comitis
1071 2903 1363 2958 Adalberti
1396 2903 1582 2958 ﬁlium
1613 2903 2008 2971 instituimus,

363 2984 416 3043 si
445 2986 788 3059 hujusmodi
818 2989 934 3046 Deo
965 2995 1274 3063 praestante
1321 2993 1515 3064 fuerit,
1564 2997 1628 3048 ut
1657 2993 1924 3048 Ecclesia:
1955 2996 2013 3048 et

365 3076 549 3133 servis
579 3076 681 3132 Dei
712 3077 989 3135 honorem
1021 3080 1282 3135 debitum
1333 3081 1622 3150 exhibeat,
1667 3085 1724 3137 et
1752 3081 2012 3154 praedicti

363 3165 706 3224 monasterii
738 3165 901 3223 utilis
931 3172 988 3224 et
1018 3169 1318 3224 studiosus
1349 3169 1621 3226 defensor
1669 3170 1881 3238 fuerit;
1917 3169 2008 3226 sin

359 3260 557 3312 autem
587 3257 646 3312 in
677 3261 868 3313 vestra
897 3257 972 3313 sit
1003 3260 1287 3328 potestate
1317 3258 1526 3329 eligere
1569 3263 1769 3314 vestra:
1817 3235 2005 3314 eccle-
2035 3235 2078 3303 (ἶ

359 3345 459 3402 sits
489 3345 765 3402 idoneum
790 3348 1196 3418 protectorem,
1229 3347 1328 3418 qui
1363 3347 1492 3403 sine
1527 3347 1674 3402 lucri
1707 3347 2004 3404 saecularis

356 3433 653 3492 exactione
681 3434 740 3491 id
763 3435 967 3490 divinae
997 3434 1294 3492 servitutis
1305 3435 1654 3509 obsequium
1687 3440 1923 3493 strenue
1939 3454 2005 3492 ac

356 3528 683 3580 reverenter
727 3523 1014 3580 exhibeat.
1074 3525 1192 3581 Vos
1243 3524 1442 3598 igitur,
1513 3525 1619 3580 ﬁlii
1679 3525 1738 3581 in
1776 3525 2005 3581 Christo

357 3612 712 3680 oharissimi,
745 3617 971 3686 oportet
994 3613 1280 3686 regularis
1310 3613 1635 3688 disciplinae
1685 3615 2005 3670 institutio-

357 3701 534 3758 nibus
565 3701 874 3757 sollicitius
905 3706 962 3756 et
991 3701 1257 3758 devotius
1288 3703 1502 3758 mentis
1531 3708 1587 3758 et
1609 3703 1816 3758 animas
1831 3703 2008 3758 virtu-

356 3787 517 3844 tibus
547 3788 855 3855 anheletis;
907 3788 1195 3861 praecipue
1245 3790 1548 3845 studentes
1593 3790 1865 3846 Romanis
1899 3792 2006 3846 Ec-

359 3874 545 3932 clesia
573 3876 805 3931 decreta
834 3877 1165 3931 veneranda
1203 3893 1455 3944 servare,
1485 3877 1654 3948 cujus
1687 3879 2006 3950 patrocinio

360 3963 434 4020 ab
465 3961 625 4018 omni
649 3963 794 4035 jugo
823 3963 1139 4018 viventium
1195 3963 1337 4020 estis
1392 3969 1686 4020 annuente
1743 3967 2004 4034 Domino,

360 4049 716 4124 premuniti.
745 4051 830 4105 Ad
855 4049 1149 4121 judicium
1198 4056 1393 4107 autem
1441 4057 1719 4125 percepta:
1767 4053 1946 4127 hujus
1975 4074 2009 4112 a

363 4140 628 4196 Romana
683 4136 937 4194 Ecclesia
994 4137 1281 4195 libertatis
1347 4156 1451 4212 per
1493 4157 1679 4198 annos
1738 4143 2006 4216 singulos

361 4225 688 4284 Bisantium
718 4243 961 4283 aureum
993 4227 1368 4284 Lateranensi
1401 4228 1616 4302 palatio
1643 4231 2001 4302 persolvetis.

361 4317 512 4374 Sane
541 4315 591 4372 si
620 4316 754 4389 quis
783 4315 844 4372 in
875 4316 1198 4372 crastinum
1217 4317 1598 4390 episcopuset
1627 4319 2007 4392 archiepisco-

358 4423 492 4481 pus,
548 4405 866 4480 imperator
921 4410 1025 4462 aut
1074 4421 1194 4474 rex;
1254 4422 1450 4462 comes
1509 4412 1609 4462 aut
1663 4409 2001 4479 vicecomes,

431 4513 975 4587 (34)"Plaeentinum
1009 4512 1321 4587 ροηθῇιίοΨ
1356 4530 1448 4587 an.
1476 4513 1614 4587 1095
1649 4514 2003 4574 celebratum

358 4583 489 4643 fuit.
525 4583 647 4640 Kal.
684 4584 900 4652 Martii,
929 4602 997 4640 ex
1019 4583 1314 4640 Bertholdi
1345 4583 1651 4640 Chronico.

300 4778 310 4786 .
355 4726 586 4802 Hu'go'ni
631 4726 826 4783 Diensi
885 4726 1158 4798 episcopo
1216 4731 1272 4782 et
1301 4729 1365 4781 A.
1439 4727 1496 4781 S.
1556 4726 1762 4854 legato,
1829 4735 2000 4802 prout

354 4804 554 4854 narrat
583 4799 748 4854 Huzo
779 4797 905 4854 ipse
936 4799 994 4852 in
1027 4796 1198 4854 epist.
1230 4799 1298 4854 ad
1333 4799 1502 4854 Gretz.
1539 4798 1604 4854 Vl
1641 4841 1652 4854 .
1688 4801 1832 4854 Cum
1866 4818 1998 4854 vero

354 4796 554 4872 nar'rat
583 4797 905 4872 Hugoipse
924 4796 994 4872 in
1027 4796 1198 4868 epist.
1230 4799 1302 4872 ad
1333 4799 1502 4872 Greg.
1539 4796 1652 4872 VII.
1688 4801 1764 4855 Cu
1777 4796 1845 4856 m'
1866 4818 1998 4857 vero

353 4887 448 4928 res
477 4871 548 4926 ad
579 4868 895 4941 concilium
924 4869 1137 4941 Pictav.
1169 4869 1306 4925 anni
1336 4871 1470 4924 1878
1505 4871 1724 4941 perlata
1773 4872 1995 4940 fuisset,

356 4940 840 5015 causae_d_e£initi_o
865 4939 1160 5015 permissa
1189 4946 1279 4997 est
1308 4939 1549 5015 arbitrio
1590 4943 1850 5015 Gregorii
1895 4939 1998 5015 VVII

357 5011 458 5084 qui
503 5010 646 5084 nihil
703 5010 978 5084 deﬁnisse
1033 5011 1278 5084 videtur,
1327 5013 1598 5084 Urbanus
1641 5010 1839 5070 autem
1889 5014 1998 5072 hac

355 5080 608 5155 epistola
629 5097 751 5155 rem
775 5081 1011 5155 reliquit
1040 5083 1098 5138 in
1129 5082 1401 5155 pendulo.
1438 5106 1465 5132 α
1496 5085 1641 5139 Cum
1677 5102 1811 5139 vero
1835 5085 1994 5155 judi-

355 5153 551 5228 catum
584 5153 789 5209 fuisset
817 5153 1294 5228 utjcumﬁdu‘obus
1325 5155 1614 5228 epiSCOpis
1632 5157 1792 5228 sede
1823 5153 1997 5212 simo-

355 5225 454 5282 nia
528 5229 806 5298 purgaret
865 5225 1080 5298 (inquit
1148 5225 1538 5298 Herimannus
1591 5227 1650 5298 in
1688 5227 1845 5298 Hist.
1906 5245 1994 5285 re-

352 5303 626 5355 staurata:
656 5297 1062 5354 ’Tornacen’sis
1111 5303 1168 5354 S.
1202 5297 1436 5354 Martini
1494 5297 1770 5364 ecclesiae,
1826 5315 1989 5356 num.

349 5371 440 5438 72)
473 5367 753 5440 magister
773 5367 1104 5432 Anselmus,
1124 5374 1263 5426 tunc
1281 5368 1564 5440 temporis
1585 5367 1992 5440 haudgunensis

349 5438 791 5513 scholae—doctor
819 5441 1146 5513 praecipuus
1168 5445 1224 5496 et
1250 5457 1350 5512 per
1369 5438 1549 5513 totam
1584 5438 1853 5513 Fauciam
1888 5457 1990 5512 pro

346 5527 454 5564 sua
487 5509 730 5581 scientia
763 5508 1216 5579 famosissimus,
1250 5508 1531 5564 alixilium
1583 5508 1989 5581 episcoporum

345 5581 393 5636 ei
427 5579 669 5636 consilio
701 5598 806 5638 suo
844 5583 1109 5649 abstulit,
1168 5583 1440 5638 conscius
1497 5596 1595 5636 eos
1619 5579 1840 5636 'secure
1870 5599 1984 5640 non

343 5653 728 5724 possejurare
756 5671 892 5710 eum
948 5655 1318 5710 innocentem
1378 5653 1514 5708 fore.
1569 5650 1674 5707 Ubi
1721 5668 1852 5708 vero
1909 5656 1982 5724 ei,

2099 589 2382 663 privilegii
2415 591 2596 646 nostri
2629 591 2900 663 paginam
2919 590 3130 660 sciens,
3153 596 3501 647 contrasam
3531 595 3758 646 temere

2095 678 2291 734 venire
2323 679 2649 748 tentaverit,
2685 685 2740 735 et
2779 697 2982 735 eorum
3014 697 3142 752 quae
3173 697 3453 736 concessa
3491 684 3635 736 sunt
3661 677 3784 735 vel-

2099 773 2338 835 statuta,
2373 768 2697 840 quidquam
2716 768 2948 824 irritum
2983 767 3204 835 fecerit,
3237 769 3493 825 secundo
3511 769 3760 824 tertiove

2100 857 2494 912 commonitus
2526 857 2574 912 si
2606 875 2721 914 non
2752 857 3149 915 satisfactione
3174 874 3435 932 congrua
3475 859 3759 914 emenda-

2099 947 2246 1002 verit
2273 951 2485 1002 zeterno
2517 963 2580 1003 se
2638 947 2981 1003 innodatum
3039 947 3431 1010 anathemate,
3489 950 3548 1003 et
3576 963 3613 1002 a
3635 963 3781 1002 cor--

2101 1053 2238 1109 pore
2265 1036 2503 1100 Christi,
2535 1043 2588 1090 et
2615 1035 2893 1102 Ecclesia,
2939 1051 3008 1091 ex
3049 1035 3395 1092 auctoritate
3445 1035 3762 1108 potestatis

2101 1123 2430 1195 apostolicae
2459 1129 2828 1196 segregatum
2875 1127 3204 1196 cognoscat.
3260 1122 3762 1180 Conservantibus

2101 1218 2296 1269 autem
2330 1213 2450 1268 haec
2481 1230 2592 1284 pax
2621 1229 2656 1266 a
2685 1213 2800 1268 Deo
2832 1217 2889 1268 et
2918 1212 3321 1269 misericordia
3361 1213 3784 1285 praesentibus-

2101 1306 2158 1358 et
2190 1301 2402 1358 futuris
2431 1301 2659 1357 saeculis
2689 1308 3085 1358 conservetur.
3119 1304 3326 1358 Amen.

2829 1409 3030 1464 CXXX.

2107 1498 2312 1554 Urbani
2357 1499 2407 1553 II
2461 1498 2689 1568 epistola
2747 1497 2814 1570 ad
2872 1497 3081 1570 clerum
3137 1505 3188 1553 et
3235 1499 3500 1570 populum
3561 1499 3759 1554 Novio-

2175 1585 2432 1651 quiscm.
2453 1569 2867 1651 ῗλῖωῃαηᾰαι
2896 1569 3032 1651 ipsis
3055 1585 3179 1624 cum
3215 1569 3410 1651 gratim
3438 1585 3554 1651 tsuae
3581 1571 3776 1651 pleni:

2174 1640 2362 1696 tudine
2442 1639 2757 1696 Radbodum
2837 1639 3165 1711 episcopum,
3255 1642 3348 1712 qui
3435 1639 3765 1698 Placentino

2174 1713 2403 1766 concilio
2435 1713 2782 1782 interfuerat,
2811 1718 2875 1782 et
2903 1712 3192 1780 conﬁrmat
3237 1712 3531 1782 privilegia
3576 1713 3762 1769 Eccle-

2175 1783 2277 1840 siae
2307 1781 2652 1839 Noviomensi
2679 1800 2714 1838 α
2729 1781 3217 1854 praedecessorilms
3236 1781 3351 1838 suis
3377 1781 3649 1839 concessa.

2725 1871 2911 1943 (Anno
2945 1871 3130 1942 1095.)

2338 1960 2426 2032 [1).
2456 1960 2746 2025 Bouover,
2781 1960 3016 2026 Περ-πιθα,
3050 1963 3091 2014 t.
3125 1958 3264 2026 XIV,
3300 1975 3356 2032 p.
3381 1955 3535 2032 712.]
3739 2029 3774 2034 _

2179 2049 2456 2104 [Insanos
2477 2048 2807 2120 episcopus,
2841 2065 3045 2104 servus
3066 2064 3364 2104 servorum
3388 2047 3512 2115 Dei,
3531 2048 3766 2105 dilectis

2108 2137 2245 2192 ﬁliis
2275 2137 2428 2193 clero
2441 2142 2498 2193 et
2529 2136 2740 2210 populo
2771 2135 3139 2192 Noviomensi
3171 2135 3419 2193 salutem
3449 2142 3508 2193 et
3526 2143 3765 2211 aposto-

2108 2225 2281 2281 licam
2313 2225 2798 2282 benedictionem.

2179 2313 2410 2370 Noverit
2432 2313 2662 2370 dilectio
2683 2319 2937 2370 vestram
2961 2314 3200 2370 fratrem
3231 2317 3498 2370 nostrum
3524 2315 3767 2371 Radbo-

2109 2404 2273 2470 dum,
2307 2403 2630 2458 antistitem
2661 2407 2943 2467 vestrum,
2976 2402 3048 2457 ad
3081 2402 3390 2458 concilium
3437 2404 3594 2476 quod
3625 2403 3763 2458 Pla-

2110 2493 2310 2548 centiae
2337 2493 2450 2564 (34)
2481 2495 2776 2548 annuente
2805 2491 3052 2548 Domino
3097 2490 3349 2564 egimus,
3403 2491 3762 2564 pervenisse.

2111 2581 2382 2648 Quandiu
2441 2585 2636 2636 autem
2689 2581 2843 2652 apud
2892 2596 3000 2636 nos
3058 2579 3186 2646 fuit,
3249 2596 3423 2637 nemo
3479 2581 3770 2639 adversus

2111 2687 2244 2726 eum
2282 2670 2390 2741 (35)
2419 2669 2638 2742 aliquid
2671 2668 2934 2741 protulit.
2966 2669 3113 2724 Eum
3164 2667 3345 2745 igitur
3390 2669 3461 2725 ad
3493 2686 3594 2726 vos
3622 2687 3768 2726 cum

2113 2759 2314 2832 gratias
2345 2762 2556 2813 nostra;
2587 2757 2948 2830 plenitudine
2966 2757 3403 2814 remandamus.
3436 2758 3497 2814 Si
3530 2775 3660 2830 qua
3683 2763 3778 2815 ta-

2115 2865 2247 2903 men
2281 2846 2366 2902 vel
2396 2847 2468 2901 de
2493 2846 2862 2919 episcopatus
2911 2845 3174 2912 introitu,
3226 2844 3318 2901 vel
3361 2845 3618 2914 aliunde,
3662 2849 3771 2904 ad-

2114 2952 2320 2992 versus
2365 2951 2501 2990 eum
2548 2933 2786 3007 querela
2833 2933 3155 3003 emerserit,
3215 2935 3370 3008 apud
3415 2933 3775 3012 (Hugonem)

2116 3025 2372 3098 legatum
2405 3025 2855 3096 Lugdunensem
2877 3023 3220 3096 diligentius
3249 3023 3542 3080 audiatur.
3575 3025 3779 3082 Eccle-

2116 3115 2215 3170 siae
2239 3119 2433 3170 autem
2479 3130 2596 3169 suae
2655 3113 2992 3168 anthentica
3044 3111 3365 3186 privilegia,
3423 3130 3551 3186 quae
3595 3120 3777 3172 ante-

2117 3219 2379 3260 cessores
2405 3203 2534 3274 ejus
2575 3219 2608 3257 a
2653 3201 2869 3257 nostris
2916 3200 3194 3274 legitimis
3239 3202 3777 3273 praedecessoribus

2118 3297 2478 3357 meruerunt,
2510 3307 2618 3346 nos
2647 3295 2770 3346 rata
2803 3306 3036 3346 manere
3067 3293 3124 3346 et
3155 3289 3508 3347 inconcussa
3546 3295 3778 3350 servari

2115 3380 2435 3438 sancimus.

2187 3473 2395 3525 Datum
2420 3467 2748 3533 Placentize,
2779 3485 2858 3523 v11
2889 3467 3025 3524 ldus
3057 3467 3270 3523 Martii.

2823 3574 3059 3630 CXXXI.

2116 3665 2282 3721 Bulla
2343 3663 2549 3721 Urbani
2603 3665 2654 3719 ιι
2701 3679 2802 3736 pro
2857 3663 3078 3746 ρξψαιία
3133 3661 3188 3718 s.
3253 3664 3406 3718 Petri
3457 3665 3518 3719 in
3572 3641 3784 3738 Nigra-

2850 3733 3021 3789 Silva.

2736 3805 2922 3877 (Anno
2956 3804 3138 3875 1096.)

2120 3896 2503 3963 [Scaeam-mm,
2555 3895 2792 3950 Historia
2837 3893 3394 3963 Zaringo-Badensis.
3442 3895 3791 3953 Carlsruhze

2632 3966 2793 4032 i763,
2827 3965 2996 4030 ίη-4α,
3032 3968 3099 4030 v,
3132 3964 3247 4038 29.]

2188 4056 2464 4112 URBANUS
2489 4053 2820 4126 episcopus,
2836 4070 3040 4110 servus
3057 4070 3358 4110 servorum
3393 4053 3518 4124 Dei,
3543 4055 3789 4116 dilectis

2113 4144 2173 4199 in
2206 4143 2433 4200 Christo
2472 4142 2608 4198 filiis
2639 4141 2697 4196 in
2738 4141 2863 4198 loco
2904 4141 3004 4214 qui
3035 4141 3189 4198 Cella
3237 4141 3297 4198 S.
3333 4142 3485 4198 Petri
3531 4143 3786 4212 dicitur,

2115 4235 2226 4290 sub
2258 4233 2321 4287 B.
2357 4229 2650 4287 Benedicti
2700 4229 2903 4301 regula
2950 4230 3392 4299 dimicantibus,
3443 4247 3785 4307 eorumque

2115 4321 2556 4378 successoribus
2591 4318 2932 4392 regulariter
2980 4318 3410 4376 substituendis
3460 4321 3521 4376 in
3560 4338 3787 4396 perpe-

2115 4417 2306 4467 tuum.

2115 4516 2321 4573 multis
2350 4515 2892 4578 intervenientibus,
2911 4530 3253 4570 concessum
3273 4519 3440 4571 estut
3457 4533 3570 4572 sua
3592 4533 3780 4576 manu

427 4585 489 4642 it.
525 4585 647 4640 Kal.
684 4585 900 4652 Martii,
929 4602 997 4640 ex
1019 4585 1314 4666 Bertholdi
1345 4585 1651 4671 Chronico.
2035 4605 2078 4671 ο
2112 4606 2176 4644 se
2206 4591 2500 4714 purgaret.
2537 4587 2700 4669 Hugo
2732 4585 3142 4666 Lugdunensis
3171 4585 3680 4672 archiepiscopus,
3713 4597 3783 4648 et

427 4659 539 4732 (35)
571 4655 886 4732 Badbodus
917 4671 1082 4732 reum
1115 4672 1176 4711 se
1206 4673 1472 4732 simonia;
1489 4659 1793 4732 confessus
1816 4658 2002 4715 fuerat
2110 4664 2312 4731 aposto
2341 4676 2440 4714 ica:
2473 4659 2630 4714 sedis
2660 4657 2907 4732 legatus,
2935 4657 3302 4732 Videnseum
3348 4657 3496 4732 velle
3535 4675 3776 4732 ,ιω-ωδε,

1262 4664 1471 4731 monia;
1489 4664 1793 4731 confessus
1816 4664 2002 4715 fuerat
2035 4664 2072 4671 “’
2110 4664 2354 4731 apostoli

2362 4676 2440 4714 cae
2473 4657 2630 4714 sedis
2660 4657 2907 4740 legatus,
2935 4657 3302 4740 vid’enseum.
3348 4657 3496 4739 velle
3534 4657 3776 4740 iurare,

2109 4727 2358 4804 surgens
2391 4746 2582 4804 coram
2609 4727 2919 4804 omnibus:
2957 4727 3164 4804 «Quid
3199 4727 3360 4795 facis,
3380 4727 3776 4804 inquit,_infel

2105 4799 2340 4873 lix,'qui
2397 4800 2548 4873 male
2597 4799 2878 4873 jurando
2911 4799 3172 4854 animam
3218 4803 3381 4854 tuam
3435 4799 3777 4873 interﬁcere

2111 4870 2345 4946 quaeris!
2381 4870 2692 4946 Desiue'ab
2725 4870 2831 4946 hoc
2853 4870 3211 4946 juramento,
3243 4875 3302 4946 et
3331 4871 3777 4946 nos_i_mpetra-

2110 4941 2306 5000 bimus
2337 4949 2402 4998 ut
2429 4943 2600 4998 modo
2633 4959 2747 4997 non
2788 4941 3122 5014 deponaris,
3167 4942 3266 4998 sed
3319 4957 3424 5014 per
3453 4941 3770 5002 biennium

2107 5015 2446 5088 dilationem
2483 5014 2703 5088 habens
2729 5013 3345 5088 posteapontificatum
3367 5018 3772 5088 spontequasi

2107 5085 2403 5158 religonis
2427 5085 2508 5139 vel
2545 5083 2861 5158 senectutis
2907 5083 3112 5158 causa,
3161 5083 3421 5158 honeste
3457 5083 3766 5158 dimittes:

2104 5159 2150 5210 si
2185 5154 2338 5212 enim
2366 5156 2676 5237 jiirnveris,
2717 5171 2852 5210 ecce
2898 5154 3007 5237 tibi
3036 5155 3282 5237 praedigo
3307 5155 3477 5237 .quod
3529 5157 3606 5213 de
3640 5157 3765 5237 .hoc

2103 5245 2258 5284 anno
2289 5225 2424 5284 cum
2461 5227 2680 5283 honore
2726 5242 2840 5280 non
2899 5225 3104 5282 exibis.
3139 5247 3168 5276 »
3216 5225 3564 5298 Episcopus,
3601 5227 3766 5286 sicut

2101 5305 2371 5372 coeperat,
2405 5315 2646 5354 manum
2673 5313 2850 5372 super
2862 5301 3092 5372 textum
3109 5293 3509 5372 evangelicum
3531 5293 3760 5370 posuit;

2099 5379 2158 5426 et
2188 5366 2250 5428 se
2283 5372 2648 5426 innocentem
2707 5366 2780 5423 de
2828 5366 3080 5424 simonia
3118 5366 3352 5440 jurans,
3405 5366 3654 5432 securus
3683 5371 3758 5428 de

2097 5443 2342 5498 concilio
2375 5440 2567 5510 exivit,
2609 5444 2668 5512 et
2713 5440 3051 5512 Tornacum
3095 5439 3286 5495 mdiit.
3335 5439 3479 5512 Post
3531 5457 3757 5512 paucos

2097 5515 2223 5568 dies
2271 5513 2480 5585 Brugis
2525 5511 2696 5585 abiit,
2764 5515 2898 5585 etc.,
2946 5510 3054 5585 ubi
3123 5510 3440 5585 repentino”
3482 5510 3601 5585 fato
3659 5513 3760 5568 de-

2095 5587 2334 5640 functus
2354 5581 2600 5656 gest.rdie
2632 5581 3096 5656 Dominieaintra
3113 5581 3375 5638 octavam
3407 5583 3752 5656 Epiphania

2093 5656 2254 5724 1097,
2282 5654 2370 5710 vel
2403 5655 2541 5709 1098
2573 5669 2733 5710 more
2758 5651 2994 5708 Gallico.
3457 5651 3472 5656 '
3520 5651 3561 5674 “·
3589 5679 3594 5684 -
3627 5669 3630 5671 λ
3721 5663 3734 5696 :
