3928 6208
1320 298 1729 369 EPISTOLE
1768 298 1870 368 ET
1909 298 2382 368 PRIVILEGIA.

3433 290 3591 359 ιω..

207 437 580 498 Desiderlum
595 437 1186 515 quodadreligiosum
1203 438 1568 514 propositum
1590 444 1649 497 et
1666 438 1795 497 ani-
1824 438 1879 507 Α
1908 440 2107 498 indict.
2142 458 2225 509 ιιι,
2260 457 2412 497 anno
2443 437 2754 498 Dominica
2794 439 3080 499 Incarnat.
3135 440 3291 513 1094,
3324 442 3556 518 pontiti'

140 546 366 588 marum
397 529 661 587 salutem
691 530 981 603 pertinere
1027 535 1407 598 monstratur,
1441 534 1643 586 auctor
1681 530 1798 585 Deo

140 622 263 677 sine
309 619 516 692 aliqua
565 624 658 676 est
708 618 987 675 dilatione
1019 618 1455 691 complendum.
1491 620 1635 686 Quia
1666 636 1798 686 ergo

137 710 380 784 egregia
411 708 749 766 nobilitatis
776 708 863 763 vir
889 708 1241 764 Bertholdus
1271 708 1389 764 dux
1419 709 1479 764 in
1521 708 1799 764 comitatu

141 798 543 872 Brisaquensi,
576 798 637 853 in
667 796 1098 855 Constantiensi
1144 798 1508 870 episcopatu,
1542 797 1602 854 in
1652 797 1801 853 Silva

140 905 268 962 qua
297 887 521 944 dicitur
548 887 723 956 Nigra
751 886 823 942 ad
856 886 1138 942 honorem
1171 887 1356 943 sancti
1390 886 1543 942 Petri
1577 890 1804 958 aposto-

139 976 337 1033 lorum
364 975 653 1048 principis
671 973 1093 1031 monasterium
1114 974 1639 1047 adificavit,ipsum
1662 990 1807 1047 quo-

140 1080 254 1138 que
283 1063 573 1120 allodium
619 1063 892 1118 Romana
942 1061 1209 1118 Ecclesia
1249 1062 1372 1134 juri
1424 1062 1800 1135 mancipavit.

139 1154 258 1212 Nos
285 1154 421 1226 ejus
450 1151 817 1209 devotionem
857 1156 1060 1207 nostra
1108 1151 1453 1207 auctoritate
1502 1152 1804 1208 firmantes

138 1242 335 1299 locum
365 1242 566 1315 ipsum
587 1241 698 1297 sub
722 1239 1055 1313 apostolica
1085 1240 1242 1295 sedis
1267 1240 1451 1296 tutela
1474 1239 1807 1312 specialiter

137 1331 458 1387 fovendum
490 1328 881 1402 suscepimus.
914 1329 1021 1385 Per
1050 1329 1358 1401 praesentis
1403 1328 1582 1401 igitur
1628 1327 1804 1400 privi-

137 1419 277 1493 legii
309 1419 590 1492 paginam
623 1417 942 1490 apostolica
981 1416 1326 1473 auctoritate
1378 1417 1713 1484 statuimus,
1742 1420 1807 1471 ut

137 1522 515 1582 quacunque
541 1505 760 1578 pradia
790 1505 907 1562 sive
936 1505 1342 1577 possessiones
1367 1505 1642 1575 pratatus
1664 1505 1801 1571 dux,

137 1597 229 1655 vel
260 1596 361 1654 alii
386 1596 495 1652 viri
528 1613 598 1652 ex
628 1611 735 1651 suo
758 1596 893 1665 jure
931 1598 1122 1651 vestro
1174 1596 1530 1650 monasterio
1579 1594 1801 1650 obtule-

138 1686 280 1754 rint,
313 1684 438 1740 sive
467 1684 529 1739 in
554 1684 819 1739 futurum
853 1682 1228 1739 concessione
1257 1684 1623 1755 pontiﬁcum,
1658 1682 1802 1738 libe-

141 1774 375 1831 ralitate
386 1772 859 1844 principum,seu
871 1770 1165 1827 oblatione
1179 1771 1440 1827 fidelium
1452 1773 1615 1842 juste
1627 1775 1804 1842 atque

142 1862 426 1919 canonice
458 1860 724 1934 poteritis
751 1860 1019 1933 adipisci,
1053 1860 1225 1916 ﬁrma
1267 1860 1434 1916 vobis
1478 1859 1804 1931 vestrisque

142 1950 595 2009 successoribus
624 1952 683 2005 et
710 1947 953 2014 illibata,
994 1953 1393 2020 permaneant.
1428 1948 1807 2005 Decernimus

144 2057 283 2113 ergo
301 2043 370 2095 ut
388 2037 790 2095 nulliomnino
807 2037 1114 2094 hominum
1127 2038 1296 2094 liceat
1310 2039 1465 2094 idem
1477 2037 1805 2093 canobium

142 2133 367 2185 temere
403 2125 856 2199 perturbare,vel
885 2125 937 2182 ei
970 2126 1242 2182 subditas
1276 2126 1681 2199 possessiones
1703 2143 1804 2181 au-

146 2218 320 2283 ferre,
371 2216 660 2281 minuere,
709 2214 799 2270 vel
849 2215 1175 2270 temerariis
1232 2215 1636 2271 vexationibus
1676 2214 1806 2269 fati-

146 2323 306 2381 gare,
353 2305 459 2360 sed
535 2302 733 2360 omnia
796 2303 1021 2376 integre
1075 2308 1509 2372 conserventur,
1578 2302 1806 2371 vestris,

145 2399 603 2465 vestrorumque
633 2407 1041 2448 successorum
1071 2393 1276 2448 usibus
1298 2392 1651 2448 omnimodis
1684 2408 1810 2464 pro-

146 2484 368 2539 futura.
405 2481 667 2538 Obeunte
696 2496 763 2536 eo
794 2479 895 2552 qui
949 2479 1007 2535 in
1062 2473 1225 2536 vbbis
1271 2481 1502 2536 abbatis
1548 2480 1811 2552 fungitur

146 2570 507 2640 ministerio,
542 2568 740 2626 nullus
793 2569 873 2625 ibi
931 2571 1041 2625 sub
1100 2570 1363 2642 qualibet
1411 2570 1811 2641 subreptionis

145 2662 375 2719 astutia
405 2659 494 2716 vel
536 2658 812 2715 violentia
848 2659 1355 2730 praponatur,nisi
1408 2676 1583 2731 quem
1632 2656 1811 2714 vestri

146 2750 382 2823 collegii
415 2745 881 2813 universitas,ve1
914 2746 1164 2803 sanioris
1195 2747 1421 2804 consilii
1447 2765 1580 2821 pars
1602 2764 1810 2803 secun-

150 2841 300 2897 dum
331 2840 608 2894 timorem
639 2836 829 2901 Dei,et
856 2835 919 2890 B.
944 2835 1238 2891 Benedicti
1266 2837 1529 2909 regulam
1551 2836 1807 2909 elegerit.

149 2930 515 2992 Advocatus,
547 2941 723 2998 quem
753 2924 962 2983 vestris
990 2925 1226 2997 juribus
1257 2925 1648 2990 decreveritis,
1682 2923 1811 2979 nul-

147 3019 274 3076 lam
304 3017 368 3073 in
403 3013 758 3072 monasterio
806 3017 997 3071 vestro
1048 3013 1272 3086 aliquid
1316 3014 1664 3086 disponendi
1710 3013 1812 3069 ha-

140 3108 287 3163 beat
313 3108 668 3178 potestatem
702 3119 715 3158 :
748 3101 894 3158 nulli
925 3103 1101 3158 etiam
1152 3103 1413 3159 saeculari
1461 3119 1720 3175 persona
1752 3101 1812 3157 in

142 3197 358 3254 eodem
389 3192 517 3250 loco
548 3192 721 3248 liceat
748 3191 1034 3247 habitare.

213 3283 343 3341 Vos
373 3280 708 3348 autem,ﬁlii
739 3280 799 3335 in
831 3279 1057 3336 Christo
1086 3279 1440 3347 charissimi,
1465 3284 1692 3353 oportet
1721 3297 1808 3337 re-

141 3373 384 3449 gularis
441 3368 761 3442 disciplina
816 3368 1284 3424 institutionibus
1350 3368 1659 3442 diligenter
1722 3369 1809 3423 in-

140 3464 386 3530 sistere,
428 3463 488 3515 et
514 3458 696 3514 totius
727 3456 934 3512 anima
978 3473 1046 3512 ac
1078 3457 1293 3513 mentis
1342 3457 1660 3512 virtutibus
1709 3474 1812 3512 an-

138 3550 376 3615 helare,
407 3551 476 3603 ut
502 3563 608 3620 per
637 3550 857 3602 arctam
886 3546 1039 3600 viam
1069 3545 1400 3617 gradientes
1444 3545 1813 3617 omnipoten-

141 3639 189 3696 ti
226 3640 346 3694 Deo
374 3635 625 3710 placere,
658 3639 715 3690 et
769 3635 841 3689 ad
894 3650 1209 3706 supernam
1256 3633 1626 3691 latitudinem
1686 3652 1813 3706 per-

137 3727 355 3784 venire
382 3723 645 3780 valeatis.
679 3723 760 3778 Ad
811 3722 1094 3778 indicium
1144 3726 1339 3778 autem
1395 3728 1676 3795 percepta
1708 3724 1816 3779 bu-

130 3818 254 3889 jus
299 3832 337 3872 a
370 3814 635 3871 Romana
677 3810 939 3868 Ecclesia
981 3810 1270 3867 libertatis
1312 3828 1556 3867 aureum
1604 3814 1815 3885 bysan-

137 3906 308 3961 tium
339 3918 445 3976 per
469 3899 736 3974 singulos
767 3916 953 3957 annos
996 3900 1375 3957 Lateranensi
1420 3900 1636 3974 palatio
1689 3919 1817 3974 per-

137 3992 421 4051 solvatis.

230 4083 394 4139 Sane
438 4081 489 4136 si
538 4078 672 4151 quis
722 4077 780 4134 in
825 4078 1147 4135 crastinum
1198 4078 1668 4151 archiepiscopus
1720 4084 1823 4135 aut

141 4168 824 4244 episcopus,imperator
843 4171 945 4223 aut
959 4166 1355 4240 rex,princeps
1372 4168 1823 4234 autdux,comes

140 4264 263 4317 aut
289 4259 638 4322 vicecomes,
687 4256 870 4325 judex
899 4260 1001 4311 aut
1033 4273 1281 4328 persona
1312 4255 1586 4328 quaelibet
1610 4273 1825 4327 magna

138 4347 245 4403 vel
279 4363 481 4419 parva,
513 4344 812 4401 sacularis
840 4344 929 4400 vel
960 4344 1355 4400 ecclesiastica
1388 4344 1565 4415 huius
1612 4350 1823 4400 nostrae

141 4433 610 4493 constitutionis
639 4433 915 4506 paginam
947 4434 1139 4489 sciens
1179 4436 1384 4488 contra
1431 4448 1560 4489 eam
1610 4437 1825 4489 temere

142 4524 368 4584 venire
423 4520 756 4588 tentaverit,
805 4522 1061 4577 secundo
1120 4520 1357 4578 tertiove
1410 4522 1825 4589 commonitus,
1857 4539 1903 4603 ι)

144 4614 207 4669 si
264 4627 389 4667 non
439 4609 839 4666 satisfactione
885 4626 1143 4683 congrua
1190 4610 1606 4681 emendaverit,
1666 4614 1825 4683 pote-

149 4700 344 4758 statis
374 4698 732 4770 bonorisque
763 4698 853 4755 sui
884 4698 1168 4770 dignitate
1205 4703 1417 4767 careat,
1451 4715 1734 4771 reumque
1765 4715 1827 4757 se

151 4788 368 4846 divino
388 4787 617 4859 judicio
646 4786 911 4858 existere,
927 4792 992 4843 ut
1023 4804 1057 4842 a
1088 4788 1489 4845 sacratissimo
1515 4804 1753 4861 corpore
1774 4793 1831 4844 et

150 4876 462 4950 sanguine
486 4875 591 4934 Dei
638 4891 706 4931 ac
755 4876 986 4932 Domini
1036 4876 1443 4949 Redemptoris
1474 4878 1657 4934 nostri
1687 4864 1828 4934 Jesu

152 4964 386 5023 Christi
418 4963 653 5020 alienus
690 4964 812 5030 fiat,
864 4969 1041 5038 atque
1070 4964 1131 5020 in
1162 4970 1420 5021 extremo
1446 4966 1711 5022 examine
1742 4966 1831 5021 di-

156 5054 389 5113 stricta
420 5048 633 5109 ultioni
664 5052 1227 5123 subjaceat.Cunctis
1259 5057 1454 5108 autem
1486 5054 1674 5109 eidem
1707 5054 1831 5110 loco

152 5142 337 5218 juxta
367 5140 746 5199 servantibus
777 5141 854 5195 sit
879 5158 990 5215 pax
1018 5141 1253 5197 Domini
1276 5142 1459 5198 nostri
1480 5143 1620 5198 Jesu
1641 5143 1832 5201 Chris-

164 5233 236 5301 ti,
284 5235 591 5305 quatenus
629 5231 689 5284 οι
716 5228 811 5285 hic
841 5229 1097 5287 fructum
1144 5230 1306 5287 bonae
1350 5232 1597 5287 actionis
1645 5232 1835 5305 perci-

167 5321 357 5395 piant,
389 5325 452 5376 et
480 5317 647 5392 apud
678 5317 1006 5375 districtum
1037 5318 1291 5391 iudicem
1342 5321 1581 5393 pramia
1610 5325 1835 5378 aterna

169 5410 334 5486 pacis
363 5406 700 5467 inveniant.
732 5408 933 5464 Amen.

244 5502 462 5558 Datum
487 5495 801 5553 Placentia
825 5514 925 5570 per
945 5514 1188 5554 manum
1207 5499 1466 5565 Joannis,
1490 5504 1704 5555 sancta
1738 5500 1842 5555 Ro-

168 5607 359 5651 mana
391 5582 682 5645 Ecclesia
711 5584 935 5644 diaconi
965 5584 1301 5655 cardinalis,
1332 5604 1389 5643 v1
1441 5587 1577 5644 Idus
1628 5588 1840 5655 Martii,

1841 3173 1884 3239 Ο
1995 3141 2181 3198 ιτςεάαι.

1906 535 2073 587 catus
2104 535 2298 587 autem
2328 530 2525 586 domni
2556 530 2771 586 Urbani
2798 530 2845 586 II
2873 547 3036 604 papa
3062 548 3161 587 vn.

2603 638 2858 694 CXXXII.

1913 728 2119 786 Urbani
2139 728 2189 782 11
2215 728 2443 796 epistola
2494 727 2563 782 ad
2613 728 2923 783 Rotbertum
2951 727 3372 785 Flandrensium
3387 730 3554 785 comi-

1978 802 2104 862 tem,
2139 803 2189 853 et
2218 800 2334 869 ejus
2360 800 2658 868 optimates.
2688 831 2755 838 —
2786 802 3048 855 Hortatur
3084 808 3146 855 ut
3195 800 3557 867 Lambertum;

1979 870 2752 943 episcopum/trebatensem,
2787 872 2847 925 iu
2893 871 3281 943 recuperandis
3311 872 3560 928 Ecclesia

1977 941 2407 1013 possessionibiw
2436 941 2676 1013 adjuvet.

2541 1031 2729 1102 (Anno
2762 1032 2943 1098 1095.)

2341 1119 2570 1188 [MANSI,
2605 1119 2809 1175 Concil.
2837 1119 2949 1188 XX,
2980 1121 3130 1194 675.]

1985 1208 2261 1263 Uaeanus
2289 1206 2618 1279 episcopus,
2653 1224 2856 1264 servus
2884 1225 3184 1264 servorum
3218 1209 3561 1276 Dei,dilecto

1911 1295 2032 1352 ﬁlio
2065 1296 2385 1363 Roresa'ro,
2422 1295 2870 1352 Flandrensium
2919 1298 3138 1365 comiti,
3171 1302 3229 1353 et
3271 1296 3565 1370 optimati—

1912 1385 2027 1441 bus
2058 1384 2204 1452 suis,
2226 1384 2477 1440 salutem
2508 1388 2564 1439 et
2592 1384 2970 1456 apostolicam
3001 1385 3487 1443 benedictionem.

1986 1473 2092 1528 Pro
2122 1472 2467 1528 charissimo
2512 1474 2688 1528 fratre
2736 1477 2934 1530 nostro
2965 1474 3296 1542 Lamberto,
3329 1475 3565 1531 Atreba-

1913 1562 2064 1618 tensi
2093 1562 2386 1634 episcopo,
2419 1562 2678 1634 repetitis
2706 1578 2809 1618 vos
2836 1561 3044 1618 litteris
3091 1563 3469 1619 exhortamur
3508 1566 3567 1619 et

1914 1667 2173 1716 oramus,
2203 1656 2267 1705 ut
2294 1650 2346 1706 ei
2378 1651 2448 1706 ad
2494 1651 2878 1722 reparandam
2907 1652 3164 1706 renovati
3193 1651 3566 1724 episcopatus

1913 1739 2260 1811 dignitatem
2282 1738 2502 1795 consilii
2521 1744 2577 1795 et
2596 1738 2795 1795 auxilii
2813 1738 2989 1795 vestri
3007 1756 3218 1796 manus
3232 1740 3564 1813 porrigetis,

1913 1834 1969 1882 et
1996 1828 2398 1899 possessiones
2437 1829 2702 1898 ejusdem
2742 1828 3114 1900 episcopatus
3134 1846 3168 1884 a
3189 1828 3567 1886 Cameracen-

1915 1915 2081 1971 sibus
2130 1907 2441 1989 episcOpis,
2475 1916 2690 1988 quibus
2735 1915 2980 1973 ecclesia
3016 1918 3219 1973 eadem
3247 1917 3569 1974 commissa

1915 2004 2120 2072 fuerat,
2155 2004 2304 2061 male
2334 2006 2665 2071 distractae,
2698 2006 2769 2061 de
2800 2005 3072 2061 manibus
3103 2006 3430 2061 tenentium
3461 2005 3570 2060 eri-

1914 2110 2071 2165 pere,
2105 2098 2165 2149 et
2209 2094 2400 2149 eidem
2457 2094 2713 2149 ecclesiae
2765 2093 3072 2150 restituere
3100 2110 3202 2165 pro
3241 2097 3566 2151 vestrorum

1916 2186 2286 2255 peccatorum
2319 2182 2663 2239 remissione
2694 2182 2968 2238 omnibus
3028 2181 3220 2238 modis
3267 2181 3564 2239 laboratis.

1916 2271 2204 2326 Volumus
2234 2287 2531 2342 praterea,
2577 2275 2634 2325 et
2675 2269 2995 2341 apostolica
3030 2270 3370 2326 auctoritate
3392 2271 3567 2341 jube-

1919 2363 2145 2427 mus,ut
2175 2358 2335 2415 nullo
2353 2358 2627 2430 deinceps
2647 2362 2905 2430 tempore
2929 2359 3226 2431 prafatam
3248 2358 3566 2414 Ecclesiam

1918 2447 2090 2504 alicui
2120 2447 2391 2504 Ecclesia
2433 2447 2643 2519 subjici
2694 2446 2780 2503 vel
2812 2446 3076 2503 infestari
3109 2446 3430 2519 patiamini,
3464 2447 3565 2502 sed

1916 2535 2108 2609 ipsam
2132 2541 2412 2609 tanquam
2446 2541 2688 2592 matrem
2718 2538 2972 2591 vestram
2993 2538 3051 2591 et
3079 2535 3566 2603 dominam,salvo

1920 2626 2225 2682 Remensis
2254 2624 2519 2681 Ecclesia
2540 2625 2676 2695 jure
2705 2623 3012 2691 honorare,
3047 2624 3117 2680 ab
3148 2623 3385 2696 injuriis
3414 2624 3567 2681 tueri

1918 2718 1977 2770 et
2004 2714 2313 2769 defendere
2341 2718 2666 2786 procurate.

1990 2803 2137 2860 Data
2163 2802 2467 2860 Placentia
2497 2820 2532 2858 v
2562 2803 2700 2859 Idus
2733 2801 2947 2858 Martii.

2614 2908 2870 2965 CXXXII.

1926 3000 2132 3057 Urbani
2158 3001 2208 3055 II
2234 2999 2461 3069 epistola
2506 2998 2577 3052 ad
2629 2998 2993 3054 Gualcherum
3030 2999 3341 3070 episcOpum
3380 2997 3571 3053 Came-

1992 3086 2366 3126 racensem.—
2396 3071 2656 3135 Hortatur
2682 3085 2752 3124 ne
2777 3071 3035 3126 Ecclesia
3061 3070 3429 3137 Ah-ebalensis
3439 3070 3571 3140 jure

2545 3211 2733 3277 (Anno
2764 3210 2919 3264 1095.

2347 3281 2580 3351 [ΜΑΝ81,
2615 3281 2819 3335 Concil.
2851 3280 2964 3346 XX,
2992 3280 3143 3351 675.]

1991 3371 2269 3427 Unsmus
2301 3368 2630 3441 episcopus,
2666 3384 2866 3423 servus
2898 3383 3197 3423 servorum
3230 3367 3327 3423 Dei
3357 3367 3571 3423 dilecto

1923 3459 2042 3515 ﬁlio
2089 3458 2456 3521 GUALCHERO,
2504 3456 2911 3512 Cameracensi
2969 3454 3173 3528 electo,
3222 3455 3471 3512 salutem
3517 3460 3574 3512 et

1924 3546 2303 3620 apostolicam
2326 3544 2810 3602 benedictionem.

1996 3635 2333 3692 Meminisse
2346 3638 2401 3689 te
2414 3634 2684 3689 convenit
2706 3634 2861 3705 quod
2886 3634 3274 3705 jurejurando
3300 3632 3577 3706 promise-

1924 3724 2006 3781 ris
2024 3722 2365 3796 ‘apostolica
2387 3722 2544 3779 sedis
2576 3724 2808 3778 decreta
2829 3721 3076 3778 fideliter
3103 3723 3572 3779 observaturum.

1927 3814 2088 3879 Quod
2123 3813 2301 3885 igitur
2329 3813 2400 3867 de
2430 3811 2792 3868 Atrebatensi
2823 3810 3079 3868 Ecclesia
3108 3811 3276 3867 sedes
3307 3810 3579 3885 apostoli-

1926 3920 1994 3958 ca
2025 3902 2395 3967 statuit,cave
2411 3916 2483 3956 ne
2501 3905 2690 3956 tentes
2711 3900 2971 3973 qualibet
2986 3900 3290 3957 occasione
3317 3901 3576 3957 turbare.

1928 3992 2052 4048 Imo
2081 3990 2354 4047 volumus
2406 3994 2582 4061 atque
2626 3990 2999 4062 pracipimus
3030 3994 3094 4045 ut
3122 4006 3191 4045 ea
3221 3990 3421 4046 omnia
3452 4006 3578 4062 qua

1930 4082 2001 4137 ad
2025 4082 2127 4151 jus
2156 4078 2317 4135 illius
2349 4078 2611 4134 Ecclesia
2653 4080 2978 4136 secundum
3028 4079 3393 4153 privilegium
3443 4096 3582 4135 nos-

1930 4175 2086 4226 trum
2122 4168 2409 4241 pertinere
2439 4168 2766 4240 cognoscis,
2796 4168 2989 4241 quiete
3014 4168 3089 4224 ab
3118 4184 3187 4224 ea
3209 4167 3497 4240 possideri
3528 4171 3585 4223 et

1932 4256 2276 4314 inconvulsa
2307 4273 2538 4312 manere
2570 4256 2897 4329 permittas.

2617 4363 2906 4419 CXXXIV.

1974 4455 2181 4512 Urbani
2210 4455 2259 4509 ιι
2284 4454 2511 4526 epistola
2542 4453 2611 4507 ad
2642 4444 2949 4536 ’Cuidonem
2986 4455 3339 4509 Viennensem
3367 4451 3548 4507 archi-

2593 4540 2920 4596 episcopum.

2567 4614 2755 4684 (Anno
2783 4614 2967 4684 1095.)

2216 4703 2302 4773 [1).
2340 4703 2625 4769 Bursam,
2664 4704 2791 4758 Vita
2820 4703 3047 4769 Urbani,
3072 4718 3129 4774 p.
3159 4700 3313 4771 363.]

2009 4791 2286 4848 URBANUS
2316 4791 2856 4864 episeopus,servus
2878 4806 3179 4846 servorum
3196 4789 3587 4857 Dei,Gmnom,

1937 4878 2360 4936 Viennensium
2411 4879 2871 4953 archiepiscopo,
2920 4878 3172 4935 salutem
3220 4882 3277 4935 et
3323 4878 3594 4951 apostoli-

1940 4986 2069 5026 cam
2099 4967 2584 5024 benedictionem.

2012 5057 2353 5113 Necessitati
2421 5061 2480 5112 et
2546 5056 2783 5113 utilitati
2812 5057 3081 5114 Ecclesia
3111 5058 3503 5132 providentes,
3533 5058 3595 5113 in

1942 5145 2309 5221 promotione
2357 5150 2461 5202 tua
2509 5146 2664 5219 quod
2715 5146 2869 5203 atati
2920 5148 3138 5218 deerat,
3177 5146 3594 5213 toleravimus;

1945 5239 2147 5292 contra
2177 5233 2445 5291 Ecclesia
2469 5240 2679 5291 nostra
2701 5236 3183 5303 morem,absenti
3212 5235 3320 5290 tibi
3352 5235 3599 5306 pallium

1946 5322 2397 5391 contribuimus,
2432 5323 2798 5398 privilegium
2829 5342 3062 5398 quoque
3083 5323 3505 5390 concessimus,
3541 5323 3600 5377 in

1948 5429 2063 5485 quo
2093 5416 2291 5469 tamen
2322 5412 2550 5485 legatus
2580 5417 2717 5468 tuus
2746 5413 2805 5468 id
2838 5431 2940 5486 per
2988 5411 3425 5483 subreptionem
3467 5411 3604 5467 fecit

1949 5502 2161 5557 ascribi
2194 5502 2347 5573 quod
2381 5518 2570 5572 usque
2598 5502 2669 5557 ad
2693 5506 2795 5557 tua
2821 5505 3087 5574 tempora
3112 5498 3602 5572 Gratianopolita-

1951 5606 2067 5646 nus
2093 5588 2403 5662 episcopus
2417 5589 2958 5661 possederat,quem
2974 5590 3033 5645 in
3052 5590 3316 5645 Romana
3342 5587 3605 5647 Ecclesia
