3928 6208
423 360 539 429 ⁸07

1717 361 1799 426 Βί
1834 359 2139 428 URBA‘NI
2175 358 2230 426 ll
2275 360 2525 427 PAPE.

422 495 746 571 plurimum
791 510 995 553 earum
1045 494 1353 553 habemus.
1383 496 1507 561 Qua
1536 496 1607 553 de
1656 513 1716 554 re
1754 514 1887 552 cum
1916 512 2070 568 saepe
2096 496 2153 565 Α
2181 511 2310 567 qum
2339 512 2442 569 per
2469 495 2888 554 catholicorum
2919 495 3250 572 principum
3280 501 3632 558 testamenta
3677 505 3814 560 Bur-

423 587 580 658 apud
611 603 719 641 nos
739 590 798 643 et
825 586 981 660 apud
1005 585 1263 659 legatum
1284 591 1549 641 nostrum
1571 585 1916 642 venerabilis
1936 602 2072 641 con-

422 674 602 730 frater
629 679 826 730 noster
845 674 1550 747 supradictusepiscopus
1573 681 1930 746 conquestus
1953 674 2073 729 fue-

424 763 521 832 rit,
580 768 662 830 tu,
713 767 1010 819 tantorum
1060 764 1473 821 beneficiorum
1526 765 1852 833 immemor,
1889 779 2075 836 neque

425 852 662 921 nostris,
706 869 896 925 neque
943 852 1118 925 legati
1164 853 1345 909 nostri
1395 853 1606 908 litteris
1650 853 1735 909 vel
1793 857 2075 925 prazcepto

426 942 693 1000 obedisti.
718 942 913 1014 Nuper
939 947 1133 998 autem
1166 941 1237 997 ad
1271 942 1578 997 concilium
1606 943 1758 1015 quod
1782 946 2077 997 annuente

427 1032 544 1088 Deo
565 1029 856 1086 Placentia
875 1030 1473 1099 celebravimus,idem
1497 1031 1805 1103 episcopus
1818 1030 2076 1096 veniens,

429 1120 500 1175 de
530 1120 732 1175 eadem
765 1135 844 1183 rc,
877 1119 947 1173 de
994 1118 1442 1174 Salmoriacensi
1493 1136 1640 1191 pago
1688 1118 1972 1186 videlicet,
2020 1118 2077 1172 in

433 1206 734 1264 communi
785 1206 1083 1262 audientia
1131 1211 1491 1277 conquestus
1538 1212 1647 1273 est,
1689 1206 2078 1278 plurimorum

428 1296 606 1351 etiam
629 1295 1054 1351 assertionibus
1070 1296 1256 1366 patuit
1276 1312 1491 1367 pagum
1512 1295 1678 1350 illum
1702 1296 1811 1350 sub
1836 1293 2082 1350 nonnul-

427 1383 503 1441 lis
532 1383 822 1457 episcopis
874 1382 1473 1455 GratianOpolitanam
1536 1382 1850 1439 Ecclcsiam
1883 1400 2080 1454 posse-

429 1474 607 1529 disse.
642 1472 806 1528 Illam
838 1472 1019 1544 igitur
1047 1472 1617 1543 subreptionem,per
1643 1489 1823 1543 quam
1856 1489 1945 1528 res
1972 1472 2082 1527 sub

430 1560 801 1633 querimonia
828 1561 1050 1632 positas
1080 1560 1249 1631 quasi
1272 1576 1375 1631 per
1402 1560 1768 1633 privilegium
1800 1561 2080 1627 vindicas,

432 1649 779 1706 nosirritam
793 1654 1005 1713 esse,et
1025 1648 1175 1704 vires
1201 1648 1393 1705 nullas
1409 1649 1668 1704 obtinere
1691 1650 2081 1704 decernimus.

434 1738 598 1794 Unde
626 1736 893 1810 synodali
921 1737 1143 1808 judicio
1191 1753 1327 1792 eum
1357 1738 1428 1793 de
1458 1754 1607 1809 pago
1639 1737 1755 1803 illo,
1785 1738 1945 1792 salva
1972 1742 2085 1792 tua;

431 1826 699 1885 Ecclesia
720 1825 1469 1897 justitia,reinvestivimus,
1498 1828 1554 1881 et
1576 1826 1681 1881 tibi
1713 1826 2084 1898 praesentium

428 1916 761 1972 litterarum
794 1915 1136 1971 auctoritate
1162 1915 1535 1987 praecipimus
1558 1919 1621 1969 ut
1641 1916 1906 1970 eamdem
1926 1914 2081 1971 inve-

432 2006 709 2062 stituram
725 2004 1051 2077 adimpleas
1075 2008 1132 2059 et
1156 2020 1291 2059 cum
1313 2005 1504 2077 quiete
1518 2004 1814 2075 possidere
1844 2004 2081 2076 permit-

428 2098 548 2160 tas,
581 2095 766 2149 donec
790 2097 893 2148 aut
922 2097 1056 2148 ante
1086 2109 1214 2160 nos,
1230 2097 1334 2149 aut
1362 2097 1496 2149 ante
1524 2092 1781 2165 legatum
1817 2097 2084 2149 nostrum

432 2181 717 2239 canonico
761 2181 981 2252 judicio
1013 2181 1341 2250 decidatur;
1373 2182 1526 2253 quod
1561 2182 1606 2237 si
1640 2182 2082 2253 contempseris,

436 2272 693 2346 profecto
724 2270 951 2327 noveris
981 2271 1132 2327 beati
1164 2272 1316 2328 Petri
1347 2288 1414 2327 ac
1445 2274 1705 2327 nostram
1751 2276 1805 2326 te
1835 2271 2084 2343 gratiam

434 2360 819 2416 amissurum.

507 2449 655 2507 Data
680 2448 985 2506 Placentiae
1015 2451 1224 2520 quarto
1255 2448 1392 2505 Idus
1425 2447 1637 2504 Martii.

1131 2553 1386 2612 CXXXV.

440 2649 694 2732 Urbanus
719 2634 863 2732 papa
894 2646 944 2702 11
969 2645 1388 2732 translationem
1422 2646 1701 2732 Auiensis
1748 2648 2088 2732 episcopale

434 2748 437 2751 -
484 2716 1370 2792 'parochiarmnquedivisionem
1409 2717 1469 2771 in
1520 2716 1816 2773 Fusellcnsi
1858 2717 2088 2772 concilio

507 2789 731 2862 factam,
749 2789 1053 2859 conﬁrmat.

1060 2878 1248 2946 (Anno
1283 2876 1461 2947 1095.)
1478 2924 1481 2925 ν

674 2968 940 3039 [Fwasx,
973 2967 1191 3038 Ειςραῆα
1212 2965 1473 3035 sagrada,
1504 2964 1685 3029 XXVI,
1720 2965 1865 3036 463.]

461 3091 464 3096 ·
514 3075 789 3133 Haemus
820 3070 1150 3144 episcopus,
1183 3087 1383 3127 servus
1414 3086 1710 3126 servorum
1742 3070 2088 3133 Dei.dilecto

432 3162 608 3222 fratri
628 3160 1247 3233 Gonnomo,Burgensi
1280 3159 1822 3232 episcopo,ejusque
1852 3177 2089 3217 succes-

442 3253 675 3310 soribus
706 3250 978 3307 canonice
1009 3248 1438 3306 substituendis
1468 3250 1526 3303 in
1560 3254 1925 3321 perpetuum.

511 3338 1409 3412 Claruisseplurimasquondam
1439 3337 1497 3392 in
1527 3337 1807 3409 Hispania
1826 3338 2091 3394 civitates

442 3430 789 3489 Christiane
820 3427 1121 3503 religionis
1147 3425 1330 3500 gloria
1352 3431 1408 3482 et
1427 3425 1775 3498 episcopalis
1800 3426 2089 3482 cathedrae

438 3520 810 3594 dignitate,et
830 3522 1168 3575 sanctorum
1190 3519 1513 3588 martyrum
1537 3532 1640 3571 seu
1662 3515 2086 3582 confessorum,

436 3610 801 3666 monimenta
822 3605 1140 3671 declarant,
1171 3610 1228 3661 et
1265 3603 1677 3661 Toletanorum
1707 3604 2087 3660 conciliorum

434 3696 766 3772 frequentia
786 3709 1101 3753 numerosa
1120 3693 1520 3765 signiﬁcat.Ex
1537 3692 1757 3764 quibus
1769 3692 2086 3749 nonnullas

430 3804 663 3845 eversas
692 3799 823 3841 esse
853 3781 1664 3855 cognoscimus.Miseratione
1684 3784 1878 3837 tamen
1901 3780 2086 3836 omni-

429 3874 685 3948 potentis
712 3870 943 3930 Domini
985 3868 1183 3926 multaz
1213 3868 1591 3941 postmodum
1635 3869 1693 3924 in
1726 3868 2081 3926 Christiano-

426 3980 559 4021 rum
572 3964 677 4035 jus
697 3958 1257 4030 revocatas,pristinm
1280 3957 1590 4030 dignitatis
1608 3958 1826 4013 infulas
1848 3975 2080 4030 recepe-

426 4048 851 4107 runt.Aliarum
872 4063 1001 4119 qua:
1022 4045 1323 4105 solotenus
1340 4062 1552 4100 eversa:
1568 4046 2079 4119 fuerant,dignitas

425 4139 487 4196 in
518 4138 696 4197 urbes
741 4134 1038 4209 proximas
1086 4138 1176 4191 est
1210 4132 1614 4190 translata.lta
1638 4133 1915 4190 nimirum
1941 4152 2076 4192 cum

426 4232 590 4286 Auca
608 4225 813 4284 civitas
834 4222 1186 4299 episcOpalis
1220 4222 1519 4295 quondam
1541 4222 1868 4290 defecisset,
1902 4240 1974 4280 ne
2002 4226 2074 4280 ad

425 4334 555 4375 eam
576 4315 875 4391 pertinens
894 4312 1163 4370 dioecesis
1190 4311 1460 4368 universa
1481 4310 1738 4383 pastoris
1757 4312 1971 4384 proprii
1987 4330 2075 4370 so-

422 4406 566 4464 latio
586 4407 936 4477 careret,per
955 4401 1322 4458 Christianos
1339 4398 1612 4472 princeps
1640 4401 1847 4473 Burgis
1868 4401 2073 4459 civitas
2108 4397 2113 4402 ’

422 4499 591 4556 Ausa
613 4499 704 4555 est
720 4493 938 4553 vicaria
956 4491 1227 4548 instituta
1249 4507 1263 4546 :
1286 4487 1387 4544 ubi
1403 4486 1667 4545 videlicet
1685 4488 2070 4546 charissimus

2181 585 2345 656 gensi
2376 584 2628 641 ecclesiae
2655 586 2865 642 collata
2893 589 3549 662 noscuntur,semperin
3574 591 3819 657 tua,oha~

2183 673 2415 729 rissime
2446 675 2642 742 frater,
2662 680 2720 730 et
2744 680 2977 732 tuorum
3010 693 3423 735 successorum
3454 678 3819 753 dispositione

2185 778 2250 817 ac
2281 764 2650 834 possessione
2675 768 3072 835 permaneant.
3106 765 3401 838 Quidquid
3428 767 3603 823 etiam
3645 768 3700 825 in
3732 770 3820 825 fa-

2184 854 2381 905 turum
2414 852 2618 907 eadem
2646 852 2959 924 Burgensis
2987 852 3234 910 ecclesia
3253 854 3420 925 juste
3445 858 3504 911 et
3538 857 3816 926 canonice,

2184 938 2305 994 sive
2343 937 2691 996 liberalitate
2716 941 3180 1013 principum,seu
3226 941 3528 1001 oblatione
3574 945 3817 1004 fidelium

2186 1026 2399 1099 poterit
2416 1028 2510 1083 adi
2517 1028 2690 1100 piscit
2708 1035 2989 1103 perpetuo
3001 1031 3051 1088 ei
3061 1032 3199 1102 jure
3220 1032 3577 1105 possidenda
3592 1050 3823 1108 prasen-

2188 1115 2263 1172 tis
2290 1117 2506 1172 decreti
2536 1119 2884 1176 auctoritate
2920 1120 3316 1192 praecipimus.
3348 1122 3504 1179 Sane
3531 1122 3581 1179 si
3607 1125 3737 1195 quis
3758 1126 3818 1181 in

2187 1206 2507 1262 crastinum
2540 1207 3014 1281 archiepiscopus
3043 1213 3145 1265 aut
3174 1209 3821 1283 episcopus,imperator

2188 1298 2292 1349 aut
2342 1311 2458 1359 rex,
2493 1295 2764 1367 princeps
2790 1302 2895 1352 aut
2923 1298 3060 1361 dux.
3095 1313 3295 1355 comes
3347 1303 3455 1354 aut
3499 1298 3819 1367 vieecomes,

2182 1383 2364 1454 judex
2395 1388 2497 1438 aut
2527 1400 2773 1455 persona
2805 1385 3076 1457 quaelibet
3096 1386 3822 1457 seculaﬁmauteceelesia.

2190 1471 2360 1537 stica,
2394 1471 2571 1542 hujus
2601 1473 2783 1529 nostri
2815 1474 3030 1531 decreti
3065 1476 3344 1547 paginam
3395 1477 3610 1546 sciens,
3639 1483 3821 1534 contra

2192 1577 2320 1616 eam
2371 1566 2589 1617 temere
2647 1561 2843 1618 venire
2901 1565 3230 1631 tentaverit,
3290 1566 3567 1621 secundos
3605 1567 3823 1624 tertiove

2194 1649 2673 1716 commonitus,si
2705 1668 2820 1707 non
2853 1652 3252 1709 satisfactione
3281 1669 3546 1727 congrua
3572 1656 3819 1712 emenda-

2193 1739 2357 1806 verit,
2391 1739 2696 1811 potestatis
2747 1739 3105 1812 honorisque
3157 1742 3247 1797 sui
3297 1742 3585 1815 dignitate
3630 1748 3816 1807 careat,

2115 1864 2163 1930 Β
2196 1843 2480 1925 reumque
2526 1845 2588 1885 se
2631 1828 2828 1885 divino
2868 1829 3099 1900 judicio
3140 1829 3392 1887 existere
3421 1831 3494 1887 de
3522 1835 3820 1905 perpetrata

2193 1915 2502 1988 iniquitate
2533 1920 2865 1989 cognoscat,
2895 1922 2953 1974 et
3000 1934 3036 1973 a
3081 1916 3486 1974 sacratissimo
3512 1932 3817 1992 corpore-ae

2193 2005 2483 2077 sanguine
2533 2005 2628 2060 Dei
2680 2010 2738 2061 et
2783 2004 3013 2062 Domini
3047 2005 3459 2078 Redemptoris
3493 2007 3674 2064 nostri
3699 2006 3815 2065 Jun

2192 2093 2405 2149 Christi
2435 2093 2663 2150 alienus
2692 2094 2812 2161 fiat,
2849 2098 3024 2166 atque
3053 2094 3116 2150 in
3145 2099 3406 2152 extremo
3454 2096 3712 2153 examine
3746 2094 3814 2151 di-

2194 2183 2406 2238 strictio
2438 2182 2643 2238 ultioni
2674 2182 2995 2254 subjaceat.
3028 2182 3234 2239 Cuncti
3269 2189 3470 2241 autem
3508 2184 3689 2240 eidem
3716 2184 3815 2239 loco

2184 2272 2350 2343 justa
2369 2272 2735 2330 servantibus
2757 2271 2834 2328 sit
2852 2288 2964 2343 pax
2982 2272 3215 2329 Domini
3246 2273 3435 2330 nostri
3453 2272 3592 2330 Iesu
3606 2271 3811 2339 Christi,

2196 2364 2488 2431 quatenus
2517 2363 2575 2415 et
2615 2359 2710 2415 hic
2742 2361 2995 2417 fructum
3029 2361 3194 2417 bona
3224 2360 3477 2417 actionis
3508 2360 3816 2433 percipiant,

2196 2452 2253 2504 et
2280 2448 2435 2520 apud
2466 2448 2799 2505 districtum
2823 2447 3088 2519 judicem
3144 2448 3375 2522 premis
3419 2453 3641 2507 uternis
3683 2448 3816 2521 pacis

2197 2537 2514 2594 inveniant.

2266 2626 2478 2681 Datum
2511 2623 2815 2681 Placentiae
2863 2640 2968 2699 per
3013 2642 3256 2683 manum
3287 2625 3555 2694 Joannis,
3584 2626 3641 2683 ὃ.
3672 2625 3731 2682 R.
3759 2624 3809 2680 E.

2196 2714 2427 2770 diaconi
2458 2714 2791 2783 cardinalis,
2824 2715 3012 2788 pridie
3039 2715 3177 2773 ldus
3209 2714 3811 2784 Martii,indietionem,

2195 2819 2351 2859 anno
2378 2803 2695 2859 Dominicis
2724 2803 3149 2861 Incarnationis
3180 2805 3711 2877 1095,pontifieatus
3726 2818 3811 2858 au-

2197 2897 2317 2949 tem
2347 2891 2571 2948 domini
2601 2891 2819 2949 Urbani
2851 2892 3091 2950 secundi
3124 2908 3289 2965 papa:
3321 2910 3479 2951 anno
3506 2897 3713 2951 octavo.
3742 2916 3747 2919 ι

2884 2997 3160 3054 CXXXVI.

2198 3088 2360 3142 Bulla
2388 3087 2593 3144 Urbani
2620 3089 2672 3143 II
2692 3103 2792 3158 pro
2839 3088 3251 3159 conﬁrmatione
3290 3090 3422 3146 vitae
3466 3088 3722 3143 concines:
3762 3085 3808 3137 in

2553 3160 2791 3215 Ecclesia
2819 3160 3188 3230 Magalonemi
3206 3162 3492 3217 institutae.

2820 3248 3011 3318 (Anno
3044 3248 3227 3319 1095.)

2502 3335 2671 3407 [GalL
2701 3335 2900 3392 Christ.
2931 3352 3056 3393 nov.
3092 3341 3133 3393 t.
3170 3338 3267 3403 VI,
3303 3350 3360 3409 p.
3392 3337 3541 3407 352.]

2270 3424 2540 3480 Unnasus
2569 3425 2901 3496 episcopus,
2924 3440 3128 3481 servus
3158 3440 3460 3482 servorum
3490 3418 3805 3489 Dei,dilectis

2197 3511 2255 3567 in
2288 3512 2518 3569 Christo
2547 3512 2684 3568 filiis
2714 3512 2972 3569 Oncsnio
2990 3512 3713 3581 archidiaconoﬁzuuunoo
3737 3522 3805 3562 sa-

2196 3602 2435 3669 cerdoti,
2469 3607 2527 3658 et
2554 3602 2815 3659 Dsooa'ro
2846 3602 3226 3669 subdiacono,
3254 3602 3590 3673 ceterisque
3622 3598 3676 3654 in
3703 3596 3801 3653 Ma-

2194 3689 2495 3763 galonensi
2529 3689 2778 3746 ecclesia
2807 3691 3147 3747 canonicam
3195 3690 3376 3749 vitam
3419 3687 3799 3763 protessis,~e0-

2192 3796 2444 3852 rumque
2473 3780 2916 3837 successoribus
2947 3780 3007 3835 in
3035 3780 3239 3837 eadem
3290 3778 3569 3852 religione
3596 3770 3799 3831 victuris

2190 3868 2249 3925 in
2280 3874 2649 3941 perpetuum.

2263 3956 2373 4011 Pisa
2403 3956 2719 4013 voluntatis
2750 3957 2994 4013 affectus
3024 3961 3415 4029 prosequente
3444 3955 3610 4011 debet
3631 3943 3793 4006 studio

2188 4045 2499 4111 confoveri,
2534 4049 2600 4099 ut
2627 4044 3023 4101 ecclesiastica
3048 4044 3272 4101 utilitas
3318 4040 3633 4118 apostolica
3667 4031 3796 4092 sedis

2187 4135 2410 4193 favores
2434 4134 2586 4189 vires
2615 4133 2950 4205 accipiat,et
2974 4125 3678 4203 accrescat.0mnipotenti
3700 4122 3795 4178 Do-

2185 4222 2367 4290 mino,
2396 4223 2565 4293 cuius
2597 4220 2805 4278 melior
2850 4226 2940 4279 est
2991 4222 3395 4279 misericordia
3441 4233 3609 4290 super
3652 4212 3792 4268 vim.

2181 4311 2402 4384 gratias
2430 4311 2684 4383 agimus,
2715 4311 2857 4383 quia
2873 4327 2977 4367 vos
3007 4311 3172 4378 estis,
3207 4310 3310 4383 qui
3357 4311 3678 4367 sanctorum
3703 4298 3794 4354 Pav

2182 4406 2339 4456 trum
2369 4400 2549 4456 vitam
2601 4399 2966 4472 probabilem
3011 4414 3290 4456 renovare
3336 4384 3793 4482 proposuitliilv'at

2178 4488 2511 4561 apostolica;
2536 4487 2809 4545 instituta
2860 4488 3137 4544 doctrinis
3182 4485 3512 4560 primordia
3553 4473 3784 4536 Ecclesia

420 4590 622 4644 noster
649 4583 806 4639 filius
830 4580 1157 4638 lldefonsus
1200 4594 1299 4634 rex
1345 4576 1736 4649 episcopalem
1764 4578 2068 4635 ecclesiam
2098 4594 2146 4661 ι)
2178 4581 2393 4634 sanctae
2440 4576 2695 4645 insolita,
2728 4577 2830 4634 sed
2881 4581 3179 4635 crescente
3221 4575 3478 4635 Ecclesia
3506 4570 3627 4661 jam

421 4675 547 4733 suis
576 4671 913 4745 sumptibus
945 4667 1270 4724 aedificavit.
1304 4668 1488 4732 Quam
1535 4666 1962 4723 institutionem
2008 4672 2071 4725 ut
2099 4656 2135 4661 ν
2177 4664 2384 4733 deleta,
2416 4665 2701 4721 instinctu
2730 4665 2917 4722 sancti
2948 4665 3205 4740 Spiritus
3233 4656 3785 4745 suscitatisNesﬁfufn

417 4763 477 4819 id
506 4765 857 4836 perpetuum
887 4760 1153 4831 patrante
1187 4755 1431 4811 Domino
1470 4753 1699 4811 stabilis
1726 4761 2068 4828 perseveret,

417 4866 526 4910 nos
556 4848 858 4925 praesentis
887 4844 1102 4904 decreti
1134 4843 1348 4917 pagina
1375 4842 1716 4899 auctoritate
1751 4844 2070 4918 apostolica

417 4940 859 4997 conﬁrmamus.

488 5027 904 5084 Parochiarum
935 5023 1113 5079 etiam
1143 5022 1613 5095 divisiones,quaa
1632 5022 1784 5079 inter
1804 5024 2067 5095 Burgen-

417 5132 545 5174 sem
574 5118 633 5171 et
661 5114 1047 5171 Oxomensem
1067 5110 1379 5167 ecclesiam
1410 5127 1605 5167 coram
1638 5112 1795 5168 sedis
1836 5117 2067 5183 aposto-

415 5205 539 5261 licaa
570 5203 761 5277 legato
793 5201 1082 5258 Richardo
1109 5200 1389 5257 eardinali
1422 5200 1779 5274 presbytero,
1806 5206 1865 5255 et
1905 5200 2067 5256 Man-

417 5292 645 5352 siliensi
677 5290 906 5358 abbate,
940 5290 999 5345 in
1049 5289 1270 5362 synodo
1320 5288 1474 5361 apud
1525 5288 1949 5344 monasterium
1997 5288 2068 5346 de

418 5379 671 5440 Fusellis
701 5379 1030 5435 constitutas
1056 5383 1215 5444 sunt,
1242 5378 1396 5433 sicut
1424 5394 1495 5432 ex
1532 5376 1797 5447 ejusdem
1842 5376 2068 5433 confra-

415 5473 527 5528 tris
577 5468 763 5527 nostri
811 5468 1133 5525 assertione
1180 5466 1519 5531 didicimus,
1560 5462 1677 5519 vim
1726 5469 2068 5536 perpetuam

416 5560 682 5616 obtinere
706 5557 1075 5613 mandamus.
1127 5560 1414 5611 Praeterea
1474 5551 1791 5609 statuimus
1841 5557 1906 5609 ut
1947 5558 2066 5609 tam

414 5645 863 5704 .Valcranicense
895 5663 1073 5720 quam
1105 5648 1311 5701 caetera
1340 5640 1714 5710 monasteria,
1743 5658 1849 5699 seu
1897 5641 2063 5712 villas,

2177 4770 2315 4827 θνϐο
2343 4759 2562 4822 “tum,
2595 4758 2852 4811 vestrum
2875 4736 3244 4827 propositum
3270 4749 3451 4810 nostri
3481 4736 3783 4805 auctoritate

2173 4842 2347 4899 ofﬁcii
2376 4844 2816 4909 confirmamus,
2843 4847 2901 4900 et
2929 4844 3131 4900 firmos
3159 4858 3263 4899 vos
3292 4842 3353 4899 in
3382 4853 3478 4895 eos
3505 4828 3777 4908 ροηὶοωτο

2175 4931 2579 5001 adhortamur,
2609 4934 2668 4987 et
2712 4934 2995 5003 tanquam
3044 4931 3161 4989 Deo
3208 4927 3667 4992 exhortante?”
3696 4922 3783 4966 ¹ι⁰⁸

2176 5022 2573 5076 obsecramus.
2633 5019 3025 5083 Quamobrem
3085 5015 3445 5079 omnibusin
3475 5012 3653 5068 vestro

2178 5107 2351 5163 nobio
2382 5108 2560 5163 vitam
2592 5107 2933 5164 canonicam
2965 5109 3292 5166 secundum
3323 5101 3474 5161 beati
3506 5092 3775 5186 Atiamle

2176 5194 2441 5268 regulam
2473 5196 2903 5267 profitentibus,
2935 5202 2991 5254 et
3035 5197 3095 5252 in
3146 5213 3216 5254 ea
3244 5191 3545 5268 adjuvante
3570 5182 3775 5268 Domino

2176 5259 2677 5356 permanantibus,
2701 5300 2810 5341 nos
2840 5259 2977 5342 licet
3004 5284 3233 5359 indigni
3263 5259 3639 5356 apostolorum

2176 5372 2477 5442 rii,eorum
2498 5390 2566 5430 ac
2586 5377 2844 5430 nostram
2860 5356 3328 5431 benedictionem
3344 5356 3773 5443 ρθοθιῑοωωίίθθ

2178 5460 2605 5518 absolutionem
2640 5466 2926 5534 potestate
2954 5460 3074 5519 illis
3090 5480 3125 5519 a
3140 5462 3383 5519 Domino
3409 5444 3773 5536 indubitat-PQ:

2178 5550 2469 5620 cedimus,
2500 5551 2929 5609 constituentes
2959 5568 3031 5609 ne
3074 5552 3347 5625 cuiquam
3389 5537 3610 5625 omnino

2184 5640 2343 5695 hunc
2366 5618 2541 5694 vestri
2574 5643 2796 5696 statum
2825 5638 3049 5699 ordinis
3077 5618 3454 5699 commutare,
3494 5618 3767 5683 sumus
