3928 6208
105 335 246 404 eos
1310 330 1720 399 EPISTOLE
1761 328 1862 394 ET
1901 326 2378 396 PRIVILEGIA.
3429 331 3549 398 ιω

113 472 312 530 etiam
340 470 823 545 ns-professionis
843 468 1134 528 canonica
1155 467 1790 542 quispiam,postquam
1819 465 1876 534 Α
1904 464 2342 524 successoribus
2371 464 2974 532 noceat,aadiﬂcare.Si
3005 467 3209 542 quisin
3223 468 3549 540 crastinum

118 562 343 618 deifice
374 578 558 634 super
583 566 763 634 caput
790 561 903 617 sibi
933 558 1796 632 hominemimposuerit,alicu-
1905 556 2383 629 archiepiscopus
2413 558 2516 612 aut
2553 555 2883 629 episcopus,
2916 558 3234 630 imperator
3280 566 3382 617 aut
3427 580 3547 631 rex,

108 653 226 724 jus
275 650 540 707 levitatis
589 651 894 718 instinctu,
935 649 1024 706 vel
1079 648 1451 705 districtioris
1500 647 1796 719 religionis
1907 645 2178 718 princeps
2208 649 2307 700 aut
2337 646 2475 712 dux,
2508 662 2704 702 comes
2732 651 2835 702 aut
2873 647 3214 714 vicecomes,
3239 651 3420 719 judex
3450 657 3552 708 aut

124 742 384 797 obtentu
433 756 504 795 ex
535 741 739 795 eodem
792 738 1048 795 claustro
1079 739 1289 794 audeat
1333 738 1459 792 sine
1507 737 1797 808 prmpositi

132 831 443 900 totiusque
490 827 964 901 congregationis
1022 827 1410 898 permissione
1453 827 1795 883 discedere:

125 919 545 973 discedentem
563 933 698 972 vero
717 915 921 971 nullus
948 916 1252 982 abbatum,
1269 914 1799 986 velepiscoporum,

127 1012 191 1064 et
229 1005 440 1062 nullus
483 1005 906 1061 monachorum
957 1004 1082 1059 sine
1130 1003 1423 1060 communi
1473 1002 1799 1060 litterarum

123 1097 420 1151 cautione
451 1094 737 1166 suscipiat
769 1111 780 1149 :
818 1093 1193 1165 praepositum
1227 1097 1442 1159 autem,
1476 1092 1562 1148 vel
1609 1093 1801 1149 archi-

133 1187 599 1252 diaconum,seu
622 1183 937 1253 cujuslibet
964 1182 1418 1255 dispensationis
1449 1180 1802 1239 ecclesiasti-

131 1291 219 1330 cae
249 1271 740 1340 ministrum,nisi
769 1288 944 1343 quem
979 1288 1097 1326 suis
1127 1271 1509 1343 professionis
1536 1289 1799 1327 commu-

1908 751 2157 808 persona
2185 733 2474 805 quaelibet,
2504 733 2802 791 saecularis
2831 735 2920 792 vel
2949 735 3343 796 ecclesiastica
3372 740 3552 812 hujus

1908 823 2092 879 nostri
2124 824 2340 879 decreti
2373 823 2651 896 paginam
2682 826 2874 881 sciens
2905 831 3110 882 contra
3157 844 3286 884 eam
3335 833 3553 886 temere

1908 913 2105 968 venire
2152 912 2479 979 tentaverit,
2515 915 2769 970 secundo
2821 915 3061 972 tertiove
3109 917 3470 989 admonitus,
3503 919 3554 976 si

1910 1019 2028 1058 non
2058 1001 2454 1058 satisfactione
2483 1003 2775 1076 condigna
2805 1006 3218 1074 emendaverit,
3253 1008 3556 1080 potestatis

1910 1092 2268 1162 honorisque
2299 1091 2388 1146 sui
2423 1090 2704 1163 dignitate
2734 1097 3238 1168 careat,reumque
3267 1112 3332 1153 se
3359 1098 3556 1154 divino

1903 1181 2127 1250 judicio
2161 1181 2407 1235 existere
2439 1182 2509 1236 de
2541 1185 2867 1252 perpetrata
2905 1183 3213 1254 iniquitate
3243 1192 3559 1260 cognoscat

1910 1273 1970 1325 et
1989 1269 2433 1325 asacratissimo
2447 1286 2687 1340 corpore
2719 1275 2776 1327 st
2799 1272 3086 1342 sanguine
3116 1273 3217 1330 Dei
3238 1291 3306 1330 ac
3330 1275 3554 1332 Domini

137 1364 236 1420 nis
272 1362 530 1418 fratrum
562 1360 766 1417 electio
797 1360 1465 1433 regulariterviventium
1480 1361 1803 1416 secundum

133 1453 337 1508 Deum
373 1449 809 1523 elegerit,vobis
839 1449 1096 1520 praeferri
1119 1449 1464 1506 auctoritate
1491 1450 1808 1522 apostolica

135 1540 560 1615 prohibemus.
604 1538 750 1605 Quia
796 1555 929 1594 vero
974 1538 1242 1594 nonnulli
1293 1539 1350 1592 in
1402 1539 1564 1595 vobis
1616 1539 1806 1594 adhuc

139 1632 296 1686 sunt
326 1627 434 1700 qui
464 1628 715 1684 necdum
748 1627 986 1699 quidem
1035 1627 1215 1682 vitam
1247 1628 1587 1684 canonicam
1619 1628 1805 1701 elege-

137 1721 317 1783 runt,
353 1716 456 1772 sed
485 1717 597 1788 ipsi
628 1733 731 1772 vos
761 1720 1043 1788 tanquam
1083 1717 1236 1770 inter
1285 1715 1525 1772 ultimos
1554 1718 1809 1772 fraterna

1913 1358 2303 1429 redemptoris
2332 1357 2515 1414 nostri
2545 1359 2682 1416 Jesu
2715 1360 2927 1416 Christi
2957 1360 3185 1418 alienus
3216 1363 3318 1419 fiat
3341 1381 3356 1431 ;
3383 1368 3560 1436 atque

1913 1447 1974 1502 in
2013 1452 2270 1502 extremo
2317 1448 2582 1504 examine
2630 1448 2909 1505 districtis
2959 1449 3167 1507 ultioni
3217 1452 3558 1524 subjacsat;

1915 1535 2144 1592 cunctis
2191 1540 2387 1591 autem
2413 1537 2578 1607 justa
2626 1538 2997 1595 servantibus
3042 1539 3121 1596 sit
3172 1557 3283 1612 pax
3329 1541 3562 1598 Domini

1916 1624 2098 1679 nostri
2145 1625 2286 1680 Jesu
2335 1625 2573 1692 Christi,
2606 1630 2896 1698 quatenus
2925 1632 2981 1682 et
3008 1626 3105 1684 hic
3136 1629 3394 1685 fructum
3425 1630 3562 1686 boni

1915 1712 2111 1783 operis
2139 1713 2438 1784 percipiat,
2473 1717 2530 1767 et
2558 1715 2713 1785 apud
2765 1714 3101 1772 districtum
3125 1717 3387 1788 judicem
3420 1735 3563 1791 pra-

147 1805 458 1863 sustinent
489 1804 796 1871 charitate,
831 1805 988 1876 ipsos
1041 1805 1278 1876 quidem
1327 1806 1398 1860 ad
1441 1806 1806 1879 propositum
1841 1834 1888 1898 Β
1915 1801 2039 1855 mia
2067 1805 2292 1856 aeternae
2326 1802 2486 1872 pacis
2515 1802 2790 1871 inveniat,
2825 1819 3018 1874 amen,
3050 1821 3244 1872 amen,
3277 1823 3470 1862 amen.

135 1899 422 1951 vestrum
455 1894 707 1948 transire
732 1909 847 1948 non
874 1892 1160 1965 cogimus,
1189 1893 1289 1949 sed
1323 1893 1438 1948 illis
1477 1899 1578 1949 aut
1619 1895 1691 1950 ad
1724 1912 1810 1949 re-

137 1982 428 2057 gularem
459 1981 640 2036 vitam
673 1980 988 2045 conversis,
1012 1986 1114 2036 aut
1143 1981 1353 2036 saeculo
1384 1984 1812 2055 emigrantibus

149 2089 362 2129 eorum
385 2071 640 2127 honores
666 2069 785 2125 sive
815 2071 1218 2141 possessiones
1235 2070 1658 2127 ecclesiasticas
1679 2089 1812 2127 cum

149 2161 285 2218 suis
327 2159 670 2232 augmentis
702 2158 822 2214 sive
854 2159 1319 2223 meliorantibus,
1353 2165 1410 2214 et
1455 2164 1641 2215 terras
1687 2178 1812 2233 quae

147 2250 444 2321 deinceps
461 2251 666 2304 vestrae
680 2247 947 2304 Ecclesiae
966 2249 1103 2304 data
1120 2247 1355 2315 fuerint,
1378 2248 1436 2303 in
1456 2249 1811 2322 regularium

139 2343 412 2396 fratrum
446 2336 878 2408 possessionem
919 2336 1121 2391 cedere
1167 2337 1438 2408 praesenti
1471 2338 1816 2394 auctoritate

121 2455 126 2458 -
158 2429 564 2493 censemus,et
592 2424 819 2480 nullum
852 2425 1126 2496 deinceps
1159 2424 1377 2480 ibidem
1403 2427 1526 2481 fieri
1556 2426 1643 2482 vel
1663 2427 1814 2483 ordi-

153 2518 284 2573 nari
317 2513 812 2578 canonicum,nisi
847 2514 946 2586 qui
977 2531 1039 2570 se
1068 2514 1346 2570 canonice
1373 2515 1666 2570 victurum
1690 2533 1817 2588 pro-

155 2604 585 2662 fessus-fuerit.
620 2604 916 2675 Quidquid
958 2608 1235 2675 praeterea
1284 2604 1574 2660 confrater
1621 2609 1818 2660 noster

141 2693 518 2750 Godefridus
545 2695 738 2748 vester
766 2692 1079 2764 episcOpus
1109 2691 1169 2745 in
1201 2709 1376 2747 usum
1422 2693 1599 2763 dedit,
1633 2693 1816 2748 eccle-

161 2785 284 2838 sias
314 2780 592 2837 videlicet
629 2781 701 2836 de
728 2779 1048 2847 Villanova,
1082 2781 1153 2835 de
1184 2781 1711 2853 Montepessulano,
1745 2783 1817 2838 de

163 2871 450 2944 Gigeano,
483 2886 619 2926 cum
647 2869 1033 2925 decimatione
1060 2868 1210 2924 villae
1243 2870 1510 2937 Paderni,
1543 2871 1817 2928 ecclesias

165 2962 227 3016 S.
263 2959 503 3016 Eulalia;
543 2963 602 3014 et
650 2959 939 3013 Leocadiai
988 2959 1062 3012 de
1088 2957 1273 3026 Valle,
1303 2959 1362 3013 S.
1400 2960 1697 3017 Michaelis
1746 2963 1818 3017 de

168 3047 493 3115 Monteilio,
537 3047 596 3101 S.
629 3047 876 3101 Joannis
922 3047 993 3101 de
1041 3048 1292 3112 Cucone,
1343 3048 1400 3102 S.
1449 3048 1705 3104 Marcelli
1749 3050 1819 3105 de

167 3135 785 3203 fratribus,S.Andrea3
813 3135 885 3195 de
915 3135 1283 3201 Maurone,S.
1309 3136 1460 3192 Petri
1493 3138 1564 3193 de
1597 3138 1818 3194 Monte-

164 3224 496 3290 Arbedone,
543 3225 602 3280 S.
639 3223 840 3279 Hilarii
891 3225 963 3278 de
1011 3223 1407 3298 Ceutranegis,
1447 3227 1504 3281 S.
1538 3226 1818 3299 Stephani

163 3316 236 3370 de
289 3313 608 3380 Besanicis,
644 3313 703 3368 S.
735 3311 980 3370 Joannis
1029 3313 1101 3367 de
1137 3313 1383 3381 Vedace,
1420 3315 1474 3369 S.
1515 3314 1718 3370 Felicis
1747 3317 1818 3371 de

162 3402 512 3469 Veruna,S.
565 3401 844 3473 Stephani
893 3403 965 3456 de
1013 3402 1293 3473 Pignano,
1345 3403 1402 3457 S.
1451 3403 1698 3458 Joannis
1748 3405 1819 3460 de

167 3491 331 3558 Buia,
362 3494 423 3547 et
453 3491 508 3548 8.
539 3491 802 3555 Andreae,
825 3493 882 3547 et
909 3491 968 3546 S.
993 3490 1252 3562 Dionysii
1286 3491 1354 3546 de
1386 3491 1818 3548 Monte-Pistel-

166 3581 371 3645 lereto,
402 3579 464 3634 S.
497 3578 731 3634 Martini
767 3579 839 3634 de
867 3579 1138 3643 Pruneto,
1158 3595 1362 3634 omnes
1391 3596 1524 3634 cum
1558 3581 1816 3652 capellis,

164 3685 302 3725 cum
335 3666 583 3724 decimis
613 3670 672 3721 et
700 3665 1419 3734 oblationibus,etallodiis
1439 3669 1648 3735 suis,et
1664 3685 1820 3741 quae-

164 3773 401 3828 cunque
431 3755 709 3826 deinceps
739 3753 1093 3820 dederit,nos
1118 3754 1282 3810 vobis
1311 3755 1480 3811 ﬁrme
1508 3761 1565 3811 et
1598 3755 1820 3828 integre

164 3859 511 3917 permanere
539 3843 1322 3914 concedimusPrarcipimus
1353 3845 1527 3898 etiam
1561 3861 1634 3900 ne
1663 3845 1822 3900 dein-

163 3950 302 4005 ceps
332 3931 796 4005 episcopaliceat
811 3931 937 3987 sine
953 3935 1144 3987 vestro
1162 3931 1405 3988 consilio
1423 3931 1644 4006 aliquid
1663 3935 1819 4006 quod

165 4024 237 4078 ad
263 4025 370 4094 jus
402 4021 612 4077 matris
642 4021 907 4076 Ecclesiae
941 4021 1541 4093 pertineat,cuiquam
1570 4022 1658 4078 vel
1690 4040 1820 4080 mo-

166 4111 519 4176 nachorum,
550 4109 639 4165 vel
670 4110 1084 4166 canonicorum
1129 4111 1187 4165 in
1221 4112 1650 4182 possessionem
1683 4129 1819 4169 con-

164 4201 394 4266 cedere,
449 4198 622 4254 aliter
665 4215 798 4253 vero
862 4204 1167 4271 acceptum
1216 4198 1448 4254 irritum
1515 4200 1817 4258 habeatur.

163 4290 498 4346 Decedente
546 4287 839 4361 episcopo,
873 4303 1236 4359 quaecunque
1267 4289 1396 4359 ejus
1423 4294 1561 4344 sunt
1587 4292 1698 4346 sub
1727 4307 1819 4346 ve-

162 4383 287 4434 stra
319 4377 652 4450 provisione
681 4377 1270 4448 permaneant,donec
1293 4375 1436 4432 alter
1464 4376 1522 4432 in
1546 4379 1674 4449 ejus
1698 4378 1821 4435 loco

162 4466 445 4523 canonice
478 4466 847 4536 subrogetur,
881 4481 1058 4537 quam
1109 4465 1585 4536 subrogationem
1632 4472 1824 4524 vestra

1994 1890 2204 1944 Datum
2255 1889 2559 1946 Placentiae
2610 1907 2713 1962 per
2760 1909 3000 1947 manum
3049 1893 3312 1960 Joannis,
3350 1899 3564 1953 sancta

1923 1979 2195 2032 Romanis
2226 1977 2491 2034 Ecclesiae
2524 1978 2859 2048 cardinalis,
2896 1980 3080 2051 pridie
3120 1982 3257 2037 Idus
3289 1983 3446 2048 Maii,
3474 1983 3562 2039 iu-

1920 2066 2058 2121 dict.
2105 2084 2186 2136 in,
2219 2083 2373 2122 anno
2422 2068 2735 2123 Dominicaz
2786 2069 3073 2125 lncarnat.
3119 2071 3296 2139 1095;
3331 2073 3563 2145 pontifi-

1923 2160 2088 2211 catus
2117 2158 2313 2210 autem
2345 2156 2545 2211 domni
2579 2156 2792 2212 Urbani
2824 2158 3063 2214 secundi
3089 2160 3381 2231 pontificis
3407 2177 3564 2218 anno

1922 2261 2044 2302 νιιι.

2589 2333 2896 2390 CXXXVII.

2128 2423 2489 2491 I’rivz'tegium
2514 2438 2616 2494 pro
2644 2426 2971 2479 monasterio
3003 2423 3366 2481 Cluniacensi.

2545 2512 2732 2579 (Anno
2765 2512 2944 2583 1095).

2217 2599 2575 2668 {Bibliotheca
2608 2600 2998 2667 Cluniarcmis,
3033 2620 3089 2674 p.
3121 2603 3272 2674 516.]

1998 2689 2276 2744 Uasmus
2300 2687 2630 2760 episcopus,
2665 2706 2866 2746 servus
2909 2708 3208 2748 servorum
3259 2692 3380 2759 Dei,
3409 2708 3568 2749 reve-

1926 2778 2266 2834 rentissimo
2297 2777 2459 2833 fratri
2503 2778 2751 2845 Hucom,
2787 2781 3126 2836 monasterii
3168 2780 3570 2838 Cluniacensis

1926 2867 2143 2934 abbati,
2176 2868 2423 2938 ejusque
2465 2867 2907 2926 successoribus
2957 2869 3303 2943 regulariter
3350 2870 3568 2928 substi-

1925 2955 2162 3011 tuendis
2193 2957 2252 3011 in
2285 2960 2652 3028 perpetuum.

1998 3044 2143 3099 Cum
2193 3045 2468 3100 omnibus
2519 3049 2734 3100 sanctas
2784 3045 3046 3102 Ecclesia:
3105 3046 3242 3102 ﬁliis
3287 3063 3360 3103 ex
3413 3046 3570 3104 sedis

1929 3131 2258 3204 apostolica:
2317 3133 2662 3189 auctoritate
2723 3151 2789 3189 ac
2834 3134 3233 3191 benevolentia
3277 3136 3570 3193 debitores

1849 3197 1892 3264 (ἶ
1929 3197 2271 3290 eaistamus,
2337 3221 2766 3277 venerabilibus
2814 3229 3009 3278 tamen
3068 3224 3336 3296 personis
3397 3229 3572 3297 atque

1925 3309 2090 3377 locis,
2125 3310 2377 3365 maxime
2407 3327 2533 3382 qua.-
2563 3310 2893 3382 apostolicae
2926 3311 3049 3366 sedi
3081 3329 3315 3385 semper
3349 3314 3572 3384 specia-

1929 3398 2045 3454 lius
2076 3415 2142 3454 ac
2173 3399 2441 3454 devotius
2471 3399 3114 3472 adhaeserunt,quzeque
3142 3400 3413 3472 ampliori
3443 3402 3575 3457 reli-

1929 3488 2122 3561 gionis
2163 3487 2350 3559 gloria
2402 3488 2684 3556 eminent,
2734 3489 3097 3561 propensiori
3149 3506 3257 3546 nos
3305 3491 3576 3546 convenit

1928 3577 2235 3632 charitatis
2267 3577 2463 3632 studio
2495 3577 2863 3634 imminuere.
2888 3578 3016 3634 Tibi
3047 3595 3206 3650 ergo,
3231 3579 3572 3637 reverentis-

1928 3667 2078 3722 sime
2107 3683 2175 3720 ac
2201 3664 2577 3721 dilectissime
2611 3665 2806 3733 frater,
2839 3671 2960 3722 tam
3003 3684 3073 3721 ex
3125 3668 3370 3739 antiqua
3417 3667 3574 3724 sedis

1929 3753 2260 3827 apostolica:
2292 3752 2712 3822 familiaritate,
2746 3771 2922 3826 quam
2954 3771 3022 3810 ex
3053 3752 3425 3814 nobilissima
3460 3760 3573 3812 tusi

1928 3845 2135 3915 tuique
2165 3842 2412 3898 cmnobii
2459 3841 2756 3915 religionis
2807 3844 3145 3909 reverentia,
3175 3844 3496 3918 singularis
3540 3863 3578 3902 a

1929 3932 2098 3989 nobis
2146 3931 2389 3987 debetur
2445 3932 2822 4005 praerogativa
2877 3932 3226 3989 dilectionis.
3279 3933 3575 4006 Quidquid

1931 4022 2110 4094 igitur
2159 4019 2468 4086 libertatis,
2501 4020 2790 4092 quidquid
2840 4020 3250 4090 immunitatis,
3283 4022 3576 4095 quidquid

1930 4109 2248 4166 auctoritas
2275 4109 2383 4164 tibi
2433 4109 2671 4181 tuisque
2719 4110 3180 4175 successoribus,
3212 4115 3431 4184 tuoque
3460 4128 3574 4167 caa-

1931 4199 2243 4270 nobio,per
2269 4203 2706 4255 antecessorum
2742 4203 3073 4256 nostrorum
3106 4198 3406 4274 privilegia
3434 4218 3574 4257 con-

1930 4305 2163 4345 cessum
2212 4288 2392 4343 fuisse
2440 4291 2688 4354 constat,
2731 4305 2836 4344 nos
2887 4305 3118 4360 quoque
3167 4289 3346 4360 hujus
3391 4289 3575 4346 nostri

1931 4377 2148 4434 decreti
2180 4375 2397 4449 pagina
2424 4375 2800 4443 conferimus,
2818 4377 3573 4441 tradimus,confirmamus.

1930 4467 2012 4521 Ea
2039 4471 2275 4538 propter
2306 4481 2411 4520 nos
2443 4463 2672 4535 capellae
2706 4464 2786 4519 illi
2819 4482 2997 4536 quam
3045 4464 3104 4519 in
3138 4465 3355 4520 honore
3383 4469 3442 4521 et
3469 4482 3572 4521 no-

165 4554 546 4628 potissimum
579 4553 852 4610 volumus
883 4553 1160 4610 electione
1191 4554 1488 4610 constitui.
1523 4554 1595 4610 Ut
1627 4560 1822 4612 autem
1851 4565 1900 4630 D
1932 4555 2090 4609 mine
2121 4554 2180 4609 S.
2214 4553 2432 4609 Odonis
2469 4557 2572 4608 tua
2620 4553 2934 4609 strenuitas
2983 4560 3144 4609 extra
3191 4553 3466 4626 burgum,
3499 4555 3572 4610 ad

162 4643 494 4716 opitulante
522 4642 768 4700 Domino
801 4643 1164 4715 propositum
1195 4641 1322 4696 vitae
1345 4643 1819 4716 canonica:,quod

164 4731 423 4804 cepistis,
480 4734 916 4803 perseveranter
956 4735 1035 4808 ‘et
1092 4729 1504 4786 inviolabiliter
1550 4733 1817 4802 teneatis,

164 4838 274 4877 nos
302 4835 543 4877 omnem
574 4818 1008 4875 immunitatem
1026 4837 1061 4874 a
1079 4819 1300 4875 sanctis
1331 4819 1657 4876 canonibus
1676 4826 1732 4876 et
1748 4821 1823 4877 le-

167 4909 339 4983 gibus
366 4907 719 4981 generaliter
746 4907 1008 4964 ecclesiis
1039 4909 1358 4975 decretum,
1391 4925 1626 4964 omnem
1654 4909 1823 4966 liber-

162 5002 346 5055 tatem
367 4996 806 5053 "catholicorum
838 4997 1191 5070 principum,
1225 5002 1284 5053 et
1312 4998 1600 5070 praecipue
1629 4999 1819 5055 Ludo-

153 5087 274 5143 vici
295 5086 678 5158 imperatoris
696 5085 997 5158 praeceptis
1011 5087 1459 5158 adArgimirum
1479 5087 1819 5159 episcopum

169 5177 318 5232 datis
348 5178 558 5232 vestrae
589 5175 862 5233 Ecclesiae
895 5175 1272 5246 singulariter
1302 5175 1630 5247 impensam
1656 5177 1821 5233 vobis

147 5263 490 5336 (vestrisque
519 5264 964 5320 successoribus
989 5264 1047 5317 in
1080 5264 1370 5318 canonicis
1393 5264 1521 5318 vitae
1548 5264 1819 5320 observa-

143 5354 320 5410 vtione
351 5351 664 5416 mansuris
690 5352 996 5424 pressantis
1025 5351 1239 5408 decreti
1270 5352 1822 5409 auctoritateﬁrma-

169 5443 416 5501 [ηαδ.Αό
449 5442 576 5497 haec
607 5441 924 5512 adjicimus
955 5446 1020 5496 ut
1033 5439 1204 5511 juxta
1232 5440 1443 5496 Villam
1469 5458 1674 5497 novam
1693 5459 1820 5513 quae

164 5538 362 5590 vesti-te
394 5529 700 5588 facultatis
718 5529 1282 5599 est,inﬂexisinsulm
1305 5529 1525 5585 nemini
1557 5547 1819 5601 unquam

175 5620 766 5689 liceat-munitionem
809 5619 1087 5690 aliquam,
1121 5635 1247 5690 quae
1290 5618 1454 5675 vobis
1499 5618 1822 5691 vestrisque

1930 4642 2270 4698 orientalem
2304 4647 2525 4714 partem
2571 4641 2892 4709 aedificavit,
2917 4659 3044 4699 eam
3076 4643 3316 4698 omnino
3338 4641 3573 4698 liberta-

1929 4737 2203 4800 tem,eam
2223 4731 2654 4787 immunitatem
2671 4732 2977 4803 praesentis
2997 4731 3211 4787 decreti
3229 4731 3574 4787 auctoritate

1931 4820 2331 4886 concedimus,
2368 4837 2546 4892 quam
2577 4819 2906 4892 apostolicae
2933 4820 3576 4892 memoriis-predeces-

1931 4927 2032 4967 sor
2059 4914 2256 4965 noster
2286 4909 2598 4982 Gregorius
2628 4908 2868 4981 capellis
2885 4910 3108 4966 steteris
3125 4909 3391 4981 ejusdem
3405 4910 3577 4984 burgi

1931 5017 2038 5056 suo
2069 4997 2376 5070 privilegio
2403 4998 2790 5054 confirmavit.

1999 5089 2084 5143 Ad
2116 5087 2237 5142 haec
2269 5086 2580 5158 adjicimus
2611 5091 2678 5143 ut
2707 5089 3133 5146 monasterium
3167 5090 3225 5144 S.
3255 5089 3576 5146 Stremonii

1931 5178 2000 5232 de
2032 5176 2322 5244 Mauzaca,
2357 5177 2415 5232 S.
2454 5175 2643 5231 Mariae
2692 5177 2763 5232 de
2811 5177 3080 5233 Verziaco
3132 5177 3480 5250 [Vizeliace],
3513 5178 3573 5232 S.

1933 5265 2083 5320 Petri
2145 5265 2214 5320 de
2278 5262 2622 5332 Alta-Petra,
2676 5267 3097 5323 monasterium
3147 5267 3303 5339 quod
3362 5266 3579 5326 dicitur

1905 5402 1908 5404 .
1931 5353 2427 5426 Sales,nunquam
2458 5357 2574 5408 tuae
2598 5357 2953 5426 tuorumque
2984 5371 3391 5412 successorum
3417 5353 3573 5409 ordi-

1931 5443 2154 5498 nationi
2201 5446 2272 5499 et
2320 5440 2587 5514 regimini
2638 5443 3044 5499 subtrahatur.
3098 5444 3214 5499 Hoc
3264 5442 3457 5515 ipsum
3505 5443 3577 5498 de

1931 5530 2218 5586 universis
2266 5547 2392 5601 quae
2437 5529 2684 5585 inferius
2743 5531 2962 5601 scripta
3008 5535 3146 5586 sunt
3203 5530 3577 5587 monasteriis

1933 5618 2265 5676 ecclesiisve
2297 5617 2639 5683 statuimus,
2665 5617 3018 5676 videlicetzln
3052 5619 3390 5691 episcopatu
3425 5621 3576 5694 Lug-
