  <div class='ocr_page' id='page_1' title='image "/cluster/home/n/w/nwhite01/storage/ocr_20150623/151/uva.x000829795/229.png"; bbox 0 0 3928 6208; ppageno 0'>
   <div class='ocr_carea' id='block_1_1' title="bbox 411 333 528 398">
    <p class='ocr_par' dir='ltr' id='par_1_1' title="bbox 411 333 528 398">
     <span class='ocr_line' id='line_1_1' title="bbox 411 333 528 398; baseline -0.017 0"><span class='ocrx_word' id='word_1_1' title='bbox 411 333 528 398; x_wconf 64' lang='lat' dir='ltr'><strong>«Mi</strong></span> 
     </span>
    </p>
   </div>
   <div class='ocr_carea' id='block_1_2' title="bbox 1714 332 2515 404">
    <p class='ocr_par' dir='ltr' id='par_1_2' title="bbox 1714 332 2515 404">
     <span class='ocr_line' id='line_1_2' title="bbox 1714 332 2515 404; baseline 0.005 -4"><span class='ocrx_word' id='word_1_2' title='bbox 1714 332 1785 400; x_wconf 85' lang='grc' dir='ltr'><strong>Β.</strong></span> <span class='ocrx_word' id='word_1_3' title='bbox 1831 336 2125 402; x_wconf 79' lang='lat' dir='ltr'><strong>URBANI</strong></span> <span class='ocrx_word' id='word_1_4' title='bbox 2166 334 2222 401; x_wconf 91' lang='grc' dir='ltr'><strong>ῙῙ</strong></span> <span class='ocrx_word' id='word_1_5' title='bbox 2263 337 2515 404; x_wconf 77' lang='grc' dir='ltr'><strong>ΡΛΡιΕ.</strong></span> 
     </span>
    </p>
   </div>
   <div class='ocr_carea' id='block_1_3' title="bbox 3673 351 3778 417">
    <p class='ocr_par' dir='ltr' id='par_1_3' title="bbox 3673 351 3778 417">
     <span class='ocr_line' id='line_1_3' title="bbox 3673 351 3778 417; baseline 0.019 -3"><span class='ocrx_word' id='word_1_6' title='bbox 3673 351 3778 417; x_wconf 74' lang='lat' dir='ltr'><strong>ua</strong></span> 
     </span>
    </p>
   </div>
   <div class='ocr_carea' id='block_1_4' title="bbox 413 469 3775 551">
    <p class='ocr_par' dir='ltr' id='par_1_4' title="bbox 413 469 3775 551">
     <span class='ocr_line' id='line_1_4' title="bbox 413 469 3775 551; baseline 0.004 -24"><span class='ocrx_word' id='word_1_7' title='bbox 413 469 685 544; x_wconf 85' lang='lat' dir='ltr'><strong>dunensi,</strong></span> <span class='ocrx_word' id='word_1_8' title='bbox 717 473 962 534; x_wconf 80' lang='lat' dir='ltr'><strong>ecclesia</strong></span> <span class='ocrx_word' id='word_1_9' title='bbox 992 474 1051 534; x_wconf 90' lang='lat' dir='ltr'><strong>S.</strong></span> <span class='ocrx_word' id='word_1_10' title='bbox 1081 471 1256 544; x_wconf 89' lang='lat' dir='ltr'><strong>Justi,</strong></span> <span class='ocrx_word' id='word_1_11' title='bbox 1288 473 1345 532; x_wconf 91' lang='lat' dir='ltr'><strong>S.</strong></span> <span class='ocrx_word' id='word_1_12' title='bbox 1368 472 1648 532; x_wconf 89' lang='lat' dir='ltr'><strong>Desiderii</strong></span> <span class='ocrx_word' id='word_1_13' title='bbox 1673 492 1686 544; x_wconf 92' lang='lat'><strong>;</strong></span> <span class='ocrx_word' id='word_1_14' title='bbox 1707 471 1952 532; x_wconf 89' lang='lat' dir='ltr'><strong>ecclesia</strong></span> <span class='ocrx_word' id='word_1_15' title='bbox 1981 474 2052 530; x_wconf 80' lang='lat' dir='ltr'><strong>de</strong></span> <span class='ocrx_word' id='word_1_16' title='bbox 2083 472 2139 540; x_wconf 78' lang='grc' dir='ltr'>Α</span> <span class='ocrx_word' id='word_1_17' title='bbox 2169 473 2364 530; x_wconf 79' lang='lat' dir='ltr'><strong>Sancti</strong></span> <span class='ocrx_word' id='word_1_18' title='bbox 2397 472 2690 532; x_wconf 82' lang='lat' dir='ltr'><strong>Laurentii</strong></span> <span class='ocrx_word' id='word_1_19' title='bbox 2721 473 2790 533; x_wconf 91' lang='lat' dir='ltr'><strong>de</strong></span> <span class='ocrx_word' id='word_1_20' title='bbox 2838 473 3197 535; x_wconf 89' lang='lat' dir='ltr'><strong>Cuminiaco.</strong></span> <span class='ocrx_word' id='word_1_21' title='bbox 3231 476 3292 536; x_wconf 94' lang='lat' dir='ltr'><strong>In</strong></span> <span class='ocrx_word' id='word_1_22' title='bbox 3336 477 3635 551; x_wconf 88' lang='lat' dir='ltr'><strong>Laudensi,</strong></span> <span class='ocrx_word' id='word_1_23' title='bbox 3665 499 3775 541; x_wconf 86' lang='lat' dir='ltr'><strong>mo-</strong></span> 
     </span>
    </p>
   </div>
   <div class='ocr_carea' id='block_1_5' title="bbox 415 564 2056 636">
    <p class='ocr_par' dir='ltr' id='par_1_5' title="bbox 415 564 2056 636">
     <span class='ocr_line' id='line_1_5' title="bbox 415 564 2056 636; baseline -0.004 -10"><span class='ocrx_word' id='word_1_24' title='bbox 415 567 817 636; x_wconf 86' lang='lat' dir='ltr'><strong>Frontenaico,</strong></span> <span class='ocrx_word' id='word_1_25' title='bbox 845 567 917 624; x_wconf 90' lang='lat' dir='ltr'><strong>de</strong></span> <span class='ocrx_word' id='word_1_26' title='bbox 949 565 1228 624; x_wconf 81' lang='lat' dir='ltr'><strong>Rorterio.</strong></span> <span class='ocrx_word' id='word_1_27' title='bbox 1257 570 1320 621; x_wconf 87' lang='lat' dir='ltr'><strong>In</strong></span> <span class='ocrx_word' id='word_1_28' title='bbox 1353 564 1787 629; x_wconf 86' lang='lat' dir='ltr'><strong>Matisconensi,</strong></span> <span class='ocrx_word' id='word_1_29' title='bbox 1810 564 2056 622; x_wconf 85' lang='lat' dir='ltr'><strong>ecclesia</strong></span> 
     </span>
    </p>
   </div>
   <div class='ocr_carea' id='block_1_6' title="bbox 413 654 2050 730">
    <p class='ocr_par' dir='ltr' id='par_1_6' title="bbox 413 654 2050 730">
     <span class='ocr_line' id='line_1_6' title="bbox 413 654 2050 730; baseline -0.002 -16"><span class='ocrx_word' id='word_1_30' title='bbox 413 659 485 715; x_wconf 90' lang='lat' dir='ltr'><strong>de</strong></span> <span class='ocrx_word' id='word_1_31' title='bbox 518 658 745 724; x_wconf 84' lang='lat' dir='ltr'><strong>Melete,</strong></span> <span class='ocrx_word' id='word_1_32' title='bbox 777 659 848 712; x_wconf 90' lang='lat' dir='ltr'><strong>de</strong></span> <span class='ocrx_word' id='word_1_33' title='bbox 879 657 1108 730; x_wconf 86' lang='lat' dir='ltr'><strong>Otgers,</strong></span> <span class='ocrx_word' id='word_1_34' title='bbox 1158 657 1230 711; x_wconf 93' lang='lat' dir='ltr'><strong>de</strong></span> <span class='ocrx_word' id='word_1_35' title='bbox 1259 656 1579 719; x_wconf 90' lang='lat' dir='ltr'><strong>Saviniaco,</strong></span> <span class='ocrx_word' id='word_1_36' title='bbox 1613 656 1684 710; x_wconf 90' lang='lat' dir='ltr'><strong>de</strong></span> <span class='ocrx_word' id='word_1_37' title='bbox 1732 654 2050 722; x_wconf 90' lang='lat' dir='ltr'><strong>Seniciaco,</strong></span> 
     </span>
    </p>
   </div>
   <div class='ocr_carea' id='block_1_7' title="bbox 413 743 2051 816">
    <p class='ocr_par' dir='ltr' id='par_1_7' title="bbox 413 743 2051 816">
     <span class='ocr_line' id='line_1_7' title="bbox 413 743 2051 816; baseline -0.004 -12"><span class='ocrx_word' id='word_1_38' title='bbox 413 749 486 804; x_wconf 90' lang='lat' dir='ltr'><strong>de</strong></span> <span class='ocrx_word' id='word_1_39' title='bbox 543 748 848 815; x_wconf 90' lang='lat' dir='ltr'><strong>Berziaco;</strong></span> <span class='ocrx_word' id='word_1_40' title='bbox 907 746 1150 802; x_wconf 88' lang='lat' dir='ltr'><strong>ecclesia</strong></span> <span class='ocrx_word' id='word_1_41' title='bbox 1198 746 1255 800; x_wconf 93' lang='lat' dir='ltr'><strong>S.</strong></span> <span class='ocrx_word' id='word_1_42' title='bbox 1311 743 1623 816; x_wconf 77' lang='lat' dir='ltr'><strong>Hippolyti,</strong></span> <span class='ocrx_word' id='word_1_43' title='bbox 1675 748 1728 797; x_wconf 93' lang='lat' dir='ltr'><strong>S.</strong></span> <span class='ocrx_word' id='word_1_44' title='bbox 1796 744 2051 810; x_wconf 79' lang='lat' dir='ltr'><strong>Martini,</strong></span> 
     </span>
    </p>
   </div>
   <div class='ocr_carea' id='block_1_8' title="bbox 414 831 2052 901">
    <p class='ocr_par' dir='ltr' id='par_1_8' title="bbox 414 831 2052 901">
     <span class='ocr_line' id='line_1_8' title="bbox 414 831 2052 901; baseline -0.003 -11"><span class='ocrx_word' id='word_1_45' title='bbox 414 841 633 893; x_wconf 61' lang='lat' dir='ltr'><strong>Sanctae</strong></span> <span class='ocrx_word' id='word_1_46' title='bbox 659 837 851 892; x_wconf 62' lang='lat' dir='ltr'><strong>Mariae</strong></span> <span class='ocrx_word' id='word_1_47' title='bbox 885 837 955 892; x_wconf 89' lang='lat' dir='ltr'><strong>de</strong></span> <span class='ocrx_word' id='word_1_48' title='bbox 987 833 1315 890; x_wconf 83' lang='lat' dir='ltr'><strong>Caseilis.ln</strong></span> <span class='ocrx_word' id='word_1_49' title='bbox 1347 831 2052 901; x_wconf 78' lang='lat' dir='ltr'><strong>Augustudinensieccle-</strong></span> 
     </span>
    </p>
   </div>
   <div class='ocr_carea' id='block_1_9' title="bbox 415 919 2054 993">
    <p class='ocr_par' dir='ltr' id='par_1_9' title="bbox 415 919 2054 993">
     <span class='ocr_line' id='line_1_9' title="bbox 415 919 2054 993; baseline -0.002 -13"><span class='ocrx_word' id='word_1_50' title='bbox 415 927 504 982; x_wconf 89' lang='lat' dir='ltr'><strong>sia</strong></span> <span class='ocrx_word' id='word_1_51' title='bbox 549 927 622 980; x_wconf 89' lang='lat' dir='ltr'><strong>de</strong></span> <span class='ocrx_word' id='word_1_52' title='bbox 672 924 995 991; x_wconf 88' lang='lat' dir='ltr'><strong>Monrisalt,</strong></span> <span class='ocrx_word' id='word_1_53' title='bbox 1027 925 1099 979; x_wconf 91' lang='lat' dir='ltr'><strong>de</strong></span> <span class='ocrx_word' id='word_1_54' title='bbox 1146 922 1432 993; x_wconf 87' lang='lat' dir='ltr'><strong>Pulignio,</strong></span> <span class='ocrx_word' id='word_1_55' title='bbox 1466 922 1536 976; x_wconf 90' lang='lat' dir='ltr'><strong>de</strong></span> <span class='ocrx_word' id='word_1_56' title='bbox 1583 919 1953 987; x_wconf 87' lang='lat' dir='ltr'><strong>Blanchiaco,</strong></span> <span class='ocrx_word' id='word_1_57' title='bbox 1983 921 2054 976; x_wconf 81' lang='lat' dir='ltr'><strong>de</strong></span> 
     </span>
    </p>
   </div>
   <div class='ocr_carea' id='block_1_10' title="bbox 412 1009 2052 1080">
    <p class='ocr_par' dir='ltr' id='par_1_10' title="bbox 412 1009 2052 1080">
     <span class='ocr_line' id='line_1_10' title="bbox 412 1009 2052 1080; baseline -0.004 -8"><span class='ocrx_word' id='word_1_58' title='bbox 412 1015 604 1072; x_wconf 85' lang='lat' dir='ltr'><strong>Monte</strong></span> <span class='ocrx_word' id='word_1_59' title='bbox 652 1019 706 1068; x_wconf 89' lang='lat' dir='ltr'><strong>S.</strong></span> <span class='ocrx_word' id='word_1_60' title='bbox 757 1013 1021 1077; x_wconf 83' lang='lat' dir='ltr'><strong>Joannis,</strong></span> <span class='ocrx_word' id='word_1_61' title='bbox 1071 1013 1143 1067; x_wconf 92' lang='lat' dir='ltr'><strong>de</strong></span> <span class='ocrx_word' id='word_1_62' title='bbox 1195 1010 1460 1074; x_wconf 89' lang='lat' dir='ltr'><strong>Luciaco,</strong></span> <span class='ocrx_word' id='word_1_63' title='bbox 1509 1010 1580 1065; x_wconf 93' lang='lat' dir='ltr'><strong>de</strong></span> <span class='ocrx_word' id='word_1_64' title='bbox 1627 1009 1932 1080; x_wconf 89' lang='lat' dir='ltr'><strong>Crupellis,</strong></span> <span class='ocrx_word' id='word_1_65' title='bbox 1983 1010 2052 1065; x_wconf 86' lang='lat' dir='ltr'><strong>de</strong></span> 
     </span>
    </p>
   </div>
   <div class='ocr_carea' id='block_1_11' title="bbox 413 1098 2050 1176">
    <p class='ocr_par' dir='ltr' id='par_1_11' title="bbox 413 1098 2050 1176">
     <span class='ocr_line' id='line_1_11' title="bbox 413 1098 2050 1176; baseline -0.004 -17"><span class='ocrx_word' id='word_1_66' title='bbox 413 1104 658 1176; x_wconf 84' lang='lat' dir='ltr'><strong>Milpont</strong></span> <span class='ocrx_word' id='word_1_67' title='bbox 681 1120 694 1158; x_wconf 88' lang='lat'><strong>:</strong></span> <span class='ocrx_word' id='word_1_68' title='bbox 720 1102 965 1158; x_wconf 87' lang='lat' dir='ltr'><strong>ecclesia</strong></span> <span class='ocrx_word' id='word_1_69' title='bbox 995 1103 1052 1157; x_wconf 93' lang='lat' dir='ltr'><strong>S.</strong></span> <span class='ocrx_word' id='word_1_70' title='bbox 1079 1099 1429 1160; x_wconf 76' lang='lat' dir='ltr'><strong>Mammetis,</strong></span> <span class='ocrx_word' id='word_1_71' title='bbox 1450 1099 1504 1153; x_wconf 90' lang='lat' dir='ltr'><strong>S.</strong></span> <span class='ocrx_word' id='word_1_72' title='bbox 1543 1098 1966 1170; x_wconf 84' lang='lat' dir='ltr'><strong>ChristOphori.</strong></span> <span class='ocrx_word' id='word_1_73' title='bbox 1988 1102 2050 1152; x_wconf 90' lang='lat' dir='ltr'><strong>In</strong></span> 
     </span>
    </p>
   </div>
   <div class='ocr_carea' id='block_1_12' title="bbox 414 1186 2053 1266">
    <p class='ocr_par' dir='ltr' id='par_1_12' title="bbox 414 1186 2053 1266">
     <span class='ocr_line' id='line_1_12' title="bbox 414 1186 2053 1266; baseline -0.005 -16"><span class='ocrx_word' id='word_1_74' title='bbox 414 1191 786 1266; x_wconf 83' lang='lat' dir='ltr'><strong>Lingonensi,</strong></span> <span class='ocrx_word' id='word_1_75' title='bbox 841 1191 1085 1247; x_wconf 87' lang='lat' dir='ltr'><strong>ecclesia</strong></span> <span class='ocrx_word' id='word_1_76' title='bbox 1144 1190 1201 1244; x_wconf 93' lang='lat' dir='ltr'><strong>S.</strong></span> <span class='ocrx_word' id='word_1_77' title='bbox 1253 1187 1510 1254; x_wconf 62' lang='lat' dir='ltr'><strong>Eulalia},</strong></span> <span class='ocrx_word' id='word_1_78' title='bbox 1562 1191 1620 1241; x_wconf 94' lang='lat' dir='ltr'><strong>S.</strong></span> <span class='ocrx_word' id='word_1_79' title='bbox 1669 1186 1911 1242; x_wconf 87' lang='lat' dir='ltr'><strong>Joannis</strong></span> <span class='ocrx_word' id='word_1_80' title='bbox 1982 1188 2053 1242; x_wconf 90' lang='lat' dir='ltr'><strong>de</strong></span> 
     </span>
    </p>
   </div>
   <div class='ocr_carea' id='block_1_13' title="bbox 412 1275 2051 1347">
    <p class='ocr_par' dir='ltr' id='par_1_13' title="bbox 412 1275 2051 1347">
     <span class='ocr_line' id='line_1_13' title="bbox 412 1275 2051 1347; baseline -0.005 -9"><span class='ocrx_word' id='word_1_81' title='bbox 412 1283 625 1347; x_wconf 87' lang='lat' dir='ltr'><strong>Laena,</strong></span> <span class='ocrx_word' id='word_1_82' title='bbox 659 1282 730 1336; x_wconf 90' lang='lat' dir='ltr'><strong>de</strong></span> <span class='ocrx_word' id='word_1_83' title='bbox 759 1279 984 1342; x_wconf 89' lang='lat' dir='ltr'><strong>Trualt,</strong></span> <span class='ocrx_word' id='word_1_84' title='bbox 1017 1279 1090 1333; x_wconf 90' lang='lat' dir='ltr'><strong>de</strong></span> <span class='ocrx_word' id='word_1_85' title='bbox 1120 1282 1297 1342; x_wconf 80' lang='lat' dir='ltr'><strong>Arcu,</strong></span> <span class='ocrx_word' id='word_1_86' title='bbox 1330 1277 1401 1331; x_wconf 90' lang='lat' dir='ltr'><strong>de</strong></span> <span class='ocrx_word' id='word_1_87' title='bbox 1439 1275 1766 1338; x_wconf 88' lang='lat' dir='ltr'><strong>Vandovra,</strong></span> <span class='ocrx_word' id='word_1_88' title='bbox 1800 1276 1873 1330; x_wconf 91' lang='lat' dir='ltr'><strong>de</strong></span> <span class='ocrx_word' id='word_1_89' title='bbox 1902 1277 2051 1331; x_wconf 89' lang='lat' dir='ltr'><strong>Mar-</strong></span> 
     </span>
    </p>
   </div>
   <div class='ocr_carea' id='block_1_14' title="bbox 412 1363 2048 1436">
    <p class='ocr_par' dir='ltr' id='par_1_14' title="bbox 412 1363 2048 1436">
     <span class='ocr_line' id='line_1_14' title="bbox 412 1363 2048 1436; baseline -0.004 -12"><span class='ocrx_word' id='word_1_90' title='bbox 412 1369 728 1436; x_wconf 87' lang='lat' dir='ltr'><strong>maissa,de</strong></span> <span class='ocrx_word' id='word_1_91' title='bbox 753 1367 1037 1423; x_wconf 88' lang='lat' dir='ltr'><strong>Altars.In</strong></span> <span class='ocrx_word' id='word_1_92' title='bbox 1070 1365 1299 1421; x_wconf 79' lang='lat' dir='ltr'><strong>Basila&#39;</strong></span> <span class='ocrx_word' id='word_1_93' title='bbox 1321 1364 1565 1420; x_wconf 87' lang='lat' dir='ltr'><strong>ecclesia</strong></span> <span class='ocrx_word' id='word_1_94' title='bbox 1595 1363 1790 1419; x_wconf 77' lang='lat' dir='ltr'><strong>Sancti</strong></span> <span class='ocrx_word' id='word_1_95' title='bbox 1823 1363 2048 1418; x_wconf 82' lang='lat' dir='ltr'><strong>Albani.</strong></span> 
     </span>
    </p>
   </div>
   <div class='ocr_carea' id='block_1_15' title="bbox 410 1452 2050 1520">
    <p class='ocr_par' dir='ltr' id='par_1_15' title="bbox 410 1452 2050 1520">
     <span class='ocr_line' id='line_1_15' title="bbox 410 1452 2050 1520; baseline -0.005 -6"><span class='ocrx_word' id='word_1_96' title='bbox 410 1459 473 1514; x_wconf 93' lang='lat' dir='ltr'><strong>In</strong></span> <span class='ocrx_word' id='word_1_97' title='bbox 503 1455 1152 1520; x_wconf 87' lang='lat' dir='ltr'><strong>Cabilonensi,ecclesia</strong></span> <span class='ocrx_word' id='word_1_98' title='bbox 1181 1455 1252 1509; x_wconf 91' lang='lat' dir='ltr'><strong>de</strong></span> <span class='ocrx_word' id='word_1_99' title='bbox 1281 1452 1564 1508; x_wconf 80' lang='lat' dir='ltr'><strong>Viniules.</strong></span> <span class='ocrx_word' id='word_1_100' title='bbox 1585 1454 1646 1508; x_wconf 91' lang='lat' dir='ltr'><strong>In</strong></span> <span class='ocrx_word' id='word_1_101' title='bbox 1680 1453 2050 1516; x_wconf 83' lang='lat' dir='ltr'><strong>Arvernensi,</strong></span> 
     </span>
    </p>
   </div>
   <div class='ocr_carea' id='block_1_16' title="bbox 406 1541 2049 1613">
    <p class='ocr_par' dir='ltr' id='par_1_16' title="bbox 406 1541 2049 1613">
     <span class='ocr_line' id='line_1_16' title="bbox 406 1541 2049 1613; baseline -0.004 -12"><span class='ocrx_word' id='word_1_102' title='bbox 406 1546 655 1602; x_wconf 82' lang='lat' dir='ltr'><strong>ecclesia</strong></span> <span class='ocrx_word' id='word_1_103' title='bbox 697 1550 754 1601; x_wconf 93' lang='lat' dir='ltr'><strong>S.</strong></span> <span class='ocrx_word' id='word_1_104' title='bbox 805 1544 1076 1609; x_wconf 87' lang='lat' dir='ltr'><strong>Amandi,</strong></span> <span class='ocrx_word' id='word_1_105' title='bbox 1128 1544 1187 1599; x_wconf 93' lang='lat' dir='ltr'><strong>S.</strong></span> <span class='ocrx_word' id='word_1_106' title='bbox 1238 1541 1498 1613; x_wconf 89' lang='lat' dir='ltr'><strong>Sepulcri</strong></span> <span class='ocrx_word' id='word_1_107' title='bbox 1551 1542 1620 1597; x_wconf 91' lang='lat' dir='ltr'><strong>de</strong></span> <span class='ocrx_word' id='word_1_108' title='bbox 1671 1542 1957 1605; x_wconf 87' lang='lat' dir='ltr'><strong>Lavenna,</strong></span> <span class='ocrx_word' id='word_1_109' title='bbox 1990 1541 2049 1597; x_wconf 90' lang='lat' dir='ltr'><strong>S.</strong></span> 
     </span>
    </p>
   </div>
   <div class='ocr_carea' id='block_1_17' title="bbox 409 1629 2052 1696">
    <p class='ocr_par' dir='ltr' id='par_1_17' title="bbox 409 1629 2052 1696">
     <span class='ocr_line' id='line_1_17' title="bbox 409 1629 2052 1696; baseline -0.004 -6"><span class='ocrx_word' id='word_1_110' title='bbox 409 1634 598 1690; x_wconf 81' lang='lat' dir='ltr'><strong>Mariae</strong></span> <span class='ocrx_word' id='word_1_111' title='bbox 642 1635 715 1689; x_wconf 91' lang='lat' dir='ltr'><strong>de</strong></span> <span class='ocrx_word' id='word_1_112' title='bbox 743 1631 1014 1696; x_wconf 89' lang='lat' dir='ltr'><strong>Castello,</strong></span> <span class='ocrx_word' id='word_1_113' title='bbox 1063 1632 1134 1686; x_wconf 90' lang='lat' dir='ltr'><strong>de</strong></span> <span class='ocrx_word' id='word_1_114' title='bbox 1181 1629 1464 1695; x_wconf 88' lang='lat' dir='ltr'><strong>Canariis,</strong></span> <span class='ocrx_word' id='word_1_115' title='bbox 1515 1630 1587 1685; x_wconf 90' lang='lat' dir='ltr'><strong>de</strong></span> <span class='ocrx_word' id='word_1_116' title='bbox 1629 1629 1943 1693; x_wconf 85' lang='lat' dir='ltr'><strong>Montania,</strong></span> <span class='ocrx_word' id='word_1_117' title='bbox 1982 1629 2052 1684; x_wconf 92' lang='lat' dir='ltr'><strong>de</strong></span> 
     </span>
    </p>
   </div>
   <div class='ocr_carea' id='block_1_18' title="bbox 409 1718 2051 1794">
    <p class='ocr_par' dir='ltr' id='par_1_18' title="bbox 409 1718 2051 1794">
     <span class='ocr_line' id='line_1_18' title="bbox 409 1718 2051 1794; baseline -0.003 -17"><span class='ocrx_word' id='word_1_118' title='bbox 409 1720 886 1794; x_wconf 81' lang='lat' dir='ltr'><strong>Nigro-Stapulo,</strong></span> <span class='ocrx_word' id='word_1_119' title='bbox 922 1720 992 1775; x_wconf 91' lang='lat' dir='ltr'><strong>de</strong></span> <span class='ocrx_word' id='word_1_120' title='bbox 1025 1718 1326 1791; x_wconf 89' lang='lat' dir='ltr'><strong>Angerolis</strong></span> <span class='ocrx_word' id='word_1_121' title='bbox 1373 1719 1445 1772; x_wconf 91' lang='lat' dir='ltr'><strong>de</strong></span> <span class='ocrx_word' id='word_1_122' title='bbox 1474 1721 1752 1772; x_wconf 85' lang='lat' dir='ltr'><strong>Arumna.</strong></span> <span class='ocrx_word' id='word_1_123' title='bbox 1783 1718 1844 1772; x_wconf 92' lang='lat' dir='ltr'><strong>In</strong></span> <span class='ocrx_word' id='word_1_124' title='bbox 1878 1718 2051 1772; x_wconf 90' lang='lat' dir='ltr'><strong>Vien-</strong></span> 
     </span>
    </p>
   </div>
   <div class='ocr_carea' id='block_1_19' title="bbox 409 1807 2128 1904">
    <p class='ocr_par' dir='ltr' id='par_1_19' title="bbox 409 1807 2128 1904">
     <span class='ocr_line' id='line_1_19' title="bbox 409 1807 2128 1904; baseline -0.004 -38"><span class='ocrx_word' id='word_1_125' title='bbox 409 1809 597 1876; x_wconf 91' lang='lat' dir='ltr'><strong>nensi,</strong></span> <span class='ocrx_word' id='word_1_126' title='bbox 632 1808 877 1865; x_wconf 86' lang='lat' dir='ltr'><strong>ecclesia</strong></span> <span class='ocrx_word' id='word_1_127' title='bbox 906 1809 978 1863; x_wconf 92' lang='lat' dir='ltr'><strong>de</strong></span> <span class='ocrx_word' id='word_1_128' title='bbox 1018 1809 1208 1875; x_wconf 89' lang='lat' dir='ltr'><strong>Artaz,</strong></span> <span class='ocrx_word' id='word_1_129' title='bbox 1242 1807 1767 1904; x_wconf 27' lang='lat' dir='ltr'><strong>Mensa-Mentula,</strong></span> <span class='ocrx_word' id='word_1_130' title='bbox 1809 1807 2047 1904; x_wconf 70' lang='lat' dir='ltr'><strong>Loteng,</strong></span> <span class='ocrx_word' id='word_1_131' title='bbox 2082 1839 2128 1904; x_wconf 79' lang='grc' dir='ltr'><strong>Β</strong></span> 
     </span>
    </p>
   </div>
   <div class='ocr_carea' id='block_1_20' title="bbox 409 1894 2052 1967">
    <p class='ocr_par' dir='ltr' id='par_1_20' title="bbox 409 1894 2052 1967">
     <span class='ocr_line' id='line_1_20' title="bbox 409 1894 2052 1967; baseline -0.003 -12"><span class='ocrx_word' id='word_1_132' title='bbox 409 1899 936 1955; x_wconf 88' lang='lat' dir='ltr'><strong>Monte-Casaneto.</strong></span> <span class='ocrx_word' id='word_1_133' title='bbox 993 1897 1055 1952; x_wconf 87' lang='lat' dir='ltr'><strong>In</strong></span> <span class='ocrx_word' id='word_1_134' title='bbox 1107 1895 1660 1967; x_wconf 87' lang='lat' dir='ltr'><strong>Gratianopolitano,</strong></span> <span class='ocrx_word' id='word_1_135' title='bbox 1707 1894 1952 1950; x_wconf 86' lang='lat' dir='ltr'><strong>ecclesia</strong></span> <span class='ocrx_word' id='word_1_136' title='bbox 1981 1895 2052 1950; x_wconf 86' lang='lat' dir='ltr'><strong>de</strong></span> 
     </span>
    </p>
   </div>
   <div class='ocr_carea' id='block_1_21' title="bbox 406 1984 2052 2052">
    <p class='ocr_par' dir='ltr' id='par_1_21' title="bbox 406 1984 2052 2052">
     <span class='ocr_line' id='line_1_21' title="bbox 406 1984 2052 2052; baseline -0.004 -9"><span class='ocrx_word' id='word_1_137' title='bbox 406 1987 660 2052; x_wconf 85' lang='lat' dir='ltr'><strong>Alavart,</strong></span> <span class='ocrx_word' id='word_1_138' title='bbox 714 1987 785 2041; x_wconf 90' lang='lat' dir='ltr'><strong>de</strong></span> <span class='ocrx_word' id='word_1_139' title='bbox 832 1985 1074 2051; x_wconf 87' lang='lat' dir='ltr'><strong>Avalun,</strong></span> <span class='ocrx_word' id='word_1_140' title='bbox 1125 1986 1196 2039; x_wconf 90' lang='lat' dir='ltr'><strong>de</strong></span> <span class='ocrx_word' id='word_1_141' title='bbox 1250 1985 1440 2050; x_wconf 91' lang='lat' dir='ltr'><strong>Teies,</strong></span> <span class='ocrx_word' id='word_1_142' title='bbox 1491 1985 1562 2040; x_wconf 89' lang='lat' dir='ltr'><strong>de</strong></span> <span class='ocrx_word' id='word_1_143' title='bbox 1619 1984 1929 2048; x_wconf 86' lang='lat' dir='ltr'><strong>Valbones,</strong></span> <span class='ocrx_word' id='word_1_144' title='bbox 1980 1984 2052 2038; x_wconf 85' lang='lat' dir='ltr'><strong>de</strong></span> 
     </span>
    </p>
   </div>
   <div class='ocr_carea' id='block_1_22' title="bbox 407 2071 2051 2141">
    <p class='ocr_par' dir='ltr' id='par_1_22' title="bbox 407 2071 2051 2141">
     <span class='ocr_line' id='line_1_22' title="bbox 407 2071 2051 2141; baseline -0.004 -10"><span class='ocrx_word' id='word_1_145' title='bbox 407 2075 633 2133; x_wconf 83' lang='lat' dir='ltr'><strong>Visilia.</strong></span> <span class='ocrx_word' id='word_1_146' title='bbox 680 2077 743 2131; x_wconf 88' lang='lat' dir='ltr'><strong>In</strong></span> <span class='ocrx_word' id='word_1_147' title='bbox 790 2073 1230 2141; x_wconf 86' lang='lat' dir='ltr'><strong>Valentiniensi,</strong></span> <span class='ocrx_word' id='word_1_148' title='bbox 1279 2072 1526 2129; x_wconf 87' lang='lat' dir='ltr'><strong>ecclesia</strong></span> <span class='ocrx_word' id='word_1_149' title='bbox 1573 2073 1642 2127; x_wconf 88' lang='lat' dir='ltr'><strong>de</strong></span> <span class='ocrx_word' id='word_1_150' title='bbox 1685 2071 1945 2136; x_wconf 87' lang='lat' dir='ltr'><strong>Cabetul,</strong></span> <span class='ocrx_word' id='word_1_151' title='bbox 1980 2072 2051 2126; x_wconf 91' lang='lat' dir='ltr'><strong>de</strong></span> 
     </span>
    </p>
   </div>
   <div class='ocr_carea' id='block_1_23' title="bbox 407 2159 2050 2232">
    <p class='ocr_par' dir='ltr' id='par_1_23' title="bbox 407 2159 2050 2232">
     <span class='ocr_line' id='line_1_23' title="bbox 407 2159 2050 2232; baseline -0.004 -12"><span class='ocrx_word' id='word_1_152' title='bbox 407 2163 694 2232; x_wconf 86' lang='lat' dir='ltr'><strong>Castellis,</strong></span> <span class='ocrx_word' id='word_1_153' title='bbox 719 2163 791 2219; x_wconf 89' lang='lat' dir='ltr'><strong>de</strong></span> <span class='ocrx_word' id='word_1_154' title='bbox 819 2163 974 2228; x_wconf 81' lang='lat' dir='ltr'><strong>Ales,</strong></span> <span class='ocrx_word' id='word_1_155' title='bbox 1004 2163 1076 2218; x_wconf 87' lang='lat' dir='ltr'><strong>de</strong></span> <span class='ocrx_word' id='word_1_156' title='bbox 1107 2162 1233 2217; x_wconf 88' lang='lat' dir='ltr'><strong>Urz.</strong></span> <span class='ocrx_word' id='word_1_157' title='bbox 1263 2162 1323 2216; x_wconf 89' lang='lat' dir='ltr'><strong>In</strong></span> <span class='ocrx_word' id='word_1_158' title='bbox 1357 2161 1554 2217; x_wconf 91' lang='lat' dir='ltr'><strong>Diensi</strong></span> <span class='ocrx_word' id='word_1_159' title='bbox 1585 2161 1827 2216; x_wconf 86' lang='lat' dir='ltr'><strong>ecclesia</strong></span> <span class='ocrx_word' id='word_1_160' title='bbox 1857 2159 2050 2214; x_wconf 84' lang='lat' dir='ltr'><strong>Sancti</strong></span> 
     </span>
    </p>
   </div>
   <div class='ocr_carea' id='block_1_24' title="bbox 405 2249 2048 2319">
    <p class='ocr_par' dir='ltr' id='par_1_24' title="bbox 405 2249 2048 2319">
     <span class='ocr_line' id='line_1_24' title="bbox 405 2249 2048 2319; baseline -0.004 -9"><span class='ocrx_word' id='word_1_161' title='bbox 405 2251 754 2319; x_wconf 86' lang='lat' dir='ltr'><strong>Sebastiani,</strong></span> <span class='ocrx_word' id='word_1_162' title='bbox 825 2253 1047 2308; x_wconf 70' lang='lat' dir='ltr'><strong>Sancta:</strong></span> <span class='ocrx_word' id='word_1_163' title='bbox 1122 2249 1419 2316; x_wconf 76' lang='lat' dir='ltr'><strong>Eufemiae,</strong></span> <span class='ocrx_word' id='word_1_164' title='bbox 1497 2249 1693 2305; x_wconf 82' lang='lat' dir='ltr'><strong>Sancti</strong></span> <span class='ocrx_word' id='word_1_165' title='bbox 1771 2249 1918 2304; x_wconf 89' lang='lat' dir='ltr'><strong>Petri</strong></span> <span class='ocrx_word' id='word_1_166' title='bbox 1976 2249 2048 2303; x_wconf 93' lang='lat' dir='ltr'><strong>de</strong></span> 
     </span>
    </p>
   </div>
   <div class='ocr_carea' id='block_1_25' title="bbox 403 2337 2052 2410">
    <p class='ocr_par' dir='ltr' id='par_1_25' title="bbox 403 2337 2052 2410">
     <span class='ocr_line' id='line_1_25' title="bbox 403 2337 2052 2410; baseline -0.003 -13"><span class='ocrx_word' id='word_1_167' title='bbox 403 2343 648 2410; x_wconf 89' lang='lat' dir='ltr'><strong>Trefort,</strong></span> <span class='ocrx_word' id='word_1_168' title='bbox 726 2341 796 2396; x_wconf 91' lang='lat' dir='ltr'><strong>de</strong></span> <span class='ocrx_word' id='word_1_169' title='bbox 860 2342 1041 2405; x_wconf 87' lang='lat' dir='ltr'><strong>Arun,</strong></span> <span class='ocrx_word' id='word_1_170' title='bbox 1117 2341 1188 2394; x_wconf 91' lang='lat' dir='ltr'><strong>de</strong></span> <span class='ocrx_word' id='word_1_171' title='bbox 1261 2338 1454 2405; x_wconf 86' lang='lat' dir='ltr'><strong>Aurel,</strong></span> <span class='ocrx_word' id='word_1_172' title='bbox 1518 2339 1590 2393; x_wconf 92' lang='lat' dir='ltr'><strong>de</strong></span> <span class='ocrx_word' id='word_1_173' title='bbox 1657 2337 1913 2403; x_wconf 91' lang='lat' dir='ltr'><strong>Calciun,</strong></span> <span class='ocrx_word' id='word_1_174' title='bbox 1980 2338 2052 2392; x_wconf 91' lang='lat' dir='ltr'><strong>de</strong></span> 
     </span>
    </p>
   </div>
   <div class='ocr_carea' id='block_1_26' title="bbox 403 2427 2049 2496">
    <p class='ocr_par' dir='ltr' id='par_1_26' title="bbox 403 2427 2049 2496">
     <span class='ocr_line' id='line_1_26' title="bbox 403 2427 2049 2496; baseline -0.004 -8"><span class='ocrx_word' id='word_1_175' title='bbox 403 2429 934 2488; x_wconf 85' lang='lat' dir='ltr'><strong>Castello-Novo.In</strong></span> <span class='ocrx_word' id='word_1_176' title='bbox 969 2427 1481 2496; x_wconf 90' lang='lat' dir='ltr'><strong>Tulensi,ecclcsia</strong></span> <span class='ocrx_word' id='word_1_177' title='bbox 1508 2428 1580 2482; x_wconf 90' lang='lat' dir='ltr'><strong>de</strong></span> <span class='ocrx_word' id='word_1_178' title='bbox 1610 2427 1826 2482; x_wconf 81' lang='lat' dir='ltr'><strong>domne</strong></span> <span class='ocrx_word' id='word_1_179' title='bbox 1845 2427 2049 2495; x_wconf 87' lang='lat' dir='ltr'><strong>Maria,</strong></span> 
     </span>
    </p>
   </div>
   <div class='ocr_carea' id='block_1_27' title="bbox 401 2514 2051 2583">
    <p class='ocr_par' dir='ltr' id='par_1_27' title="bbox 401 2514 2051 2583">
     <span class='ocr_line' id='line_1_27' title="bbox 401 2514 2051 2583; baseline -0.004 -8"><span class='ocrx_word' id='word_1_180' title='bbox 401 2521 473 2575; x_wconf 90' lang='lat' dir='ltr'><strong>de</strong></span> <span class='ocrx_word' id='word_1_181' title='bbox 505 2518 828 2575; x_wconf 89' lang='lat' dir='ltr'><strong>Frondonis</strong></span> <span class='ocrx_word' id='word_1_182' title='bbox 852 2517 1006 2573; x_wconf 89' lang='lat' dir='ltr'><strong>villa.</strong></span> <span class='ocrx_word' id='word_1_183' title='bbox 1043 2519 1106 2573; x_wconf 89' lang='lat' dir='ltr'><strong>In</strong></span> <span class='ocrx_word' id='word_1_184' title='bbox 1151 2517 1414 2583; x_wconf 88' lang='lat' dir='ltr'><strong>Metensi,</strong></span> <span class='ocrx_word' id='word_1_185' title='bbox 1446 2516 1692 2571; x_wconf 86' lang='lat' dir='ltr'><strong>ecclesia</strong></span> <span class='ocrx_word' id='word_1_186' title='bbox 1731 2516 1802 2570; x_wconf 90' lang='lat' dir='ltr'><strong>de</strong></span> <span class='ocrx_word' id='word_1_187' title='bbox 1833 2514 2051 2569; x_wconf 90' lang='lat' dir='ltr'><strong>Tihen-</strong></span> 
     </span>
    </p>
   </div>
   <div class='ocr_carea' id='block_1_28' title="bbox 403 2603 2052 2676">
    <p class='ocr_par' dir='ltr' id='par_1_28' title="bbox 403 2603 2052 2676">
     <span class='ocr_line' id='line_1_28' title="bbox 403 2603 2052 2676; baseline -0.002 -13"><span class='ocrx_word' id='word_1_188' title='bbox 403 2612 549 2664; x_wconf 88' lang='lat' dir='ltr'><strong>curt.</strong></span> <span class='ocrx_word' id='word_1_189' title='bbox 585 2609 647 2663; x_wconf 87' lang='lat' dir='ltr'><strong>In</strong></span> <span class='ocrx_word' id='word_1_190' title='bbox 703 2607 1119 2675; x_wconf 85' lang='lat' dir='ltr'><strong>Lemovicensi,</strong></span> <span class='ocrx_word' id='word_1_191' title='bbox 1155 2604 1574 2661; x_wconf 78' lang='lat' dir='ltr'><strong>monasterium</strong></span> <span class='ocrx_word' id='word_1_192' title='bbox 1627 2605 1782 2676; x_wconf 90' lang='lat' dir='ltr'><strong>quod</strong></span> <span class='ocrx_word' id='word_1_193' title='bbox 1837 2603 2052 2659; x_wconf 89' lang='lat' dir='ltr'><strong>dicitur</strong></span> 
     </span>
    </p>
   </div>
   <div class='ocr_carea' id='block_1_29' title="bbox 403 2693 2050 2764">
    <p class='ocr_par' dir='ltr' id='par_1_29' title="bbox 403 2693 2050 2764">
     <span class='ocr_line' id='line_1_29' title="bbox 403 2693 2050 2764; baseline -0.004 -10"><span class='ocrx_word' id='word_1_194' title='bbox 403 2699 594 2753; x_wconf 89' lang='lat' dir='ltr'><strong>Boort.</strong></span> <span class='ocrx_word' id='word_1_195' title='bbox 627 2697 693 2750; x_wconf 87' lang='lat' dir='ltr'><strong>In</strong></span> <span class='ocrx_word' id='word_1_196' title='bbox 723 2694 1078 2760; x_wconf 86' lang='lat' dir='ltr'><strong>Belvacensi,</strong></span> <span class='ocrx_word' id='word_1_197' title='bbox 1111 2695 1359 2749; x_wconf 87' lang='lat' dir='ltr'><strong>ecclesia</strong></span> <span class='ocrx_word' id='word_1_198' title='bbox 1403 2695 1597 2748; x_wconf 87' lang='lat' dir='ltr'><strong>Sancti</strong></span> <span class='ocrx_word' id='word_1_199' title='bbox 1649 2693 1818 2764; x_wconf 89' lang='lat' dir='ltr'><strong>Lupi,</strong></span> <span class='ocrx_word' id='word_1_200' title='bbox 1854 2693 2050 2748; x_wconf 84' lang='lat' dir='ltr'><strong>Sancti</strong></span> 
     </span>
    </p>
   </div>
   <div class='ocr_carea' id='block_1_30' title="bbox 402 2780 2050 2854">
    <p class='ocr_par' dir='ltr' id='par_1_30' title="bbox 402 2780 2050 2854">
     <span class='ocr_line' id='line_1_30' title="bbox 402 2780 2050 2854; baseline -0.004 -14"><span class='ocrx_word' id='word_1_201' title='bbox 402 2783 825 2854; x_wconf 86' lang='lat' dir='ltr'><strong>Christopbori.</strong></span> <span class='ocrx_word' id='word_1_202' title='bbox 855 2783 919 2839; x_wconf 88' lang='lat' dir='ltr'><strong>In</strong></span> <span class='ocrx_word' id='word_1_203' title='bbox 965 2782 1265 2850; x_wconf 91' lang='lat' dir='ltr'><strong>Meldcnsi,</strong></span> <span class='ocrx_word' id='word_1_204' title='bbox 1295 2780 1541 2838; x_wconf 89' lang='lat' dir='ltr'><strong>ecclesia</strong></span> <span class='ocrx_word' id='word_1_205' title='bbox 1589 2785 1809 2836; x_wconf 62' lang='lat' dir='ltr'><strong>Sancta:</strong></span> <span class='ocrx_word' id='word_1_206' title='bbox 1860 2780 2050 2836; x_wconf 73' lang='lat' dir='ltr'><strong>Maria:</strong></span> 
     </span>
    </p>
   </div>
   <div class='ocr_carea' id='block_1_31' title="bbox 403 2868 2050 2937">
    <p class='ocr_par' dir='ltr' id='par_1_31' title="bbox 403 2868 2050 2937">
     <span class='ocr_line' id='line_1_31' title="bbox 403 2868 2050 2937; baseline -0.002 -10"><span class='ocrx_word' id='word_1_207' title='bbox 403 2873 475 2927; x_wconf 90' lang='lat' dir='ltr'><strong>de</strong></span> <span class='ocrx_word' id='word_1_208' title='bbox 505 2870 793 2927; x_wconf 87' lang='lat' dir='ltr'><strong>Nantolio.</strong></span> <span class='ocrx_word' id='word_1_209' title='bbox 831 2872 890 2926; x_wconf 91' lang='lat' dir='ltr'><strong>In</strong></span> <span class='ocrx_word' id='word_1_210' title='bbox 923 2870 1257 2937; x_wconf 89' lang='lat' dir='ltr'><strong>Parisiensi,</strong></span> <span class='ocrx_word' id='word_1_211' title='bbox 1296 2869 1540 2926; x_wconf 86' lang='lat' dir='ltr'><strong>ecclesia</strong></span> <span class='ocrx_word' id='word_1_212' title='bbox 1585 2874 1809 2924; x_wconf 60' lang='lat' dir='ltr'><strong>Sanctae</strong></span> <span class='ocrx_word' id='word_1_213' title='bbox 1860 2868 2050 2924; x_wconf 71' lang='lat' dir='ltr'><strong>Marias</strong></span> 
     </span>
    </p>
   </div>
   <div class='ocr_carea' id='block_1_32' title="bbox 405 2957 2054 3032">
    <p class='ocr_par' dir='ltr' id='par_1_32' title="bbox 405 2957 2054 3032">
     <span class='ocr_line' id='line_1_32' title="bbox 405 2957 2054 3032; baseline -0.002 -16"><span class='ocrx_word' id='word_1_214' title='bbox 405 2962 476 3016; x_wconf 90' lang='lat' dir='ltr'><strong>de</strong></span> <span class='ocrx_word' id='word_1_215' title='bbox 511 2961 904 3032; x_wconf 81' lang='lat' dir='ltr'><strong>Longoponte,</strong></span> <span class='ocrx_word' id='word_1_216' title='bbox 938 2961 1008 3015; x_wconf 93' lang='lat' dir='ltr'><strong>de</strong></span> <span class='ocrx_word' id='word_1_217' title='bbox 1036 2958 1232 3015; x_wconf 86' lang='lat' dir='ltr'><strong>Alnes.</strong></span> <span class='ocrx_word' id='word_1_218' title='bbox 1267 2959 1328 3014; x_wconf 88' lang='lat' dir='ltr'><strong>In</strong></span> <span class='ocrx_word' id='word_1_219' title='bbox 1364 2957 1768 3022; x_wconf 86' lang='lat' dir='ltr'><strong>Ambianensi,</strong></span> <span class='ocrx_word' id='word_1_220' title='bbox 1811 2957 2054 3013; x_wconf 89' lang='lat' dir='ltr'><strong>ecclesia</strong></span> 
     </span>
    </p>
   </div>
   <div class='ocr_carea' id='block_1_33' title="bbox 404 3045 2052 3116">
    <p class='ocr_par' dir='ltr' id='par_1_33' title="bbox 404 3045 2052 3116">
     <span class='ocr_line' id='line_1_33' title="bbox 404 3045 2052 3116; baseline -0.003 -10"><span class='ocrx_word' id='word_1_221' title='bbox 404 3047 602 3106; x_wconf 85' lang='lat' dir='ltr'><strong>Sancti</strong></span> <span class='ocrx_word' id='word_1_222' title='bbox 654 3047 805 3104; x_wconf 88' lang='lat' dir='ltr'><strong>Petri</strong></span> <span class='ocrx_word' id='word_1_223' title='bbox 861 3049 932 3103; x_wconf 90' lang='lat' dir='ltr'><strong>de</strong></span> <span class='ocrx_word' id='word_1_224' title='bbox 1000 3048 1221 3103; x_wconf 91' lang='lat' dir='ltr'><strong>Lehun.</strong></span> <span class='ocrx_word' id='word_1_225' title='bbox 1286 3049 1348 3104; x_wconf 93' lang='lat' dir='ltr'><strong>In</strong></span> <span class='ocrx_word' id='word_1_226' title='bbox 1410 3047 1748 3116; x_wconf 89' lang='lat' dir='ltr'><strong>Morinensi,</strong></span> <span class='ocrx_word' id='word_1_227' title='bbox 1807 3045 2052 3102; x_wconf 88' lang='lat' dir='ltr'><strong>ecclesia</strong></span> 
     </span>
    </p>
   </div>
   <div class='ocr_carea' id='block_1_34' title="bbox 403 3134 2048 3204">
    <p class='ocr_par' dir='ltr' id='par_1_34' title="bbox 403 3134 2048 3204">
     <span class='ocr_line' id='line_1_34' title="bbox 403 3134 2048 3204; baseline -0.003 -10"><span class='ocrx_word' id='word_1_228' title='bbox 403 3138 601 3194; x_wconf 82' lang='lat' dir='ltr'><strong>Sancti</strong></span> <span class='ocrx_word' id='word_1_229' title='bbox 643 3136 962 3194; x_wconf 87' lang='lat' dir='ltr'><strong>Michaelis.</strong></span> <span class='ocrx_word' id='word_1_230' title='bbox 994 3135 1055 3192; x_wconf 91' lang='lat' dir='ltr'><strong>In</strong></span> <span class='ocrx_word' id='word_1_231' title='bbox 1104 3136 1532 3204; x_wconf 90' lang='lat' dir='ltr'><strong>Suessionensi,</strong></span> <span class='ocrx_word' id='word_1_232' title='bbox 1582 3134 1825 3192; x_wconf 82' lang='lat' dir='ltr'><strong>ecclesia</strong></span> <span class='ocrx_word' id='word_1_233' title='bbox 1853 3135 2048 3190; x_wconf 89' lang='lat' dir='ltr'><strong>Sancti</strong></span> 
     </span>
    </p>
   </div>
   <div class='ocr_carea' id='block_1_35' title="bbox 404 3201 2120 3298">
    <p class='ocr_par' dir='ltr' id='par_1_35' title="bbox 404 3201 2120 3298">
     <span class='ocr_line' id='line_1_35' title="bbox 404 3201 2120 3298; baseline -0.002 -16"><span class='ocrx_word' id='word_1_234' title='bbox 404 3227 556 3283; x_wconf 80' lang='lat' dir='ltr'><strong>Petri</strong></span> <span class='ocrx_word' id='word_1_235' title='bbox 613 3227 685 3282; x_wconf 92' lang='lat' dir='ltr'><strong>de</strong></span> <span class='ocrx_word' id='word_1_236' title='bbox 738 3226 1001 3281; x_wconf 89' lang='lat' dir='ltr'><strong>Cusiaco.</strong></span> <span class='ocrx_word' id='word_1_237' title='bbox 1065 3225 1128 3281; x_wconf 88' lang='lat' dir='ltr'><strong>In</strong></span> <span class='ocrx_word' id='word_1_238' title='bbox 1196 3201 1626 3298; x_wconf 84' lang='lat' dir='ltr'><strong>Longobardia,</strong></span> <span class='ocrx_word' id='word_1_239' title='bbox 1695 3223 2046 3280; x_wconf 88' lang='lat' dir='ltr'><strong>monasterio</strong></span> <span class='ocrx_word' id='word_1_240' title='bbox 2077 3201 2120 3270; x_wconf 64' lang='grc' dir='ltr'><strong>(ἶ</strong></span> 
     </span>
    </p>
   </div>
   <div class='ocr_carea' id='block_1_36' title="bbox 399 3312 2049 3383">
    <p class='ocr_par' dir='ltr' id='par_1_36' title="bbox 399 3312 2049 3383">
     <span class='ocr_line' id='line_1_36' title="bbox 399 3312 2049 3383; baseline -0.002 -12"><span class='ocrx_word' id='word_1_241' title='bbox 399 3313 595 3372; x_wconf 79' lang='lat' dir='ltr'><strong>Sancti</strong></span> <span class='ocrx_word' id='word_1_242' title='bbox 623 3314 912 3370; x_wconf 85' lang='lat' dir='ltr'><strong>Valeriani</strong></span> <span class='ocrx_word' id='word_1_243' title='bbox 944 3315 1014 3369; x_wconf 93' lang='lat' dir='ltr'><strong>de</strong></span> <span class='ocrx_word' id='word_1_244' title='bbox 1044 3313 1289 3370; x_wconf 88' lang='lat' dir='ltr'><strong>Castello</strong></span> <span class='ocrx_word' id='word_1_245' title='bbox 1322 3313 1828 3382; x_wconf 78' lang='lat' dir='ltr'><strong>Rothobio,Sancti</strong></span> <span class='ocrx_word' id='word_1_246' title='bbox 1853 3312 2049 3383; x_wconf 88' lang='lat' dir='ltr'><strong>Majoli</strong></span> 
     </span>
    </p>
   </div>
   <div class='ocr_carea' id='block_1_37' title="bbox 403 3400 2048 3476">
    <p class='ocr_par' dir='ltr' id='par_1_37' title="bbox 403 3400 2048 3476">
     <span class='ocr_line' id='line_1_37' title="bbox 403 3400 2048 3476; baseline -0.002 -17"><span class='ocrx_word' id='word_1_247' title='bbox 403 3405 476 3459; x_wconf 89' lang='lat' dir='ltr'><strong>de</strong></span> <span class='ocrx_word' id='word_1_248' title='bbox 505 3403 1072 3476; x_wconf 79' lang='lat' dir='ltr'><strong>Papia,S.Michaelis</strong></span> <span class='ocrx_word' id='word_1_249' title='bbox 1103 3403 1173 3458; x_wconf 93' lang='lat' dir='ltr'><strong>de</strong></span> <span class='ocrx_word' id='word_1_250' title='bbox 1203 3401 1598 3468; x_wconf 87' lang='lat' dir='ltr'><strong>Mucharione,</strong></span> <span class='ocrx_word' id='word_1_251' title='bbox 1622 3402 1819 3458; x_wconf 87' lang='lat' dir='ltr'><strong>Sancti</strong></span> <span class='ocrx_word' id='word_1_252' title='bbox 1851 3400 2048 3472; x_wconf 90' lang='lat' dir='ltr'><strong>Majoli</strong></span> 
     </span>
    </p>
   </div>
   <div class='ocr_carea' id='block_1_38' title="bbox 405 3490 2047 3560">
    <p class='ocr_par' dir='ltr' id='par_1_38' title="bbox 405 3490 2047 3560">
     <span class='ocr_line' id='line_1_38' title="bbox 405 3490 2047 3560; baseline -0.002 -12"><span class='ocrx_word' id='word_1_253' title='bbox 405 3493 476 3548; x_wconf 93' lang='lat' dir='ltr'><strong>de</strong></span> <span class='ocrx_word' id='word_1_254' title='bbox 533 3490 877 3558; x_wconf 80' lang='lat' dir='ltr'><strong>Castemola,</strong></span> <span class='ocrx_word' id='word_1_255' title='bbox 929 3492 1152 3548; x_wconf 75' lang='lat' dir='ltr'><strong>Sanctae</strong></span> <span class='ocrx_word' id='word_1_256' title='bbox 1220 3491 1414 3548; x_wconf 74' lang='lat' dir='ltr'><strong>Mariae</strong></span> <span class='ocrx_word' id='word_1_257' title='bbox 1481 3492 1552 3548; x_wconf 92' lang='lat' dir='ltr'><strong>de</strong></span> <span class='ocrx_word' id='word_1_258' title='bbox 1611 3491 1860 3560; x_wconf 86' lang='lat' dir='ltr'><strong>Feraria,</strong></span> <span class='ocrx_word' id='word_1_259' title='bbox 1913 3506 2047 3545; x_wconf 90' lang='lat' dir='ltr'><strong>cum</strong></span> 
     </span>
    </p>
   </div>
   <div class='ocr_carea' id='block_1_39' title="bbox 405 3579 2048 3653">
    <p class='ocr_par' dir='ltr' id='par_1_39' title="bbox 405 3579 2048 3653">
     <span class='ocr_line' id='line_1_39' title="bbox 405 3579 2048 3653; baseline -0.002 -16"><span class='ocrx_word' id='word_1_260' title='bbox 405 3581 683 3637; x_wconf 86' lang='lat' dir='ltr'><strong>omnibus</strong></span> <span class='ocrx_word' id='word_1_261' title='bbox 713 3598 840 3653; x_wconf 65' lang='lat' dir='ltr'><strong>quae</strong></span> <span class='ocrx_word' id='word_1_262' title='bbox 872 3581 929 3635; x_wconf 90' lang='lat' dir='ltr'><strong>in</strong></span> <span class='ocrx_word' id='word_1_263' title='bbox 966 3581 1222 3637; x_wconf 90' lang='lat' dir='ltr'><strong>Lomello</strong></span> <span class='ocrx_word' id='word_1_264' title='bbox 1252 3585 1310 3638; x_wconf 90' lang='lat' dir='ltr'><strong>et</strong></span> <span class='ocrx_word' id='word_1_265' title='bbox 1341 3579 1662 3637; x_wconf 89' lang='lat' dir='ltr'><strong>Lomellina</strong></span> <span class='ocrx_word' id='word_1_266' title='bbox 1683 3580 2048 3635; x_wconf 89' lang='lat' dir='ltr'><strong>Gonteranus</strong></span> 
     </span>
    </p>
   </div>
   <div class='ocr_carea' id='block_1_40' title="bbox 405 3667 2045 3726">
    <p class='ocr_par' dir='ltr' id='par_1_40' title="bbox 405 3667 2045 3726">
     <span class='ocr_line' id='line_1_40' title="bbox 405 3667 2045 3726; baseline -0.002 -1"><span class='ocrx_word' id='word_1_267' title='bbox 405 3669 599 3726; x_wconf 85' lang='lat' dir='ltr'><strong>dedit:</strong></span> <span class='ocrx_word' id='word_1_268' title='bbox 634 3669 878 3726; x_wconf 84' lang='lat' dir='ltr'><strong>ecclesia</strong></span> <span class='ocrx_word' id='word_1_269' title='bbox 922 3671 1144 3726; x_wconf 64' lang='lat' dir='ltr'><strong>Sanctae</strong></span> <span class='ocrx_word' id='word_1_270' title='bbox 1175 3670 1366 3726; x_wconf 78' lang='lat' dir='ltr'><strong>Mariae</strong></span> <span class='ocrx_word' id='word_1_271' title='bbox 1398 3670 1469 3725; x_wconf 91' lang='lat' dir='ltr'><strong>de</strong></span> <span class='ocrx_word' id='word_1_272' title='bbox 1499 3671 1673 3725; x_wconf 91' lang='lat' dir='ltr'><strong>Lacu.</strong></span> <span class='ocrx_word' id='word_1_273' title='bbox 1710 3669 1772 3724; x_wconf 92' lang='lat' dir='ltr'><strong>In</strong></span> <span class='ocrx_word' id='word_1_274' title='bbox 1821 3667 2045 3724; x_wconf 88' lang='lat' dir='ltr'><strong>Vercel-</strong></span> 
     </span>
    </p>
   </div>
   <div class='ocr_carea' id='block_1_41' title="bbox 405 3756 2050 3830">
    <p class='ocr_par' dir='ltr' id='par_1_41' title="bbox 405 3756 2050 3830">
     <span class='ocr_line' id='line_1_41' title="bbox 405 3756 2050 3830; baseline -0.002 -16"><span class='ocrx_word' id='word_1_275' title='bbox 405 3757 551 3814; x_wconf 90' lang='lat' dir='ltr'><strong>lensi</strong></span> <span class='ocrx_word' id='word_1_276' title='bbox 583 3758 1310 3830; x_wconf 75' lang='lat' dir='ltr'><strong>episcopatu,monasterio</strong></span> <span class='ocrx_word' id='word_1_277' title='bbox 1341 3759 1538 3812; x_wconf 89' lang='lat' dir='ltr'><strong>Sancti</strong></span> <span class='ocrx_word' id='word_1_278' title='bbox 1568 3757 1720 3812; x_wconf 89' lang='lat' dir='ltr'><strong>Petri</strong></span> <span class='ocrx_word' id='word_1_279' title='bbox 1741 3757 1813 3812; x_wconf 90' lang='lat' dir='ltr'><strong>de</strong></span> <span class='ocrx_word' id='word_1_280' title='bbox 1836 3756 2050 3811; x_wconf 89' lang='lat' dir='ltr'><strong>Castel-</strong></span> 
     </span>
    </p>
   </div>
   <div class='ocr_carea' id='block_1_42' title="bbox 405 3845 2048 3916">
    <p class='ocr_par' dir='ltr' id='par_1_42' title="bbox 405 3845 2048 3916">
     <span class='ocr_line' id='line_1_42' title="bbox 405 3845 2048 3916; baseline -0.001 -14"><span class='ocrx_word' id='word_1_281' title='bbox 405 3846 552 3916; x_wconf 86' lang='lat' dir='ltr'><strong>litio,</strong></span> <span class='ocrx_word' id='word_1_282' title='bbox 583 3846 780 3901; x_wconf 81' lang='lat' dir='ltr'><strong>Sancti</strong></span> <span class='ocrx_word' id='word_1_283' title='bbox 823 3846 1066 3901; x_wconf 87' lang='lat' dir='ltr'><strong>Joannis</strong></span> <span class='ocrx_word' id='word_1_284' title='bbox 1097 3847 1168 3900; x_wconf 93' lang='lat' dir='ltr'><strong>de</strong></span> <span class='ocrx_word' id='word_1_285' title='bbox 1199 3845 1397 3911; x_wconf 89' lang='lat' dir='ltr'><strong>Baina,</strong></span> <span class='ocrx_word' id='word_1_286' title='bbox 1431 3846 1776 3900; x_wconf 89' lang='lat' dir='ltr'><strong>Sanctorum</strong></span> <span class='ocrx_word' id='word_1_287' title='bbox 1805 3845 2048 3900; x_wconf 88' lang='lat' dir='ltr'><strong>Joannis</strong></span> 
     </span>
    </p>
   </div>
   <div class='ocr_carea' id='block_1_43' title="bbox 407 3931 2047 3998">
    <p class='ocr_par' dir='ltr' id='par_1_43' title="bbox 407 3931 2047 3998">
     <span class='ocr_line' id='line_1_43' title="bbox 407 3931 2047 3998; baseline -0.003 -7"><span class='ocrx_word' id='word_1_288' title='bbox 407 3939 464 3991; x_wconf 88' lang='lat' dir='ltr'><strong>et</strong></span> <span class='ocrx_word' id='word_1_289' title='bbox 491 3932 656 3988; x_wconf 87' lang='lat' dir='ltr'><strong>Pauli</strong></span> <span class='ocrx_word' id='word_1_290' title='bbox 691 3933 760 3987; x_wconf 92' lang='lat' dir='ltr'><strong>de</strong></span> <span class='ocrx_word' id='word_1_291' title='bbox 790 3932 1164 3997; x_wconf 90' lang='lat' dir='ltr'><strong>Sandaliano,</strong></span> <span class='ocrx_word' id='word_1_292' title='bbox 1213 3937 1269 3987; x_wconf 92' lang='lat' dir='ltr'><strong>S.</strong></span> <span class='ocrx_word' id='word_1_293' title='bbox 1316 3933 1550 3987; x_wconf 86' lang='lat' dir='ltr'><strong>Martini</strong></span> <span class='ocrx_word' id='word_1_294' title='bbox 1597 3933 1668 3987; x_wconf 92' lang='lat' dir='ltr'><strong>de</strong></span> <span class='ocrx_word' id='word_1_295' title='bbox 1716 3931 2047 3998; x_wconf 87' lang='lat' dir='ltr'><strong>Salamone,</strong></span> 
     </span>
    </p>
   </div>
   <div class='ocr_carea' id='block_1_44' title="bbox 407 4019 2046 4085">
    <p class='ocr_par' dir='ltr' id='par_1_44' title="bbox 407 4019 2046 4085">
     <span class='ocr_line' id='line_1_44' title="bbox 407 4019 2046 4085; baseline -0.002 -6"><span class='ocrx_word' id='word_1_296' title='bbox 407 4024 632 4078; x_wconf 60' lang='lat' dir='ltr'><strong>Sanctae</strong></span> <span class='ocrx_word' id='word_1_297' title='bbox 684 4019 876 4075; x_wconf 66' lang='lat' dir='ltr'><strong>Mariae</strong></span> <span class='ocrx_word' id='word_1_298' title='bbox 927 4020 1329 4075; x_wconf 84' lang='lat' dir='ltr'><strong>Ferminiana:</strong></span> <span class='ocrx_word' id='word_1_299' title='bbox 1383 4019 1627 4075; x_wconf 87' lang='lat' dir='ltr'><strong>ecclesia</strong></span> <span class='ocrx_word' id='word_1_300' title='bbox 1674 4021 1745 4075; x_wconf 92' lang='lat' dir='ltr'><strong>de</strong></span> <span class='ocrx_word' id='word_1_301' title='bbox 1785 4019 2046 4085; x_wconf 87' lang='lat' dir='ltr'><strong>Parione,</strong></span> 
     </span>
    </p>
   </div>
   <div class='ocr_carea' id='block_1_45' title="bbox 409 4106 2046 4180">
    <p class='ocr_par' dir='ltr' id='par_1_45' title="bbox 409 4106 2046 4180">
     <span class='ocr_line' id='line_1_45' title="bbox 409 4106 2046 4180; baseline -0.002 -14"><span class='ocrx_word' id='word_1_302' title='bbox 409 4111 480 4166; x_wconf 93' lang='lat' dir='ltr'><strong>de</strong></span> <span class='ocrx_word' id='word_1_303' title='bbox 517 4106 811 4175; x_wconf 86' lang='lat' dir='ltr'><strong>Calvallio,</strong></span> <span class='ocrx_word' id='word_1_304' title='bbox 839 4109 1032 4163; x_wconf 83' lang='lat' dir='ltr'><strong>Sancti</strong></span> <span class='ocrx_word' id='word_1_305' title='bbox 1065 4108 1217 4164; x_wconf 93' lang='lat' dir='ltr'><strong>Petri</strong></span> <span class='ocrx_word' id='word_1_306' title='bbox 1253 4108 1322 4164; x_wconf 89' lang='lat' dir='ltr'><strong>de</strong></span> <span class='ocrx_word' id='word_1_307' title='bbox 1351 4109 1521 4164; x_wconf 87' lang='lat' dir='ltr'><strong>Sade.</strong></span> <span class='ocrx_word' id='word_1_308' title='bbox 1558 4109 1622 4163; x_wconf 84' lang='lat' dir='ltr'><strong>in</strong></span> <span class='ocrx_word' id='word_1_309' title='bbox 1655 4108 2046 4180; x_wconf 89' lang='lat' dir='ltr'><strong>Pergamensi,</strong></span> 
     </span>
    </p>
   </div>
   <div class='ocr_carea' id='block_1_46' title="bbox 411 4196 2049 4260">
    <p class='ocr_par' dir='ltr' id='par_1_46' title="bbox 411 4196 2049 4260">
     <span class='ocr_line' id='line_1_46' title="bbox 411 4196 2049 4260; baseline 0 -6"><span class='ocrx_word' id='word_1_310' title='bbox 411 4196 765 4254; x_wconf 87' lang='lat' dir='ltr'><strong>monasterio</strong></span> <span class='ocrx_word' id='word_1_311' title='bbox 814 4197 1009 4252; x_wconf 90' lang='lat' dir='ltr'><strong>Sancti</strong></span> <span class='ocrx_word' id='word_1_312' title='bbox 1063 4197 1266 4252; x_wconf 86' lang='lat' dir='ltr'><strong>Jacobi</strong></span> <span class='ocrx_word' id='word_1_313' title='bbox 1317 4198 1389 4251; x_wconf 91' lang='lat' dir='ltr'><strong>de</strong></span> <span class='ocrx_word' id='word_1_314' title='bbox 1437 4196 1714 4260; x_wconf 79' lang='lat' dir='ltr'><strong>Ponticla,</strong></span> <span class='ocrx_word' id='word_1_315' title='bbox 1767 4213 1898 4252; x_wconf 90' lang='lat' dir='ltr'><strong>cum</strong></span> <span class='ocrx_word' id='word_1_316' title='bbox 1959 4198 2049 4254; x_wconf 87' lang='lat' dir='ltr'><strong>bis</strong></span> 
     </span>
    </p>
   </div>
   <div class='ocr_carea' id='block_1_47' title="bbox 410 4284 2048 4357">
    <p class='ocr_par' dir='ltr' id='par_1_47' title="bbox 410 4284 2048 4357">
     <span class='ocr_line' id='line_1_47' title="bbox 410 4284 2048 4357; baseline -0.002 -12"><span class='ocrx_word' id='word_1_317' title='bbox 410 4284 778 4352; x_wconf 89' lang='lat' dir='ltr'><strong>obedientiis,</strong></span> <span class='ocrx_word' id='word_1_318' title='bbox 811 4285 1085 4351; x_wconf 89' lang='lat' dir='ltr'><strong>Presiate,</strong></span> <span class='ocrx_word' id='word_1_319' title='bbox 1138 4285 1474 4357; x_wconf 88' lang='lat' dir='ltr'><strong>Mediolaco,</strong></span> <span class='ocrx_word' id='word_1_320' title='bbox 1509 4284 1850 4351; x_wconf 87' lang='lat' dir='ltr'><strong>Portiziana,</strong></span> <span class='ocrx_word' id='word_1_321' title='bbox 1888 4286 2048 4342; x_wconf 84' lang='lat' dir='ltr'><strong>Mau-</strong></span> 
     </span>
    </p>
   </div>
   <div class='ocr_carea' id='block_1_48' title="bbox 409 4373 2046 4448">
    <p class='ocr_par' dir='ltr' id='par_1_48' title="bbox 409 4373 2046 4448">
     <span class='ocr_line' id='line_1_48' title="bbox 409 4373 2046 4448; baseline -0.001 -15"><span class='ocrx_word' id='word_1_322' title='bbox 409 4377 598 4448; x_wconf 85' lang='lat' dir='ltr'><strong>ringo,</strong></span> <span class='ocrx_word' id='word_1_323' title='bbox 630 4374 904 4445; x_wconf 88' lang='lat' dir='ltr'><strong>Glariola,</strong></span> <span class='ocrx_word' id='word_1_324' title='bbox 925 4373 1270 4440; x_wconf 87' lang='lat' dir='ltr'><strong>Verziliano,</strong></span> <span class='ocrx_word' id='word_1_325' title='bbox 1297 4373 1507 4445; x_wconf 87' lang='lat' dir='ltr'><strong>Magio,</strong></span> <span class='ocrx_word' id='word_1_326' title='bbox 1531 4374 1684 4444; x_wconf 90' lang='lat' dir='ltr'><strong>Sala,</strong></span> <span class='ocrx_word' id='word_1_327' title='bbox 1707 4374 2010 4431; x_wconf 89' lang='lat' dir='ltr'><strong>Vultulina</strong></span> <span class='ocrx_word' id='word_1_328' title='bbox 2034 4393 2046 4432; x_wconf 92' lang='lat'>:</span> 
     </span>
    </p>
   </div>
   <div class='ocr_carea' id='block_1_49' title="bbox 409 4462 2053 4531">
    <p class='ocr_par' dir='ltr' id='par_1_49' title="bbox 409 4462 2053 4531">
     <span class='ocr_line' id='line_1_49' title="bbox 409 4462 2053 4531; baseline 0 -11"><span class='ocrx_word' id='word_1_329' title='bbox 409 4463 603 4522; x_wconf 83' lang='lat' dir='ltr'><strong>Sancti</strong></span> <span class='ocrx_word' id='word_1_330' title='bbox 635 4463 795 4519; x_wconf 89' lang='lat' dir='ltr'><strong>Pauli</strong></span> <span class='ocrx_word' id='word_1_331' title='bbox 828 4480 961 4520; x_wconf 90' lang='lat' dir='ltr'><strong>cum</strong></span> <span class='ocrx_word' id='word_1_332' title='bbox 995 4463 1086 4519; x_wconf 89' lang='lat' dir='ltr'><strong>his</strong></span> <span class='ocrx_word' id='word_1_333' title='bbox 1115 4462 1482 4531; x_wconf 87' lang='lat' dir='ltr'><strong>obedientiis,</strong></span> <span class='ocrx_word' id='word_1_334' title='bbox 1505 4467 1726 4519; x_wconf 68' lang='lat' dir='ltr'><strong>Sanctae</strong></span> <span class='ocrx_word' id='word_1_335' title='bbox 1757 4465 1950 4520; x_wconf 69' lang='lat' dir='ltr'><strong>Maria:</strong></span> <span class='ocrx_word' id='word_1_336' title='bbox 1981 4465 2053 4520; x_wconf 90' lang='lat' dir='ltr'><strong>de</strong></span> 
     </span>
    </p>
   </div>
   <div class='ocr_carea' id='block_1_50' title="bbox 409 4551 2130 4635">
    <p class='ocr_par' dir='ltr' id='par_1_50' title="bbox 409 4551 2130 4635">
     <span class='ocr_line' id='line_1_50' title="bbox 409 4551 2130 4635; baseline -0.002 -24"><span class='ocrx_word' id='word_1_337' title='bbox 409 4553 724 4621; x_wconf 85' lang='lat' dir='ltr'><strong>Sarnecho,</strong></span> <span class='ocrx_word' id='word_1_338' title='bbox 745 4557 812 4608; x_wconf 82' lang='lat' dir='ltr'><strong>.S.</strong></span> <span class='ocrx_word' id='word_1_339' title='bbox 847 4553 1000 4608; x_wconf 90' lang='lat' dir='ltr'><strong>Petri</strong></span> <span class='ocrx_word' id='word_1_340' title='bbox 1031 4553 1102 4608; x_wconf 93' lang='lat' dir='ltr'><strong>de</strong></span> <span class='ocrx_word' id='word_1_341' title='bbox 1133 4551 1467 4620; x_wconf 90' lang='lat' dir='ltr'><strong>Umbriano,</strong></span> <span class='ocrx_word' id='word_1_342' title='bbox 1493 4553 1712 4608; x_wconf 82' lang='lat' dir='ltr'><strong>Sanctae</strong></span> <span class='ocrx_word' id='word_1_343' title='bbox 1745 4553 2051 4608; x_wconf 83' lang='lat' dir='ltr'><strong>Trinitatis</strong></span> <span class='ocrx_word' id='word_1_344' title='bbox 2083 4571 2130 4635; x_wconf 67' lang='grc' dir='ltr'><strong>Ι)</strong></span> 
     </span>
    </p>
   </div>
   <div class='ocr_carea' id='block_1_51' title="bbox 411 4640 2052 4714">
    <p class='ocr_par' dir='ltr' id='par_1_51' title="bbox 411 4640 2052 4714">
     <span class='ocr_line' id='line_1_51' title="bbox 411 4640 2052 4714; baseline -0.002 -15"><span class='ocrx_word' id='word_1_345' title='bbox 411 4644 483 4699; x_wconf 89' lang='lat' dir='ltr'><strong>de</strong></span> <span class='ocrx_word' id='word_1_346' title='bbox 529 4641 823 4710; x_wconf 89' lang='lat' dir='ltr'><strong>Cremina,</strong></span> <span class='ocrx_word' id='word_1_347' title='bbox 866 4641 1058 4697; x_wconf 88' lang='lat' dir='ltr'><strong>Sancti</strong></span> <span class='ocrx_word' id='word_1_348' title='bbox 1113 4641 1263 4696; x_wconf 89' lang='lat' dir='ltr'><strong>Petri</strong></span> <span class='ocrx_word' id='word_1_349' title='bbox 1311 4641 1382 4696; x_wconf 94' lang='lat' dir='ltr'><strong>de</strong></span> <span class='ocrx_word' id='word_1_350' title='bbox 1423 4640 1819 4714; x_wconf 85' lang='lat' dir='ltr'><strong>Madegniaco,</strong></span> <span class='ocrx_word' id='word_1_351' title='bbox 1855 4642 2052 4697; x_wconf 89' lang='lat' dir='ltr'><strong>Sancti</strong></span> 
     </span>
    </p>
   </div>
   <div class='ocr_carea' id='block_1_52' title="bbox 412 4729 2051 4799">
    <p class='ocr_par' dir='ltr' id='par_1_52' title="bbox 412 4729 2051 4799">
     <span class='ocr_line' id='line_1_52' title="bbox 412 4729 2051 4799; baseline -0.002 -10"><span class='ocrx_word' id='word_1_352' title='bbox 412 4730 714 4789; x_wconf 85' lang='lat' dir='ltr'><strong>Michaelis</strong></span> <span class='ocrx_word' id='word_1_353' title='bbox 740 4731 811 4787; x_wconf 92' lang='lat' dir='ltr'><strong>de</strong></span> <span class='ocrx_word' id='word_1_354' title='bbox 840 4729 1318 4796; x_wconf 86' lang='lat' dir='ltr'><strong>Sencino,Sancti</strong></span> <span class='ocrx_word' id='word_1_355' title='bbox 1351 4729 1584 4786; x_wconf 88' lang='lat' dir='ltr'><strong>Martini</strong></span> <span class='ocrx_word' id='word_1_356' title='bbox 1617 4730 1686 4786; x_wconf 92' lang='lat' dir='ltr'><strong>de</strong></span> <span class='ocrx_word' id='word_1_357' title='bbox 1718 4730 2051 4799; x_wconf 84' lang='lat' dir='ltr'><strong>Rudiliano,</strong></span> 
     </span>
    </p>
   </div>
   <div class='ocr_carea' id='block_1_53' title="bbox 410 4818 2053 4887">
    <p class='ocr_par' dir='ltr' id='par_1_53' title="bbox 410 4818 2053 4887">
     <span class='ocr_line' id='line_1_53' title="bbox 410 4818 2053 4887; baseline 0 -11"><span class='ocrx_word' id='word_1_358' title='bbox 410 4825 632 4877; x_wconf 70' lang='lat' dir='ltr'><strong>Sanctae</strong></span> <span class='ocrx_word' id='word_1_359' title='bbox 659 4819 830 4876; x_wconf 74' lang='lat' dir='ltr'><strong>Juliaa</strong></span> <span class='ocrx_word' id='word_1_360' title='bbox 861 4821 932 4875; x_wconf 92' lang='lat' dir='ltr'><strong>de</strong></span> <span class='ocrx_word' id='word_1_361' title='bbox 961 4818 1237 4887; x_wconf 89' lang='lat' dir='ltr'><strong>Cazacho,</strong></span> <span class='ocrx_word' id='word_1_362' title='bbox 1260 4823 1315 4875; x_wconf 94' lang='lat' dir='ltr'><strong>S.</strong></span> <span class='ocrx_word' id='word_1_363' title='bbox 1339 4819 1577 4875; x_wconf 67' lang='lat' dir='ltr'><strong>Thomas</strong></span> <span class='ocrx_word' id='word_1_364' title='bbox 1611 4820 1680 4875; x_wconf 90' lang='lat' dir='ltr'><strong>de</strong></span> <span class='ocrx_word' id='word_1_365' title='bbox 1719 4820 2053 4887; x_wconf 88' lang='lat' dir='ltr'><strong>Quintiano,</strong></span> 
     </span>
    </p>
   </div>
   <div class='ocr_carea' id='block_1_54' title="bbox 411 4907 2054 4973">
    <p class='ocr_par' dir='ltr' id='par_1_54' title="bbox 411 4907 2054 4973">
     <span class='ocr_line' id='line_1_54' title="bbox 411 4907 2054 4973; baseline -0.001 -7"><span class='ocrx_word' id='word_1_366' title='bbox 411 4909 604 4966; x_wconf 84' lang='lat' dir='ltr'><strong>Sancti</strong></span> <span class='ocrx_word' id='word_1_367' title='bbox 647 4908 964 4966; x_wconf 86' lang='lat' dir='ltr'><strong>Salvatoris</strong></span> <span class='ocrx_word' id='word_1_368' title='bbox 1005 4908 1076 4964; x_wconf 93' lang='lat' dir='ltr'><strong>de</strong></span> <span class='ocrx_word' id='word_1_369' title='bbox 1107 4907 1252 4964; x_wconf 83' lang='lat' dir='ltr'><strong>valle</strong></span> <span class='ocrx_word' id='word_1_370' title='bbox 1292 4908 1663 4973; x_wconf 89' lang='lat' dir='ltr'><strong>Camonicha,</strong></span> <span class='ocrx_word' id='word_1_371' title='bbox 1710 4909 1905 4965; x_wconf 91' lang='lat' dir='ltr'><strong>Sancti</strong></span> <span class='ocrx_word' id='word_1_372' title='bbox 1935 4911 2054 4965; x_wconf 89' lang='lat' dir='ltr'><strong>An-</strong></span> 
     </span>
    </p>
   </div>
   <div class='ocr_carea' id='block_1_55' title="bbox 413 4997 2051 5070">
    <p class='ocr_par' dir='ltr' id='par_1_55' title="bbox 413 4997 2051 5070">
     <span class='ocr_line' id='line_1_55' title="bbox 413 4997 2051 5070; baseline 0 -17"><span class='ocrx_word' id='word_1_373' title='bbox 413 4999 564 5053; x_wconf 65' lang='lat' dir='ltr'><strong>dreas</strong></span> <span class='ocrx_word' id='word_1_374' title='bbox 614 4997 948 5070; x_wconf 87' lang='lat' dir='ltr'><strong>Brigniano,</strong></span> <span class='ocrx_word' id='word_1_375' title='bbox 1005 5001 1223 5053; x_wconf 73' lang='lat' dir='ltr'><strong>Sanctae</strong></span> <span class='ocrx_word' id='word_1_376' title='bbox 1279 4999 1470 5054; x_wconf 78' lang='lat' dir='ltr'><strong>Mariae</strong></span> <span class='ocrx_word' id='word_1_377' title='bbox 1546 4998 1618 5054; x_wconf 90' lang='lat' dir='ltr'><strong>de</strong></span> <span class='ocrx_word' id='word_1_378' title='bbox 1673 4998 1935 5064; x_wconf 88' lang='lat' dir='ltr'><strong>Canturi,</strong></span> <span class='ocrx_word' id='word_1_379' title='bbox 1993 4999 2051 5054; x_wconf 92' lang='lat' dir='ltr'><strong>S.</strong></span> 
     </span>
    </p>
   </div>
   <div class='ocr_carea' id='block_1_56' title="bbox 414 5085 2054 5159">
    <p class='ocr_par' dir='ltr' id='par_1_56' title="bbox 414 5085 2054 5159">
     <span class='ocr_line' id='line_1_56' title="bbox 414 5085 2054 5159; baseline 0.001 -19"><span class='ocrx_word' id='word_1_380' title='bbox 414 5085 622 5159; x_wconf 69' lang='lat' dir='ltr'><strong>Egidii</strong></span> <span class='ocrx_word' id='word_1_381' title='bbox 672 5085 743 5141; x_wconf 91' lang='lat' dir='ltr'><strong>de</strong></span> <span class='ocrx_word' id='word_1_382' title='bbox 792 5085 1146 5158; x_wconf 89' lang='lat' dir='ltr'><strong>Vergesima.</strong></span> <span class='ocrx_word' id='word_1_383' title='bbox 1180 5087 1529 5143; x_wconf 88' lang='lat' dir='ltr'><strong>Monasterio</strong></span> <span class='ocrx_word' id='word_1_384' title='bbox 1563 5089 1620 5142; x_wconf 92' lang='lat' dir='ltr'><strong>S.</strong></span> <span class='ocrx_word' id='word_1_385' title='bbox 1657 5087 1806 5142; x_wconf 88' lang='lat' dir='ltr'><strong>Petri</strong></span> <span class='ocrx_word' id='word_1_386' title='bbox 1840 5087 1912 5142; x_wconf 91' lang='lat' dir='ltr'><strong>de</strong></span> <span class='ocrx_word' id='word_1_387' title='bbox 1945 5088 2054 5142; x_wconf 82' lang='lat' dir='ltr'><strong>Ro-</strong></span> 
     </span>
    </p>
   </div>
   <div class='ocr_carea' id='block_1_57' title="bbox 413 5173 2054 5246">
    <p class='ocr_par' dir='ltr' id='par_1_57' title="bbox 413 5173 2054 5246">
     <span class='ocr_line' id='line_1_57' title="bbox 413 5173 2054 5246; baseline 0.001 -17"><span class='ocrx_word' id='word_1_388' title='bbox 413 5174 612 5246; x_wconf 83' lang='lat' dir='ltr'><strong>dingo,</strong></span> <span class='ocrx_word' id='word_1_389' title='bbox 657 5173 852 5230; x_wconf 88' lang='lat' dir='ltr'><strong>Sancti</strong></span> <span class='ocrx_word' id='word_1_390' title='bbox 899 5175 1050 5229; x_wconf 88' lang='lat' dir='ltr'><strong>Petri</strong></span> <span class='ocrx_word' id='word_1_391' title='bbox 1099 5175 1167 5230; x_wconf 92' lang='lat' dir='ltr'><strong>de</strong></span> <span class='ocrx_word' id='word_1_392' title='bbox 1220 5175 1482 5231; x_wconf 87' lang='lat' dir='ltr'><strong>Provallo</strong></span> <span class='ocrx_word' id='word_1_393' title='bbox 1530 5192 1666 5231; x_wconf 90' lang='lat' dir='ltr'><strong>cum</strong></span> <span class='ocrx_word' id='word_1_394' title='bbox 1719 5175 1813 5230; x_wconf 88' lang='lat' dir='ltr'><strong>his</strong></span> <span class='ocrx_word' id='word_1_395' title='bbox 1862 5174 2054 5244; x_wconf 89' lang='lat' dir='ltr'><strong>cellis,</strong></span> 
     </span>
    </p>
   </div>
   <div class='ocr_carea' id='block_1_58' title="bbox 414 5261 2055 5336">
    <p class='ocr_par' dir='ltr' id='par_1_58' title="bbox 414 5261 2055 5336">
     <span class='ocr_line' id='line_1_58' title="bbox 414 5261 2055 5336; baseline 0 -17"><span class='ocrx_word' id='word_1_396' title='bbox 414 5261 694 5336; x_wconf 72' lang='lat' dir='ltr'><strong>Trigulis,</strong></span> <span class='ocrx_word' id='word_1_397' title='bbox 722 5261 1049 5333; x_wconf 79' lang='lat' dir='ltr'><strong>Aliianello,</strong></span> <span class='ocrx_word' id='word_1_398' title='bbox 1078 5269 1133 5318; x_wconf 70' lang='grc' dir='ltr'><strong>δ.</strong></span> <span class='ocrx_word' id='word_1_399' title='bbox 1167 5263 1454 5320; x_wconf 89' lang='lat' dir='ltr'><strong>Gabrielis</strong></span> <span class='ocrx_word' id='word_1_400' title='bbox 1486 5263 1558 5319; x_wconf 91' lang='lat' dir='ltr'><strong>de</strong></span> <span class='ocrx_word' id='word_1_401' title='bbox 1587 5263 1873 5318; x_wconf 89' lang='lat' dir='ltr'><strong>Cremona</strong></span> <span class='ocrx_word' id='word_1_402' title='bbox 1920 5280 2055 5319; x_wconf 93' lang='lat' dir='ltr'><strong>cum</strong></span> 
     </span>
    </p>
   </div>
   <div class='ocr_carea' id='block_1_59' title="bbox 415 5351 2052 5424">
    <p class='ocr_par' dir='ltr' id='par_1_59' title="bbox 415 5351 2052 5424">
     <span class='ocr_line' id='line_1_59' title="bbox 415 5351 2052 5424; baseline -0.001 -15"><span class='ocrx_word' id='word_1_403' title='bbox 415 5352 578 5409; x_wconf 88' lang='lat' dir='ltr'><strong>cellis</strong></span> <span class='ocrx_word' id='word_1_404' title='bbox 615 5353 740 5409; x_wconf 85' lang='lat' dir='ltr'><strong>suis</strong></span> <span class='ocrx_word' id='word_1_405' title='bbox 792 5369 919 5424; x_wconf 65' lang='lat' dir='ltr'><strong>quae</strong></span> <span class='ocrx_word' id='word_1_406' title='bbox 969 5353 1091 5410; x_wconf 74' lang='lat' dir='ltr'><strong>sitae</strong></span> <span class='ocrx_word' id='word_1_407' title='bbox 1141 5358 1282 5410; x_wconf 91' lang='lat' dir='ltr'><strong>sunt</strong></span> <span class='ocrx_word' id='word_1_408' title='bbox 1328 5354 1387 5409; x_wconf 90' lang='lat' dir='ltr'><strong>in</strong></span> <span class='ocrx_word' id='word_1_409' title='bbox 1434 5355 1628 5408; x_wconf 88' lang='lat' dir='ltr'><strong>castro</strong></span> <span class='ocrx_word' id='word_1_410' title='bbox 1681 5351 2052 5419; x_wconf 77' lang='lat' dir='ltr'><strong>Fontanellee,</strong></span> 
     </span>
    </p>
   </div>
   <div class='ocr_carea' id='block_1_60' title="bbox 417 5439 2058 5514">
    <p class='ocr_par' dir='ltr' id='par_1_60' title="bbox 417 5439 2058 5514">
     <span class='ocr_line' id='line_1_60' title="bbox 417 5439 2058 5514; baseline 0 -16"><span class='ocrx_word' id='word_1_411' title='bbox 417 5440 676 5514; x_wconf 88' lang='lat' dir='ltr'><strong>Trigulo,</strong></span> <span class='ocrx_word' id='word_1_412' title='bbox 737 5441 1051 5508; x_wconf 89' lang='lat' dir='ltr'><strong>Grumello,</strong></span> <span class='ocrx_word' id='word_1_413' title='bbox 1110 5441 1506 5508; x_wconf 86' lang='lat' dir='ltr'><strong>Scandolario,</strong></span> <span class='ocrx_word' id='word_1_414' title='bbox 1568 5439 1838 5495; x_wconf 81' lang='lat' dir='ltr'><strong>Brixiana</strong></span> <span class='ocrx_word' id='word_1_415' title='bbox 1886 5441 2058 5512; x_wconf 85' lang='lat' dir='ltr'><strong>juxta</strong></span> 
     </span>
    </p>
   </div>
   <div class='ocr_carea' id='block_1_61' title="bbox 415 5527 2053 5601">
    <p class='ocr_par' dir='ltr' id='par_1_61' title="bbox 415 5527 2053 5601">
     <span class='ocr_line' id='line_1_61' title="bbox 415 5527 2053 5601; baseline 0.001 -18"><span class='ocrx_word' id='word_1_416' title='bbox 415 5529 695 5586; x_wconf 87' lang='lat' dir='ltr'><strong>Virolam.</strong></span> <span class='ocrx_word' id='word_1_417' title='bbox 721 5532 780 5586; x_wconf 92' lang='lat' dir='ltr'><strong>In</strong></span> <span class='ocrx_word' id='word_1_418' title='bbox 817 5531 1124 5599; x_wconf 87' lang='lat' dir='ltr'><strong>Placentia,</strong></span> <span class='ocrx_word' id='word_1_419' title='bbox 1165 5529 1516 5587; x_wconf 88' lang='lat' dir='ltr'><strong>monasterio</strong></span> <span class='ocrx_word' id='word_1_420' title='bbox 1544 5527 1743 5584; x_wconf 85' lang='lat' dir='ltr'><strong>Sancti</strong></span> <span class='ocrx_word' id='word_1_421' title='bbox 1773 5529 2053 5601; x_wconf 82' lang='lat' dir='ltr'><strong>Gregorii,</strong></span> 
     </span>
    </p>
   </div>
   <div class='ocr_carea' id='block_1_62' title="bbox 419 5616 2053 5689">
    <p class='ocr_par' dir='ltr' id='par_1_62' title="bbox 419 5616 2053 5689">
     <span class='ocr_line' id='line_1_62' title="bbox 419 5616 2053 5689; baseline 0 -13"><span class='ocrx_word' id='word_1_422' title='bbox 419 5635 552 5678; x_wconf 87' lang='lat' dir='ltr'><strong>cum</strong></span> <span class='ocrx_word' id='word_1_423' title='bbox 584 5618 675 5677; x_wconf 88' lang='lat' dir='ltr'><strong>his</strong></span> <span class='ocrx_word' id='word_1_424' title='bbox 701 5620 883 5689; x_wconf 87' lang='lat' dir='ltr'><strong>cellis,</strong></span> <span class='ocrx_word' id='word_1_425' title='bbox 905 5621 1152 5679; x_wconf 85' lang='lat' dir='ltr'><strong>ecclesia</strong></span> <span class='ocrx_word' id='word_1_426' title='bbox 1181 5619 1380 5677; x_wconf 88' lang='lat' dir='ltr'><strong>Sancti</strong></span> <span class='ocrx_word' id='word_1_427' title='bbox 1413 5616 1622 5675; x_wconf 87' lang='lat' dir='ltr'><strong>Leonis</strong></span> <span class='ocrx_word' id='word_1_428' title='bbox 1651 5619 1721 5674; x_wconf 92' lang='lat' dir='ltr'><strong>de</strong></span> <span class='ocrx_word' id='word_1_429' title='bbox 1753 5618 2053 5689; x_wconf 88' lang='lat' dir='ltr'><strong>Miradolo,</strong></span> 
     </span>
    </p>
   </div>
   <div class='ocr_carea' id='block_1_63' title="bbox 2165 564 3771 637">
    <p class='ocr_par' dir='ltr' id='par_1_63' title="bbox 2165 564 3771 637">
     <span class='ocr_line' id='line_1_63' title="bbox 2165 564 3771 637; baseline 0.007 -19"><span class='ocrx_word' id='word_1_430' title='bbox 2165 564 2418 620; x_wconf 88' lang='lat' dir='ltr'><strong>nasterio</strong></span> <span class='ocrx_word' id='word_1_431' title='bbox 2453 564 2650 620; x_wconf 89' lang='lat' dir='ltr'><strong>Sancti</strong></span> <span class='ocrx_word' id='word_1_432' title='bbox 2688 565 2886 633; x_wconf 92' lang='lat' dir='ltr'><strong>Marci,</strong></span> <span class='ocrx_word' id='word_1_433' title='bbox 2921 584 3057 624; x_wconf 86' lang='lat' dir='ltr'><strong>cum</strong></span> <span class='ocrx_word' id='word_1_434' title='bbox 3105 566 3198 624; x_wconf 89' lang='lat' dir='ltr'><strong>his</strong></span> <span class='ocrx_word' id='word_1_435' title='bbox 3247 567 3424 637; x_wconf 88' lang='lat' dir='ltr'><strong>cellis,</strong></span> <span class='ocrx_word' id='word_1_436' title='bbox 3457 570 3771 630; x_wconf 82' lang='lat' dir='ltr'><strong>Sanctorum</strong></span> 
     </span>
    </p>
   </div>
   <div class='ocr_carea' id='block_1_64' title="bbox 2164 651 3772 726">
    <p class='ocr_par' dir='ltr' id='par_1_64' title="bbox 2164 651 3772 726">
     <span class='ocr_line' id='line_1_64' title="bbox 2164 651 3772 726; baseline 0.005 -18"><span class='ocrx_word' id='word_1_437' title='bbox 2164 651 2336 708; x_wconf 81' lang='lat' dir='ltr'><strong>Firmi</strong></span> <span class='ocrx_word' id='word_1_438' title='bbox 2371 659 2427 708; x_wconf 89' lang='lat' dir='ltr'><strong>et</strong></span> <span class='ocrx_word' id='word_1_439' title='bbox 2459 653 2680 709; x_wconf 84' lang='lat' dir='ltr'><strong>Rustici</strong></span> <span class='ocrx_word' id='word_1_440' title='bbox 2727 656 2798 710; x_wconf 92' lang='lat' dir='ltr'><strong>de</strong></span> <span class='ocrx_word' id='word_1_441' title='bbox 2828 655 3044 726; x_wconf 87' lang='lat' dir='ltr'><strong>Fratta,</strong></span> <span class='ocrx_word' id='word_1_442' title='bbox 3079 657 3302 713; x_wconf 70' lang='lat' dir='ltr'><strong>Sanctae</strong></span> <span class='ocrx_word' id='word_1_443' title='bbox 3350 658 3546 714; x_wconf 91' lang='lat' dir='ltr'><strong>Crucis</strong></span> <span class='ocrx_word' id='word_1_444' title='bbox 3587 661 3652 716; x_wconf 89' lang='lat' dir='ltr'><strong>de</strong></span> <span class='ocrx_word' id='word_1_445' title='bbox 3695 661 3772 716; x_wconf 86' lang='lat' dir='ltr'><strong>Vi-</strong></span> 
     </span>
    </p>
   </div>
   <div class='ocr_carea' id='block_1_65' title="bbox 2163 743 3773 810">
    <p class='ocr_par' dir='ltr' id='par_1_65' title="bbox 2163 743 3773 810">
     <span class='ocr_line' id='line_1_65' title="bbox 2163 743 3773 810; baseline 0.006 -14"><span class='ocrx_word' id='word_1_446' title='bbox 2163 743 2435 810; x_wconf 87' lang='lat' dir='ltr'><strong>codardo,</strong></span> <span class='ocrx_word' id='word_1_447' title='bbox 2455 744 2680 798; x_wconf 82' lang='lat' dir='ltr'><strong>Sanctae</strong></span> <span class='ocrx_word' id='word_1_448' title='bbox 2711 743 2906 800; x_wconf 61' lang='lat' dir='ltr'><strong>Maria</strong></span> <span class='ocrx_word' id='word_1_449' title='bbox 2933 746 3004 801; x_wconf 90' lang='lat' dir='ltr'><strong>de</strong></span> <span class='ocrx_word' id='word_1_450' title='bbox 3026 745 3420 803; x_wconf 89' lang='lat' dir='ltr'><strong>Calventiano.</strong></span> <span class='ocrx_word' id='word_1_451' title='bbox 3454 748 3773 806; x_wconf 83' lang='lat' dir='ltr'><strong>Monasterio</strong></span> 
     </span>
    </p>
   </div>
   <div class='ocr_carea' id='block_1_66' title="bbox 2163 831 3770 906">
    <p class='ocr_par' dir='ltr' id='par_1_66' title="bbox 2163 831 3770 906">
     <span class='ocr_line' id='line_1_66' title="bbox 2163 831 3770 906; baseline 0.006 -22"><span class='ocrx_word' id='word_1_452' title='bbox 2163 831 2358 885; x_wconf 88' lang='lat' dir='ltr'><strong>Sancti</strong></span> <span class='ocrx_word' id='word_1_453' title='bbox 2387 832 2634 887; x_wconf 87' lang='lat' dir='ltr'><strong>Joannis</strong></span> <span class='ocrx_word' id='word_1_454' title='bbox 2664 833 2734 888; x_wconf 92' lang='lat' dir='ltr'><strong>de</strong></span> <span class='ocrx_word' id='word_1_455' title='bbox 2765 836 3118 890; x_wconf 73' lang='lat' dir='ltr'><strong>Vertumade</strong></span> <span class='ocrx_word' id='word_1_456' title='bbox 3166 852 3300 891; x_wconf 87' lang='lat' dir='ltr'><strong>cum</strong></span> <span class='ocrx_word' id='word_1_457' title='bbox 3355 835 3476 891; x_wconf 90' lang='lat' dir='ltr'><strong>suis</strong></span> <span class='ocrx_word' id='word_1_458' title='bbox 3522 836 3770 906; x_wconf 87' lang='lat' dir='ltr'><strong>ecclesiis,</strong></span> 
     </span>
    </p>
   </div>
   <div class='ocr_carea' id='block_1_67' title="bbox 2162 920 3774 997">
    <p class='ocr_par' dir='ltr' id='par_1_67' title="bbox 2162 920 3774 997">
     <span class='ocr_line' id='line_1_67' title="bbox 2162 920 3774 997; baseline 0.006 -24"><span class='ocrx_word' id='word_1_459' title='bbox 2162 920 2506 974; x_wconf 88' lang='lat' dir='ltr'><strong>Sanctorum</strong></span> <span class='ocrx_word' id='word_1_460' title='bbox 2540 925 2863 993; x_wconf 81' lang='lat' dir='ltr'><strong>martyrum</strong></span> <span class='ocrx_word' id='word_1_461' title='bbox 2898 922 3162 978; x_wconf 88' lang='lat' dir='ltr'><strong>Cassiani</strong></span> <span class='ocrx_word' id='word_1_462' title='bbox 3195 928 3252 978; x_wconf 88' lang='lat' dir='ltr'><strong>et</strong></span> <span class='ocrx_word' id='word_1_463' title='bbox 3291 923 3576 997; x_wconf 80' lang='lat' dir='ltr'><strong>Hippolyti</strong></span> <span class='ocrx_word' id='word_1_464' title='bbox 3603 926 3667 982; x_wconf 91' lang='lat' dir='ltr'><strong>de</strong></span> <span class='ocrx_word' id='word_1_465' title='bbox 3693 927 3774 983; x_wconf 90' lang='lat' dir='ltr'><strong>Ul-</strong></span> 
     </span>
    </p>
   </div>
   <div class='ocr_carea' id='block_1_68' title="bbox 2161 1007 3771 1079">
    <p class='ocr_par' dir='ltr' id='par_1_68' title="bbox 2161 1007 3771 1079">
     <span class='ocr_line' id='line_1_68' title="bbox 2161 1007 3771 1079; baseline 0.004 -16"><span class='ocrx_word' id='word_1_466' title='bbox 2161 1007 2321 1073; x_wconf 89' lang='lat' dir='ltr'><strong>zade,</strong></span> <span class='ocrx_word' id='word_1_467' title='bbox 2355 1010 2576 1065; x_wconf 62' lang='lat' dir='ltr'><strong>Sanctae</strong></span> <span class='ocrx_word' id='word_1_468' title='bbox 2610 1009 2802 1065; x_wconf 70' lang='lat' dir='ltr'><strong>Mariae</strong></span> <span class='ocrx_word' id='word_1_469' title='bbox 2855 1012 2926 1066; x_wconf 88' lang='lat' dir='ltr'><strong>de</strong></span> <span class='ocrx_word' id='word_1_470' title='bbox 2975 1011 3222 1079; x_wconf 85' lang='lat' dir='ltr'><strong>Laveno,</strong></span> <span class='ocrx_word' id='word_1_471' title='bbox 3258 1018 3314 1067; x_wconf 89' lang='lat' dir='ltr'><strong>et</strong></span> <span class='ocrx_word' id='word_1_472' title='bbox 3361 1013 3575 1069; x_wconf 64' lang='lat' dir='ltr'><strong>Sanctae</strong></span> <span class='ocrx_word' id='word_1_473' title='bbox 3623 1014 3771 1070; x_wconf 71' lang='lat' dir='ltr'><strong>Heliae</strong></span> 
     </span>
    </p>
   </div>
   <div class='ocr_carea' id='block_1_69' title="bbox 2163 1097 3773 1174">
    <p class='ocr_par' dir='ltr' id='par_1_69' title="bbox 2163 1097 3773 1174">
     <span class='ocr_line' id='line_1_69' title="bbox 2163 1097 3773 1174; baseline 0.006 -24"><span class='ocrx_word' id='word_1_474' title='bbox 2163 1097 2233 1151; x_wconf 91' lang='lat' dir='ltr'><strong>de</strong></span> <span class='ocrx_word' id='word_1_475' title='bbox 2283 1098 2474 1152; x_wconf 86' lang='lat' dir='ltr'><strong>Monte</strong></span> <span class='ocrx_word' id='word_1_476' title='bbox 2523 1097 2785 1170; x_wconf 88' lang='lat' dir='ltr'><strong>Veglimo</strong></span> <span class='ocrx_word' id='word_1_477' title='bbox 2835 1116 2969 1154; x_wconf 92' lang='lat' dir='ltr'><strong>cum</strong></span> <span class='ocrx_word' id='word_1_478' title='bbox 3017 1099 3304 1156; x_wconf 87' lang='lat' dir='ltr'><strong>universis</strong></span> <span class='ocrx_word' id='word_1_479' title='bbox 3355 1102 3690 1174; x_wconf 88' lang='lat' dir='ltr'><strong>appendiciis</strong></span> <span class='ocrx_word' id='word_1_480' title='bbox 3724 1110 3773 1159; x_wconf 87' lang='lat' dir='ltr'><strong>et</strong></span> 
     </span>
    </p>
   </div>
   <div class='ocr_carea' id='block_1_70' title="bbox 2165 1185 2702 1257">
    <p class='ocr_par' dir='ltr' id='par_1_70' title="bbox 2165 1185 2702 1257">
     <span class='ocr_line' id='line_1_70' title="bbox 2165 1185 2702 1257; baseline 0.004 -16"><span class='ocrx_word' id='word_1_481' title='bbox 2165 1185 2527 1257; x_wconf 89' lang='lat' dir='ltr'><strong>pertinentiis</strong></span> <span class='ocrx_word' id='word_1_482' title='bbox 2558 1188 2702 1243; x_wconf 87' lang='lat' dir='ltr'><strong>suis.</strong></span> 
     </span>
    </p>
   </div>
   <div class='ocr_carea' id='block_1_71' title="bbox 2237 1276 3772 1352">
    <p class='ocr_par' dir='ltr' id='par_1_71' title="bbox 2237 1276 3772 1352">
     <span class='ocr_line' id='line_1_71' title="bbox 2237 1276 3772 1352; baseline 0.005 -23"><span class='ocrx_word' id='word_1_483' title='bbox 2237 1276 2364 1330; x_wconf 77' lang='lat' dir='ltr'><strong>Haec</strong></span> <span class='ocrx_word' id='word_1_484' title='bbox 2394 1276 2611 1342; x_wconf 87' lang='lat' dir='ltr'><strong>omnia,</strong></span> <span class='ocrx_word' id='word_1_485' title='bbox 2643 1276 2727 1331; x_wconf 89' lang='lat' dir='ltr'><strong>vel</strong></span> <span class='ocrx_word' id='word_1_486' title='bbox 2764 1294 2891 1349; x_wconf 72' lang='lat' dir='ltr'><strong>quae</strong></span> <span class='ocrx_word' id='word_1_487' title='bbox 2925 1278 2981 1333; x_wconf 89' lang='lat' dir='ltr'><strong>in</strong></span> <span class='ocrx_word' id='word_1_488' title='bbox 3034 1278 3322 1344; x_wconf 88' lang='lat' dir='ltr'><strong>futurum,</strong></span> <span class='ocrx_word' id='word_1_489' title='bbox 3357 1279 3772 1352; x_wconf 42' lang='lat' dir='ltr'><strong>Domino’adju-</strong></span> 
     </span>
    </p>
   </div>
   <div class='ocr_carea' id='block_1_72' title="bbox 2161 1364 3771 1440">
    <p class='ocr_par' dir='ltr' id='par_1_72' title="bbox 2161 1364 3771 1440">
     <span class='ocr_line' id='line_1_72' title="bbox 2161 1364 3771 1440; baseline 0.005 -22"><span class='ocrx_word' id='word_1_490' title='bbox 2161 1369 2350 1433; x_wconf 86' lang='lat' dir='ltr'><strong>vante,</strong></span> <span class='ocrx_word' id='word_1_491' title='bbox 2375 1365 2535 1435; x_wconf 85' lang='lat' dir='ltr'><strong>juste</strong></span> <span class='ocrx_word' id='word_1_492' title='bbox 2567 1364 2830 1436; x_wconf 87' lang='lat' dir='ltr'><strong>poteritis</strong></span> <span class='ocrx_word' id='word_1_493' title='bbox 2861 1365 3127 1438; x_wconf 90' lang='lat' dir='ltr'><strong>adipisci,</strong></span> <span class='ocrx_word' id='word_1_494' title='bbox 3157 1367 3264 1422; x_wconf 89' lang='lat' dir='ltr'><strong>tibi</strong></span> <span class='ocrx_word' id='word_1_495' title='bbox 3310 1367 3540 1440; x_wconf 88' lang='lat' dir='ltr'><strong>tuisque</strong></span> <span class='ocrx_word' id='word_1_496' title='bbox 3577 1386 3771 1426; x_wconf 84' lang='lat' dir='ltr'><strong>succes-</strong></span> 
     </span>
    </p>
   </div>
   <div class='ocr_carea' id='block_1_73' title="bbox 2163 1453 3768 1530">
    <p class='ocr_par' dir='ltr' id='par_1_73' title="bbox 2163 1453 3768 1530">
     <span class='ocr_line' id='line_1_73' title="bbox 2163 1453 3768 1530; baseline 0.004 -22"><span class='ocrx_word' id='word_1_497' title='bbox 2163 1453 2394 1508; x_wconf 90' lang='lat' dir='ltr'><strong>soribus</strong></span> <span class='ocrx_word' id='word_1_498' title='bbox 2426 1454 2506 1508; x_wconf 88' lang='lat' dir='ltr'><strong>ita</strong></span> <span class='ocrx_word' id='word_1_499' title='bbox 2539 1457 2816 1525; x_wconf 89' lang='lat' dir='ltr'><strong>perpetuo</strong></span> <span class='ocrx_word' id='word_1_500' title='bbox 2851 1455 3492 1528; x_wconf 86' lang='lat' dir='ltr'><strong>regenda,disponenda</strong></span> <span class='ocrx_word' id='word_1_501' title='bbox 3517 1474 3580 1513; x_wconf 90' lang='lat' dir='ltr'><strong>ac</strong></span> <span class='ocrx_word' id='word_1_502' title='bbox 3608 1459 3768 1530; x_wconf 84' lang='lat' dir='ltr'><strong>possi-</strong></span> 
     </span>
    </p>
   </div>
   <div class='ocr_carea' id='block_1_74' title="bbox 2163 1542 3766 1616">
    <p class='ocr_par' dir='ltr' id='par_1_74' title="bbox 2163 1542 3766 1616">
     <span class='ocr_line' id='line_1_74' title="bbox 2163 1542 3766 1616; baseline 0.004 -20"><span class='ocrx_word' id='word_1_503' title='bbox 2163 1542 2352 1597; x_wconf 88' lang='lat' dir='ltr'><strong>denda</strong></span> <span class='ocrx_word' id='word_1_504' title='bbox 2403 1544 2729 1609; x_wconf 84' lang='lat' dir='ltr'><strong>firmamus,</strong></span> <span class='ocrx_word' id='word_1_505' title='bbox 2763 1549 2826 1597; x_wconf 89' lang='lat' dir='ltr'><strong>ut</strong></span> <span class='ocrx_word' id='word_1_506' title='bbox 2856 1544 3072 1599; x_wconf 89' lang='lat' dir='ltr'><strong>nemini</strong></span> <span class='ocrx_word' id='word_1_507' title='bbox 3105 1561 3367 1616; x_wconf 86' lang='lat' dir='ltr'><strong>unquam</strong></span> <span class='ocrx_word' id='word_1_508' title='bbox 3397 1544 3562 1602; x_wconf 89' lang='lat' dir='ltr'><strong>liceat</strong></span> <span class='ocrx_word' id='word_1_509' title='bbox 3593 1563 3766 1602; x_wconf 88' lang='lat' dir='ltr'><strong>eorum</strong></span> 
     </span>
    </p>
   </div>
   <div class='ocr_carea' id='block_1_75' title="bbox 2161 1629 3767 1701">
    <p class='ocr_par' dir='ltr' id='par_1_75' title="bbox 2161 1629 3767 1701">
     <span class='ocr_line' id='line_1_75' title="bbox 2161 1629 3767 1701; baseline 0.004 -17"><span class='ocrx_word' id='word_1_510' title='bbox 2161 1629 2379 1701; x_wconf 85' lang='lat' dir='ltr'><strong>aliquid</strong></span> <span class='ocrx_word' id='word_1_511' title='bbox 2413 1649 2446 1686; x_wconf 91' lang='lat' dir='ltr'><strong>a</strong></span> <span class='ocrx_word' id='word_1_512' title='bbox 2477 1631 2723 1686; x_wconf 80' lang='lat' dir='ltr'><strong>ccenobii</strong></span> <span class='ocrx_word' id='word_1_513' title='bbox 2755 1631 3155 1689; x_wconf 88' lang='lat' dir='ltr'><strong>Cluniacensis</strong></span> <span class='ocrx_word' id='word_1_514' title='bbox 3185 1633 3412 1690; x_wconf 86' lang='lat' dir='ltr'><strong>unitate</strong></span> <span class='ocrx_word' id='word_1_515' title='bbox 3440 1634 3767 1691; x_wconf 87' lang='lat' dir='ltr'><strong>subtrahere.</strong></span> 
     </span>
    </p>
   </div>
   <div class='ocr_carea' id='block_1_76' title="bbox 2164 1720 3767 1796">
    <p class='ocr_par' dir='ltr' id='par_1_76' title="bbox 2164 1720 3767 1796">
     <span class='ocr_line' id='line_1_76' title="bbox 2164 1720 3767 1796; baseline 0.003 -23"><span class='ocrx_word' id='word_1_516' title='bbox 2164 1720 2336 1774; x_wconf 90' lang='lat' dir='ltr'><strong>Porro</strong></span> <span class='ocrx_word' id='word_1_517' title='bbox 2366 1720 2519 1776; x_wconf 88' lang='lat' dir='ltr'><strong>sicut</strong></span> <span class='ocrx_word' id='word_1_518' title='bbox 2566 1737 2600 1775; x_wconf 90' lang='lat' dir='ltr'><strong>a</strong></span> <span class='ocrx_word' id='word_1_519' title='bbox 2644 1720 2823 1775; x_wconf 76' lang='lat' dir='ltr'><strong>beatae</strong></span> <span class='ocrx_word' id='word_1_520' title='bbox 2879 1721 3170 1776; x_wconf 67' lang='lat' dir='ltr'><strong>memoria</strong></span> <span class='ocrx_word' id='word_1_521' title='bbox 3227 1739 3380 1794; x_wconf 86' lang='lat' dir='ltr'><strong>papa</strong></span> <span class='ocrx_word' id='word_1_522' title='bbox 3427 1722 3679 1796; x_wconf 82' lang='lat' dir='ltr'><strong>Gregorio</strong></span> <span class='ocrx_word' id='word_1_523' title='bbox 3716 1723 3767 1779; x_wconf 90' lang='lat' dir='ltr'><strong>in</strong></span> 
     </span>
    </p>
   </div>
   <div class='ocr_carea' id='block_1_77' title="bbox 2161 1808 3770 1884">
    <p class='ocr_par' dir='ltr' id='par_1_77' title="bbox 2161 1808 3770 1884">
     <span class='ocr_line' id='line_1_77' title="bbox 2161 1808 3770 1884; baseline 0.002 -20"><span class='ocrx_word' id='word_1_524' title='bbox 2161 1808 2423 1864; x_wconf 84' lang='lat' dir='ltr'><strong>Romana</strong></span> <span class='ocrx_word' id='word_1_525' title='bbox 2453 1810 2695 1882; x_wconf 84' lang='lat' dir='ltr'><strong>synodo,</strong></span> <span class='ocrx_word' id='word_1_526' title='bbox 2727 1814 2785 1865; x_wconf 89' lang='lat' dir='ltr'><strong>et</strong></span> <span class='ocrx_word' id='word_1_527' title='bbox 2829 1826 2863 1865; x_wconf 91' lang='lat' dir='ltr'><strong>a</strong></span> <span class='ocrx_word' id='word_1_528' title='bbox 2911 1809 3083 1866; x_wconf 89' lang='lat' dir='ltr'><strong>nobis</strong></span> <span class='ocrx_word' id='word_1_529' title='bbox 3134 1827 3324 1884; x_wconf 91' lang='lat' dir='ltr'><strong>nuper</strong></span> <span class='ocrx_word' id='word_1_530' title='bbox 3369 1811 3429 1867; x_wconf 92' lang='lat' dir='ltr'><strong>in</strong></span> <span class='ocrx_word' id='word_1_531' title='bbox 3473 1810 3770 1867; x_wconf 83' lang='lat' dir='ltr'><strong>Placentina</strong></span> 
     </span>
    </p>
   </div>
   <div class='ocr_carea' id='block_1_78' title="bbox 2161 1897 3768 1971">
    <p class='ocr_par' dir='ltr' id='par_1_78' title="bbox 2161 1897 3768 1971">
     <span class='ocr_line' id='line_1_78' title="bbox 2161 1897 3768 1971; baseline 0.002 -20"><span class='ocrx_word' id='word_1_532' title='bbox 2161 1900 2444 1952; x_wconf 87' lang='lat' dir='ltr'><strong>statutum</strong></span> <span class='ocrx_word' id='word_1_533' title='bbox 2479 1904 2586 1962; x_wconf 90' lang='lat' dir='ltr'><strong>est,</strong></span> <span class='ocrx_word' id='word_1_534' title='bbox 2613 1898 2914 1970; x_wconf 69' lang='lat' dir='ltr'><strong>praesentis</strong></span> <span class='ocrx_word' id='word_1_535' title='bbox 2949 1897 3231 1971; x_wconf 82' lang='lat' dir='ltr'><strong>privilegii</strong></span> <span class='ocrx_word' id='word_1_536' title='bbox 3259 1900 3594 1956; x_wconf 87' lang='lat' dir='ltr'><strong>auctoritate</strong></span> <span class='ocrx_word' id='word_1_537' title='bbox 3607 1901 3768 1956; x_wconf 89' lang='lat' dir='ltr'><strong>decer-</strong></span> 
     </span>
    </p>
   </div>
   <div class='ocr_carea' id='block_1_79' title="bbox 2161 1985 3768 2061">
    <p class='ocr_par' dir='ltr' id='par_1_79' title="bbox 2161 1985 3768 2061">
     <span class='ocr_line' id='line_1_79' title="bbox 2161 1985 3768 2061; baseline 0.002 -21"><span class='ocrx_word' id='word_1_538' title='bbox 2161 1985 2379 2055; x_wconf 89' lang='lat' dir='ltr'><strong>nimus,</strong></span> <span class='ocrx_word' id='word_1_539' title='bbox 2413 1990 2477 2041; x_wconf 91' lang='lat' dir='ltr'><strong>ut</strong></span> <span class='ocrx_word' id='word_1_540' title='bbox 2523 1985 2668 2041; x_wconf 91' lang='lat' dir='ltr'><strong>nulli</strong></span> <span class='ocrx_word' id='word_1_541' title='bbox 2713 1986 2790 2041; x_wconf 88' lang='lat' dir='ltr'><strong>sit</strong></span> <span class='ocrx_word' id='word_1_542' title='bbox 2821 1986 3283 2060; x_wconf 89' lang='lat' dir='ltr'><strong>archiepiscopo,</strong></span> <span class='ocrx_word' id='word_1_543' title='bbox 3319 1986 3462 2043; x_wconf 89' lang='lat' dir='ltr'><strong>nulli</strong></span> <span class='ocrx_word' id='word_1_544' title='bbox 3507 1989 3768 2061; x_wconf 85' lang='lat' dir='ltr'><strong>episcopo,</strong></span> 
     </span>
    </p>
   </div>
   <div class='ocr_carea' id='block_1_80' title="bbox 2161 2073 3766 2146">
    <p class='ocr_par' dir='ltr' id='par_1_80' title="bbox 2161 2073 3766 2146">
     <span class='ocr_line' id='line_1_80' title="bbox 2161 2073 3766 2146; baseline 0.001 -18"><span class='ocrx_word' id='word_1_545' title='bbox 2161 2073 2307 2128; x_wconf 90' lang='lat' dir='ltr'><strong>nulli</strong></span> <span class='ocrx_word' id='word_1_546' title='bbox 2361 2075 2692 2146; x_wconf 67' lang='lat' dir='ltr'><strong>apostolicae</strong></span> <span class='ocrx_word' id='word_1_547' title='bbox 2740 2075 2898 2130; x_wconf 87' lang='lat' dir='ltr'><strong>sedis</strong></span> <span class='ocrx_word' id='word_1_548' title='bbox 2944 2075 3134 2146; x_wconf 88' lang='lat' dir='ltr'><strong>legato</strong></span> <span class='ocrx_word' id='word_1_549' title='bbox 3169 2075 3438 2144; x_wconf 80' lang='lat' dir='ltr'><strong>facultas,</strong></span> <span class='ocrx_word' id='word_1_550' title='bbox 3472 2077 3590 2131; x_wconf 91' lang='lat' dir='ltr'><strong>sine</strong></span> <span class='ocrx_word' id='word_1_551' title='bbox 3639 2081 3766 2132; x_wconf 88' lang='lat' dir='ltr'><strong>certo</strong></span> 
     </span>
    </p>
   </div>
   <div class='ocr_carea' id='block_1_81' title="bbox 2162 2162 3768 2235">
    <p class='ocr_par' dir='ltr' id='par_1_81' title="bbox 2162 2162 3768 2235">
     <span class='ocr_line' id='line_1_81' title="bbox 2162 2162 3768 2235; baseline 0.001 -18"><span class='ocrx_word' id='word_1_552' title='bbox 2162 2163 2406 2218; x_wconf 82' lang='lat' dir='ltr'><strong>Romani</strong></span> <span class='ocrx_word' id='word_1_553' title='bbox 2469 2162 2761 2234; x_wconf 86' lang='lat' dir='ltr'><strong>pontificis</strong></span> <span class='ocrx_word' id='word_1_554' title='bbox 2822 2168 3125 2235; x_wconf 68' lang='lat' dir='ltr'><strong>praecepto,</strong></span> <span class='ocrx_word' id='word_1_555' title='bbox 3178 2165 3488 2220; x_wconf 84' lang='lat' dir='ltr'><strong>adversum</strong></span> <span class='ocrx_word' id='word_1_556' title='bbox 3543 2181 3636 2220; x_wconf 89' lang='lat' dir='ltr'><strong>vos</strong></span> <span class='ocrx_word' id='word_1_557' title='bbox 3686 2169 3768 2219; x_wconf 84' lang='lat' dir='ltr'><strong>aut</strong></span> 
     </span>
    </p>
   </div>
   <div class='ocr_carea' id='block_1_82' title="bbox 2158 2251 3768 2310">
    <p class='ocr_par' dir='ltr' id='par_1_82' title="bbox 2158 2251 3768 2310">
     <span class='ocr_line' id='line_1_82' title="bbox 2158 2251 3768 2310; baseline 0.001 -5"><span class='ocrx_word' id='word_1_558' title='bbox 2158 2256 2417 2306; x_wconf 90' lang='lat' dir='ltr'><strong>vestrum</strong></span> <span class='ocrx_word' id='word_1_559' title='bbox 2451 2251 2781 2307; x_wconf 60' lang='lat' dir='ltr'><strong>coenobium</strong></span> <span class='ocrx_word' id='word_1_560' title='bbox 2800 2253 3428 2310; x_wconf 80' lang='lat' dir='ltr'><strong>excommunicationis</strong></span> <span class='ocrx_word' id='word_1_561' title='bbox 3447 2257 3545 2309; x_wconf 90' lang='lat' dir='ltr'><strong>aut</strong></span> <span class='ocrx_word' id='word_1_562' title='bbox 3565 2253 3768 2308; x_wconf 86' lang='lat' dir='ltr'><strong>interdi-</strong></span> 
     </span>
    </p>
   </div>
   <div class='ocr_carea' id='block_1_83' title="bbox 2160 2339 3768 2413">
    <p class='ocr_par' dir='ltr' id='par_1_83' title="bbox 2160 2339 3768 2413">
     <span class='ocr_line' id='line_1_83' title="bbox 2160 2339 3768 2413; baseline 0 -19"><span class='ocrx_word' id='word_1_563' title='bbox 2160 2339 2370 2394; x_wconf 91' lang='lat' dir='ltr'><strong>ctionis</strong></span> <span class='ocrx_word' id='word_1_564' title='bbox 2418 2339 2671 2411; x_wconf 89' lang='lat' dir='ltr'><strong>proferre</strong></span> <span class='ocrx_word' id='word_1_565' title='bbox 2723 2339 3095 2407; x_wconf 89' lang='lat' dir='ltr'><strong>sententiam,</strong></span> <span class='ocrx_word' id='word_1_566' title='bbox 3150 2356 3342 2413; x_wconf 85' lang='lat' dir='ltr'><strong>neque</strong></span> <span class='ocrx_word' id='word_1_567' title='bbox 3389 2344 3593 2406; x_wconf 88' lang='lat' dir='ltr'><strong>vestra,</strong></span> <span class='ocrx_word' id='word_1_568' title='bbox 3633 2340 3768 2396; x_wconf 84' lang='lat' dir='ltr'><strong>vobis</strong></span> 
     </span>
    </p>
   </div>
   <div class='ocr_carea' id='block_1_84' title="bbox 2161 2427 3770 2503">
    <p class='ocr_par' dir='ltr' id='par_1_84' title="bbox 2161 2427 3770 2503">
     <span class='ocr_line' id='line_1_84' title="bbox 2161 2427 3770 2503; baseline 0.001 -21"><span class='ocrx_word' id='word_1_569' title='bbox 2161 2427 2379 2493; x_wconf 88' lang='lat' dir='ltr'><strong>invitis,</strong></span> <span class='ocrx_word' id='word_1_570' title='bbox 2402 2427 2630 2497; x_wconf 87' lang='lat' dir='ltr'><strong>judicia</strong></span> <span class='ocrx_word' id='word_1_571' title='bbox 2669 2427 2965 2484; x_wconf 86' lang='lat' dir='ltr'><strong>ventilare.</strong></span> <span class='ocrx_word' id='word_1_572' title='bbox 2999 2428 3357 2497; x_wconf 65' lang='lat' dir='ltr'><strong>Dalmaticae,</strong></span> <span class='ocrx_word' id='word_1_573' title='bbox 3390 2444 3770 2503; x_wconf 71' lang='lat' dir='ltr'><strong>compegerunt</strong></span> 
     </span>
    </p>
   </div>
   <div class='ocr_carea' id='block_1_85' title="bbox 2159 2517 3766 2588">
    <p class='ocr_par' dir='ltr' id='par_1_85' title="bbox 2159 2517 3766 2588">
     <span class='ocr_line' id='line_1_85' title="bbox 2159 2517 3766 2588; baseline -0.001 -17"><span class='ocrx_word' id='word_1_574' title='bbox 2159 2517 2598 2584; x_wconf 79' lang='lat' dir='ltr'><strong>(sandaliorum),</strong></span> <span class='ocrx_word' id='word_1_575' title='bbox 2649 2517 3089 2588; x_wconf 79' lang='lat' dir='ltr'><strong>chyrotecarum</strong></span> <span class='ocrx_word' id='word_1_576' title='bbox 3148 2522 3206 2572; x_wconf 92' lang='lat' dir='ltr'><strong>et</strong></span> <span class='ocrx_word' id='word_1_577' title='bbox 3269 2518 3454 2574; x_wconf 69' lang='lat' dir='ltr'><strong>mitra:</strong></span> <span class='ocrx_word' id='word_1_578' title='bbox 3512 2535 3670 2573; x_wconf 88' lang='lat' dir='ltr'><strong>usum</strong></span> <span class='ocrx_word' id='word_1_579' title='bbox 3719 2517 3766 2571; x_wconf 90' lang='lat' dir='ltr'><strong>in</strong></span> 
     </span>
    </p>
   </div>
   <div class='ocr_carea' id='block_1_86' title="bbox 2161 2605 3771 2678">
    <p class='ocr_par' dir='ltr' id='par_1_86' title="bbox 2161 2605 3771 2678">
     <span class='ocr_line' id='line_1_86' title="bbox 2161 2605 3771 2678; baseline 0.001 -19"><span class='ocrx_word' id='word_1_580' title='bbox 2161 2605 2576 2662; x_wconf 87' lang='lat' dir='ltr'><strong>festivitatibus</strong></span> <span class='ocrx_word' id='word_1_581' title='bbox 2605 2610 2732 2661; x_wconf 90' lang='lat' dir='ltr'><strong>octo</strong></span> <span class='ocrx_word' id='word_1_582' title='bbox 2763 2605 3094 2678; x_wconf 70' lang='lat' dir='ltr'><strong>praecipuis,</strong></span> <span class='ocrx_word' id='word_1_583' title='bbox 3131 2606 3286 2662; x_wconf 86' lang='lat' dir='ltr'><strong>sicut</strong></span> <span class='ocrx_word' id='word_1_584' title='bbox 3343 2607 3448 2664; x_wconf 92' lang='lat' dir='ltr'><strong>tibi</strong></span> <span class='ocrx_word' id='word_1_585' title='bbox 3496 2621 3771 2663; x_wconf 84' lang='lat' dir='ltr'><strong>concessus</strong></span> 
     </span>
    </p>
   </div>
   <div class='ocr_carea' id='block_1_87' title="bbox 2159 2693 3771 2767">
    <p class='ocr_par' dir='ltr' id='par_1_87' title="bbox 2159 2693 3771 2767">
     <span class='ocr_line' id='line_1_87' title="bbox 2159 2693 3771 2767; baseline -0.001 -19"><span class='ocrx_word' id='word_1_586' title='bbox 2159 2697 2266 2759; x_wconf 92' lang='lat' dir='ltr'><strong>est,</strong></span> <span class='ocrx_word' id='word_1_587' title='bbox 2303 2694 2382 2748; x_wconf 91' lang='lat' dir='ltr'><strong>ita</strong></span> <span class='ocrx_word' id='word_1_588' title='bbox 2413 2694 2530 2748; x_wconf 91' lang='lat' dir='ltr'><strong>tuis</strong></span> <span class='ocrx_word' id='word_1_589' title='bbox 2561 2710 2794 2765; x_wconf 89' lang='lat' dir='ltr'><strong>quoque</strong></span> <span class='ocrx_word' id='word_1_590' title='bbox 2826 2694 3285 2762; x_wconf 88' lang='lat' dir='ltr'><strong>successoribus,</strong></span> <span class='ocrx_word' id='word_1_591' title='bbox 3315 2712 3419 2767; x_wconf 92' lang='lat' dir='ltr'><strong>pro</strong></span> <span class='ocrx_word' id='word_1_592' title='bbox 3442 2700 3549 2752; x_wconf 73' lang='lat' dir='ltr'><strong>tute</strong></span> <span class='ocrx_word' id='word_1_593' title='bbox 3578 2693 3771 2766; x_wconf 85' lang='lat' dir='ltr'><strong>religio-</strong></span> 
     </span>
    </p>
   </div>
   <div class='ocr_carea' id='block_1_88' title="bbox 2160 2780 3769 2855">
    <p class='ocr_par' dir='ltr' id='par_1_88' title="bbox 2160 2780 3769 2855">
     <span class='ocr_line' id='line_1_88' title="bbox 2160 2780 3769 2855; baseline -0.001 -19"><span class='ocrx_word' id='word_1_594' title='bbox 2160 2782 2252 2836; x_wconf 91' lang='lat' dir='ltr'><strong>nis</strong></span> <span class='ocrx_word' id='word_1_595' title='bbox 2283 2781 2551 2853; x_wconf 88' lang='lat' dir='ltr'><strong>ampliori</strong></span> <span class='ocrx_word' id='word_1_596' title='bbox 2590 2780 2916 2849; x_wconf 88' lang='lat' dir='ltr'><strong>dilectione,</strong></span> <span class='ocrx_word' id='word_1_597' title='bbox 2961 2781 3360 2838; x_wconf 89' lang='lat' dir='ltr'><strong>concedimus.</strong></span> <span class='ocrx_word' id='word_1_598' title='bbox 3411 2783 3470 2841; x_wconf 92' lang='lat' dir='ltr'><strong>Si</strong></span> <span class='ocrx_word' id='word_1_599' title='bbox 3512 2800 3619 2855; x_wconf 88' lang='lat' dir='ltr'><strong>qua</strong></span> <span class='ocrx_word' id='word_1_600' title='bbox 3660 2798 3769 2837; x_wconf 88' lang='lat' dir='ltr'><strong>vero</strong></span> 
     </span>
    </p>
   </div>
   <div class='ocr_carea' id='block_1_89' title="bbox 2159 2867 3767 2943">
    <p class='ocr_par' dir='ltr' id='par_1_89' title="bbox 2159 2867 3767 2943">
     <span class='ocr_line' id='line_1_89' title="bbox 2159 2867 3767 2943; baseline -0.002 -19"><span class='ocrx_word' id='word_1_601' title='bbox 2159 2868 2552 2925; x_wconf 89' lang='lat' dir='ltr'><strong>ecclesiastica</strong></span> <span class='ocrx_word' id='word_1_602' title='bbox 2582 2868 2945 2925; x_wconf 68' lang='lat' dir='ltr'><strong>secularisve</strong></span> <span class='ocrx_word' id='word_1_603' title='bbox 2992 2887 3242 2942; x_wconf 88' lang='lat' dir='ltr'><strong>persona</strong></span> <span class='ocrx_word' id='word_1_604' title='bbox 3290 2870 3470 2942; x_wconf 87' lang='lat' dir='ltr'><strong>hujus</strong></span> <span class='ocrx_word' id='word_1_605' title='bbox 3517 2867 3767 2943; x_wconf 83' lang='lat' dir='ltr'><strong>privilegii</strong></span> 
     </span>
    </p>
   </div>
   <div class='ocr_carea' id='block_1_90' title="bbox 2159 2958 3766 3030">
    <p class='ocr_par' dir='ltr' id='par_1_90' title="bbox 2159 2958 3766 3030">
     <span class='ocr_line' id='line_1_90' title="bbox 2159 2958 3766 3030; baseline -0.001 -17"><span class='ocrx_word' id='word_1_606' title='bbox 2159 2958 2433 3030; x_wconf 88' lang='lat' dir='ltr'><strong>paginam</strong></span> <span class='ocrx_word' id='word_1_607' title='bbox 2467 2958 2679 3024; x_wconf 90' lang='lat' dir='ltr'><strong>sciens,</strong></span> <span class='ocrx_word' id='word_1_608' title='bbox 2699 2963 2900 3013; x_wconf 85' lang='lat' dir='ltr'><strong>contra</strong></span> <span class='ocrx_word' id='word_1_609' title='bbox 2924 2975 3054 3013; x_wconf 88' lang='lat' dir='ltr'><strong>eam</strong></span> <span class='ocrx_word' id='word_1_610' title='bbox 3086 2964 3305 3016; x_wconf 88' lang='lat' dir='ltr'><strong>temere</strong></span> <span class='ocrx_word' id='word_1_611' title='bbox 3328 2960 3520 3016; x_wconf 92' lang='lat' dir='ltr'><strong>venire</strong></span> <span class='ocrx_word' id='word_1_612' title='bbox 3546 2962 3766 3014; x_wconf 82' lang='lat' dir='ltr'><strong>tentave-</strong></span> 
     </span>
    </p>
   </div>
   <div class='ocr_carea' id='block_1_91' title="bbox 2160 3044 3766 3115">
    <p class='ocr_par' dir='ltr' id='par_1_91' title="bbox 2160 3044 3766 3115">
     <span class='ocr_line' id='line_1_91' title="bbox 2160 3044 3766 3115; baseline -0.001 -14"><span class='ocrx_word' id='word_1_613' title='bbox 2160 3047 2252 3113; x_wconf 90' lang='lat' dir='ltr'><strong>rit,</strong></span> <span class='ocrx_word' id='word_1_614' title='bbox 2283 3046 2540 3102; x_wconf 91' lang='lat' dir='ltr'><strong>secundo</strong></span> <span class='ocrx_word' id='word_1_615' title='bbox 2589 3045 2828 3101; x_wconf 91' lang='lat' dir='ltr'><strong>tertiove</strong></span> <span class='ocrx_word' id='word_1_616' title='bbox 2873 3047 3252 3115; x_wconf 89' lang='lat' dir='ltr'><strong>commonita,</strong></span> <span class='ocrx_word' id='word_1_617' title='bbox 3308 3047 3360 3104; x_wconf 92' lang='lat' dir='ltr'><strong>si</strong></span> <span class='ocrx_word' id='word_1_618' title='bbox 3409 3066 3520 3104; x_wconf 91' lang='lat' dir='ltr'><strong>non</strong></span> <span class='ocrx_word' id='word_1_619' title='bbox 3567 3044 3766 3104; x_wconf 85' lang='lat' dir='ltr'><strong>satisfa-</strong></span> 
     </span>
    </p>
   </div>
   <div class='ocr_carea' id='block_1_92' title="bbox 2157 3135 3788 3207">
    <p class='ocr_par' dir='ltr' id='par_1_92' title="bbox 2157 3135 3788 3207">
     <span class='ocr_line' id='line_1_92' title="bbox 2157 3135 3788 3207; baseline -0.001 -18"><span class='ocrx_word' id='word_1_620' title='bbox 2157 3135 2347 3190; x_wconf 91' lang='lat' dir='ltr'><strong>ctione</strong></span> <span class='ocrx_word' id='word_1_621' title='bbox 2377 3151 2637 3207; x_wconf 83' lang='lat' dir='ltr'><strong>congrua</strong></span> <span class='ocrx_word' id='word_1_622' title='bbox 2665 3135 3077 3202; x_wconf 88' lang='lat' dir='ltr'><strong>emendaverit,</strong></span> <span class='ocrx_word' id='word_1_623' title='bbox 3111 3136 3418 3207; x_wconf 88' lang='lat' dir='ltr'><strong>potestatis</strong></span> <span class='ocrx_word' id='word_1_624' title='bbox 3451 3135 3788 3205; x_wconf 86' lang='lat' dir='ltr'><strong>bonorisque&#39;</strong></span> 
     </span>
    </p>
   </div>
   <div class='ocr_carea' id='block_1_93' title="bbox 2157 3221 3766 3296">
    <p class='ocr_par' dir='ltr' id='par_1_93' title="bbox 2157 3221 3766 3296">
     <span class='ocr_line' id='line_1_93' title="bbox 2157 3221 3766 3296; baseline -0.002 -17"><span class='ocrx_word' id='word_1_625' title='bbox 2157 3224 2249 3279; x_wconf 90' lang='lat' dir='ltr'><strong>sui</strong></span> <span class='ocrx_word' id='word_1_626' title='bbox 2299 3223 2582 3296; x_wconf 86' lang='lat' dir='ltr'><strong>dignitate</strong></span> <span class='ocrx_word' id='word_1_627' title='bbox 2635 3228 2848 3289; x_wconf 89' lang='lat' dir='ltr'><strong>careat,</strong></span> <span class='ocrx_word' id='word_1_628' title='bbox 2898 3239 3176 3296; x_wconf 89' lang='lat' dir='ltr'><strong>reamque</strong></span> <span class='ocrx_word' id='word_1_629' title='bbox 3223 3241 3287 3281; x_wconf 92' lang='lat' dir='ltr'><strong>se</strong></span> <span class='ocrx_word' id='word_1_630' title='bbox 3345 3225 3534 3282; x_wconf 89' lang='lat' dir='ltr'><strong>divino</strong></span> <span class='ocrx_word' id='word_1_631' title='bbox 3570 3221 3766 3295; x_wconf 78' lang='lat' dir='ltr'><strong>judicio</strong></span> 
     </span>
    </p>
   </div>
   <div class='ocr_carea' id='block_1_94' title="bbox 2158 3311 3767 3387">
    <p class='ocr_par' dir='ltr' id='par_1_94' title="bbox 2158 3311 3767 3387">
     <span class='ocr_line' id='line_1_94' title="bbox 2158 3311 3767 3387; baseline -0.003 -19"><span class='ocrx_word' id='word_1_632' title='bbox 2158 3311 2402 3368; x_wconf 86' lang='lat' dir='ltr'><strong>existere</strong></span> <span class='ocrx_word' id='word_1_633' title='bbox 2451 3313 2522 3368; x_wconf 92' lang='lat' dir='ltr'><strong>de</strong></span> <span class='ocrx_word' id='word_1_634' title='bbox 2569 3316 2898 3384; x_wconf 88' lang='lat' dir='ltr'><strong>perpetrata</strong></span> <span class='ocrx_word' id='word_1_635' title='bbox 2943 3311 3252 3384; x_wconf 89' lang='lat' dir='ltr'><strong>iniquitate</strong></span> <span class='ocrx_word' id='word_1_636' title='bbox 3301 3316 3626 3387; x_wconf 82' lang='lat' dir='ltr'><strong>cognoscat,</strong></span> <span class='ocrx_word' id='word_1_637' title='bbox 3652 3315 3702 3366; x_wconf 90' lang='lat' dir='ltr'><strong>et</strong></span> <span class='ocrx_word' id='word_1_638' title='bbox 3738 3325 3767 3364; x_wconf 14' lang='lat' dir='ltr'><strong>ra</strong></span> 
     </span>
    </p>
   </div>
   <div class='ocr_carea' id='block_1_95' title="bbox 2158 3395 3767 3474">
    <p class='ocr_par' dir='ltr' id='par_1_95' title="bbox 2158 3395 3767 3474">
     <span class='ocr_line' id='line_1_95' title="bbox 2158 3395 3767 3474; baseline -0.003 -19"><span class='ocrx_word' id='word_1_639' title='bbox 2158 3399 2555 3456; x_wconf 89' lang='lat' dir='ltr'><strong>sacratissimo</strong></span> <span class='ocrx_word' id='word_1_640' title='bbox 2586 3417 2826 3472; x_wconf 89' lang='lat' dir='ltr'><strong>corpore</strong></span> <span class='ocrx_word' id='word_1_641' title='bbox 2857 3418 2923 3457; x_wconf 88' lang='lat' dir='ltr'><strong>ac</strong></span> <span class='ocrx_word' id='word_1_642' title='bbox 2972 3402 3258 3474; x_wconf 85' lang='lat' dir='ltr'><strong>sanguine</strong></span> <span class='ocrx_word' id='word_1_643' title='bbox 3312 3402 3413 3458; x_wconf 90' lang='lat' dir='ltr'><strong>Dei</strong></span> <span class='ocrx_word' id='word_1_644' title='bbox 3461 3406 3517 3459; x_wconf 90' lang='lat' dir='ltr'><strong>et</strong></span> <span class='ocrx_word' id='word_1_645' title='bbox 3565 3395 3767 3456; x_wconf 90' lang='lat' dir='ltr'><strong>Domini</strong></span> 
     </span>
    </p>
   </div>
   <div class='ocr_carea' id='block_1_96' title="bbox 2158 3488 3766 3563">
    <p class='ocr_par' dir='ltr' id='par_1_96' title="bbox 2158 3488 3766 3563">
     <span class='ocr_line' id='line_1_96' title="bbox 2158 3488 3766 3563; baseline -0.003 -18"><span class='ocrx_word' id='word_1_646' title='bbox 2158 3488 2342 3545; x_wconf 88' lang='lat' dir='ltr'><strong>nostri</strong></span> <span class='ocrx_word' id='word_1_647' title='bbox 2370 3489 2512 3545; x_wconf 91' lang='lat' dir='ltr'><strong>Jesu</strong></span> <span class='ocrx_word' id='word_1_648' title='bbox 2552 3488 2766 3545; x_wconf 89' lang='lat' dir='ltr'><strong>Christi</strong></span> <span class='ocrx_word' id='word_1_649' title='bbox 2817 3489 3006 3545; x_wconf 85' lang='lat' dir='ltr'><strong>aliena</strong></span> <span class='ocrx_word' id='word_1_650' title='bbox 3056 3491 3182 3556; x_wconf 88' lang='lat' dir='ltr'><strong>fiat,</strong></span> <span class='ocrx_word' id='word_1_651' title='bbox 3214 3495 3392 3563; x_wconf 90' lang='lat' dir='ltr'><strong>atque</strong></span> <span class='ocrx_word' id='word_1_652' title='bbox 3439 3491 3498 3546; x_wconf 92' lang='lat' dir='ltr'><strong>in</strong></span> <span class='ocrx_word' id='word_1_653' title='bbox 3543 3493 3766 3546; x_wconf 82' lang='lat' dir='ltr'><strong>extremo</strong></span> 
     </span>
    </p>
   </div>
   <div class='ocr_carea' id='block_1_97' title="bbox 2156 3576 3765 3650">
    <p class='ocr_par' dir='ltr' id='par_1_97' title="bbox 2156 3576 3765 3650">
     <span class='ocr_line' id='line_1_97' title="bbox 2156 3576 3765 3650; baseline -0.002 -17"><span class='ocrx_word' id='word_1_654' title='bbox 2156 3578 2422 3633; x_wconf 87' lang='lat' dir='ltr'><strong>examine</strong></span> <span class='ocrx_word' id='word_1_655' title='bbox 2451 3577 2727 3633; x_wconf 69' lang='lat' dir='ltr'><strong>districta:</strong></span> <span class='ocrx_word' id='word_1_656' title='bbox 2760 3576 2971 3634; x_wconf 91' lang='lat' dir='ltr'><strong>ultioni</strong></span> <span class='ocrx_word' id='word_1_657' title='bbox 3003 3579 3323 3650; x_wconf 79' lang='lat' dir='ltr'><strong>subjaceat.</strong></span> <span class='ocrx_word' id='word_1_658' title='bbox 3340 3577 3569 3636; x_wconf 86' lang='lat' dir='ltr'><strong>Cunctis</strong></span> <span class='ocrx_word' id='word_1_659' title='bbox 3596 3580 3765 3632; x_wconf 82' lang='lat' dir='ltr'><strong>autem</strong></span> 
     </span>
    </p>
   </div>
   <div class='ocr_carea' id='block_1_98' title="bbox 2156 3661 3764 3740">
    <p class='ocr_par' dir='ltr' id='par_1_98' title="bbox 2156 3661 3764 3740">
     <span class='ocr_line' id='line_1_98' title="bbox 2156 3661 3764 3740; baseline -0.003 -18"><span class='ocrx_word' id='word_1_660' title='bbox 2156 3667 2345 3723; x_wconf 91' lang='lat' dir='ltr'><strong>eidem</strong></span> <span class='ocrx_word' id='word_1_661' title='bbox 2371 3665 2496 3722; x_wconf 91' lang='lat' dir='ltr'><strong>loco</strong></span> <span class='ocrx_word' id='word_1_662' title='bbox 2520 3668 2689 3738; x_wconf 86' lang='lat' dir='ltr'><strong>justa</strong></span> <span class='ocrx_word' id='word_1_663' title='bbox 2718 3666 3087 3724; x_wconf 87' lang='lat' dir='ltr'><strong>servantibus</strong></span> <span class='ocrx_word' id='word_1_664' title='bbox 3119 3669 3196 3724; x_wconf 90' lang='lat' dir='ltr'><strong>sit</strong></span> <span class='ocrx_word' id='word_1_665' title='bbox 3223 3685 3337 3740; x_wconf 82' lang='lat' dir='ltr'><strong>pax</strong></span> <span class='ocrx_word' id='word_1_666' title='bbox 3352 3667 3580 3725; x_wconf 90' lang='lat' dir='ltr'><strong>Domini</strong></span> <span class='ocrx_word' id='word_1_667' title='bbox 3607 3661 3764 3722; x_wconf 87' lang='lat' dir='ltr'><strong>nostri</strong></span> 
     </span>
    </p>
   </div>
   <div class='ocr_carea' id='block_1_99' title="bbox 2153 3755 2794 3812">
    <p class='ocr_par' dir='ltr' id='par_1_99' title="bbox 2153 3755 2794 3812">
     <span class='ocr_line' id='line_1_99' title="bbox 2153 3755 2794 3812; baseline -0.003 0"><span class='ocrx_word' id='word_1_668' title='bbox 2153 3757 2185 3812; x_wconf 92' lang='lat' dir='ltr'><strong>J</strong></span> <span class='ocrx_word' id='word_1_669' title='bbox 2193 3773 2296 3812; x_wconf 90' lang='lat' dir='ltr'><strong>esu</strong></span> <span class='ocrx_word' id='word_1_670' title='bbox 2329 3755 2564 3811; x_wconf 91' lang='lat' dir='ltr'><strong>Christi.</strong></span> <span class='ocrx_word' id='word_1_671' title='bbox 2591 3757 2794 3811; x_wconf 84' lang='lat' dir='ltr'><strong>Amen.</strong></span> 
     </span>
    </p>
   </div>
   <div class='ocr_carea' id='block_1_100' title="bbox 2228 3843 3762 3916">
    <p class='ocr_par' dir='ltr' id='par_1_100' title="bbox 2228 3843 3762 3916">
     <span class='ocr_line' id='line_1_100' title="bbox 2228 3843 3762 3916; baseline -0.004 -16"><span class='ocrx_word' id='word_1_672' title='bbox 2228 3845 2439 3900; x_wconf 89' lang='lat' dir='ltr'><strong>Datum</strong></span> <span class='ocrx_word' id='word_1_673' title='bbox 2490 3843 2791 3900; x_wconf 75' lang='lat' dir='ltr'><strong>Placentiae</strong></span> <span class='ocrx_word' id='word_1_674' title='bbox 2843 3861 2945 3916; x_wconf 87' lang='lat' dir='ltr'><strong>per</strong></span> <span class='ocrx_word' id='word_1_675' title='bbox 2995 3861 3236 3901; x_wconf 88' lang='lat' dir='ltr'><strong>manum</strong></span> <span class='ocrx_word' id='word_1_676' title='bbox 3281 3845 3542 3910; x_wconf 90' lang='lat' dir='ltr'><strong>Joannis,</strong></span> <span class='ocrx_word' id='word_1_677' title='bbox 3582 3843 3762 3899; x_wconf 72' lang='lat' dir='ltr'><strong>sancte</strong></span> 
     </span>
    </p>
   </div>
   <div class='ocr_carea' id='block_1_101' title="bbox 2159 3927 3761 4000">
    <p class='ocr_par' dir='ltr' id='par_1_101' title="bbox 2159 3927 3761 4000">
     <span class='ocr_line' id='line_1_101' title="bbox 2159 3927 3761 4000; baseline -0.004 -12"><span class='ocrx_word' id='word_1_678' title='bbox 2159 3932 2432 3988; x_wconf 71' lang='lat' dir='ltr'><strong>Romanae</strong></span> <span class='ocrx_word' id='word_1_679' title='bbox 2467 3930 2728 3987; x_wconf 82' lang='lat' dir='ltr'><strong>Ecclesiae</strong></span> <span class='ocrx_word' id='word_1_680' title='bbox 2760 3931 2990 3988; x_wconf 89' lang='lat' dir='ltr'><strong>diaconi</strong></span> <span class='ocrx_word' id='word_1_681' title='bbox 3029 3933 3366 4000; x_wconf 89' lang='lat' dir='ltr'><strong>cardinalis,</strong></span> <span class='ocrx_word' id='word_1_682' title='bbox 3413 3950 3524 3989; x_wconf 83' lang='lat' dir='ltr'><strong>xvn</strong></span> <span class='ocrx_word' id='word_1_683' title='bbox 3554 3927 3761 3987; x_wconf 87' lang='lat' dir='ltr'><strong>Kalend.</strong></span> 
     </span>
    </p>
   </div>
   <div class='ocr_carea' id='block_1_102' title="bbox 2155 4013 3761 4092">
    <p class='ocr_par' dir='ltr' id='par_1_102' title="bbox 2155 4013 3761 4092">
     <span class='ocr_line' id='line_1_102' title="bbox 2155 4013 3761 4092; baseline -0.005 -17"><span class='ocrx_word' id='word_1_684' title='bbox 2155 4018 2362 4092; x_wconf 86' lang='lat' dir='ltr'><strong>April.,</strong></span> <span class='ocrx_word' id='word_1_685' title='bbox 2398 4019 2770 4092; x_wconf 85' lang='lat' dir='ltr'><strong>pontificatus</strong></span> <span class='ocrx_word' id='word_1_686' title='bbox 2813 4025 3009 4078; x_wconf 90' lang='lat' dir='ltr'><strong>autem</strong></span> <span class='ocrx_word' id='word_1_687' title='bbox 3041 4021 3242 4078; x_wconf 89' lang='lat' dir='ltr'><strong>domni</strong></span> <span class='ocrx_word' id='word_1_688' title='bbox 3293 4020 3504 4077; x_wconf 90' lang='lat' dir='ltr'><strong>Urbani</strong></span> <span class='ocrx_word' id='word_1_689' title='bbox 3552 4013 3761 4075; x_wconf 82' lang='lat' dir='ltr'><strong>secundi</strong></span> 
     </span>
    </p>
   </div>
   <div class='ocr_carea' id='block_1_103' title="bbox 2157 4123 2656 4181">
    <p class='ocr_par' dir='ltr' id='par_1_103' title="bbox 2157 4123 2656 4181">
     <span class='ocr_line' id='line_1_103' title="bbox 2157 4123 2656 4181; baseline -0.002 -16"><span class='ocrx_word' id='word_1_690' title='bbox 2157 4123 2320 4181; x_wconf 70' lang='lat' dir='ltr'><strong>papae</strong></span> <span class='ocrx_word' id='word_1_691' title='bbox 2353 4127 2505 4165; x_wconf 88' lang='lat' dir='ltr'><strong>anno</strong></span> <span class='ocrx_word' id='word_1_692' title='bbox 2536 4126 2656 4164; x_wconf 84' lang='lat' dir='ltr'><strong>vm.</strong></span> 
     </span>
    </p>
   </div>
   <div class='ocr_carea' id='block_1_104' title="bbox 2809 4233 3142 4291">
    <p class='ocr_par' dir='ltr' id='par_1_104' title="bbox 2809 4233 3142 4291">
     <span class='ocr_line' id='line_1_104' title="bbox 2809 4233 3142 4291; baseline 0.003 -1"><span class='ocrx_word' id='word_1_693' title='bbox 2809 4233 3142 4291; x_wconf 77' lang='lat' dir='ltr'><strong>CXXXVIII.</strong></span> 
     </span>
    </p>
   </div>
   <div class='ocr_carea' id='block_1_105' title="bbox 2157 4313 3766 4450">
    <p class='ocr_par' dir='ltr' id='par_1_105' title="bbox 2157 4313 3766 4450">
     <span class='ocr_line' id='line_1_105' title="bbox 2157 4313 3766 4450; baseline -0.004 -73"><span class='ocrx_word' id='word_1_694' title='bbox 2157 4323 2520 4391; x_wconf 75' lang='lat' dir='ltr'><strong>Privitegium</strong></span> <span class='ocrx_word' id='word_1_695' title='bbox 2552 4324 2758 4380; x_wconf 79' lang='lat' dir='ltr'><strong>Urbani</strong></span> <span class='ocrx_word' id='word_1_696' title='bbox 2781 4339 2937 4448; x_wconf 59' lang='grc' dir='ltr'><strong>ριὲρκ</strong></span> <span class='ocrx_word' id='word_1_697' title='bbox 2973 4326 3170 4450; x_wconf 61' lang='grc' dir='ltr'><strong>μηρνο</strong></span> <span class='ocrx_word' id='word_1_698' title='bbox 3201 4324 3425 4380; x_wconf 74' lang='lat' dir='ltr'><strong>ecclesia</strong></span> <span class='ocrx_word' id='word_1_699' title='bbox 3473 4323 3524 4378; x_wconf 92' lang='lat' dir='ltr'><strong>S.</strong></span> <span class='ocrx_word' id='word_1_700' title='bbox 3554 4318 3691 4374; x_wconf 75' lang='lat' dir='ltr'><strong>Petri</strong></span> <span class='ocrx_word' id='word_1_701' title='bbox 3715 4313 3766 4369; x_wconf 75' lang='lat' dir='ltr'><strong>de</strong></span> 
     </span>
     <span class='ocr_line' id='line_1_106' title="bbox 2871 4412 3127 4450; baseline 0 0"><span class='ocrx_word' id='word_1_702' title='bbox 2871 4412 2968 4450; x_wconf 77' lang='lat' dir='ltr'><strong>uas</strong></span> <span class='ocrx_word' id='word_1_703' title='bbox 2994 4412 3027 4450; x_wconf 62' lang='grc' dir='ltr'><strong>αι</strong></span> <span class='ocrx_word' id='word_1_704' title='bbox 3075 4413 3127 4450; x_wconf 94' lang='lat' dir='ltr'><strong>a.</strong></span> 
     </span>
    </p>
   </div>
   <div class='ocr_carea' id='block_1_106' title="bbox 2871 4412 3127 4451">
    <p class='ocr_par' dir='ltr' id='par_1_106' title="bbox 2871 4412 3127 4451">
     <span class='ocr_line' id='line_1_107' title="bbox 2871 4412 3127 4451; baseline 0 -2"><span class='ocrx_word' id='word_1_705' title='bbox 2871 4412 3127 4451; x_wconf 75' lang='lat' dir='ltr'><strong>uasmua.</strong></span> 
     </span>
    </p>
   </div>
   <div class='ocr_carea' id='block_1_107' title="bbox 2784 4509 3185 4582">
    <p class='ocr_par' dir='ltr' id='par_1_107' title="bbox 2784 4509 3185 4582">
     <span class='ocr_line' id='line_1_108' title="bbox 2784 4509 3185 4582; baseline 0 -18"><span class='ocrx_word' id='word_1_706' title='bbox 2784 4509 2968 4582; x_wconf 90' lang='lat' dir='ltr'><strong>(Anno</strong></span> <span class='ocrx_word' id='word_1_707' title='bbox 3004 4511 3185 4582; x_wconf 82' lang='grc'><strong>1095.)</strong></span> 
     </span>
    </p>
   </div>
   <div class='ocr_carea' id='block_1_108' title="bbox 2271 4619 3675 4694">
    <p class='ocr_par' dir='ltr' id='par_1_108' title="bbox 2271 4619 3675 4694">
     <span class='ocr_line' id='line_1_109' title="bbox 2271 4619 3675 4694; baseline 0.002 -16"><span class='ocrx_word' id='word_1_708' title='bbox 2271 4626 2463 4694; x_wconf 71' lang='lat' dir='ltr'><strong>[Asx-‘0,</strong></span> <span class='ocrx_word' id='word_1_709' title='bbox 2496 4626 2694 4680; x_wconf 77' lang='lat' dir='ltr'><strong>lstoria</strong></span> <span class='ocrx_word' id='word_1_710' title='bbox 2721 4625 2866 4681; x_wconf 73' lang='lat' dir='ltr'><strong>delia</strong></span> <span class='ocrx_word' id='word_1_711' title='bbox 2886 4628 3018 4681; x_wconf 72' lang='grc' dir='ltr'><strong>α’ἰιὰ</strong></span> <span class='ocrx_word' id='word_1_712' title='bbox 3045 4642 3074 4681; x_wconf 78' lang='lat' dir='ltr'><strong>e</strong></span> <span class='ocrx_word' id='word_1_713' title='bbox 3092 4625 3282 4682; x_wconf 74' lang='lat' dir='ltr'><strong>ducam</strong></span> <span class='ocrx_word' id='word_1_714' title='bbox 3311 4625 3368 4680; x_wconf 79' lang='lat' dir='ltr'><strong>di</strong></span> <span class='ocrx_word' id='word_1_715' title='bbox 3394 4619 3675 4694; x_wconf 23' lang='lat' dir='ltr'><strong>Guaatalla‘,</strong></span> 
     </span>
    </p>
   </div>
   <div class='ocr_carea' id='block_1_109' title="bbox 2431 4693 3536 4769">
    <p class='ocr_par' dir='ltr' id='par_1_109' title="bbox 2431 4693 3536 4769">
     <span class='ocr_line' id='line_1_110' title="bbox 2431 4693 3536 4769; baseline -0.004 -18"><span class='ocrx_word' id='word_1_716' title='bbox 2431 4695 2730 4751; x_wconf 86' lang='lat' dir='ltr'><strong>Guastalla</strong></span> <span class='ocrx_word' id='word_1_717' title='bbox 2757 4697 2916 4765; x_wconf 81' lang='lat' dir='ltr'><strong>i785,</strong></span> <span class='ocrx_word' id='word_1_718' title='bbox 2948 4697 3110 4764; x_wconf 68' lang='lat' dir='ltr'><strong>in--’i°,</strong></span> <span class='ocrx_word' id='word_1_719' title='bbox 3143 4701 3185 4753; x_wconf 92' lang='lat' dir='ltr'><strong>t.</strong></span> <span class='ocrx_word' id='word_1_720' title='bbox 3230 4697 3272 4762; x_wconf 85' lang='grc' dir='ltr'><strong>Ι,</strong></span> <span class='ocrx_word' id='word_1_721' title='bbox 3301 4714 3358 4769; x_wconf 82' lang='grc' dir='ltr'><strong>ρ.</strong></span> <span class='ocrx_word' id='word_1_722' title='bbox 3393 4693 3536 4763; x_wconf 85' lang='grc'><strong>325.]</strong></span> 
     </span>
    </p>
   </div>
   <div class='ocr_carea' id='block_1_110' title="bbox 2238 4805 3763 4901">
    <p class='ocr_par' dir='ltr' id='par_1_110' title="bbox 2238 4805 3763 4901">
     <span class='ocr_line' id='line_1_111' title="bbox 2238 4805 3763 4901; baseline -0.009 -27"><span class='ocrx_word' id='word_1_723' title='bbox 2238 4820 2513 4876; x_wconf 72' lang='grc' dir='ltr'><strong>υιιΒΑΝυε</strong></span> <span class='ocrx_word' id='word_1_724' title='bbox 2543 4821 3086 4892; x_wconf 90' lang='lat' dir='ltr'><strong>episcopus,servus</strong></span> <span class='ocrx_word' id='word_1_725' title='bbox 3119 4837 3416 4878; x_wconf 88' lang='lat' dir='ltr'><strong>servorum</strong></span> <span class='ocrx_word' id='word_1_726' title='bbox 3437 4815 3552 4882; x_wconf 88' lang='lat' dir='ltr'><strong>Dei,</strong></span> <span class='ocrx_word' id='word_1_727' title='bbox 3569 4805 3763 4901; x_wconf 70' lang='lat' dir='ltr'><strong>dilectis</strong></span> 
     </span>
    </p>
   </div>
   <div class='ocr_carea' id='block_1_111' title="bbox 2165 4898 3763 4983">
    <p class='ocr_par' dir='ltr' id='par_1_111' title="bbox 2165 4898 3763 4983">
     <span class='ocr_line' id='line_1_112' title="bbox 2165 4898 3763 4983; baseline -0.008 -19"><span class='ocrx_word' id='word_1_728' title='bbox 2165 4908 2302 4964; x_wconf 80' lang='lat' dir='ltr'><strong>ﬁliis</strong></span> <span class='ocrx_word' id='word_1_729' title='bbox 2333 4910 2607 4978; x_wconf 66' lang='lat' dir='ltr'><strong>Asnam,</strong></span> <span class='ocrx_word' id='word_1_730' title='bbox 2640 4909 3142 4983; x_wconf 89' lang='lat' dir='ltr'><strong>archipresbytero</strong></span> <span class='ocrx_word' id='word_1_731' title='bbox 3167 4907 3432 4967; x_wconf 62' lang='lat' dir='ltr'><strong>Ecclesia</strong></span> <span class='ocrx_word' id='word_1_732' title='bbox 3459 4902 3614 4962; x_wconf 85' lang='lat' dir='ltr'><strong>Beati</strong></span> <span class='ocrx_word' id='word_1_733' title='bbox 3637 4898 3763 4954; x_wconf 79' lang='lat' dir='ltr'><strong>Petri</strong></span> 
     </span>
    </p>
   </div>
   <div class='ocr_carea' id='block_1_112' title="bbox 2164 4985 3763 5078">
    <p class='ocr_par' dir='ltr' id='par_1_112' title="bbox 2164 4985 3763 5078">
     <span class='ocr_line' id='line_1_113' title="bbox 2164 4985 3763 5078; baseline 0 -26"><span class='ocrx_word' id='word_1_734' title='bbox 2164 5015 2291 5069; x_wconf 71' lang='lat' dir='ltr'><strong>quis</strong></span> <span class='ocrx_word' id='word_1_735' title='bbox 2323 4998 2382 5053; x_wconf 91' lang='lat' dir='ltr'><strong>in</strong></span> <span class='ocrx_word' id='word_1_736' title='bbox 2413 4997 2810 5054; x_wconf 87' lang='lat' dir='ltr'><strong>Guastallensi</strong></span> <span class='ocrx_word' id='word_1_737' title='bbox 2842 5015 2989 5072; x_wconf 81' lang='lat' dir='ltr'><strong>pago</strong></span> <span class='ocrx_word' id='word_1_738' title='bbox 3020 4998 3133 5056; x_wconf 90' lang='lat' dir='ltr'><strong>sita</strong></span> <span class='ocrx_word' id='word_1_739' title='bbox 3156 4999 3509 5070; x_wconf 86' lang='lat' dir='ltr'><strong>est,ejusque</strong></span> <span class='ocrx_word' id='word_1_740' title='bbox 3526 4985 3763 5078; x_wconf 48' lang='grc' dir='ltr'><strong>ἰηιιξίῢξξε</strong></span> 
     </span>
    </p>
   </div>
   <div class='ocr_carea' id='block_1_113' title="bbox 2163 5075 3762 5159">
    <p class='ocr_par' dir='ltr' id='par_1_113' title="bbox 2163 5075 3762 5159">
     <span class='ocr_line' id='line_1_114' title="bbox 2163 5075 3762 5159; baseline -0.013 -16"><span class='ocrx_word' id='word_1_741' title='bbox 2163 5091 2283 5142; x_wconf 89' lang='lat' dir='ltr'><strong>tam</strong></span> <span class='ocrx_word' id='word_1_742' title='bbox 2336 5087 2724 5158; x_wconf 64' lang='lat' dir='ltr'><strong>prtesentibus</strong></span> <span class='ocrx_word' id='word_1_743' title='bbox 2774 5104 2953 5159; x_wconf 86' lang='lat' dir='ltr'><strong>quam</strong></span> <span class='ocrx_word' id='word_1_744' title='bbox 3005 5088 3217 5144; x_wconf 87' lang='lat' dir='ltr'><strong>futuris</strong></span> <span class='ocrx_word' id='word_1_745' title='bbox 3265 5083 3533 5144; x_wconf 86' lang='lat' dir='ltr'><strong>canonice</strong></span> <span class='ocrx_word' id='word_1_746' title='bbox 3575 5075 3762 5136; x_wconf 80' lang='lat' dir='ltr'><strong>substi-</strong></span> 
     </span>
    </p>
   </div>
   <div class='ocr_carea' id='block_1_114' title="bbox 2165 5175 3702 5256">
    <p class='ocr_par' dir='ltr' id='par_1_114' title="bbox 2165 5175 3702 5256">
     <span class='ocr_line' id='line_1_115' title="bbox 2165 5175 3702 5256; baseline 0.003 -25"><span class='ocrx_word' id='word_1_747' title='bbox 2165 5176 2398 5232; x_wconf 90' lang='lat' dir='ltr'><strong>tuendis</strong></span> <span class='ocrx_word' id='word_1_748' title='bbox 2424 5175 2483 5230; x_wconf 90' lang='lat' dir='ltr'><strong>in</strong></span> <span class='ocrx_word' id='word_1_749' title='bbox 2515 5181 2886 5247; x_wconf 87' lang='lat' dir='ltr'><strong>perpetuum.</strong></span> <span class='ocrx_word' id='word_1_750' title='bbox 3675 5247 3702 5256; x_wconf 24' lang='grc' dir='ltr'><strong>Δ,</strong></span> 
     </span>
    </p>
   </div>
   <div class='ocr_carea' id='block_1_115' title="bbox 2232 5252 3759 5336">
    <p class='ocr_par' dir='ltr' id='par_1_115' title="bbox 2232 5252 3759 5336">
     <span class='ocr_line' id='line_1_116' title="bbox 2232 5252 3759 5336; baseline -0.014 -16"><span class='ocrx_word' id='word_1_751' title='bbox 2232 5264 2264 5320; x_wconf 90' lang='lat' dir='ltr'><strong>J</strong></span> <span class='ocrx_word' id='word_1_752' title='bbox 2273 5263 2422 5320; x_wconf 90' lang='lat' dir='ltr'><strong>ustis</strong></span> <span class='ocrx_word' id='word_1_753' title='bbox 2453 5264 2604 5320; x_wconf 90' lang='lat' dir='ltr'><strong>votis</strong></span> <span class='ocrx_word' id='word_1_754' title='bbox 2635 5280 2948 5320; x_wconf 87' lang='lat' dir='ltr'><strong>assensum</strong></span> <span class='ocrx_word' id='word_1_755' title='bbox 2978 5263 3282 5336; x_wconf 89' lang='lat' dir='ltr'><strong>perhibere</strong></span> <span class='ocrx_word' id='word_1_756' title='bbox 3301 5260 3586 5335; x_wconf 85' lang='lat' dir='ltr'><strong>justisque</strong></span> <span class='ocrx_word' id='word_1_757' title='bbox 3605 5252 3759 5336; x_wconf 80' lang='lat' dir='ltr'><strong>petio-</strong></span> 
     </span>
    </p>
   </div>
   <div class='ocr_carea' id='block_1_116' title="bbox 2164 5333 3760 5430">
    <p class='ocr_par' dir='ltr' id='par_1_116' title="bbox 2164 5333 3760 5430">
     <span class='ocr_line' id='line_1_117' title="bbox 2164 5333 3760 5430; baseline -0.003 -22"><span class='ocrx_word' id='word_1_758' title='bbox 2164 5351 2338 5409; x_wconf 91' lang='lat' dir='ltr'><strong>nibus</strong></span> <span class='ocrx_word' id='word_1_759' title='bbox 2369 5369 2539 5408; x_wconf 88' lang='lat' dir='ltr'><strong>aures</strong></span> <span class='ocrx_word' id='word_1_760' title='bbox 2568 5353 3011 5410; x_wconf 88' lang='lat' dir='ltr'><strong>accommodare</strong></span> <span class='ocrx_word' id='word_1_761' title='bbox 3043 5370 3149 5409; x_wconf 92' lang='lat' dir='ltr'><strong>nos</strong></span> <span class='ocrx_word' id='word_1_762' title='bbox 3192 5350 3478 5417; x_wconf 91' lang='lat' dir='ltr'><strong>convenit,</strong></span> <span class='ocrx_word' id='word_1_763' title='bbox 3509 5342 3622 5417; x_wconf 72' lang='lat' dir='ltr'><strong>qui.</strong></span> <span class='ocrx_word' id='word_1_764' title='bbox 3643 5333 3760 5430; x_wconf 38' lang='lat' dir='ltr'><strong>lic.“</strong></span> 
     </span>
    </p>
   </div>
   <div class='ocr_carea' id='block_1_117' title="bbox 2164 5425 3759 5514">
    <p class='ocr_par' dir='ltr' id='par_1_117' title="bbox 2164 5425 3759 5514">
     <span class='ocr_line' id='line_1_118' title="bbox 2164 5425 3759 5514; baseline -0.008 -18"><span class='ocrx_word' id='word_1_765' title='bbox 2164 5441 2658 5514; x_wconf 63' lang='lat' dir='ltr'><strong>indigniJustitize</strong></span> <span class='ocrx_word' id='word_1_766' title='bbox 2673 5441 2945 5497; x_wconf 91' lang='lat' dir='ltr'><strong>custodes</strong></span> <span class='ocrx_word' id='word_1_767' title='bbox 2970 5446 3146 5514; x_wconf 88' lang='lat' dir='ltr'><strong>atque</strong></span> <span class='ocrx_word' id='word_1_768' title='bbox 3164 5455 3454 5514; x_wconf 68' lang='lat' dir='ltr'><strong>pracones</strong></span> <span class='ocrx_word' id='word_1_769' title='bbox 3473 5437 3526 5491; x_wconf 92' lang='lat' dir='ltr'><strong>in</strong></span> <span class='ocrx_word' id='word_1_770' title='bbox 3544 5425 3759 5514; x_wconf 56' lang='lat' dir='ltr'><strong>Ecclefill</strong></span> 
     </span>
    </p>
   </div>
   <div class='ocr_carea' id='block_1_118' title="bbox 2165 5511 3757 5604">
    <p class='ocr_par' dir='ltr' id='par_1_118' title="bbox 2165 5511 3757 5604">
     <span class='ocr_line' id='line_1_119' title="bbox 2165 5511 3757 5604; baseline -0.006 -19"><span class='ocrx_word' id='word_1_771' title='bbox 2165 5511 2561 5604; x_wconf 64' lang='lat' dir='ltr'><strong>apostolOrum</strong></span> <span class='ocrx_word' id='word_1_772' title='bbox 2593 5529 2926 5602; x_wconf 89' lang='lat' dir='ltr'><strong>principum</strong></span> <span class='ocrx_word' id='word_1_773' title='bbox 2957 5511 3108 5588; x_wconf 45' lang='lat' dir='ltr'><strong>Pet—ri</strong></span> <span class='ocrx_word' id='word_1_774' title='bbox 3133 5511 3189 5588; x_wconf 76' lang='lat' dir='ltr'><strong>et</strong></span> <span class='ocrx_word' id='word_1_775' title='bbox 3219 5528 3378 5587; x_wconf 88' lang='lat' dir='ltr'><strong>Pauli</strong></span> <span class='ocrx_word' id='word_1_776' title='bbox 3425 5518 3641 5598; x_wconf 89' lang='lat' dir='ltr'><strong>specula</strong></span> 
     </span>
    </p>
   </div>
   <div class='ocr_carea' id='block_1_119' title="bbox 2166 5593 3756 5689">
    <p class='ocr_par' dir='ltr' id='par_1_119' title="bbox 2166 5593 3756 5689">
     <span class='ocr_line' id='line_1_120' title="bbox 2166 5593 3756 5689; baseline -0.011 -13"><span class='ocrx_word' id='word_1_777' title='bbox 2166 5593 2326 5676; x_wconf 77' lang='lat' dir='ltr'><strong>mino</strong></span> <span class='ocrx_word' id='word_1_778' title='bbox 2357 5593 2704 5689; x_wconf 46' lang='lat' dir='ltr'><strong>dispone-nte</strong></span> <span class='ocrx_word' id='word_1_779' title='bbox 2732 5593 3000 5677; x_wconf 72' lang='lat' dir='ltr'><strong>videmur</strong></span> <span class='ocrx_word' id='word_1_780' title='bbox 3028 5619 3294 5678; x_wconf 78' lang='lat' dir='ltr'><strong>existere.</strong></span> <span class='ocrx_word' id='word_1_781' title='bbox 3325 5593 3680 5686; x_wconf 77' lang='lat' dir='ltr'><strong>Quapropter,</strong></span> <span class='ocrx_word' id='word_1_782' title='bbox 3692 5593 3756 5651; x_wconf 75' lang='lat' dir='ltr'><strong>ﬁli</strong></span> 
     </span>
    </p>
   </div>
  </div>
