  <div class='ocr_page' id='page_1' title='image "/cluster/home/n/w/nwhite01/storage/ocr_20150623/151/uva.x000829795/230.png"; bbox 0 0 3928 6208; ppageno 0'>
   <div class='ocr_carea' id='block_1_1' title="bbox 120 296 257 369">
    <p class='ocr_par' dir='ltr' id='par_1_1' title="bbox 120 296 257 369">
     <span class='ocr_line' id='line_1_1' title="bbox 120 296 257 369; baseline 0 -1"><span class='ocrx_word' id='word_1_1' title='bbox 120 296 257 369; x_wconf 59' lang='grc' dir='ltr'>ιω</span> 
     </span>
    </p>
   </div>
   <div class='ocr_carea' id='block_1_2' title="bbox 1317 293 2379 365">
    <p class='ocr_par' dir='ltr' id='par_1_2' title="bbox 1317 293 2379 365">
     <span class='ocr_line' id='line_1_2' title="bbox 1317 293 2379 365; baseline 0 -2"><span class='ocrx_word' id='word_1_2' title='bbox 1317 294 1727 365; x_wconf 67' lang='lat' dir='ltr'>EPISTOLE</span> <span class='ocrx_word' id='word_1_3' title='bbox 1767 294 1868 365; x_wconf 83' lang='lat' dir='ltr'><strong>ET</strong></span> <span class='ocrx_word' id='word_1_4' title='bbox 1912 293 2379 365; x_wconf 73' lang='lat' dir='ltr'>PRIVILEGIA.</span> 
     </span>
    </p>
   </div>
   <div class='ocr_carea' id='block_1_3' title="bbox 3428 301 3552 366">
    <p class='ocr_par' dir='ltr' id='par_1_3' title="bbox 3428 301 3552 366">
     <span class='ocr_line' id='line_1_3' title="bbox 3428 301 3552 366; baseline -0.016 0"><span class='ocrx_word' id='word_1_5' title='bbox 3428 301 3552 366; x_wconf 68' lang='grc' dir='ltr'>ιιι</span> 
     </span>
    </p>
   </div>
   <div class='ocr_carea' id='block_1_4' title="bbox 129 431 3552 508">
    <p class='ocr_par' dir='ltr' id='par_1_4' title="bbox 129 431 3552 508">
     <span class='ocr_line' id='line_1_4' title="bbox 129 431 3552 508; baseline -0.001 -11"><span class='ocrx_word' id='word_1_6' title='bbox 129 438 194 497; x_wconf 88' lang='lat' dir='ltr'>in</span> <span class='ocrx_word' id='word_1_7' title='bbox 220 436 455 496; x_wconf 82' lang='lat' dir='ltr'>Christo</span> <span class='ocrx_word' id='word_1_8' title='bbox 484 433 840 494; x_wconf 89' lang='lat' dir='ltr'>charissime</span> <span class='ocrx_word' id='word_1_9' title='bbox 867 433 1117 503; x_wconf 88' lang='lat' dir='ltr'>Andrea,</span> <span class='ocrx_word' id='word_1_10' title='bbox 1151 432 1477 490; x_wconf 78' lang='lat' dir='ltr'>devotionis</span> <span class='ocrx_word' id='word_1_11' title='bbox 1507 438 1618 490; x_wconf 76' lang='lat' dir='ltr'>tuae</span> <span class='ocrx_word' id='word_1_12' title='bbox 1664 452 1791 508; x_wconf 90' lang='lat' dir='ltr'>pre-</span> <span class='ocrx_word' id='word_1_13' title='bbox 1822 435 1877 503; x_wconf 73' lang='grc' dir='ltr'><strong>Α</strong></span> <span class='ocrx_word' id='word_1_14' title='bbox 1906 433 2471 505; x_wconf 87' lang='lat' dir='ltr'>subjaceat.Cunctis</span> <span class='ocrx_word' id='word_1_15' title='bbox 2503 437 2699 491; x_wconf 89' lang='lat' dir='ltr'>autem</span> <span class='ocrx_word' id='word_1_16' title='bbox 2728 431 3241 506; x_wconf 86' lang='lat' dir='ltr'>eidemloco,justa</span> <span class='ocrx_word' id='word_1_17' title='bbox 3270 436 3552 494; x_wconf 85' lang='lat' dir='ltr'>servanti-</span> 
     </span>
    </p>
   </div>
   <div class='ocr_carea' id='block_1_5' title="bbox 129 522 1793 596">
    <p class='ocr_par' dir='ltr' id='par_1_5' title="bbox 129 522 1793 596">
     <span class='ocr_line' id='line_1_5' title="bbox 129 522 1793 596; baseline -0.004 -11"><span class='ocrx_word' id='word_1_18' title='bbox 129 529 301 586; x_wconf 82' lang='lat' dir='ltr'>cibus</span> <span class='ocrx_word' id='word_1_19' title='bbox 329 530 688 595; x_wconf 86' lang='lat' dir='ltr'>annuentes,</span> <span class='ocrx_word' id='word_1_20' title='bbox 716 523 872 581; x_wconf 80' lang='lat' dir='ltr'>beati</span> <span class='ocrx_word' id='word_1_21' title='bbox 914 523 1065 580; x_wconf 87' lang='lat' dir='ltr'>Petri</span> <span class='ocrx_word' id='word_1_22' title='bbox 1107 522 1374 596; x_wconf 83' lang='lat' dir='ltr'>apostoli,</span> <span class='ocrx_word' id='word_1_23' title='bbox 1404 524 1498 579; x_wconf 92' lang='lat' dir='ltr'>cui</span> <span class='ocrx_word' id='word_1_24' title='bbox 1548 524 1793 581; x_wconf 92' lang='lat' dir='ltr'>Domino</span> 
     </span>
    </p>
   </div>
   <div class='ocr_carea' id='block_1_6' title="bbox 130 611 1832 689">
    <p class='ocr_par' dir='ltr' id='par_1_6' title="bbox 130 611 1832 689">
     <span class='ocr_line' id='line_1_6' title="bbox 130 611 1832 689; baseline -0.005 -14"><span class='ocrx_word' id='word_1_25' title='bbox 130 622 372 675; x_wconf 85' lang='lat' dir='ltr'>auctore</span> <span class='ocrx_word' id='word_1_26' title='bbox 404 615 691 689; x_wconf 67' lang='lat' dir='ltr'>praesides</span> <span class='ocrx_word' id='word_1_27' title='bbox 710 612 1016 689; x_wconf 72' lang='lat' dir='ltr'>ecclesiam</span> <span class='ocrx_word' id='word_1_28' title='bbox 1038 628 1167 685; x_wconf 62' lang='lat' dir='ltr'>quae</span> <span class='ocrx_word' id='word_1_29' title='bbox 1187 611 1247 667; x_wconf 91' lang='lat' dir='ltr'>in</span> <span class='ocrx_word' id='word_1_30' title='bbox 1275 612 1578 669; x_wconf 88' lang='lat' dir='ltr'>Guastalla</span> <span class='ocrx_word' id='word_1_31' title='bbox 1599 613 1658 669; x_wconf 92' lang='lat' dir='ltr'>in</span> <span class='ocrx_word' id='word_1_32' title='bbox 1687 630 1793 669; x_wconf 91' lang='lat' dir='ltr'>suo</span> <span class='ocrx_word' id='word_1_33' title='bbox 1825 638 1832 643; x_wconf 85' lang='grc'><strong><em>-</em></strong></span> 
     </span>
    </p>
   </div>
   <div class='ocr_carea' id='block_1_7' title="bbox 126 700 1794 781">
    <p class='ocr_par' dir='ltr' id='par_1_7' title="bbox 126 700 1794 781">
     <span class='ocr_line' id='line_1_7' title="bbox 126 700 1794 781; baseline -0.004 -18"><span class='ocrx_word' id='word_1_34' title='bbox 126 705 353 781; x_wconf 64' lang='lat' dir='ltr'>prsidio</span> <span class='ocrx_word' id='word_1_35' title='bbox 392 705 720 761; x_wconf 88' lang='lat' dir='ltr'>constituta</span> <span class='ocrx_word' id='word_1_36' title='bbox 767 720 801 759; x_wconf 89' lang='lat' dir='ltr'>a</span> <span class='ocrx_word' id='word_1_37' title='bbox 842 700 1229 758; x_wconf 79' lang='lat' dir='ltr'>dilectissime</span> <span class='ocrx_word' id='word_1_38' title='bbox 1275 701 1428 757; x_wconf 86' lang='lat' dir='ltr'>beati</span> <span class='ocrx_word' id='word_1_39' title='bbox 1476 702 1625 758; x_wconf 89' lang='lat' dir='ltr'>Petri</span> <span class='ocrx_word' id='word_1_40' title='bbox 1676 702 1794 757; x_wconf 89' lang='lat' dir='ltr'>ﬁlio</span> 
     </span>
    </p>
   </div>
   <div class='ocr_carea' id='block_1_8' title="bbox 130 790 1795 867">
    <p class='ocr_par' dir='ltr' id='par_1_8' title="bbox 130 790 1795 867">
     <span class='ocr_line' id='line_1_8' title="bbox 130 790 1795 867; baseline -0.004 -15"><span class='ocrx_word' id='word_1_41' title='bbox 130 794 540 867; x_wconf 84' lang='lat' dir='ltr'>Ermengarda</span> <span class='ocrx_word' id='word_1_42' title='bbox 559 792 765 866; x_wconf 83' lang='lat' dir='ltr'>regina</span> <span class='ocrx_word' id='word_1_43' title='bbox 783 796 839 847; x_wconf 91' lang='lat' dir='ltr'>et</span> <span class='ocrx_word' id='word_1_44' title='bbox 866 809 895 846; x_wconf 86' lang='lat' dir='ltr'>a</span> <span class='ocrx_word' id='word_1_45' title='bbox 929 790 1167 846; x_wconf 89' lang='lat' dir='ltr'>domino</span> <span class='ocrx_word' id='word_1_46' title='bbox 1189 791 1500 846; x_wconf 87' lang='lat' dir='ltr'>Garimano</span> <span class='ocrx_word' id='word_1_47' title='bbox 1532 792 1795 863; x_wconf 83' lang='lat' dir='ltr'>ejusdem</span> 
     </span>
    </p>
   </div>
   <div class='ocr_carea' id='block_1_9' title="bbox 135 878 1795 947">
    <p class='ocr_par' dir='ltr' id='par_1_9' title="bbox 135 878 1795 947">
     <span class='ocr_line' id='line_1_9' title="bbox 135 878 1795 947; baseline -0.004 -7"><span class='ocrx_word' id='word_1_48' title='bbox 135 882 397 941; x_wconf 64' lang='lat' dir='ltr'>ecclesias</span> <span class='ocrx_word' id='word_1_49' title='bbox 428 882 741 937; x_wconf 82' lang='lat' dir='ltr'>fundatore</span> <span class='ocrx_word' id='word_1_50' title='bbox 792 880 905 935; x_wconf 91' lang='lat' dir='ltr'>Dco</span> <span class='ocrx_word' id='word_1_51' title='bbox 937 896 1001 934; x_wconf 91' lang='lat' dir='ltr'>ac</span> <span class='ocrx_word' id='word_1_52' title='bbox 1034 880 1200 934; x_wconf 90' lang='lat' dir='ltr'>beato</span> <span class='ocrx_word' id='word_1_53' title='bbox 1255 880 1420 935; x_wconf 84' lang='lat' dir='ltr'>Petro</span> <span class='ocrx_word' id='word_1_54' title='bbox 1461 878 1656 935; x_wconf 87' lang='lat' dir='ltr'>oblata</span> <span class='ocrx_word' id='word_1_55' title='bbox 1686 885 1795 947; x_wconf 84' lang='lat' dir='ltr'>est,</span> 
     </span>
    </p>
   </div>
   <div class='ocr_carea' id='block_1_10' title="bbox 137 966 1799 1043">
    <p class='ocr_par' dir='ltr' id='par_1_10' title="bbox 137 966 1799 1043">
     <span class='ocr_line' id='line_1_10' title="bbox 137 966 1799 1043; baseline -0.003 -14"><span class='ocrx_word' id='word_1_56' title='bbox 137 978 195 1030; x_wconf 84' lang='lat' dir='ltr'>et</span> <span class='ocrx_word' id='word_1_57' title='bbox 250 989 291 1028; x_wconf 88' lang='lat' dir='ltr'>a</span> <span class='ocrx_word' id='word_1_58' title='bbox 336 971 768 1043; x_wconf 66' lang='lat' dir='ltr'>predecessors</span> <span class='ocrx_word' id='word_1_59' title='bbox 812 973 1007 1024; x_wconf 89' lang='lat' dir='ltr'>nostro</span> <span class='ocrx_word' id='word_1_60' title='bbox 1058 966 1244 1023; x_wconf 79' lang='lat' dir='ltr'>felicis</span> <span class='ocrx_word' id='word_1_61' title='bbox 1303 969 1596 1024; x_wconf 72' lang='lat' dir='ltr'>memoriae</span> <span class='ocrx_word' id='word_1_62' title='bbox 1646 985 1799 1041; x_wconf 89' lang='lat' dir='ltr'>papa</span> 
     </span>
    </p>
   </div>
   <div class='ocr_carea' id='block_1_11' title="bbox 139 1057 1795 1133">
    <p class='ocr_par' dir='ltr' id='par_1_11' title="bbox 139 1057 1795 1133">
     <span class='ocr_line' id='line_1_11' title="bbox 139 1057 1795 1133; baseline -0.004 -14"><span class='ocrx_word' id='word_1_63' title='bbox 139 1058 426 1133; x_wconf 78' lang='lat' dir='ltr'>Gregorio</span> <span class='ocrx_word' id='word_1_64' title='bbox 456 1058 665 1131; x_wconf 91' lang='lat' dir='ltr'>quinto</span> <span class='ocrx_word' id='word_1_65' title='bbox 716 1057 775 1112; x_wconf 93' lang='lat' dir='ltr'>in</span> <span class='ocrx_word' id='word_1_66' title='bbox 806 1057 1036 1129; x_wconf 86' lang='lat' dir='ltr'>plebem</span> <span class='ocrx_word' id='word_1_67' title='bbox 1087 1057 1158 1112; x_wconf 90' lang='lat' dir='ltr'>de</span> <span class='ocrx_word' id='word_1_68' title='bbox 1203 1057 1425 1129; x_wconf 76' lang='lat' dir='ltr'>capella</span> <span class='ocrx_word' id='word_1_69' title='bbox 1470 1063 1795 1131; x_wconf 86' lang='lat' dir='ltr'>promotam</span> 
     </span>
    </p>
   </div>
   <div class='ocr_carea' id='block_1_12' title="bbox 137 1144 1799 1219">
    <p class='ocr_par' dir='ltr' id='par_1_12' title="bbox 137 1144 1799 1219">
     <span class='ocr_line' id='line_1_12' title="bbox 137 1144 1799 1219; baseline -0.003 -12"><span class='ocrx_word' id='word_1_70' title='bbox 137 1155 194 1207; x_wconf 88' lang='lat' dir='ltr'>et</span> <span class='ocrx_word' id='word_1_71' title='bbox 240 1152 654 1207; x_wconf 78' lang='lat' dir='ltr'>consecratam</span> <span class='ocrx_word' id='word_1_72' title='bbox 702 1146 813 1201; x_wconf 89' lang='lat' dir='ltr'>sub</span> <span class='ocrx_word' id='word_1_73' title='bbox 863 1144 1194 1218; x_wconf 71' lang='lat' dir='ltr'>apostolicae</span> <span class='ocrx_word' id='word_1_74' title='bbox 1244 1145 1401 1202; x_wconf 85' lang='lat' dir='ltr'>sedis</span> <span class='ocrx_word' id='word_1_75' title='bbox 1445 1146 1799 1219; x_wconf 89' lang='lat' dir='ltr'>protectione</span> 
     </span>
    </p>
   </div>
   <div class='ocr_carea' id='block_1_13' title="bbox 137 1234 1797 1313">
    <p class='ocr_par' dir='ltr' id='par_1_13' title="bbox 137 1234 1797 1313">
     <span class='ocr_line' id='line_1_13' title="bbox 137 1234 1797 1313; baseline -0.002 -17"><span class='ocrx_word' id='word_1_76' title='bbox 137 1236 483 1313; x_wconf 81' lang='lat' dir='ltr'>specialiter</span> <span class='ocrx_word' id='word_1_77' title='bbox 532 1234 952 1292; x_wconf 85' lang='lat' dir='ltr'>confovendam</span> <span class='ocrx_word' id='word_1_78' title='bbox 1003 1234 1383 1308; x_wconf 87' lang='lat' dir='ltr'>suscipimus,</span> <span class='ocrx_word' id='word_1_79' title='bbox 1412 1239 1469 1291; x_wconf 91' lang='lat' dir='ltr'>et</span> <span class='ocrx_word' id='word_1_80' title='bbox 1514 1236 1620 1291; x_wconf 87' lang='lat' dir='ltr'>tibi</span> <span class='ocrx_word' id='word_1_81' title='bbox 1668 1252 1797 1292; x_wconf 86' lang='lat' dir='ltr'>eam</span> 
     </span>
    </p>
   </div>
   <div class='ocr_carea' id='block_1_14' title="bbox 134 1322 1801 1400">
    <p class='ocr_par' dir='ltr' id='par_1_14' title="bbox 134 1322 1801 1400">
     <span class='ocr_line' id='line_1_14' title="bbox 134 1322 1801 1400; baseline -0.004 -15"><span class='ocrx_word' id='word_1_82' title='bbox 134 1328 388 1400; x_wconf 78' lang='lat' dir='ltr'>tuisque</span> <span class='ocrx_word' id='word_1_83' title='bbox 416 1323 858 1383; x_wconf 85' lang='lat' dir='ltr'>successoribus</span> <span class='ocrx_word' id='word_1_84' title='bbox 899 1322 1176 1380; x_wconf 86' lang='lat' dir='ltr'>canonice</span> <span class='ocrx_word' id='word_1_85' title='bbox 1206 1324 1639 1381; x_wconf 89' lang='lat' dir='ltr'>substituendis</span> <span class='ocrx_word' id='word_1_86' title='bbox 1662 1326 1801 1397; x_wconf 88' lang='lat' dir='ltr'>jure</span> 
     </span>
    </p>
   </div>
   <div class='ocr_carea' id='block_1_15' title="bbox 134 1413 1801 1491">
    <p class='ocr_par' dir='ltr' id='par_1_15' title="bbox 134 1413 1801 1491">
     <span class='ocr_line' id='line_1_15' title="bbox 134 1413 1801 1491; baseline -0.001 -20"><span class='ocrx_word' id='word_1_87' title='bbox 134 1419 432 1491; x_wconf 78' lang='lat' dir='ltr'>perpetuo</span> <span class='ocrx_word' id='word_1_88' title='bbox 462 1413 839 1471; x_wconf 84' lang='lat' dir='ltr'>concedimus</span> <span class='ocrx_word' id='word_1_89' title='bbox 882 1416 1058 1485; x_wconf 90' lang='lat' dir='ltr'>atque</span> <span class='ocrx_word' id='word_1_90' title='bbox 1087 1413 1394 1469; x_wconf 91' lang='lat' dir='ltr'>ﬁrmamus</span> <span class='ocrx_word' id='word_1_91' title='bbox 1445 1430 1578 1470; x_wconf 92' lang='lat' dir='ltr'>cum</span> <span class='ocrx_word' id='word_1_92' title='bbox 1609 1413 1801 1470; x_wconf 86' lang='lat' dir='ltr'>tribus</span> 
     </span>
    </p>
   </div>
   <div class='ocr_carea' id='block_1_16' title="bbox 137 1500 1803 1578">
    <p class='ocr_par' dir='ltr' id='par_1_16' title="bbox 137 1500 1803 1578">
     <span class='ocr_line' id='line_1_16' title="bbox 137 1500 1803 1578; baseline -0.002 -17"><span class='ocrx_word' id='word_1_93' title='bbox 137 1502 414 1578; x_wconf 83' lang='lat' dir='ltr'>capellis,</span> <span class='ocrx_word' id='word_1_94' title='bbox 465 1501 734 1558; x_wconf 85' lang='lat' dir='ltr'>videlicet</span> <span class='ocrx_word' id='word_1_95' title='bbox 779 1502 837 1557; x_wconf 93' lang='lat' dir='ltr'>S.</span> <span class='ocrx_word' id='word_1_96' title='bbox 886 1500 1314 1571; x_wconf 62' lang='lat' dir='ltr'>Bartholomaei,</span> <span class='ocrx_word' id='word_1_97' title='bbox 1367 1502 1426 1558; x_wconf 88' lang='lat' dir='ltr'>S.</span> <span class='ocrx_word' id='word_1_98' title='bbox 1469 1502 1698 1575; x_wconf 81' lang='lat' dir='ltr'>Georgii</span> <span class='ocrx_word' id='word_1_99' title='bbox 1746 1507 1803 1557; x_wconf 90' lang='lat' dir='ltr'>et</span> 
     </span>
    </p>
   </div>
   <div class='ocr_carea' id='block_1_17' title="bbox 138 1590 1803 1663">
    <p class='ocr_par' dir='ltr' id='par_1_17' title="bbox 138 1590 1803 1663">
     <span class='ocr_line' id='line_1_17' title="bbox 138 1590 1803 1663; baseline -0.001 -13"><span class='ocrx_word' id='word_1_100' title='bbox 138 1594 201 1651; x_wconf 89' lang='lat' dir='ltr'>S.</span> <span class='ocrx_word' id='word_1_101' title='bbox 239 1590 511 1659; x_wconf 81' lang='lat' dir='ltr'>Martini,</span> <span class='ocrx_word' id='word_1_102' title='bbox 544 1596 602 1646; x_wconf 91' lang='lat' dir='ltr'>et</span> <span class='ocrx_word' id='word_1_103' title='bbox 650 1606 785 1645; x_wconf 91' lang='lat' dir='ltr'>cum</span> <span class='ocrx_word' id='word_1_104' title='bbox 833 1590 1109 1646; x_wconf 89' lang='lat' dir='ltr'>omnibus</span> <span class='ocrx_word' id='word_1_105' title='bbox 1156 1590 1282 1646; x_wconf 89' lang='lat' dir='ltr'>suis</span> <span class='ocrx_word' id='word_1_106' title='bbox 1331 1590 1803 1663; x_wconf 87' lang='lat' dir='ltr'>possessionibus</span> 
     </span>
    </p>
   </div>
   <div class='ocr_carea' id='block_1_18' title="bbox 138 1678 1804 1751">
    <p class='ocr_par' dir='ltr' id='par_1_18' title="bbox 138 1678 1804 1751">
     <span class='ocr_line' id='line_1_18' title="bbox 138 1678 1804 1751; baseline -0.003 -11"><span class='ocrx_word' id='word_1_107' title='bbox 138 1699 249 1741; x_wconf 80' lang='lat' dir='ltr'>seu</span> <span class='ocrx_word' id='word_1_108' title='bbox 284 1680 535 1738; x_wconf 90' lang='lat' dir='ltr'>decimis</span> <span class='ocrx_word' id='word_1_109' title='bbox 561 1679 631 1735; x_wconf 89' lang='lat' dir='ltr'>ad</span> <span class='ocrx_word' id='word_1_110' title='bbox 659 1679 818 1751; x_wconf 88' lang='lat' dir='ltr'>ipsas</span> <span class='ocrx_word' id='word_1_111' title='bbox 842 1678 1726 1751; x_wconf 85' lang='lat' dir='ltr'>pertinentibus.Constituimus</span> <span class='ocrx_word' id='word_1_112' title='bbox 1742 1683 1804 1735; x_wconf 91' lang='lat' dir='ltr'>ut</span> 
     </span>
    </p>
   </div>
   <div class='ocr_carea' id='block_1_19' title="bbox 137 1768 1802 1840">
    <p class='ocr_par' dir='ltr' id='par_1_19' title="bbox 137 1768 1802 1840">
     <span class='ocr_line' id='line_1_19' title="bbox 137 1768 1802 1840; baseline -0.002 -12"><span class='ocrx_word' id='word_1_113' title='bbox 137 1771 353 1829; x_wconf 83' lang='lat' dir='ltr'>nullus</span> <span class='ocrx_word' id='word_1_114' title='bbox 402 1769 556 1826; x_wconf 82' lang='lat' dir='ltr'>infra</span> <span class='ocrx_word' id='word_1_115' title='bbox 583 1768 868 1825; x_wconf 81' lang='lat' dir='ltr'>terminos</span> <span class='ocrx_word' id='word_1_116' title='bbox 911 1773 1112 1823; x_wconf 84' lang='lat' dir='ltr'>vestrae</span> <span class='ocrx_word' id='word_1_117' title='bbox 1162 1768 1450 1840; x_wconf 70' lang='lat' dir='ltr'>parochias</span> <span class='ocrx_word' id='word_1_118' title='bbox 1497 1769 1802 1825; x_wconf 80' lang='lat' dir='ltr'>ecclesiam</span> 
     </span>
    </p>
   </div>
   <div class='ocr_carea' id='block_1_20' title="bbox 140 1856 1807 1929">
    <p class='ocr_par' dir='ltr' id='par_1_20' title="bbox 140 1856 1807 1929">
     <span class='ocr_line' id='line_1_20' title="bbox 140 1856 1807 1929; baseline -0.002 -13"><span class='ocrx_word' id='word_1_119' title='bbox 140 1859 441 1916; x_wconf 65' lang='lat' dir='ltr'>adiﬁcare</span> <span class='ocrx_word' id='word_1_120' title='bbox 472 1861 792 1929; x_wconf 69' lang='lat' dir='ltr'>praesumat</span> <span class='ocrx_word' id='word_1_121' title='bbox 821 1856 934 1912; x_wconf 90' lang='lat' dir='ltr'>nisi</span> <span class='ocrx_word' id='word_1_122' title='bbox 982 1873 1084 1928; x_wconf 91' lang='lat' dir='ltr'>per</span> <span class='ocrx_word' id='word_1_123' title='bbox 1135 1862 1382 1913; x_wconf 82' lang='lat' dir='ltr'>vestram</span> <span class='ocrx_word' id='word_1_124' title='bbox 1432 1858 1724 1915; x_wconf 88' lang='lat' dir='ltr'>licentiam</span> <span class='ocrx_word' id='word_1_125' title='bbox 1752 1864 1807 1913; x_wconf 88' lang='lat' dir='ltr'>et</span> 
     </span>
    </p>
   </div>
   <div class='ocr_carea' id='block_1_21' title="bbox 141 1946 1807 2022">
    <p class='ocr_par' dir='ltr' id='par_1_21' title="bbox 141 1946 1807 2022">
     <span class='ocr_line' id='line_1_21' title="bbox 141 1946 1807 2022; baseline -0.001 -18"><span class='ocrx_word' id='word_1_126' title='bbox 141 1965 281 2022; x_wconf 74' lang='lat' dir='ltr'>quas</span> <span class='ocrx_word' id='word_1_127' title='bbox 328 1946 501 2004; x_wconf 82' lang='lat' dir='ltr'>vobis</span> <span class='ocrx_word' id='word_1_128' title='bbox 559 1946 766 2002; x_wconf 84' lang='lat' dir='ltr'>debeat</span> <span class='ocrx_word' id='word_1_129' title='bbox 816 1961 946 2000; x_wconf 89' lang='lat' dir='ltr'>esse</span> <span class='ocrx_word' id='word_1_130' title='bbox 997 1946 1279 2016; x_wconf 87' lang='lat' dir='ltr'>subjecta.</span> <span class='ocrx_word' id='word_1_131' title='bbox 1331 1947 1397 2002; x_wconf 89' lang='lat' dir='ltr'>Et</span> <span class='ocrx_word' id='word_1_132' title='bbox 1446 1964 1807 2019; x_wconf 82' lang='lat' dir='ltr'>quaecunque</span> 
     </span>
    </p>
   </div>
   <div class='ocr_carea' id='block_1_22' title="bbox 141 2034 1809 2112">
    <p class='ocr_par' dir='ltr' id='par_1_22' title="bbox 141 2034 1809 2112">
     <span class='ocr_line' id='line_1_22' title="bbox 141 2034 1809 2112; baseline -0.001 -19"><span class='ocrx_word' id='word_1_133' title='bbox 141 2035 603 2112; x_wconf 69' lang='lat' dir='ltr'>presentialiter</span> <span class='ocrx_word' id='word_1_134' title='bbox 661 2039 854 2091; x_wconf 89' lang='lat' dir='ltr'>vestra</span> <span class='ocrx_word' id='word_1_135' title='bbox 911 2034 1158 2090; x_wconf 85' lang='lat' dir='ltr'>ecclesia</span> <span class='ocrx_word' id='word_1_136' title='bbox 1211 2038 1370 2105; x_wconf 83' lang='lat' dir='ltr'>juste</span> <span class='ocrx_word' id='word_1_137' title='bbox 1426 2053 1492 2091; x_wconf 88' lang='lat' dir='ltr'>ac</span> <span class='ocrx_word' id='word_1_138' title='bbox 1545 2035 1809 2108; x_wconf 89' lang='lat' dir='ltr'>legaliter</span> 
     </span>
    </p>
   </div>
   <div class='ocr_carea' id='block_1_23' title="bbox 144 2121 1806 2200">
    <p class='ocr_par' dir='ltr' id='par_1_23' title="bbox 144 2121 1806 2200">
     <span class='ocr_line' id='line_1_23' title="bbox 144 2121 1806 2200; baseline -0.001 -18"><span class='ocrx_word' id='word_1_139' title='bbox 144 2124 440 2200; x_wconf 82' lang='lat' dir='ltr'>possidet,</span> <span class='ocrx_word' id='word_1_140' title='bbox 474 2123 593 2179; x_wconf 90' lang='lat' dir='ltr'>sive</span> <span class='ocrx_word' id='word_1_141' title='bbox 621 2121 681 2176; x_wconf 91' lang='lat' dir='ltr'>in</span> <span class='ocrx_word' id='word_1_142' title='bbox 722 2122 991 2177; x_wconf 86' lang='lat' dir='ltr'>futurum</span> <span class='ocrx_word' id='word_1_143' title='bbox 1039 2122 1410 2180; x_wconf 86' lang='lat' dir='ltr'>concessione</span> <span class='ocrx_word' id='word_1_144' title='bbox 1443 2125 1806 2196; x_wconf 90' lang='lat' dir='ltr'>pontiﬁcum,</span> 
     </span>
    </p>
   </div>
   <div class='ocr_carea' id='block_1_24' title="bbox 141 2209 1810 2284">
    <p class='ocr_par' dir='ltr' id='par_1_24' title="bbox 141 2209 1810 2284">
     <span class='ocr_line' id='line_1_24' title="bbox 141 2209 1810 2284; baseline -0.001 -13"><span class='ocrx_word' id='word_1_145' title='bbox 141 2212 511 2271; x_wconf 86' lang='lat' dir='ltr'>liberalitate</span> <span class='ocrx_word' id='word_1_146' title='bbox 553 2227 759 2284; x_wconf 88' lang='lat' dir='ltr'>regum</span> <span class='ocrx_word' id='word_1_147' title='bbox 804 2209 893 2266; x_wconf 91' lang='lat' dir='ltr'>vel</span> <span class='ocrx_word' id='word_1_148' title='bbox 951 2210 1306 2283; x_wconf 89' lang='lat' dir='ltr'>principum,</span> <span class='ocrx_word' id='word_1_149' title='bbox 1357 2229 1461 2268; x_wconf 91' lang='lat' dir='ltr'>seu</span> <span class='ocrx_word' id='word_1_150' title='bbox 1518 2212 1810 2269; x_wconf 89' lang='lat' dir='ltr'>oblatione</span> 
     </span>
    </p>
   </div>
   <div class='ocr_carea' id='block_1_25' title="bbox 146 2298 1811 2373">
    <p class='ocr_par' dir='ltr' id='par_1_25' title="bbox 146 2298 1811 2373">
     <span class='ocr_line' id='line_1_25' title="bbox 146 2298 1811 2373; baseline -0.001 -14"><span class='ocrx_word' id='word_1_151' title='bbox 146 2302 423 2359; x_wconf 80' lang='lat' dir='ltr'>ﬁdelium</span> <span class='ocrx_word' id='word_1_152' title='bbox 462 2300 623 2372; x_wconf 88' lang='lat' dir='ltr'>juste</span> <span class='ocrx_word' id='word_1_153' title='bbox 667 2305 726 2354; x_wconf 88' lang='lat' dir='ltr'>et</span> <span class='ocrx_word' id='word_1_154' title='bbox 767 2298 1044 2354; x_wconf 88' lang='lat' dir='ltr'>canonice</span> <span class='ocrx_word' id='word_1_155' title='bbox 1093 2299 1308 2371; x_wconf 89' lang='lat' dir='ltr'>poteris</span> <span class='ocrx_word' id='word_1_156' title='bbox 1341 2300 1607 2373; x_wconf 87' lang='lat' dir='ltr'>adipisci,</span> <span class='ocrx_word' id='word_1_157' title='bbox 1643 2303 1811 2357; x_wconf 90' lang='lat' dir='ltr'>ﬁrma</span> 
     </span>
    </p>
   </div>
   <div class='ocr_carea' id='block_1_26' title="bbox 145 2387 1811 2462">
    <p class='ocr_par' dir='ltr' id='par_1_26' title="bbox 145 2387 1811 2462">
     <span class='ocr_line' id='line_1_26' title="bbox 145 2387 1811 2462; baseline -0.001 -14"><span class='ocrx_word' id='word_1_158' title='bbox 145 2392 320 2448; x_wconf 84' lang='lat' dir='ltr'>vobis</span> <span class='ocrx_word' id='word_1_159' title='bbox 337 2389 669 2461; x_wconf 87' lang='lat' dir='ltr'>vestrisque</span> <span class='ocrx_word' id='word_1_160' title='bbox 698 2387 1138 2444; x_wconf 90' lang='lat' dir='ltr'>successoribus</span> <span class='ocrx_word' id='word_1_161' title='bbox 1156 2405 1495 2460; x_wconf 86' lang='lat' dir='ltr'>permanere</span> <span class='ocrx_word' id='word_1_162' title='bbox 1507 2392 1811 2462; x_wconf 83' lang='lat' dir='ltr'>praesentis</span> 
     </span>
    </p>
   </div>
   <div class='ocr_carea' id='block_1_27' title="bbox 149 2475 1811 2553">
    <p class='ocr_par' dir='ltr' id='par_1_27' title="bbox 149 2475 1811 2553">
     <span class='ocr_line' id='line_1_27' title="bbox 149 2475 1811 2553; baseline 0 -18"><span class='ocrx_word' id='word_1_163' title='bbox 149 2477 452 2553; x_wconf 80' lang='lat' dir='ltr'>privilegii</span> <span class='ocrx_word' id='word_1_164' title='bbox 493 2475 842 2533; x_wconf 86' lang='lat' dir='ltr'>auctoritate</span> <span class='ocrx_word' id='word_1_165' title='bbox 890 2476 1214 2532; x_wconf 87' lang='lat' dir='ltr'>sancimus.</span> <span class='ocrx_word' id='word_1_166' title='bbox 1250 2478 1629 2534; x_wconf 84' lang='lat' dir='ltr'>Decernimus</span> <span class='ocrx_word' id='word_1_167' title='bbox 1676 2497 1811 2552; x_wconf 92' lang='lat' dir='ltr'>ergo</span> 
     </span>
    </p>
   </div>
   <div class='ocr_carea' id='block_1_28' title="bbox 149 2564 1813 2626">
    <p class='ocr_par' dir='ltr' id='par_1_28' title="bbox 149 2564 1813 2626">
     <span class='ocr_line' id='line_1_28' title="bbox 149 2564 1813 2626; baseline -0.002 0"><span class='ocrx_word' id='word_1_168' title='bbox 149 2576 219 2626; x_wconf 87' lang='lat' dir='ltr'>ut</span> <span class='ocrx_word' id='word_1_169' title='bbox 248 2566 407 2625; x_wconf 87' lang='lat' dir='ltr'>nulli</span> <span class='ocrx_word' id='word_1_170' title='bbox 428 2566 670 2623; x_wconf 89' lang='lat' dir='ltr'>omnino</span> <span class='ocrx_word' id='word_1_171' title='bbox 695 2564 1005 2620; x_wconf 90' lang='lat' dir='ltr'>hominum</span> <span class='ocrx_word' id='word_1_172' title='bbox 1024 2564 1194 2621; x_wconf 88' lang='lat' dir='ltr'>liceat</span> <span class='ocrx_word' id='word_1_173' title='bbox 1206 2567 1473 2623; x_wconf 83' lang='lat' dir='ltr'>eamdem</span> <span class='ocrx_word' id='word_1_174' title='bbox 1496 2568 1813 2624; x_wconf 77' lang='lat' dir='ltr'>Ecclesium</span> 
     </span>
    </p>
   </div>
   <div class='ocr_carea' id='block_1_29' title="bbox 152 2654 1814 2728">
    <p class='ocr_par' dir='ltr' id='par_1_29' title="bbox 152 2654 1814 2728">
     <span class='ocr_line' id='line_1_29' title="bbox 152 2654 1814 2728; baseline -0.002 -13"><span class='ocrx_word' id='word_1_175' title='bbox 152 2663 384 2715; x_wconf 85' lang='lat' dir='ltr'>temere</span> <span class='ocrx_word' id='word_1_176' title='bbox 416 2655 760 2728; x_wconf 89' lang='lat' dir='ltr'>perturbare</span> <span class='ocrx_word' id='word_1_177' title='bbox 792 2658 894 2709; x_wconf 87' lang='lat' dir='ltr'>aut</span> <span class='ocrx_word' id='word_1_178' title='bbox 920 2654 972 2709; x_wconf 89' lang='lat' dir='ltr'>ei</span> <span class='ocrx_word' id='word_1_179' title='bbox 1004 2655 1272 2710; x_wconf 82' lang='lat' dir='ltr'>subditas</span> <span class='ocrx_word' id='word_1_180' title='bbox 1300 2657 1700 2727; x_wconf 84' lang='lat' dir='ltr'>possessiones</span> <span class='ocrx_word' id='word_1_181' title='bbox 1719 2675 1814 2712; x_wconf 90' lang='lat' dir='ltr'>au-</span> 
     </span>
    </p>
   </div>
   <div class='ocr_carea' id='block_1_30' title="bbox 152 2741 1814 2811">
    <p class='ocr_par' dir='ltr' id='par_1_30' title="bbox 152 2741 1814 2811">
     <span class='ocr_line' id='line_1_30' title="bbox 152 2741 1814 2811; baseline -0.001 -8"><span class='ocrx_word' id='word_1_182' title='bbox 152 2749 315 2805; x_wconf 83' lang='lat' dir='ltr'>ferre</span> <span class='ocrx_word' id='word_1_183' title='bbox 367 2744 460 2800; x_wconf 89' lang='lat' dir='ltr'>vel</span> <span class='ocrx_word' id='word_1_184' title='bbox 493 2741 719 2800; x_wconf 86' lang='lat' dir='ltr'>ablatas</span> <span class='ocrx_word' id='word_1_185' title='bbox 748 2742 1016 2811; x_wconf 86' lang='lat' dir='ltr'>retinere,</span> <span class='ocrx_word' id='word_1_186' title='bbox 1050 2743 1333 2811; x_wconf 90' lang='lat' dir='ltr'>minuere,</span> <span class='ocrx_word' id='word_1_187' title='bbox 1364 2744 1451 2801; x_wconf 88' lang='lat' dir='ltr'>vel</span> <span class='ocrx_word' id='word_1_188' title='bbox 1488 2747 1814 2802; x_wconf 90' lang='lat' dir='ltr'>temerariis</span> 
     </span>
    </p>
   </div>
   <div class='ocr_carea' id='block_1_31' title="bbox 146 2830 1814 2904">
    <p class='ocr_par' dir='ltr' id='par_1_31' title="bbox 146 2830 1814 2904">
     <span class='ocr_line' id='line_1_31' title="bbox 146 2830 1814 2904; baseline 0 -14"><span class='ocrx_word' id='word_1_189' title='bbox 146 2830 575 2892; x_wconf 81' lang='lat' dir='ltr'>vexationibus</span> <span class='ocrx_word' id='word_1_190' title='bbox 616 2831 878 2903; x_wconf 86' lang='lat' dir='ltr'>fatigare,</span> <span class='ocrx_word' id='word_1_191' title='bbox 913 2832 1014 2887; x_wconf 89' lang='lat' dir='ltr'>sed</span> <span class='ocrx_word' id='word_1_192' title='bbox 1058 2832 1256 2888; x_wconf 90' lang='lat' dir='ltr'>omnia</span> <span class='ocrx_word' id='word_1_193' title='bbox 1304 2834 1527 2904; x_wconf 87' lang='lat' dir='ltr'>integra</span> <span class='ocrx_word' id='word_1_194' title='bbox 1580 2851 1814 2890; x_wconf 88' lang='lat' dir='ltr'>conser-</span> 
     </span>
    </p>
   </div>
   <div class='ocr_carea' id='block_1_32' title="bbox 147 2922 1814 2997">
    <p class='ocr_par' dir='ltr' id='par_1_32' title="bbox 147 2922 1814 2997">
     <span class='ocr_line' id='line_1_32' title="bbox 147 2922 1814 2997; baseline -0.001 -16"><span class='ocrx_word' id='word_1_195' title='bbox 147 2928 376 2981; x_wconf 77' lang='lat' dir='ltr'>ventur</span> <span class='ocrx_word' id='word_1_196' title='bbox 405 2936 609 2978; x_wconf 92' lang='lat' dir='ltr'>eorum</span> <span class='ocrx_word' id='word_1_197' title='bbox 642 2936 747 2993; x_wconf 92' lang='lat' dir='ltr'>pro</span> <span class='ocrx_word' id='word_1_198' title='bbox 779 2936 1031 2993; x_wconf 88' lang='lat' dir='ltr'>quorum</span> <span class='ocrx_word' id='word_1_199' title='bbox 1063 2922 1487 2978; x_wconf 87' lang='lat' dir='ltr'>sustentatione</span> <span class='ocrx_word' id='word_1_200' title='bbox 1517 2927 1575 2979; x_wconf 92' lang='lat' dir='ltr'>et</span> <span class='ocrx_word' id='word_1_201' title='bbox 1604 2926 1814 2997; x_wconf 85' lang='lat' dir='ltr'>guber-</span> 
     </span>
    </p>
   </div>
   <div class='ocr_carea' id='block_1_33' title="bbox 153 3009 1813 3083">
    <p class='ocr_par' dir='ltr' id='par_1_33' title="bbox 153 3009 1813 3083">
     <span class='ocr_line' id='line_1_33' title="bbox 153 3009 1813 3083; baseline -0.001 -13"><span class='ocrx_word' id='word_1_202' title='bbox 153 3012 410 3070; x_wconf 76' lang='lat' dir='ltr'>natione</span> <span class='ocrx_word' id='word_1_203' title='bbox 438 3026 716 3066; x_wconf 87' lang='lat' dir='ltr'>concessa</span> <span class='ocrx_word' id='word_1_204' title='bbox 744 3009 1469 3067; x_wconf 89' lang='lat' dir='ltr'>suntusibusomnimodis</span> <span class='ocrx_word' id='word_1_205' title='bbox 1490 3014 1813 3083; x_wconf 85' lang='lat' dir='ltr'>profutura.</span> 
     </span>
    </p>
   </div>
   <div class='ocr_carea' id='block_1_34' title="bbox 1833 1802 1883 1867">
    <p class='ocr_par' dir='ltr' id='par_1_34' title="bbox 1833 1802 1883 1867">
     <span class='ocr_line' id='line_1_34' title="bbox 1833 1802 1883 1867; baseline 0 0"><span class='ocrx_word' id='word_1_206' title='bbox 1833 1802 1883 1867; x_wconf 83' lang='grc' dir='ltr'>Β</span> 
     </span>
    </p>
   </div>
   <div class='ocr_carea' id='block_1_35' title="bbox 1904 522 3546 596">
    <p class='ocr_par' dir='ltr' id='par_1_35' title="bbox 1904 522 3546 596">
     <span class='ocr_line' id='line_1_35' title="bbox 1904 522 3546 596; baseline 0.002 -17"><span class='ocrx_word' id='word_1_207' title='bbox 1904 524 2017 579; x_wconf 90' lang='lat' dir='ltr'>bus</span> <span class='ocrx_word' id='word_1_208' title='bbox 2050 523 2126 579; x_wconf 92' lang='lat' dir='ltr'>sit</span> <span class='ocrx_word' id='word_1_209' title='bbox 2148 541 2259 596; x_wconf 84' lang='lat' dir='ltr'>pax</span> <span class='ocrx_word' id='word_1_210' title='bbox 2277 523 2509 581; x_wconf 91' lang='lat' dir='ltr'>Domini</span> <span class='ocrx_word' id='word_1_211' title='bbox 2532 522 2717 581; x_wconf 90' lang='lat' dir='ltr'>nostri</span> <span class='ocrx_word' id='word_1_212' title='bbox 2731 524 3135 596; x_wconf 83' lang='lat' dir='ltr'>Redemptoris</span> <span class='ocrx_word' id='word_1_213' title='bbox 3146 524 3285 581; x_wconf 84' lang='lat' dir='ltr'>Jesu</span> <span class='ocrx_word' id='word_1_214' title='bbox 3302 525 3382 582; x_wconf 84' lang='lat' dir='ltr'>Ch</span> <span class='ocrx_word' id='word_1_215' title='bbox 3396 526 3546 595; x_wconf 74' lang='lat' dir='ltr'>iisti,</span> 
     </span>
    </p>
   </div>
   <div class='ocr_carea' id='block_1_36' title="bbox 1905 613 3552 689">
    <p class='ocr_par' dir='ltr' id='par_1_36' title="bbox 1905 613 3552 689">
     <span class='ocr_line' id='line_1_36' title="bbox 1905 613 3552 689; baseline 0.004 -23"><span class='ocrx_word' id='word_1_216' title='bbox 1905 616 2195 684; x_wconf 88' lang='lat' dir='ltr'>quatenus</span> <span class='ocrx_word' id='word_1_217' title='bbox 2224 618 2283 669; x_wconf 90' lang='lat' dir='ltr'>et</span> <span class='ocrx_word' id='word_1_218' title='bbox 2313 613 2406 668; x_wconf 89' lang='lat' dir='ltr'>hic</span> <span class='ocrx_word' id='word_1_219' title='bbox 2440 615 2693 670; x_wconf 89' lang='lat' dir='ltr'>fructum</span> <span class='ocrx_word' id='word_1_220' title='bbox 2727 614 2890 670; x_wconf 59' lang='lat' dir='ltr'>bona;</span> <span class='ocrx_word' id='word_1_221' title='bbox 2939 614 3184 670; x_wconf 90' lang='lat' dir='ltr'>actionis</span> <span class='ocrx_word' id='word_1_222' title='bbox 3228 615 3552 689; x_wconf 89' lang='lat' dir='ltr'>percipiant</span> 
     </span>
    </p>
   </div>
   <div class='ocr_carea' id='block_1_37' title="bbox 1903 701 3550 777">
    <p class='ocr_par' dir='ltr' id='par_1_37' title="bbox 1903 701 3550 777">
     <span class='ocr_line' id='line_1_37' title="bbox 1903 701 3550 777; baseline 0.002 -21"><span class='ocrx_word' id='word_1_223' title='bbox 1903 706 1963 756; x_wconf 93' lang='lat' dir='ltr'>et</span> <span class='ocrx_word' id='word_1_224' title='bbox 1992 702 2147 773; x_wconf 91' lang='lat' dir='ltr'>apud</span> <span class='ocrx_word' id='word_1_225' title='bbox 2177 701 2509 758; x_wconf 86' lang='lat' dir='ltr'>districtum</span> <span class='ocrx_word' id='word_1_226' title='bbox 2531 701 2793 774; x_wconf 83' lang='lat' dir='ltr'>judicem</span> <span class='ocrx_word' id='word_1_227' title='bbox 2835 702 3076 774; x_wconf 67' lang='lat' dir='ltr'>prmmia</span> <span class='ocrx_word' id='word_1_228' title='bbox 3121 708 3344 760; x_wconf 67' lang='lat' dir='ltr'>aeternas</span> <span class='ocrx_word' id='word_1_229' title='bbox 3392 704 3550 777; x_wconf 84' lang='lat' dir='ltr'>pacis</span> 
     </span>
    </p>
   </div>
   <div class='ocr_carea' id='block_1_38' title="bbox 1903 788 2911 860">
    <p class='ocr_par' dir='ltr' id='par_1_38' title="bbox 1903 788 2911 860">
     <span class='ocr_line' id='line_1_38' title="bbox 1903 788 2911 860; baseline 0.002 -16"><span class='ocrx_word' id='word_1_230' title='bbox 1903 788 2220 846; x_wconf 90' lang='lat' dir='ltr'>inveniant.</span> <span class='ocrx_word' id='word_1_231' title='bbox 2254 793 2459 860; x_wconf 89' lang='lat' dir='ltr'>Amen,</span> <span class='ocrx_word' id='word_1_232' title='bbox 2492 807 2685 856; x_wconf 89' lang='lat' dir='ltr'>amen,</span> <span class='ocrx_word' id='word_1_233' title='bbox 2718 808 2911 847; x_wconf 90' lang='lat' dir='ltr'>amen.</span> 
     </span>
    </p>
   </div>
   <div class='ocr_carea' id='block_1_39' title="bbox 1976 879 3371 954">
    <p class='ocr_par' dir='ltr' id='par_1_39' title="bbox 1976 879 3371 954">
     <span class='ocr_line' id='line_1_39' title="bbox 1976 879 3371 954; baseline 0.003 -21"><span class='ocrx_word' id='word_1_234' title='bbox 1976 879 2093 950; x_wconf 88' lang='lat' dir='ltr'>Ego</span> <span class='ocrx_word' id='word_1_235' title='bbox 2126 879 2389 934; x_wconf 88' lang='lat' dir='ltr'>Urbanus</span> <span class='ocrx_word' id='word_1_236' title='bbox 2421 879 2715 935; x_wconf 71' lang='lat' dir='ltr'>catholica:</span> <span class='ocrx_word' id='word_1_237' title='bbox 2746 879 3010 936; x_wconf 70' lang='lat' dir='ltr'>Ecclesiae</span> <span class='ocrx_word' id='word_1_238' title='bbox 3042 880 3371 954; x_wconf 85' lang='lat' dir='ltr'>episcOpus.</span> 
     </span>
    </p>
   </div>
   <div class='ocr_carea' id='block_1_40' title="bbox 1976 966 3551 1040">
    <p class='ocr_par' dir='ltr' id='par_1_40' title="bbox 1976 966 3551 1040">
     <span class='ocr_line' id='line_1_40' title="bbox 1976 966 3551 1040; baseline 0.002 -19"><span class='ocrx_word' id='word_1_239' title='bbox 1976 967 2190 1023; x_wconf 88' lang='lat' dir='ltr'>Datum</span> <span class='ocrx_word' id='word_1_240' title='bbox 2246 966 2553 1023; x_wconf 81' lang='lat' dir='ltr'>Placentiae</span> <span class='ocrx_word' id='word_1_241' title='bbox 2612 984 2714 1040; x_wconf 90' lang='lat' dir='ltr'>per</span> <span class='ocrx_word' id='word_1_242' title='bbox 2770 985 2981 1024; x_wconf 89' lang='lat' dir='ltr'>manus</span> <span class='ocrx_word' id='word_1_243' title='bbox 3036 968 3280 1026; x_wconf 88' lang='lat' dir='ltr'>Joannis</span> <span class='ocrx_word' id='word_1_244' title='bbox 3338 974 3551 1026; x_wconf 63' lang='lat' dir='ltr'>sancta:</span> 
     </span>
    </p>
   </div>
   <div class='ocr_carea' id='block_1_41' title="bbox 1908 1056 3551 1131">
    <p class='ocr_par' dir='ltr' id='par_1_41' title="bbox 1908 1056 3551 1131">
     <span class='ocr_line' id='line_1_41' title="bbox 1908 1056 3551 1131; baseline 0.002 -20"><span class='ocrx_word' id='word_1_245' title='bbox 1908 1056 2181 1111; x_wconf 76' lang='lat' dir='ltr'>Romamn</span> <span class='ocrx_word' id='word_1_246' title='bbox 2214 1056 2480 1111; x_wconf 81' lang='lat' dir='ltr'>Ecclesiae</span> <span class='ocrx_word' id='word_1_247' title='bbox 2514 1056 2849 1127; x_wconf 87' lang='lat' dir='ltr'>cardinalis,</span> <span class='ocrx_word' id='word_1_248' title='bbox 2879 1056 3063 1129; x_wconf 90' lang='lat' dir='ltr'>pridie</span> <span class='ocrx_word' id='word_1_249' title='bbox 3112 1058 3352 1114; x_wconf 85' lang='lat' dir='ltr'>Kalend.</span> <span class='ocrx_word' id='word_1_250' title='bbox 3384 1059 3551 1131; x_wconf 86' lang='lat' dir='ltr'>Apri-</span> 
     </span>
    </p>
   </div>
   <div class='ocr_carea' id='block_1_42' title="bbox 1907 1143 3549 1215">
    <p class='ocr_par' dir='ltr' id='par_1_42' title="bbox 1907 1143 3549 1215">
     <span class='ocr_line' id='line_1_42' title="bbox 1907 1143 3549 1215; baseline 0.003 -17"><span class='ocrx_word' id='word_1_251' title='bbox 1907 1143 2001 1211; x_wconf 89' lang='lat' dir='ltr'>lis,</span> <span class='ocrx_word' id='word_1_252' title='bbox 2038 1145 2238 1199; x_wconf 90' lang='lat' dir='ltr'>indict.</span> <span class='ocrx_word' id='word_1_253' title='bbox 2273 1162 2357 1213; x_wconf 86' lang='grc' dir='ltr'>ιιι,</span> <span class='ocrx_word' id='word_1_254' title='bbox 2391 1150 2544 1200; x_wconf 81' lang='lat' dir='ltr'>anno</span> <span class='ocrx_word' id='word_1_255' title='bbox 2587 1145 2900 1203; x_wconf 66' lang='lat' dir='ltr'>Dominicis</span> <span class='ocrx_word' id='word_1_256' title='bbox 2931 1146 3357 1205; x_wconf 77' lang='lat' dir='ltr'>Incarlationis</span> <span class='ocrx_word' id='word_1_257' title='bbox 3387 1148 3549 1215; x_wconf 83' lang='grc'>1096,</span> 
     </span>
    </p>
   </div>
   <div class='ocr_carea' id='block_1_43' title="bbox 1907 1233 3553 1305">
    <p class='ocr_par' dir='ltr' id='par_1_43' title="bbox 1907 1233 3553 1305">
     <span class='ocr_line' id='line_1_43' title="bbox 1907 1233 3553 1305; baseline 0.003 -18"><span class='ocrx_word' id='word_1_258' title='bbox 1907 1233 2282 1305; x_wconf 84' lang='lat' dir='ltr'>pontiﬁcatus</span> <span class='ocrx_word' id='word_1_259' title='bbox 2315 1237 2509 1289; x_wconf 88' lang='lat' dir='ltr'>autem</span> <span class='ocrx_word' id='word_1_260' title='bbox 2539 1234 2738 1289; x_wconf 91' lang='lat' dir='ltr'>domni</span> <span class='ocrx_word' id='word_1_261' title='bbox 2790 1234 3006 1290; x_wconf 86' lang='lat' dir='ltr'>Urbani</span> <span class='ocrx_word' id='word_1_262' title='bbox 3046 1236 3287 1291; x_wconf 89' lang='lat' dir='ltr'>secundi</span> <span class='ocrx_word' id='word_1_263' title='bbox 3312 1235 3419 1292; x_wconf 90' lang='lat' dir='ltr'>PP.</span> <span class='ocrx_word' id='word_1_264' title='bbox 3453 1252 3553 1292; x_wconf 91' lang='lat' dir='ltr'>oc-</span> 
     </span>
    </p>
   </div>
   <div class='ocr_carea' id='block_1_44' title="bbox 1907 1326 2055 1383">
    <p class='ocr_par' dir='ltr' id='par_1_44' title="bbox 1907 1326 2055 1383">
     <span class='ocr_line' id='line_1_44' title="bbox 1907 1326 2055 1383; baseline 0.02 -7"><span class='ocrx_word' id='word_1_265' title='bbox 1907 1326 2055 1383; x_wconf 88' lang='lat' dir='ltr'>tavo.</span> 
     </span>
    </p>
   </div>
   <div class='ocr_carea' id='block_1_45' title="bbox 2592 1430 2870 1487">
    <p class='ocr_par' dir='ltr' id='par_1_45' title="bbox 2592 1430 2870 1487">
     <span class='ocr_line' id='line_1_45' title="bbox 2592 1430 2870 1487; baseline -0.011 0"><span class='ocrx_word' id='word_1_266' title='bbox 2592 1430 2870 1487; x_wconf 85' lang='lat' dir='ltr'>CXXXIX.</span> 
     </span>
    </p>
   </div>
   <div class='ocr_carea' id='block_1_46' title="bbox 2012 1518 3456 1589">
    <p class='ocr_par' dir='ltr' id='par_1_46' title="bbox 2012 1518 3456 1589">
     <span class='ocr_line' id='line_1_46' title="bbox 2012 1518 3456 1589; baseline 0.003 -15"><span class='ocrx_word' id='word_1_267' title='bbox 2012 1518 2220 1575; x_wconf 83' lang='lat' dir='ltr'>Urbani</span> <span class='ocrx_word' id='word_1_268' title='bbox 2248 1520 2297 1573; x_wconf 91' lang='lat' dir='ltr'><strong><em>II</em></strong></span> <span class='ocrx_word' id='word_1_269' title='bbox 2318 1532 2477 1589; x_wconf 54' lang='lat' dir='ltr'>papa</span> <span class='ocrx_word' id='word_1_270' title='bbox 2502 1518 2571 1574; x_wconf 89' lang='lat' dir='ltr'>ad</span> <span class='ocrx_word' id='word_1_271' title='bbox 2593 1519 2928 1575; x_wconf 83' lang='lat' dir='ltr'>Richardum</span> <span class='ocrx_word' id='word_1_272' title='bbox 2954 1527 3163 1576; x_wconf 55' lang='lat' dir='ltr'>sancta</span> <span class='ocrx_word' id='word_1_273' title='bbox 3194 1521 3456 1578; x_wconf 54' lang='lat' dir='ltr'>Romana</span> 
     </span>
    </p>
   </div>
   <div class='ocr_carea' id='block_1_47' title="bbox 2286 1590 3529 1663">
    <p class='ocr_par' dir='ltr' id='par_1_47' title="bbox 2286 1590 3529 1663">
     <span class='ocr_line' id='line_1_47' title="bbox 2286 1590 3529 1663; baseline 0.002 -19"><span class='ocrx_word' id='word_1_274' title='bbox 2286 1590 2535 1647; x_wconf 70' lang='lat' dir='ltr'>Ecclesiae</span> <span class='ocrx_word' id='word_1_275' title='bbox 2560 1590 2900 1646; x_wconf 79' lang='lat' dir='ltr'>cardinalem</span> <span class='ocrx_word' id='word_1_276' title='bbox 2931 1592 3179 1663; x_wconf 73' lang='lat' dir='ltr'>epistola.</span> <span class='ocrx_word' id='word_1_277' title='bbox 3524 1607 3529 1611; x_wconf 73' lang='grc'><em>’</em></span> 
     </span>
    </p>
   </div>
   <div class='ocr_carea' id='block_1_48' title="bbox 2529 1680 2934 1750">
    <p class='ocr_par' dir='ltr' id='par_1_48' title="bbox 2529 1680 2934 1750">
     <span class='ocr_line' id='line_1_48' title="bbox 2529 1680 2934 1750; baseline 0.002 -17"><span class='ocrx_word' id='word_1_278' title='bbox 2529 1681 2716 1749; x_wconf 83' lang='grc' dir='ltr'>(Ληιιο</span> <span class='ocrx_word' id='word_1_279' title='bbox 2752 1680 2934 1750; x_wconf 86' lang='grc'>1095.)</span> 
     </span>
    </p>
   </div>
   <div class='ocr_carea' id='block_1_49' title="bbox 2004 1768 3479 1839">
    <p class='ocr_par' dir='ltr' id='par_1_49' title="bbox 2004 1768 3479 1839">
     <span class='ocr_line' id='line_1_49' title="bbox 2004 1768 3479 1839; baseline 0.002 -16"><span class='ocrx_word' id='word_1_280' title='bbox 2004 1768 2335 1839; x_wconf 67' lang='lat' dir='ltr'>[Ducnnsns</span> <span class='ocrx_word' id='word_1_281' title='bbox 2364 1768 2524 1839; x_wconf 60' lang='lat' dir='ltr'>(Fc),</span> <span class='ocrx_word' id='word_1_282' title='bbox 2558 1770 2793 1825; x_wconf 70' lang='lat' dir='ltr'>Histoire</span> <span class='ocrx_word' id='word_1_283' title='bbox 2820 1769 2887 1824; x_wconf 78' lang='lat' dir='ltr'>de</span> <span class='ocrx_word' id='word_1_284' title='bbox 2915 1776 3033 1824; x_wconf 71' lang='lat' dir='ltr'>lous</span> <span class='ocrx_word' id='word_1_285' title='bbox 3062 1770 3138 1825; x_wconf 81' lang='lat' dir='ltr'>les</span> <span class='ocrx_word' id='word_1_286' title='bbox 3169 1770 3479 1826; x_wconf 69' lang='lat' dir='ltr'>cardinum:</span> 
     </span>
    </p>
   </div>
   <div class='ocr_carea' id='block_1_50' title="bbox 2057 1839 3420 1913">
    <p class='ocr_par' dir='ltr' id='par_1_50' title="bbox 2057 1839 3420 1913">
     <span class='ocr_line' id='line_1_50' title="bbox 2057 1839 3420 1913; baseline 0.004 -20"><span class='ocrx_word' id='word_1_287' title='bbox 2057 1840 2340 1910; x_wconf 54' lang='lat' dir='ltr'>frangitis;</span> <span class='ocrx_word' id='word_1_288' title='bbox 2374 1839 2554 1907; x_wconf 88' lang='lat' dir='ltr'>Paris,</span> <span class='ocrx_word' id='word_1_289' title='bbox 2591 1841 2747 1907; x_wconf 85' lang='grc'>1660,</span> <span class='ocrx_word' id='word_1_290' title='bbox 2791 1839 3003 1906; x_wconf 88' lang='lat' dir='ltr'>in-fol.,</span> <span class='ocrx_word' id='word_1_291' title='bbox 3037 1847 3079 1896; x_wconf 88' lang='lat' dir='ltr'>t.</span> <span class='ocrx_word' id='word_1_292' title='bbox 3115 1841 3180 1908; x_wconf 87' lang='lat' dir='ltr'>ll,</span> <span class='ocrx_word' id='word_1_293' title='bbox 3216 1858 3272 1913; x_wconf 91' lang='lat' dir='ltr'>p.</span> <span class='ocrx_word' id='word_1_294' title='bbox 3306 1842 3420 1913; x_wconf 64' lang='lat'>40.]</span> 
     </span>
    </p>
   </div>
   <div class='ocr_carea' id='block_1_51' title="bbox 1990 1946 3562 2019">
    <p class='ocr_par' dir='ltr' id='par_1_51' title="bbox 1990 1946 3562 2019">
     <span class='ocr_line' id='line_1_51' title="bbox 1990 1946 3562 2019; baseline 0.003 -19"><span class='ocrx_word' id='word_1_295' title='bbox 1990 1946 2265 2001; x_wconf 63' lang='lat' dir='ltr'>Unamus</span> <span class='ocrx_word' id='word_1_296' title='bbox 2296 1946 2625 2019; x_wconf 87' lang='lat' dir='ltr'>episcopus.</span> <span class='ocrx_word' id='word_1_297' title='bbox 2649 1963 2850 2004; x_wconf 86' lang='lat' dir='ltr'>servus</span> <span class='ocrx_word' id='word_1_298' title='bbox 2882 1964 3185 2004; x_wconf 88' lang='lat' dir='ltr'>servorum</span> <span class='ocrx_word' id='word_1_299' title='bbox 3216 1948 3562 2015; x_wconf 86' lang='lat' dir='ltr'>Dei,dilecto</span> 
     </span>
    </p>
   </div>
   <div class='ocr_carea' id='block_1_52' title="bbox 1917 2034 3565 2108">
    <p class='ocr_par' dir='ltr' id='par_1_52' title="bbox 1917 2034 3565 2108">
     <span class='ocr_line' id='line_1_52' title="bbox 1917 2034 3565 2108; baseline 0.003 -19"><span class='ocrx_word' id='word_1_300' title='bbox 1917 2034 1976 2090; x_wconf 91' lang='lat' dir='ltr'>in</span> <span class='ocrx_word' id='word_1_301' title='bbox 2005 2034 2233 2089; x_wconf 88' lang='lat' dir='ltr'>Christo</span> <span class='ocrx_word' id='word_1_302' title='bbox 2252 2036 2414 2090; x_wconf 82' lang='lat' dir='ltr'>fratri</span> <span class='ocrx_word' id='word_1_303' title='bbox 2446 2040 2504 2091; x_wconf 89' lang='lat' dir='ltr'>et</span> <span class='ocrx_word' id='word_1_304' title='bbox 2534 2036 3006 2108; x_wconf 83' lang='lat' dir='ltr'>compresbytero</span> <span class='ocrx_word' id='word_1_305' title='bbox 3030 2037 3565 2107; x_wconf 70' lang='lat' dir='ltr'>R1cmano,sanctaa</span> 
     </span>
    </p>
   </div>
   <div class='ocr_carea' id='block_1_53' title="bbox 1922 2122 3563 2192">
    <p class='ocr_par' dir='ltr' id='par_1_53' title="bbox 1922 2122 3563 2192">
     <span class='ocr_line' id='line_1_53' title="bbox 1922 2122 3563 2192; baseline 0.002 -14"><span class='ocrx_word' id='word_1_306' title='bbox 1922 2122 2193 2178; x_wconf 81' lang='lat' dir='ltr'>Romanae</span> <span class='ocrx_word' id='word_1_307' title='bbox 2226 2122 2493 2178; x_wconf 63' lang='lat' dir='ltr'>Ecclesia:</span> <span class='ocrx_word' id='word_1_308' title='bbox 2526 2124 2806 2179; x_wconf 85' lang='lat' dir='ltr'>cardinali</span> <span class='ocrx_word' id='word_1_309' title='bbox 2847 2130 2902 2180; x_wconf 89' lang='lat' dir='ltr'>et</span> <span class='ocrx_word' id='word_1_310' title='bbox 2950 2125 3300 2182; x_wconf 86' lang='lat' dir='ltr'>Massilieusi</span> <span class='ocrx_word' id='word_1_311' title='bbox 3344 2125 3563 2192; x_wconf 86' lang='lat' dir='ltr'>abbati,</span> 
     </span>
    </p>
   </div>
   <div class='ocr_carea' id='block_1_54' title="bbox 1920 2212 3567 2285">
    <p class='ocr_par' dir='ltr' id='par_1_54' title="bbox 1920 2212 3567 2285">
     <span class='ocr_line' id='line_1_54' title="bbox 1920 2212 3567 2285; baseline 0.002 -19"><span class='ocrx_word' id='word_1_312' title='bbox 1920 2214 2166 2284; x_wconf 79' lang='lat' dir='ltr'>ejusque</span> <span class='ocrx_word' id='word_1_313' title='bbox 2197 2212 2635 2268; x_wconf 88' lang='lat' dir='ltr'>successoribus</span> <span class='ocrx_word' id='word_1_314' title='bbox 2668 2212 3012 2285; x_wconf 86' lang='lat' dir='ltr'>regulariter</span> <span class='ocrx_word' id='word_1_315' title='bbox 3040 2214 3472 2272; x_wconf 88' lang='lat' dir='ltr'>substituendis</span> <span class='ocrx_word' id='word_1_316' title='bbox 3506 2215 3567 2270; x_wconf 89' lang='lat' dir='ltr'>in</span> 
     </span>
    </p>
   </div>
   <div class='ocr_carea' id='block_1_55' title="bbox 1920 2306 2287 2373">
    <p class='ocr_par' dir='ltr' id='par_1_55' title="bbox 1920 2306 2287 2373">
     <span class='ocr_line' id='line_1_55' title="bbox 1920 2306 2287 2373; baseline -0.003 -17"><span class='ocrx_word' id='word_1_317' title='bbox 1920 2306 2287 2373; x_wconf 90' lang='lat' dir='ltr'>perpetuum.</span> 
     </span>
    </p>
   </div>
   <div class='ocr_carea' id='block_1_56' title="bbox 1995 2387 3571 2464">
    <p class='ocr_par' dir='ltr' id='par_1_56' title="bbox 1995 2387 3571 2464">
     <span class='ocr_line' id='line_1_56' title="bbox 1995 2387 3571 2464; baseline 0.002 -21"><span class='ocrx_word' id='word_1_318' title='bbox 1995 2387 2025 2443; x_wconf 89' lang='lat' dir='ltr'><strong>J</strong></span> <span class='ocrx_word' id='word_1_319' title='bbox 2039 2388 2189 2443; x_wconf 89' lang='lat' dir='ltr'>ustis</span> <span class='ocrx_word' id='word_1_320' title='bbox 2218 2389 2367 2444; x_wconf 90' lang='lat' dir='ltr'>votis</span> <span class='ocrx_word' id='word_1_321' title='bbox 2397 2405 2706 2445; x_wconf 88' lang='lat' dir='ltr'>assensum</span> <span class='ocrx_word' id='word_1_322' title='bbox 2729 2390 3004 2462; x_wconf 72' lang='lat' dir='ltr'>praebere,</span> <span class='ocrx_word' id='word_1_323' title='bbox 3024 2389 3323 2462; x_wconf 87' lang='lat' dir='ltr'>justisque</span> <span class='ocrx_word' id='word_1_324' title='bbox 3347 2389 3571 2464; x_wconf 84' lang='lat' dir='ltr'>petitio-</span> 
     </span>
    </p>
   </div>
   <div class='ocr_carea' id='block_1_57' title="bbox 1922 2476 3569 2551">
    <p class='ocr_par' dir='ltr' id='par_1_57' title="bbox 1922 2476 3569 2551">
     <span class='ocr_line' id='line_1_57' title="bbox 1922 2476 3569 2551; baseline 0.002 -20"><span class='ocrx_word' id='word_1_325' title='bbox 1922 2477 2099 2532; x_wconf 88' lang='lat' dir='ltr'>nibus</span> <span class='ocrx_word' id='word_1_326' title='bbox 2131 2493 2301 2532; x_wconf 87' lang='lat' dir='ltr'>aures</span> <span class='ocrx_word' id='word_1_327' title='bbox 2332 2478 2704 2534; x_wconf 86' lang='lat' dir='ltr'>commodare</span> <span class='ocrx_word' id='word_1_328' title='bbox 2736 2495 2841 2534; x_wconf 90' lang='lat' dir='ltr'>nos</span> <span class='ocrx_word' id='word_1_329' title='bbox 2862 2476 3150 2544; x_wconf 88' lang='lat' dir='ltr'>convenit,</span> <span class='ocrx_word' id='word_1_330' title='bbox 3184 2478 3281 2551; x_wconf 90' lang='lat' dir='ltr'>qui</span> <span class='ocrx_word' id='word_1_331' title='bbox 3311 2476 3446 2535; x_wconf 85' lang='lat' dir='ltr'>licet</span> <span class='ocrx_word' id='word_1_332' title='bbox 3474 2478 3569 2534; x_wconf 91' lang='lat' dir='ltr'>in-</span> 
     </span>
    </p>
   </div>
   <div class='ocr_carea' id='block_1_58' title="bbox 1922 2565 3573 2640">
    <p class='ocr_par' dir='ltr' id='par_1_58' title="bbox 1922 2565 3573 2640">
     <span class='ocr_line' id='line_1_58' title="bbox 1922 2565 3573 2640; baseline 0.002 -20"><span class='ocrx_word' id='word_1_333' title='bbox 1922 2565 2085 2638; x_wconf 87' lang='lat' dir='ltr'>digni</span> <span class='ocrx_word' id='word_1_334' title='bbox 2108 2566 2353 2637; x_wconf 65' lang='lat' dir='ltr'>justitiie</span> <span class='ocrx_word' id='word_1_335' title='bbox 2384 2567 2657 2623; x_wconf 89' lang='lat' dir='ltr'>custodes</span> <span class='ocrx_word' id='word_1_336' title='bbox 2703 2571 2877 2639; x_wconf 89' lang='lat' dir='ltr'>atque</span> <span class='ocrx_word' id='word_1_337' title='bbox 2908 2583 3203 2640; x_wconf 60' lang='lat' dir='ltr'>praecones</span> <span class='ocrx_word' id='word_1_338' title='bbox 3252 2567 3311 2621; x_wconf 92' lang='lat' dir='ltr'>in</span> <span class='ocrx_word' id='word_1_339' title='bbox 3343 2566 3573 2624; x_wconf 83' lang='lat' dir='ltr'>excelsa</span> 
     </span>
    </p>
   </div>
   <div class='ocr_carea' id='block_1_59' title="bbox 1923 2653 3571 2727">
    <p class='ocr_par' dir='ltr' id='par_1_59' title="bbox 1923 2653 3571 2727">
     <span class='ocr_line' id='line_1_59' title="bbox 1923 2653 3571 2727; baseline 0 -17"><span class='ocrx_word' id='word_1_340' title='bbox 1923 2653 2319 2726; x_wconf 87' lang='lat' dir='ltr'>apostolorum</span> <span class='ocrx_word' id='word_1_341' title='bbox 2352 2655 2684 2727; x_wconf 87' lang='lat' dir='ltr'>principum</span> <span class='ocrx_word' id='word_1_342' title='bbox 2716 2655 2868 2711; x_wconf 88' lang='lat' dir='ltr'>Petri</span> <span class='ocrx_word' id='word_1_343' title='bbox 2895 2660 2954 2712; x_wconf 92' lang='lat' dir='ltr'>et</span> <span class='ocrx_word' id='word_1_344' title='bbox 2991 2654 3153 2711; x_wconf 89' lang='lat' dir='ltr'>Pauli</span> <span class='ocrx_word' id='word_1_345' title='bbox 3180 2653 3426 2727; x_wconf 86' lang='lat' dir='ltr'>specula</span> <span class='ocrx_word' id='word_1_346' title='bbox 3452 2655 3571 2710; x_wconf 88' lang='lat' dir='ltr'>Do-</span> 
     </span>
    </p>
   </div>
   <div class='ocr_carea' id='block_1_60' title="bbox 1923 2743 3573 2817">
    <p class='ocr_par' dir='ltr' id='par_1_60' title="bbox 1923 2743 3573 2817">
     <span class='ocr_line' id='line_1_60' title="bbox 1923 2743 3573 2817; baseline 0 -19"><span class='ocrx_word' id='word_1_347' title='bbox 1923 2744 2083 2799; x_wconf 92' lang='lat' dir='ltr'>mino</span> <span class='ocrx_word' id='word_1_348' title='bbox 2114 2743 2460 2817; x_wconf 82' lang='lat' dir='ltr'>disponente</span> <span class='ocrx_word' id='word_1_349' title='bbox 2497 2745 2767 2801; x_wconf 86' lang='lat' dir='ltr'>videmur</span> <span class='ocrx_word' id='word_1_350' title='bbox 2795 2745 3061 2801; x_wconf 80' lang='lat' dir='ltr'>existere.</span> <span class='ocrx_word' id='word_1_351' title='bbox 3094 2744 3241 2810; x_wconf 86' lang='lat' dir='ltr'>Quia</span> <span class='ocrx_word' id='word_1_352' title='bbox 3284 2745 3483 2817; x_wconf 82' lang='lat' dir='ltr'>igitur,</span> <span class='ocrx_word' id='word_1_353' title='bbox 3516 2744 3573 2800; x_wconf 85' lang='lat' dir='ltr'>et</span> 
     </span>
    </p>
   </div>
   <div class='ocr_carea' id='block_1_61' title="bbox 1924 2832 3574 2906">
    <p class='ocr_par' dir='ltr' id='par_1_61' title="bbox 1924 2832 3574 2906">
     <span class='ocr_line' id='line_1_61' title="bbox 1924 2832 3574 2906; baseline -0.001 -17"><span class='ocrx_word' id='word_1_354' title='bbox 1924 2837 2359 2889; x_wconf 90' lang='lat' dir='ltr'>antecessorum</span> <span class='ocrx_word' id='word_1_355' title='bbox 2372 2839 2609 2891; x_wconf 84' lang='lat' dir='ltr'>tuorum</span> <span class='ocrx_word' id='word_1_356' title='bbox 2631 2837 2688 2889; x_wconf 91' lang='lat' dir='ltr'>et</span> <span class='ocrx_word' id='word_1_357' title='bbox 2715 2833 2800 2889; x_wconf 91' lang='lat' dir='ltr'>tui</span> <span class='ocrx_word' id='word_1_358' title='bbox 2831 2834 3149 2891; x_wconf 88' lang='lat' dir='ltr'>strenuitas</span> <span class='ocrx_word' id='word_1_359' title='bbox 3177 2832 3236 2887; x_wconf 90' lang='lat' dir='ltr'>in</span> <span class='ocrx_word' id='word_1_360' title='bbox 3252 2833 3574 2906; x_wconf 87' lang='lat' dir='ltr'>reparando</span> 
     </span>
    </p>
   </div>
   <div class='ocr_carea' id='block_1_62' title="bbox 1925 2921 3576 2994">
    <p class='ocr_par' dir='ltr' id='par_1_62' title="bbox 1925 2921 3576 2994">
     <span class='ocr_line' id='line_1_62' title="bbox 1925 2921 3576 2994; baseline 0.001 -17"><span class='ocrx_word' id='word_1_361' title='bbox 1925 2923 2317 2994; x_wconf 90' lang='lat' dir='ltr'>quorumdam</span> <span class='ocrx_word' id='word_1_362' title='bbox 2351 2923 2746 2979; x_wconf 66' lang='lat' dir='ltr'>coenobiorum</span> <span class='ocrx_word' id='word_1_363' title='bbox 2777 2927 2932 2978; x_wconf 85' lang='lat' dir='ltr'>statu</span> <span class='ocrx_word' id='word_1_364' title='bbox 2964 2927 3202 2978; x_wconf 87' lang='lat' dir='ltr'>strenue</span> <span class='ocrx_word' id='word_1_365' title='bbox 3230 2938 3297 2978; x_wconf 91' lang='lat' dir='ltr'>ac</span> <span class='ocrx_word' id='word_1_366' title='bbox 3327 2921 3576 2978; x_wconf 86' lang='lat' dir='ltr'>sollicite</span> 
     </span>
    </p>
   </div>
   <div class='ocr_carea' id='block_1_63' title="bbox 1922 3010 3575 3083">
    <p class='ocr_par' dir='ltr' id='par_1_63' title="bbox 1922 3010 3575 3083">
     <span class='ocr_line' id='line_1_63' title="bbox 1922 3010 3575 3083; baseline 0.001 -18"><span class='ocrx_word' id='word_1_367' title='bbox 1922 3010 2198 3083; x_wconf 86' lang='lat' dir='ltr'>vigilavit,</span> <span class='ocrx_word' id='word_1_368' title='bbox 2243 3011 2509 3083; x_wconf 86' lang='lat' dir='ltr'>petitioni</span> <span class='ocrx_word' id='word_1_369' title='bbox 2562 3012 2691 3068; x_wconf 75' lang='lat' dir='ltr'>duae</span> <span class='ocrx_word' id='word_1_370' title='bbox 2736 3011 3015 3068; x_wconf 81' lang='lat' dir='ltr'>duximus</span> <span class='ocrx_word' id='word_1_371' title='bbox 3045 3012 3426 3067; x_wconf 81' lang='lat' dir='ltr'>annuehdum</span> <span class='ocrx_word' id='word_1_372' title='bbox 3456 3026 3575 3067; x_wconf 88' lang='lat' dir='ltr'>non</span> 
     </span>
    </p>
   </div>
   <div class='ocr_carea' id='block_1_64' title="bbox 154 3098 3576 3173">
    <p class='ocr_par' dir='ltr' id='par_1_64' title="bbox 154 3098 3576 3173">
     <span class='ocr_line' id='line_1_64' title="bbox 154 3098 3576 3173; baseline -0.001 -15"><span class='ocrx_word' id='word_1_373' title='bbox 154 3102 436 3158; x_wconf 85' lang='lat' dir='ltr'>Obeuute</span> <span class='ocrx_word' id='word_1_374' title='bbox 484 3104 679 3154; x_wconf 90' lang='lat' dir='ltr'>autem</span> <span class='ocrx_word' id='word_1_375' title='bbox 724 3102 782 3153; x_wconf 88' lang='lat' dir='ltr'>te</span> <span class='ocrx_word' id='word_1_376' title='bbox 830 3115 986 3153; x_wconf 88' lang='lat' dir='ltr'>nunc</span> <span class='ocrx_word' id='word_1_377' title='bbox 1025 3100 1154 3169; x_wconf 91' lang='lat' dir='ltr'>ejus</span> <span class='ocrx_word' id='word_1_378' title='bbox 1211 3099 1319 3155; x_wconf 91' lang='lat' dir='ltr'>loci</span> <span class='ocrx_word' id='word_1_379' title='bbox 1366 3102 1679 3173; x_wconf 60' lang='lat' dir='ltr'>praeposito</span> <span class='ocrx_word' id='word_1_380' title='bbox 1729 3100 1816 3157; x_wconf 91' lang='lat' dir='ltr'>vel</span> <span class='ocrx_word' id='word_1_381' title='bbox 1866 3171 1877 3173; x_wconf 74' lang='lat'><strong><em>_</em></strong></span> <span class='ocrx_word' id='word_1_382' title='bbox 1927 3098 2242 3165; x_wconf 89' lang='lat' dir='ltr'>immerito,</span> <span class='ocrx_word' id='word_1_383' title='bbox 2287 3104 2354 3154; x_wconf 90' lang='lat' dir='ltr'>ut</span> <span class='ocrx_word' id='word_1_384' title='bbox 2400 3101 2458 3154; x_wconf 91' lang='lat' dir='ltr'>in</span> <span class='ocrx_word' id='word_1_385' title='bbox 2504 3099 2721 3155; x_wconf 89' lang='lat' dir='ltr'>eisdem</span> <span class='ocrx_word' id='word_1_386' title='bbox 2755 3098 3127 3155; x_wconf 88' lang='lat' dir='ltr'>monasteriis</span> <span class='ocrx_word' id='word_1_387' title='bbox 3175 3099 3576 3170; x_wconf 88' lang='lat' dir='ltr'>disponendis,</span> 
     </span>
    </p>
   </div>
   <div class='ocr_carea' id='block_1_65' title="bbox 154 3171 3575 3262">
    <p class='ocr_par' dir='ltr' id='par_1_65' title="bbox 154 3171 3575 3262">
     <span class='ocr_line' id='line_1_65' title="bbox 154 3171 3575 3262; baseline -0.001 -15"><span class='ocrx_word' id='word_1_388' title='bbox 154 3196 408 3247; x_wconf 87' lang='lat' dir='ltr'>tuorum</span> <span class='ocrx_word' id='word_1_389' title='bbox 456 3186 719 3259; x_wconf 90' lang='lat' dir='ltr'>quolibet</span> <span class='ocrx_word' id='word_1_390' title='bbox 761 3202 1166 3243; x_wconf 89' lang='lat' dir='ltr'>successorum</span> <span class='ocrx_word' id='word_1_391' title='bbox 1218 3171 1417 3245; x_wconf 80' lang='lat' dir='ltr'>nullus</span> <span class='ocrx_word' id='word_1_392' title='bbox 1449 3171 1528 3246; x_wconf 84' lang='lat' dir='ltr'>ibi</span> <span class='ocrx_word' id='word_1_393' title='bbox 1559 3189 1821 3262; x_wconf 86' lang='lat' dir='ltr'>qualibet</span> <span class='ocrx_word' id='word_1_394' title='bbox 1849 3171 1893 3239; x_wconf 70' lang='grc' dir='ltr'>Ο</span> <span class='ocrx_word' id='word_1_395' title='bbox 1930 3187 2209 3243; x_wconf 90' lang='lat' dir='ltr'>abbatum</span> <span class='ocrx_word' id='word_1_396' title='bbox 2241 3186 2465 3243; x_wconf 84' lang='lat' dir='ltr'>scilicet</span> <span class='ocrx_word' id='word_1_397' title='bbox 2490 3187 2958 3243; x_wconf 81' lang='lat' dir='ltr'>ordinationibus</span> <span class='ocrx_word' id='word_1_398' title='bbox 2999 3193 3176 3259; x_wconf 89' lang='lat' dir='ltr'>atque</span> <span class='ocrx_word' id='word_1_399' title='bbox 3205 3187 3575 3243; x_wconf 84' lang='lat' dir='ltr'>correctioni-</span> 
     </span>
    </p>
   </div>
   <div class='ocr_carea' id='block_1_66' title="bbox 154 3274 1821 3350">
    <p class='ocr_par' dir='ltr' id='par_1_66' title="bbox 154 3274 1821 3350">
     <span class='ocr_line' id='line_1_66' title="bbox 154 3274 1821 3350; baseline -0.002 -13"><span class='ocrx_word' id='word_1_400' title='bbox 154 3276 571 3350; x_wconf 77' lang='lat' dir='ltr'>subreptionis</span> <span class='ocrx_word' id='word_1_401' title='bbox 602 3276 821 3331; x_wconf 84' lang='lat' dir='ltr'>astutia</span> <span class='ocrx_word' id='word_1_402' title='bbox 851 3274 939 3330; x_wconf 88' lang='lat' dir='ltr'>vel</span> <span class='ocrx_word' id='word_1_403' title='bbox 983 3276 1258 3332; x_wconf 88' lang='lat' dir='ltr'>violentia</span> <span class='ocrx_word' id='word_1_404' title='bbox 1301 3285 1661 3349; x_wconf 88' lang='lat' dir='ltr'>proponatur</span> <span class='ocrx_word' id='word_1_405' title='bbox 1709 3279 1821 3334; x_wconf 88' lang='lat' dir='ltr'>nisi</span> 
     </span>
    </p>
   </div>
   <div class='ocr_carea' id='block_1_67' title="bbox 157 3364 1822 3441">
    <p class='ocr_par' dir='ltr' id='par_1_67' title="bbox 157 3364 1822 3441">
     <span class='ocr_line' id='line_1_67' title="bbox 157 3364 1822 3441; baseline 0.001 -18"><span class='ocrx_word' id='word_1_406' title='bbox 157 3382 347 3441; x_wconf 80' lang='lat' dir='ltr'>quem</span> <span class='ocrx_word' id='word_1_407' title='bbox 381 3366 594 3421; x_wconf 75' lang='lat' dir='ltr'>fratres</span> <span class='ocrx_word' id='word_1_408' title='bbox 626 3364 927 3421; x_wconf 89' lang='lat' dir='ltr'>communi</span> <span class='ocrx_word' id='word_1_409' title='bbox 958 3382 1249 3421; x_wconf 90' lang='lat' dir='ltr'>consensu</span> <span class='ocrx_word' id='word_1_410' title='bbox 1278 3366 1364 3422; x_wconf 89' lang='lat' dir='ltr'>vel</span> <span class='ocrx_word' id='word_1_411' title='bbox 1408 3368 1655 3423; x_wconf 77' lang='lat' dir='ltr'>fratrum</span> <span class='ocrx_word' id='word_1_412' title='bbox 1687 3384 1822 3440; x_wconf 89' lang='lat' dir='ltr'>pars</span> 
     </span>
    </p>
   </div>
   <div class='ocr_carea' id='block_1_68' title="bbox 156 3452 1825 3529">
    <p class='ocr_par' dir='ltr' id='par_1_68' title="bbox 156 3452 1825 3529">
     <span class='ocr_line' id='line_1_68' title="bbox 156 3452 1825 3529; baseline 0 -16"><span class='ocrx_word' id='word_1_413' title='bbox 156 3453 406 3513; x_wconf 88' lang='lat' dir='ltr'>consilii</span> <span class='ocrx_word' id='word_1_414' title='bbox 437 3452 687 3510; x_wconf 87' lang='lat' dir='ltr'>sanioris</span> <span class='ocrx_word' id='word_1_415' title='bbox 717 3455 1042 3509; x_wconf 90' lang='lat' dir='ltr'>secundum</span> <span class='ocrx_word' id='word_1_416' title='bbox 1065 3454 1166 3510; x_wconf 93' lang='lat' dir='ltr'>Dei</span> <span class='ocrx_word' id='word_1_417' title='bbox 1197 3455 1467 3511; x_wconf 88' lang='lat' dir='ltr'>timorem</span> <span class='ocrx_word' id='word_1_418' title='bbox 1481 3456 1825 3529; x_wconf 83' lang='lat' dir='ltr'>regulariter</span> 
     </span>
    </p>
   </div>
   <div class='ocr_carea' id='block_1_69' title="bbox 155 3542 1821 3618">
    <p class='ocr_par' dir='ltr' id='par_1_69' title="bbox 155 3542 1821 3618">
     <span class='ocr_line' id='line_1_69' title="bbox 155 3542 1821 3618; baseline 0.001 -18"><span class='ocrx_word' id='word_1_419' title='bbox 155 3543 498 3618; x_wconf 86' lang='lat' dir='ltr'>elegerint;</span> <span class='ocrx_word' id='word_1_420' title='bbox 550 3557 655 3598; x_wconf 90' lang='lat' dir='ltr'>nec</span> <span class='ocrx_word' id='word_1_421' title='bbox 707 3542 852 3614; x_wconf 90' lang='lat' dir='ltr'>ipsis</span> <span class='ocrx_word' id='word_1_422' title='bbox 894 3542 1078 3610; x_wconf 87' lang='lat' dir='ltr'>vobis,</span> <span class='ocrx_word' id='word_1_423' title='bbox 1126 3559 1231 3599; x_wconf 91' lang='lat' dir='ltr'>nec</span> <span class='ocrx_word' id='word_1_424' title='bbox 1279 3544 1453 3599; x_wconf 90' lang='lat' dir='ltr'>alicui</span> <span class='ocrx_word' id='word_1_425' title='bbox 1502 3544 1609 3601; x_wconf 91' lang='lat' dir='ltr'>loci</span> <span class='ocrx_word' id='word_1_426' title='bbox 1662 3545 1821 3601; x_wconf 91' lang='lat' dir='ltr'>illius</span> 
     </span>
    </p>
   </div>
   <div class='ocr_carea' id='block_1_70' title="bbox 156 3629 1823 3690">
    <p class='ocr_par' dir='ltr' id='par_1_70' title="bbox 156 3629 1823 3690">
     <span class='ocr_line' id='line_1_70' title="bbox 156 3629 1823 3690; baseline 0 -1"><span class='ocrx_word' id='word_1_427' title='bbox 156 3633 450 3690; x_wconf 88' lang='lat' dir='ltr'>ministro</span> <span class='ocrx_word' id='word_1_428' title='bbox 482 3630 731 3687; x_wconf 84' lang='lat' dir='ltr'>facultas</span> <span class='ocrx_word' id='word_1_429' title='bbox 761 3630 839 3687; x_wconf 90' lang='lat' dir='ltr'>sit</span> <span class='ocrx_word' id='word_1_430' title='bbox 867 3629 1123 3687; x_wconf 63' lang='lat' dir='ltr'>ecclesia:</span> <span class='ocrx_word' id='word_1_431' title='bbox 1143 3632 1297 3687; x_wconf 88' lang='lat' dir='ltr'>bona</span> <span class='ocrx_word' id='word_1_432' title='bbox 1326 3632 1385 3687; x_wconf 91' lang='lat' dir='ltr'>in</span> <span class='ocrx_word' id='word_1_433' title='bbox 1410 3633 1648 3689; x_wconf 88' lang='lat' dir='ltr'>feudum</span> <span class='ocrx_word' id='word_1_434' title='bbox 1674 3633 1823 3689; x_wconf 88' lang='lat' dir='ltr'>mili-</span> 
     </span>
    </p>
   </div>
   <div class='ocr_carea' id='block_1_71' title="bbox 148 3718 1818 3795">
    <p class='ocr_par' dir='ltr' id='par_1_71' title="bbox 148 3718 1818 3795">
     <span class='ocr_line' id='line_1_71' title="bbox 148 3718 1818 3795; baseline 0 -18"><span class='ocrx_word' id='word_1_435' title='bbox 148 3720 331 3778; x_wconf 82' lang='lat' dir='ltr'>tibus</span> <span class='ocrx_word' id='word_1_436' title='bbox 361 3719 451 3775; x_wconf 92' lang='lat' dir='ltr'>vel</span> <span class='ocrx_word' id='word_1_437' title='bbox 482 3718 780 3792; x_wconf 89' lang='lat' dir='ltr'>aliquibus</span> <span class='ocrx_word' id='word_1_438' title='bbox 811 3720 1079 3792; x_wconf 87' lang='lat' dir='ltr'>personis</span> <span class='ocrx_word' id='word_1_439' title='bbox 1109 3720 1488 3778; x_wconf 70' lang='lat' dir='ltr'>szecularibus</span> <span class='ocrx_word' id='word_1_440' title='bbox 1510 3723 1818 3795; x_wconf 90' lang='lat' dir='ltr'>impertiri.</span> 
     </span>
    </p>
   </div>
   <div class='ocr_carea' id='block_1_72' title="bbox 152 3808 1824 3884">
    <p class='ocr_par' dir='ltr' id='par_1_72' title="bbox 152 3808 1824 3884">
     <span class='ocr_line' id='line_1_72' title="bbox 152 3808 1824 3884; baseline 0.001 -18"><span class='ocrx_word' id='word_1_441' title='bbox 152 3811 284 3866; x_wconf 85' lang='lat' dir='ltr'>Hoc</span> <span class='ocrx_word' id='word_1_442' title='bbox 316 3825 557 3881; x_wconf 88' lang='lat' dir='ltr'>quoque</span> <span class='ocrx_word' id='word_1_443' title='bbox 577 3809 851 3879; x_wconf 67' lang='lat' dir='ltr'>praesenti</span> <span class='ocrx_word' id='word_1_444' title='bbox 876 3808 1133 3881; x_wconf 88' lang='lat' dir='ltr'>capitulo</span> <span class='ocrx_word' id='word_1_445' title='bbox 1157 3811 1575 3883; x_wconf 89' lang='lat' dir='ltr'>subjungimus</span> <span class='ocrx_word' id='word_1_446' title='bbox 1607 3816 1671 3867; x_wconf 91' lang='lat' dir='ltr'>ut</span> <span class='ocrx_word' id='word_1_447' title='bbox 1696 3812 1824 3884; x_wconf 89' lang='lat' dir='ltr'>ipsa</span> 
     </span>
    </p>
   </div>
   <div class='ocr_carea' id='block_1_73' title="bbox 148 3896 1820 3968">
    <p class='ocr_par' dir='ltr' id='par_1_73' title="bbox 148 3896 1820 3968">
     <span class='ocr_line' id='line_1_73' title="bbox 148 3896 1820 3968; baseline 0.001 -13"><span class='ocrx_word' id='word_1_448' title='bbox 148 3897 417 3955; x_wconf 81' lang='lat' dir='ltr'>ecclesia</span> <span class='ocrx_word' id='word_1_449' title='bbox 444 3902 501 3953; x_wconf 89' lang='lat' dir='ltr'>et</span> <span class='ocrx_word' id='word_1_450' title='bbox 530 3896 719 3968; x_wconf 87' lang='lat' dir='ltr'>ipsius</span> <span class='ocrx_word' id='word_1_451' title='bbox 749 3896 1016 3953; x_wconf 64' lang='lat' dir='ltr'>Ecclesiae</span> <span class='ocrx_word' id='word_1_452' title='bbox 1048 3898 1311 3953; x_wconf 90' lang='lat' dir='ltr'>canonici</span> <span class='ocrx_word' id='word_1_453' title='bbox 1346 3901 1418 3955; x_wconf 87' lang='lat' dir='ltr'>ab</span> <span class='ocrx_word' id='word_1_454' title='bbox 1449 3901 1609 3955; x_wconf 88' lang='lat' dir='ltr'>omni</span> <span class='ocrx_word' id='word_1_455' title='bbox 1640 3917 1820 3956; x_wconf 60' lang='lat' dir='ltr'>saecu-</span> 
     </span>
    </p>
   </div>
   <div class='ocr_carea' id='block_1_74' title="bbox 155 3982 1820 4063">
    <p class='ocr_par' dir='ltr' id='par_1_74' title="bbox 155 3982 1820 4063">
     <span class='ocr_line' id='line_1_74' title="bbox 155 3982 1820 4063; baseline 0.002 -22"><span class='ocrx_word' id='word_1_456' title='bbox 155 3986 311 4042; x_wconf 84' lang='lat' dir='ltr'>laris</span> <span class='ocrx_word' id='word_1_457' title='bbox 342 3982 561 4042; x_wconf 88' lang='lat' dir='ltr'>servitii</span> <span class='ocrx_word' id='word_1_458' title='bbox 593 3984 712 4040; x_wconf 90' lang='lat' dir='ltr'>sint</span> <span class='ocrx_word' id='word_1_459' title='bbox 738 3984 1112 4042; x_wconf 82' lang='lat' dir='ltr'>infestatione</span> <span class='ocrx_word' id='word_1_460' title='bbox 1156 3987 1346 4042; x_wconf 89' lang='lat' dir='ltr'>securi</span> <span class='ocrx_word' id='word_1_461' title='bbox 1386 3989 1663 4061; x_wconf 90' lang='lat' dir='ltr'>omnique</span> <span class='ocrx_word' id='word_1_462' title='bbox 1691 4006 1820 4063; x_wconf 88' lang='lat' dir='ltr'>gra-</span> 
     </span>
    </p>
   </div>
   <div class='ocr_carea' id='block_1_75' title="bbox 144 4073 1823 4159">
    <p class='ocr_par' dir='ltr' id='par_1_75' title="bbox 144 4073 1823 4159">
     <span class='ocr_line' id='line_1_75' title="bbox 144 4073 1823 4159; baseline 0.002 -29"><span class='ocrx_word' id='word_1_463' title='bbox 144 4074 396 4131; x_wconf 87' lang='lat' dir='ltr'>vamine</span> <span class='ocrx_word' id='word_1_464' title='bbox 440 4073 748 4129; x_wconf 68' lang='lat' dir='ltr'>mundanae</span> <span class='ocrx_word' id='word_1_465' title='bbox 774 4073 1202 4159; x_wconf 53' lang='lat' dir='ltr'>.Oppressionis</span> <span class='ocrx_word' id='word_1_466' title='bbox 1256 4077 1460 4131; x_wconf 87' lang='lat' dir='ltr'>remoti</span> <span class='ocrx_word' id='word_1_467' title='bbox 1508 4077 1565 4131; x_wconf 88' lang='lat' dir='ltr'>in</span> <span class='ocrx_word' id='word_1_468' title='bbox 1607 4083 1823 4133; x_wconf 64' lang='lat' dir='ltr'>sanctae</span> 
     </span>
    </p>
   </div>
   <div class='ocr_carea' id='block_1_76' title="bbox 147 4160 1821 4237">
    <p class='ocr_par' dir='ltr' id='par_1_76' title="bbox 147 4160 1821 4237">
     <span class='ocr_line' id='line_1_76' title="bbox 147 4160 1821 4237; baseline 0.001 -18"><span class='ocrx_word' id='word_1_469' title='bbox 147 4162 463 4237; x_wconf 87' lang='lat' dir='ltr'>religionis</span> <span class='ocrx_word' id='word_1_470' title='bbox 510 4160 916 4218; x_wconf 87' lang='lat' dir='ltr'>observatione</span> <span class='ocrx_word' id='word_1_471' title='bbox 969 4162 1159 4218; x_wconf 86' lang='lat' dir='ltr'>seduli</span> <span class='ocrx_word' id='word_1_472' title='bbox 1204 4169 1382 4237; x_wconf 88' lang='lat' dir='ltr'>atque</span> <span class='ocrx_word' id='word_1_473' title='bbox 1431 4165 1632 4237; x_wconf 85' lang='lat' dir='ltr'>quieti,</span> <span class='ocrx_word' id='word_1_474' title='bbox 1676 4166 1821 4221; x_wconf 89' lang='lat' dir='ltr'>nulli</span> 
     </span>
    </p>
   </div>
   <div class='ocr_carea' id='block_1_77' title="bbox 143 4250 1823 4326">
    <p class='ocr_par' dir='ltr' id='par_1_77' title="bbox 143 4250 1823 4326">
     <span class='ocr_line' id='line_1_77' title="bbox 143 4250 1823 4326; baseline 0.002 -17"><span class='ocrx_word' id='word_1_475' title='bbox 143 4250 255 4309; x_wconf 86' lang='lat' dir='ltr'>alii</span> <span class='ocrx_word' id='word_1_476' title='bbox 290 4250 407 4308; x_wconf 88' lang='lat' dir='ltr'>nisi</span> <span class='ocrx_word' id='word_1_477' title='bbox 438 4251 710 4308; x_wconf 62' lang='lat' dir='ltr'>Romanis</span> <span class='ocrx_word' id='word_1_478' title='bbox 742 4258 799 4308; x_wconf 91' lang='lat' dir='ltr'>et</span> <span class='ocrx_word' id='word_1_479' title='bbox 834 4252 1165 4323; x_wconf 62' lang='lat' dir='ltr'>apostolica</span> <span class='ocrx_word' id='word_1_480' title='bbox 1200 4253 1322 4309; x_wconf 91' lang='lat' dir='ltr'>sedi</span> <span class='ocrx_word' id='word_1_481' title='bbox 1357 4255 1528 4325; x_wconf 89' lang='lat' dir='ltr'>cujus</span> <span class='ocrx_word' id='word_1_482' title='bbox 1549 4254 1703 4326; x_wconf 88' lang='lat' dir='ltr'>juris</span> <span class='ocrx_word' id='word_1_483' title='bbox 1734 4261 1823 4313; x_wconf 90' lang='lat' dir='ltr'>est</span> 
     </span>
    </p>
   </div>
   <div class='ocr_carea' id='block_1_78' title="bbox 146 4340 1819 4413">
    <p class='ocr_par' dir='ltr' id='par_1_78' title="bbox 146 4340 1819 4413">
     <span class='ocr_line' id='line_1_78' title="bbox 146 4340 1819 4413; baseline 0.002 -15"><span class='ocrx_word' id='word_1_484' title='bbox 146 4340 738 4413; x_wconf 84' lang='lat' dir='ltr'>aliaque-teneantur</span> <span class='ocrx_word' id='word_1_485' title='bbox 767 4342 1072 4397; x_wconf 88' lang='lat' dir='ltr'>occasione</span> <span class='ocrx_word' id='word_1_486' title='bbox 1097 4342 1646 4412; x_wconf 89' lang='lat' dir='ltr'>subjecti.Chrisma</span> <span class='ocrx_word' id='word_1_487' title='bbox 1665 4361 1819 4411; x_wconf 89' lang='lat' dir='ltr'>vero,</span> 
     </span>
    </p>
   </div>
   <div class='ocr_carea' id='block_1_79' title="bbox 148 4428 1819 4499">
    <p class='ocr_par' dir='ltr' id='par_1_79' title="bbox 148 4428 1819 4499">
     <span class='ocr_line' id='line_1_79' title="bbox 148 4428 1819 4499; baseline 0.002 -14"><span class='ocrx_word' id='word_1_488' title='bbox 148 4428 358 4485; x_wconf 86' lang='lat' dir='ltr'>oleum</span> <span class='ocrx_word' id='word_1_489' title='bbox 388 4431 692 4493; x_wconf 89' lang='lat' dir='ltr'>sanctum,</span> <span class='ocrx_word' id='word_1_490' title='bbox 725 4430 1190 4487; x_wconf 82' lang='lat' dir='ltr'>consecrationes</span> <span class='ocrx_word' id='word_1_491' title='bbox 1232 4429 1632 4499; x_wconf 89' lang='lat' dir='ltr'>ecclesiarum,</span> <span class='ocrx_word' id='word_1_492' title='bbox 1666 4433 1819 4488; x_wconf 88' lang='lat' dir='ltr'>ordi-</span> 
     </span>
    </p>
   </div>
   <div class='ocr_carea' id='block_1_80' title="bbox 1928 3275 3578 3347">
    <p class='ocr_par' dir='ltr' id='par_1_80' title="bbox 1928 3275 3578 3347">
     <span class='ocr_line' id='line_1_80' title="bbox 1928 3275 3578 3347; baseline 0.002 -18"><span class='ocrx_word' id='word_1_493' title='bbox 1928 3275 2042 3330; x_wconf 91' lang='lat' dir='ltr'>bus</span> <span class='ocrx_word' id='word_1_494' title='bbox 2072 3280 2300 3331; x_wconf 88' lang='lat' dir='ltr'>nostras</span> <span class='ocrx_word' id='word_1_495' title='bbox 2314 3276 2421 3331; x_wconf 88' lang='lat' dir='ltr'>tibi</span> <span class='ocrx_word' id='word_1_496' title='bbox 2434 3275 2589 3347; x_wconf 90' lang='lat' dir='ltr'>tuisq</span> <span class='ocrx_word' id='word_1_497' title='bbox 2600 3293 2670 3332; x_wconf 90' lang='lat' dir='ltr'>ue</span> <span class='ocrx_word' id='word_1_498' title='bbox 2683 3275 2963 3347; x_wconf 86' lang='lat' dir='ltr'>legitimis</span> <span class='ocrx_word' id='word_1_499' title='bbox 2976 3275 3578 3332; x_wconf 88' lang='lat' dir='ltr'>successoribusvices</span> 
     </span>
    </p>
   </div>
   <div class='ocr_carea' id='block_1_81' title="bbox 1931 3364 3579 3437">
    <p class='ocr_par' dir='ltr' id='par_1_81' title="bbox 1931 3364 3579 3437">
     <span class='ocr_line' id='line_1_81' title="bbox 1931 3364 3579 3437; baseline 0.001 -18"><span class='ocrx_word' id='word_1_500' title='bbox 1931 3365 2294 3420; x_wconf 89' lang='lat' dir='ltr'>committere</span> <span class='ocrx_word' id='word_1_501' title='bbox 2322 3364 2662 3432; x_wconf 89' lang='lat' dir='ltr'>debeamus,</span> <span class='ocrx_word' id='word_1_502' title='bbox 2696 3365 2849 3421; x_wconf 83' lang='lat' dir='ltr'>sicut</span> <span class='ocrx_word' id='word_1_503' title='bbox 2881 3364 3292 3437; x_wconf 69' lang='lat' dir='ltr'>praedecessori</span> <span class='ocrx_word' id='word_1_504' title='bbox 3340 3367 3440 3419; x_wconf 92' lang='lat' dir='ltr'>tuo</span> <span class='ocrx_word' id='word_1_505' title='bbox 3483 3381 3579 3420; x_wconf 89' lang='lat' dir='ltr'>ve-</span> 
     </span>
    </p>
   </div>
   <div class='ocr_carea' id='block_1_82' title="bbox 1931 3452 3578 3524">
    <p class='ocr_par' dir='ltr' id='par_1_82' title="bbox 1931 3452 3578 3524">
     <span class='ocr_line' id='line_1_82' title="bbox 1931 3452 3578 3524; baseline 0.001 -17"><span class='ocrx_word' id='word_1_506' title='bbox 1931 3453 2176 3508; x_wconf 91' lang='lat' dir='ltr'>nerabili</span> <span class='ocrx_word' id='word_1_507' title='bbox 2237 3453 2358 3509; x_wconf 91' lang='lat' dir='ltr'>viro</span> <span class='ocrx_word' id='word_1_508' title='bbox 2413 3454 2706 3508; x_wconf 88' lang='lat' dir='ltr'>Bernardo</span> <span class='ocrx_word' id='word_1_509' title='bbox 2764 3454 2837 3508; x_wconf 89' lang='lat' dir='ltr'>ab</span> <span class='ocrx_word' id='word_1_510' title='bbox 2896 3452 3224 3524; x_wconf 74' lang='lat' dir='ltr'>apostolica-</span> <span class='ocrx_word' id='word_1_511' title='bbox 3285 3453 3578 3509; x_wconf 71' lang='lat' dir='ltr'>memorias</span> 
     </span>
    </p>
   </div>
   <div class='ocr_carea' id='block_1_83' title="bbox 1932 3541 3580 3616">
    <p class='ocr_par' dir='ltr' id='par_1_83' title="bbox 1932 3541 3580 3616">
     <span class='ocr_line' id='line_1_83' title="bbox 1932 3541 3580 3616; baseline -0.001 -18"><span class='ocrx_word' id='word_1_512' title='bbox 1932 3541 2207 3616; x_wconf 88' lang='lat' dir='ltr'>Gregorio</span> <span class='ocrx_word' id='word_1_513' title='bbox 2228 3542 2649 3615; x_wconf 60' lang='lat' dir='ltr'>praedecessore</span> <span class='ocrx_word' id='word_1_514' title='bbox 2682 3547 2885 3597; x_wconf 91' lang='lat' dir='ltr'>nostro</span> <span class='ocrx_word' id='word_1_515' title='bbox 2914 3545 3242 3596; x_wconf 59' lang='lat' dir='ltr'>commissae</span> <span class='ocrx_word' id='word_1_516' title='bbox 3271 3546 3431 3609; x_wconf 89' lang='lat' dir='ltr'>sunt,</span> <span class='ocrx_word' id='word_1_517' title='bbox 3463 3545 3523 3597; x_wconf 88' lang='lat' dir='ltr'>et</span> <span class='ocrx_word' id='word_1_518' title='bbox 3545 3557 3580 3597; x_wconf 90' lang='lat' dir='ltr'>a</span> 
     </span>
    </p>
   </div>
   <div class='ocr_carea' id='block_1_84' title="bbox 1932 3630 3577 3704">
    <p class='ocr_par' dir='ltr' id='par_1_84' title="bbox 1932 3630 3577 3704">
     <span class='ocr_line' id='line_1_84' title="bbox 1932 3630 3577 3704; baseline 0 -18"><span class='ocrx_word' id='word_1_519' title='bbox 1932 3631 2220 3703; x_wconf 87' lang='lat' dir='ltr'>religiosis</span> <span class='ocrx_word' id='word_1_520' title='bbox 2266 3630 2556 3704; x_wconf 80' lang='lat' dir='ltr'>episcOpis</span> <span class='ocrx_word' id='word_1_521' title='bbox 2604 3635 2657 3687; x_wconf 89' lang='lat' dir='ltr'>et</span> <span class='ocrx_word' id='word_1_522' title='bbox 2690 3631 3058 3704; x_wconf 81' lang='lat' dir='ltr'>principibus</span> <span class='ocrx_word' id='word_1_523' title='bbox 3106 3630 3482 3697; x_wconf 65' lang='lat' dir='ltr'>conﬁrmatae,</span> <span class='ocrx_word' id='word_1_524' title='bbox 3516 3630 3577 3686; x_wconf 92' lang='lat' dir='ltr'>in</span> 
     </span>
    </p>
   </div>
   <div class='ocr_carea' id='block_1_85' title="bbox 1931 3718 3581 3792">
    <p class='ocr_par' dir='ltr' id='par_1_85' title="bbox 1931 3718 3581 3792">
     <span class='ocr_line' id='line_1_85' title="bbox 1931 3718 3581 3792; baseline -0.001 -17"><span class='ocrx_word' id='word_1_525' title='bbox 1931 3736 2183 3792; x_wconf 88' lang='lat' dir='ltr'>quorum</span> <span class='ocrx_word' id='word_1_526' title='bbox 2216 3719 2505 3791; x_wconf 89' lang='lat' dir='ltr'>parocbiis</span> <span class='ocrx_word' id='word_1_527' title='bbox 2534 3718 2829 3775; x_wconf 90' lang='lat' dir='ltr'>habentur</span> <span class='ocrx_word' id='word_1_528' title='bbox 2861 3718 3216 3775; x_wconf 89' lang='lat' dir='ltr'>monasteria</span> <span class='ocrx_word' id='word_1_529' title='bbox 3249 3737 3262 3776; x_wconf 94' lang='lat'><strong>:</strong></span> <span class='ocrx_word' id='word_1_530' title='bbox 3300 3719 3581 3775; x_wconf 83' lang='lat' dir='ltr'>Videlicet</span> 
     </span>
    </p>
   </div>
   <div class='ocr_carea' id='block_1_86' title="bbox 1931 3807 3579 3882">
    <p class='ocr_par' dir='ltr' id='par_1_86' title="bbox 1931 3807 3579 3882">
     <span class='ocr_line' id='line_1_86' title="bbox 1931 3807 3579 3882; baseline -0.001 -18"><span class='ocrx_word' id='word_1_531' title='bbox 1931 3808 2356 3865; x_wconf 88' lang='lat' dir='ltr'>monasterium</span> <span class='ocrx_word' id='word_1_532' title='bbox 2389 3808 2612 3865; x_wconf 65' lang='lat' dir='ltr'>Sanctae</span> <span class='ocrx_word' id='word_1_533' title='bbox 2645 3808 2837 3863; x_wconf 67' lang='lat' dir='ltr'>Mariae</span> <span class='ocrx_word' id='word_1_534' title='bbox 2868 3809 2939 3864; x_wconf 90' lang='lat' dir='ltr'>de</span> <span class='ocrx_word' id='word_1_535' title='bbox 2989 3807 3237 3881; x_wconf 82' lang='lat' dir='ltr'>Riupoly</span> <span class='ocrx_word' id='word_1_536' title='bbox 3261 3807 3322 3864; x_wconf 92' lang='lat' dir='ltr'>in</span> <span class='ocrx_word' id='word_1_537' title='bbox 3352 3807 3579 3882; x_wconf 83' lang='lat' dir='ltr'>episco-</span> 
     </span>
    </p>
   </div>
   <div class='ocr_carea' id='block_1_87' title="bbox 1936 3896 3576 3970">
    <p class='ocr_par' dir='ltr' id='par_1_87' title="bbox 1936 3896 3576 3970">
     <span class='ocr_line' id='line_1_87' title="bbox 1936 3896 3576 3970; baseline 0 -17"><span class='ocrx_word' id='word_1_538' title='bbox 1936 3904 2077 3970; x_wconf 89' lang='lat' dir='ltr'>patu</span> <span class='ocrx_word' id='word_1_539' title='bbox 2126 3896 2496 3953; x_wconf 89' lang='lat' dir='ltr'>Ausoniensi.</span> <span class='ocrx_word' id='word_1_540' title='bbox 2548 3902 2610 3952; x_wconf 92' lang='lat' dir='ltr'>In</span> <span class='ocrx_word' id='word_1_541' title='bbox 2662 3897 3014 3953; x_wconf 86' lang='lat' dir='ltr'>Girondensi</span> <span class='ocrx_word' id='word_1_542' title='bbox 3062 3897 3486 3954; x_wconf 88' lang='lat' dir='ltr'>monasterium</span> <span class='ocrx_word' id='word_1_543' title='bbox 3516 3898 3576 3953; x_wconf 92' lang='lat' dir='ltr'>S.</span> 
     </span>
    </p>
   </div>
   <div class='ocr_carea' id='block_1_88' title="bbox 1933 3982 3575 4059">
    <p class='ocr_par' dir='ltr' id='par_1_88' title="bbox 1933 3982 3575 4059">
     <span class='ocr_line' id='line_1_88' title="bbox 1933 3982 3575 4059; baseline -0.002 -17"><span class='ocrx_word' id='word_1_544' title='bbox 1933 3986 2212 4059; x_wconf 90' lang='lat' dir='ltr'>Stephani</span> <span class='ocrx_word' id='word_1_545' title='bbox 2244 3987 2315 4042; x_wconf 92' lang='lat' dir='ltr'>de</span> <span class='ocrx_word' id='word_1_546' title='bbox 2346 3985 2615 4054; x_wconf 89' lang='lat' dir='ltr'>Baleolis,</span> <span class='ocrx_word' id='word_1_547' title='bbox 2646 3990 2703 4040; x_wconf 88' lang='lat' dir='ltr'>et</span> <span class='ocrx_word' id='word_1_548' title='bbox 2735 3986 2794 4041; x_wconf 89' lang='lat' dir='ltr'>S.</span> <span class='ocrx_word' id='word_1_549' title='bbox 2828 3985 2979 4042; x_wconf 88' lang='lat' dir='ltr'>Petri</span> <span class='ocrx_word' id='word_1_550' title='bbox 3025 3987 3097 4041; x_wconf 89' lang='lat' dir='ltr'>de</span> <span class='ocrx_word' id='word_1_551' title='bbox 3146 3985 3481 4041; x_wconf 89' lang='lat' dir='ltr'>Bisalduno.</span> <span class='ocrx_word' id='word_1_552' title='bbox 3514 3982 3575 4041; x_wconf 89' lang='lat' dir='ltr'>In</span> 
     </span>
    </p>
   </div>
   <div class='ocr_carea' id='block_1_89' title="bbox 1929 4074 3578 4132">
    <p class='ocr_par' dir='ltr' id='par_1_89' title="bbox 1929 4074 3578 4132">
     <span class='ocr_line' id='line_1_89' title="bbox 1929 4074 3578 4132; baseline -0.001 -1"><span class='ocrx_word' id='word_1_553' title='bbox 1929 4075 2162 4132; x_wconf 89' lang='lat' dir='ltr'>Elnensi</span> <span class='ocrx_word' id='word_1_554' title='bbox 2210 4076 2633 4130; x_wconf 90' lang='lat' dir='ltr'>monasterium</span> <span class='ocrx_word' id='word_1_555' title='bbox 2687 4075 2746 4130; x_wconf 85' lang='lat' dir='ltr'>S.</span> <span class='ocrx_word' id='word_1_556' title='bbox 2776 4074 3077 4132; x_wconf 88' lang='lat' dir='ltr'>Michaelis</span> <span class='ocrx_word' id='word_1_557' title='bbox 3116 4076 3188 4131; x_wconf 89' lang='lat' dir='ltr'>de</span> <span class='ocrx_word' id='word_1_558' title='bbox 3234 4076 3481 4131; x_wconf 81' lang='lat' dir='ltr'>Coxano.</span> <span class='ocrx_word' id='word_1_559' title='bbox 3516 4074 3578 4130; x_wconf 91' lang='lat' dir='ltr'>In</span> 
     </span>
    </p>
   </div>
   <div class='ocr_carea' id='block_1_90' title="bbox 1932 4163 3576 4238">
    <p class='ocr_par' dir='ltr' id='par_1_90' title="bbox 1932 4163 3576 4238">
     <span class='ocr_line' id='line_1_90' title="bbox 1932 4163 3576 4238; baseline -0.001 -18"><span class='ocrx_word' id='word_1_560' title='bbox 1932 4164 2294 4238; x_wconf 85' lang='lat' dir='ltr'>Bigorritano</span> <span class='ocrx_word' id='word_1_561' title='bbox 2326 4164 2748 4221; x_wconf 84' lang='lat' dir='ltr'>monasterium</span> <span class='ocrx_word' id='word_1_562' title='bbox 2782 4165 2839 4220; x_wconf 91' lang='lat' dir='ltr'>S.</span> <span class='ocrx_word' id='word_1_563' title='bbox 2869 4165 3065 4221; x_wconf 90' lang='lat' dir='ltr'>Savini</span> <span class='ocrx_word' id='word_1_564' title='bbox 3098 4169 3155 4220; x_wconf 88' lang='lat' dir='ltr'>et</span> <span class='ocrx_word' id='word_1_565' title='bbox 3185 4166 3246 4222; x_wconf 91' lang='lat' dir='ltr'>S.</span> <span class='ocrx_word' id='word_1_566' title='bbox 3280 4163 3576 4220; x_wconf 87' lang='lat' dir='ltr'>Severi.ln</span> 
     </span>
    </p>
   </div>
   <div class='ocr_carea' id='block_1_91' title="bbox 1929 4251 3572 4320">
    <p class='ocr_par' dir='ltr' id='par_1_91' title="bbox 1929 4251 3572 4320">
     <span class='ocr_line' id='line_1_91' title="bbox 1929 4251 3572 4320; baseline -0.002 -11"><span class='ocrx_word' id='word_1_567' title='bbox 1929 4253 2190 4310; x_wconf 90' lang='lat' dir='ltr'>Albiensi</span> <span class='ocrx_word' id='word_1_568' title='bbox 2222 4253 2643 4309; x_wconf 87' lang='lat' dir='ltr'>monasterium</span> <span class='ocrx_word' id='word_1_569' title='bbox 2668 4252 2726 4309; x_wconf 90' lang='lat' dir='ltr'>S.</span> <span class='ocrx_word' id='word_1_570' title='bbox 2762 4252 3055 4309; x_wconf 89' lang='lat' dir='ltr'>Benedicti</span> <span class='ocrx_word' id='word_1_571' title='bbox 3095 4253 3165 4308; x_wconf 90' lang='lat' dir='ltr'>de</span> <span class='ocrx_word' id='word_1_572' title='bbox 3195 4252 3441 4320; x_wconf 90' lang='lat' dir='ltr'>Castris,</span> <span class='ocrx_word' id='word_1_573' title='bbox 3471 4251 3572 4307; x_wconf 91' lang='lat' dir='ltr'>ubi</span> 
     </span>
    </p>
   </div>
   <div class='ocr_carea' id='block_1_92' title="bbox 1932 4340 3576 4414">
    <p class='ocr_par' dir='ltr' id='par_1_92' title="bbox 1932 4340 3576 4414">
     <span class='ocr_line' id='line_1_92' title="bbox 1932 4340 3576 4414; baseline -0.001 -18"><span class='ocrx_word' id='word_1_574' title='bbox 1932 4342 2138 4398; x_wconf 87' lang='lat' dir='ltr'>beatus</span> <span class='ocrx_word' id='word_1_575' title='bbox 2168 4340 2510 4397; x_wconf 90' lang='lat' dir='ltr'>Vincentius</span> <span class='ocrx_word' id='word_1_576' title='bbox 2550 4340 2725 4396; x_wconf 90' lang='lat' dir='ltr'>levita</span> <span class='ocrx_word' id='word_1_577' title='bbox 2762 4346 2820 4396; x_wconf 92' lang='lat' dir='ltr'>et</span> <span class='ocrx_word' id='word_1_578' title='bbox 2868 4346 3088 4414; x_wconf 78' lang='lat' dir='ltr'>martyr</span> <span class='ocrx_word' id='word_1_579' title='bbox 3138 4340 3474 4412; x_wconf 87' lang='lat' dir='ltr'>requiescit.</span> <span class='ocrx_word' id='word_1_580' title='bbox 3510 4344 3576 4395; x_wconf 87' lang='lat' dir='ltr'>In</span> 
     </span>
    </p>
   </div>
   <div class='ocr_carea' id='block_1_93' title="bbox 1931 4428 3577 4502">
    <p class='ocr_par' dir='ltr' id='par_1_93' title="bbox 1931 4428 3577 4502">
     <span class='ocr_line' id='line_1_93' title="bbox 1931 4428 3577 4502; baseline -0.002 -16"><span class='ocrx_word' id='word_1_581' title='bbox 1931 4430 2220 4487; x_wconf 89' lang='lat' dir='ltr'>Tolosano</span> <span class='ocrx_word' id='word_1_582' title='bbox 2252 4430 2589 4502; x_wconf 89' lang='lat' dir='ltr'>episcopatu</span> <span class='ocrx_word' id='word_1_583' title='bbox 2608 4428 3029 4485; x_wconf 77' lang='lat' dir='ltr'>monasterium</span> <span class='ocrx_word' id='word_1_584' title='bbox 3044 4430 3267 4485; x_wconf 64' lang='lat' dir='ltr'>Sancta:</span> <span class='ocrx_word' id='word_1_585' title='bbox 3281 4428 3480 4484; x_wconf 64' lang='lat' dir='ltr'>Maria</span> <span class='ocrx_word' id='word_1_586' title='bbox 3505 4428 3577 4483; x_wconf 89' lang='lat' dir='ltr'>de</span> 
     </span>
    </p>
   </div>
   <div class='ocr_carea' id='block_1_94' title="bbox 156 4514 3573 4605">
    <p class='ocr_par' dir='ltr' id='par_1_94' title="bbox 156 4514 3573 4605">
     <span class='ocr_line' id='line_1_94' title="bbox 156 4514 3573 4605; baseline -0.001 -32"><span class='ocrx_word' id='word_1_587' title='bbox 156 4516 443 4573; x_wconf 86' lang='lat' dir='ltr'>nationes</span> <span class='ocrx_word' id='word_1_588' title='bbox 480 4514 851 4584; x_wconf 90' lang='lat' dir='ltr'>clericorum,</span> <span class='ocrx_word' id='word_1_589' title='bbox 880 4524 937 4572; x_wconf 90' lang='lat' dir='ltr'>et</span> <span class='ocrx_word' id='word_1_590' title='bbox 966 4518 1080 4575; x_wconf 87' lang='lat' dir='ltr'>alia</span> <span class='ocrx_word' id='word_1_591' title='bbox 1109 4517 1505 4576; x_wconf 87' lang='lat' dir='ltr'>ecclesiastica</span> <span class='ocrx_word' id='word_1_592' title='bbox 1546 4522 1823 4592; x_wconf 81' lang='lat' dir='ltr'>mysteria</span> <span class='ocrx_word' id='word_1_593' title='bbox 1852 4541 1898 4605; x_wconf 83' lang='lat' dir='ltr'><strong>D</strong></span> <span class='ocrx_word' id='word_1_594' title='bbox 1930 4519 2212 4576; x_wconf 91' lang='lat' dir='ltr'>Soricino.</span> <span class='ocrx_word' id='word_1_595' title='bbox 2249 4519 2311 4572; x_wconf 68' lang='lat' dir='ltr'>In</span> <span class='ocrx_word' id='word_1_596' title='bbox 2344 4517 2702 4574; x_wconf 83' lang='lat' dir='ltr'>Rhuteuensi</span> <span class='ocrx_word' id='word_1_597' title='bbox 2752 4518 3173 4574; x_wconf 87' lang='lat' dir='ltr'>monasterium</span> <span class='ocrx_word' id='word_1_598' title='bbox 3207 4517 3265 4573; x_wconf 92' lang='lat' dir='ltr'>S.</span> <span class='ocrx_word' id='word_1_599' title='bbox 3297 4514 3573 4583; x_wconf 83' lang='lat' dir='ltr'>Amantii,</span> 
     </span>
    </p>
   </div>
   <div class='ocr_carea' id='block_1_95' title="bbox 151 4603 3577 4681">
    <p class='ocr_par' dir='ltr' id='par_1_95' title="bbox 151 4603 3577 4681">
     <span class='ocr_line' id='line_1_95' title="bbox 151 4603 3577 4681; baseline -0.001 -19"><span class='ocrx_word' id='word_1_600' title='bbox 151 4623 192 4662; x_wconf 83' lang='lat' dir='ltr'>a</span> <span class='ocrx_word' id='word_1_601' title='bbox 222 4620 585 4679; x_wconf 88' lang='lat' dir='ltr'>quocunque</span> <span class='ocrx_word' id='word_1_602' title='bbox 614 4603 913 4663; x_wconf 88' lang='lat' dir='ltr'>volueritis</span> <span class='ocrx_word' id='word_1_603' title='bbox 946 4606 1228 4663; x_wconf 83' lang='lat' dir='ltr'>catholico</span> <span class='ocrx_word' id='word_1_604' title='bbox 1276 4606 1451 4663; x_wconf 88' lang='lat' dir='ltr'>libere</span> <span class='ocrx_word' id='word_1_605' title='bbox 1483 4608 1818 4681; x_wconf 90' lang='lat' dir='ltr'>suscipiatis</span> <span class='ocrx_word' id='word_1_606' title='bbox 1856 4603 1885 4605; x_wconf 62' lang='grc'><strong><em>“</em></strong></span> <span class='ocrx_word' id='word_1_607' title='bbox 1930 4614 1988 4664; x_wconf 89' lang='lat' dir='ltr'>et</span> <span class='ocrx_word' id='word_1_608' title='bbox 2010 4608 2395 4664; x_wconf 87' lang='lat' dir='ltr'>Vabrcnse.lu</span> <span class='ocrx_word' id='word_1_609' title='bbox 2412 4606 2883 4663; x_wconf 87' lang='lat' dir='ltr'>Carcassionensi</span> <span class='ocrx_word' id='word_1_610' title='bbox 2908 4607 3329 4663; x_wconf 87' lang='lat' dir='ltr'>monasterium</span> <span class='ocrx_word' id='word_1_611' title='bbox 3354 4605 3577 4662; x_wconf 69' lang='lat' dir='ltr'>Sanctae</span> 
     </span>
    </p>
   </div>
   <div class='ocr_carea' id='block_1_96' title="bbox 151 4694 1817 4769">
    <p class='ocr_par' dir='ltr' id='par_1_96' title="bbox 151 4694 1817 4769">
     <span class='ocr_line' id='line_1_96' title="bbox 151 4694 1817 4769; baseline 0.002 -18"><span class='ocrx_word' id='word_1_612' title='bbox 151 4694 459 4767; x_wconf 90' lang='lat' dir='ltr'>episcopo.</span> <span class='ocrx_word' id='word_1_613' title='bbox 496 4694 577 4750; x_wconf 92' lang='lat' dir='ltr'>De</span> <span class='ocrx_word' id='word_1_614' title='bbox 608 4698 815 4751; x_wconf 69' lang='lat' dir='ltr'>caetero</span> <span class='ocrx_word' id='word_1_615' title='bbox 849 4694 1046 4751; x_wconf 90' lang='lat' dir='ltr'>nullus</span> <span class='ocrx_word' id='word_1_616' title='bbox 1075 4695 1569 4768; x_wconf 90' lang='lat' dir='ltr'>archiepiscopus,</span> <span class='ocrx_word' id='word_1_617' title='bbox 1586 4698 1817 4769; x_wconf 85' lang='lat' dir='ltr'>episco-</span> 
     </span>
    </p>
   </div>
   <div class='ocr_carea' id='block_1_97' title="bbox 152 4783 1813 4856">
    <p class='ocr_par' dir='ltr' id='par_1_97' title="bbox 152 4783 1813 4856">
     <span class='ocr_line' id='line_1_97' title="bbox 152 4783 1813 4856; baseline 0.002 -18"><span class='ocrx_word' id='word_1_618' title='bbox 152 4799 292 4856; x_wconf 90' lang='lat' dir='ltr'>pus,</span> <span class='ocrx_word' id='word_1_619' title='bbox 339 4783 527 4839; x_wconf 90' lang='lat' dir='ltr'>abbas</span> <span class='ocrx_word' id='word_1_620' title='bbox 574 4783 665 4838; x_wconf 89' lang='lat' dir='ltr'>vel</span> <span class='ocrx_word' id='word_1_621' title='bbox 715 4783 1035 4849; x_wconf 85' lang='lat' dir='ltr'>abbatissa,</span> <span class='ocrx_word' id='word_1_622' title='bbox 1081 4785 1218 4853; x_wconf 84' lang='lat' dir='ltr'>dux,</span> <span class='ocrx_word' id='word_1_623' title='bbox 1267 4784 1548 4853; x_wconf 88' lang='lat' dir='ltr'>marchio,</span> <span class='ocrx_word' id='word_1_624' title='bbox 1595 4801 1813 4856; x_wconf 86' lang='lat' dir='ltr'>comes,</span> 
     </span>
    </p>
   </div>
   <div class='ocr_carea' id='block_1_98' title="bbox 148 4869 1817 4944">
    <p class='ocr_par' dir='ltr' id='par_1_98' title="bbox 148 4869 1817 4944">
     <span class='ocr_line' id='line_1_98' title="bbox 148 4869 1817 4944; baseline 0.002 -17"><span class='ocrx_word' id='word_1_625' title='bbox 148 4869 502 4937; x_wconf 88' lang='lat' dir='ltr'>vicecomes,</span> <span class='ocrx_word' id='word_1_626' title='bbox 526 4870 731 4941; x_wconf 85' lang='lat' dir='ltr'>judex,</span> <span class='ocrx_word' id='word_1_627' title='bbox 765 4872 1071 4944; x_wconf 88' lang='lat' dir='ltr'>gastaldio,</span> <span class='ocrx_word' id='word_1_628' title='bbox 1105 4878 1206 4928; x_wconf 89' lang='lat' dir='ltr'>aut</span> <span class='ocrx_word' id='word_1_629' title='bbox 1237 4872 1512 4944; x_wconf 77' lang='lat' dir='ltr'>quaelibet</span> <span class='ocrx_word' id='word_1_630' title='bbox 1550 4874 1817 4931; x_wconf 89' lang='lat' dir='ltr'>ecclesia-</span> 
     </span>
    </p>
   </div>
   <div class='ocr_carea' id='block_1_99' title="bbox 157 4958 1815 5036">
    <p class='ocr_par' dir='ltr' id='par_1_99' title="bbox 157 4958 1815 5036">
     <span class='ocr_line' id='line_1_99' title="bbox 157 4958 1815 5036; baseline 0.003 -21"><span class='ocrx_word' id='word_1_631' title='bbox 157 4959 307 5015; x_wconf 86' lang='lat' dir='ltr'>stica</span> <span class='ocrx_word' id='word_1_632' title='bbox 335 4958 760 5032; x_wconf 70' lang='lat' dir='ltr'>saacularisque</span> <span class='ocrx_word' id='word_1_633' title='bbox 780 4961 1221 5032; x_wconf 83' lang='lat' dir='ltr'>personahujus</span> <span class='ocrx_word' id='word_1_634' title='bbox 1239 4960 1517 5034; x_wconf 87' lang='lat' dir='ltr'>privilegii</span> <span class='ocrx_word' id='word_1_635' title='bbox 1538 4963 1815 5036; x_wconf 88' lang='lat' dir='ltr'>paginam</span> 
     </span>
    </p>
   </div>
   <div class='ocr_carea' id='block_1_100' title="bbox 160 5048 1814 5117">
    <p class='ocr_par' dir='ltr' id='par_1_100' title="bbox 160 5048 1814 5117">
     <span class='ocr_line' id='line_1_100' title="bbox 160 5048 1814 5117; baseline 0.002 -12"><span class='ocrx_word' id='word_1_636' title='bbox 160 5048 377 5117; x_wconf 85' lang='lat' dir='ltr'>sciens,</span> <span class='ocrx_word' id='word_1_637' title='bbox 436 5050 649 5104; x_wconf 88' lang='lat' dir='ltr'>contra</span> <span class='ocrx_word' id='word_1_638' title='bbox 704 5065 832 5104; x_wconf 87' lang='lat' dir='ltr'>eam</span> <span class='ocrx_word' id='word_1_639' title='bbox 900 5050 1096 5107; x_wconf 89' lang='lat' dir='ltr'>venire</span> <span class='ocrx_word' id='word_1_640' title='bbox 1164 5050 1498 5117; x_wconf 84' lang='lat' dir='ltr'>tentaverit,</span> <span class='ocrx_word' id='word_1_641' title='bbox 1556 5053 1814 5108; x_wconf 79' lang='lat' dir='ltr'>secundo</span> 
     </span>
    </p>
   </div>
   <div class='ocr_carea' id='block_1_101' title="bbox 156 5137 1817 5212">
    <p class='ocr_par' dir='ltr' id='par_1_101' title="bbox 156 5137 1817 5212">
     <span class='ocr_line' id='line_1_101' title="bbox 156 5137 1817 5212; baseline 0.002 -19"><span class='ocrx_word' id='word_1_642' title='bbox 156 5137 400 5193; x_wconf 84' lang='lat' dir='ltr'>tertiove</span> <span class='ocrx_word' id='word_1_643' title='bbox 438 5137 839 5193; x_wconf 90' lang='lat' dir='ltr'>commonitus</span> <span class='ocrx_word' id='word_1_644' title='bbox 868 5139 917 5193; x_wconf 87' lang='lat' dir='ltr'>si</span> <span class='ocrx_word' id='word_1_645' title='bbox 968 5156 1079 5193; x_wconf 83' lang='lat' dir='ltr'>non</span> <span class='ocrx_word' id='word_1_646' title='bbox 1130 5139 1527 5196; x_wconf 82' lang='lat' dir='ltr'>satisfactione</span> <span class='ocrx_word' id='word_1_647' title='bbox 1558 5157 1817 5212; x_wconf 87' lang='lat' dir='ltr'>congrua</span> 
     </span>
    </p>
   </div>
   <div class='ocr_carea' id='block_1_102' title="bbox 158 5223 1814 5302">
    <p class='ocr_par' dir='ltr' id='par_1_102' title="bbox 158 5223 1814 5302">
     <span class='ocr_line' id='line_1_102' title="bbox 158 5223 1814 5302; baseline 0.003 -21"><span class='ocrx_word' id='word_1_648' title='bbox 158 5223 585 5282; x_wconf 53' lang='lat' dir='ltr'>emendaverit</span> <span class='ocrx_word' id='word_1_649' title='bbox 618 5228 927 5297; x_wconf 86' lang='lat' dir='ltr'>potestatis</span> <span class='ocrx_word' id='word_1_650' title='bbox 981 5228 1335 5300; x_wconf 90' lang='lat' dir='ltr'>honorisque</span> <span class='ocrx_word' id='word_1_651' title='bbox 1384 5228 1479 5284; x_wconf 87' lang='lat' dir='ltr'>sui</span> <span class='ocrx_word' id='word_1_652' title='bbox 1526 5229 1814 5302; x_wconf 86' lang='lat' dir='ltr'>dignitate</span> 
     </span>
    </p>
   </div>
   <div class='ocr_carea' id='block_1_103' title="bbox 160 5314 1814 5389">
    <p class='ocr_par' dir='ltr' id='par_1_103' title="bbox 160 5314 1814 5389">
     <span class='ocr_line' id='line_1_103' title="bbox 160 5314 1814 5389; baseline 0.002 -18"><span class='ocrx_word' id='word_1_653' title='bbox 160 5319 345 5372; x_wconf 81' lang='lat' dir='ltr'>careat</span> <span class='ocrx_word' id='word_1_654' title='bbox 374 5329 674 5384; x_wconf 90' lang='lat' dir='ltr'>reumque</span> <span class='ocrx_word' id='word_1_655' title='bbox 705 5330 768 5369; x_wconf 90' lang='lat' dir='ltr'>se</span> <span class='ocrx_word' id='word_1_656' title='bbox 806 5314 998 5372; x_wconf 92' lang='lat' dir='ltr'>divino</span> <span class='ocrx_word' id='word_1_657' title='bbox 1038 5315 1264 5388; x_wconf 90' lang='lat' dir='ltr'>judicio</span> <span class='ocrx_word' id='word_1_658' title='bbox 1318 5317 1660 5373; x_wconf 87' lang='lat' dir='ltr'>existentem</span> <span class='ocrx_word' id='word_1_659' title='bbox 1710 5334 1814 5389; x_wconf 90' lang='lat' dir='ltr'>pro</span> 
     </span>
    </p>
   </div>
   <div class='ocr_carea' id='block_1_104' title="bbox 157 5401 1815 5477">
    <p class='ocr_par' dir='ltr' id='par_1_104' title="bbox 157 5401 1815 5477">
     <span class='ocr_line' id='line_1_104' title="bbox 157 5401 1815 5477; baseline 0 -16"><span class='ocrx_word' id='word_1_660' title='bbox 157 5408 375 5477; x_wconf 77' lang='lat' dir='ltr'>patrata</span> <span class='ocrx_word' id='word_1_661' title='bbox 403 5401 731 5474; x_wconf 85' lang='lat' dir='ltr'>iniquitate</span> <span class='ocrx_word' id='word_1_662' title='bbox 762 5409 1093 5477; x_wconf 87' lang='lat' dir='ltr'>cognoscat,</span> <span class='ocrx_word' id='word_1_663' title='bbox 1108 5411 1165 5461; x_wconf 90' lang='lat' dir='ltr'>et</span> <span class='ocrx_word' id='word_1_664' title='bbox 1195 5420 1231 5460; x_wconf 91' lang='lat' dir='ltr'>a</span> <span class='ocrx_word' id='word_1_665' title='bbox 1259 5405 1658 5462; x_wconf 89' lang='lat' dir='ltr'>sacratissimo</span> <span class='ocrx_word' id='word_1_666' title='bbox 1687 5422 1815 5461; x_wconf 91' lang='lat' dir='ltr'>cor-</span> 
     </span>
    </p>
   </div>
   <div class='ocr_carea' id='block_1_105' title="bbox 156 5488 1816 5567">
    <p class='ocr_par' dir='ltr' id='par_1_105' title="bbox 156 5488 1816 5567">
     <span class='ocr_line' id='line_1_105' title="bbox 156 5488 1816 5567; baseline 0 -16"><span class='ocrx_word' id='word_1_667' title='bbox 156 5509 281 5567; x_wconf 90' lang='lat' dir='ltr'>pore</span> <span class='ocrx_word' id='word_1_668' title='bbox 315 5498 380 5550; x_wconf 91' lang='lat' dir='ltr'>et</span> <span class='ocrx_word' id='word_1_669' title='bbox 411 5488 727 5563; x_wconf 85' lang='lat' dir='ltr'>sanguine</span> <span class='ocrx_word' id='word_1_670' title='bbox 756 5490 854 5548; x_wconf 88' lang='lat' dir='ltr'>Dei</span> <span class='ocrx_word' id='word_1_671' title='bbox 885 5498 943 5550; x_wconf 92' lang='lat' dir='ltr'>et</span> <span class='ocrx_word' id='word_1_672' title='bbox 965 5493 1196 5550; x_wconf 91' lang='lat' dir='ltr'>Domini</span> <span class='ocrx_word' id='word_1_673' title='bbox 1220 5494 1401 5550; x_wconf 91' lang='lat' dir='ltr'>nostri</span> <span class='ocrx_word' id='word_1_674' title='bbox 1428 5494 1568 5549; x_wconf 88' lang='lat' dir='ltr'>Jesu</span> <span class='ocrx_word' id='word_1_675' title='bbox 1603 5494 1816 5551; x_wconf 88' lang='lat' dir='ltr'>Christi</span> 
     </span>
    </p>
   </div>
   <div class='ocr_carea' id='block_1_106' title="bbox 151 5581 1814 5651">
    <p class='ocr_par' dir='ltr' id='par_1_106' title="bbox 151 5581 1814 5651">
     <span class='ocr_line' id='line_1_106' title="bbox 151 5581 1814 5651; baseline -0.003 -9"><span class='ocrx_word' id='word_1_676' title='bbox 151 5582 376 5643; x_wconf 83' lang='lat' dir='ltr'>alienus</span> <span class='ocrx_word' id='word_1_677' title='bbox 413 5581 521 5635; x_wconf 85' lang='lat' dir='ltr'>ﬁat</span> <span class='ocrx_word' id='word_1_678' title='bbox 562 5581 745 5647; x_wconf 84' lang='lat' dir='ltr'>atque</span> <span class='ocrx_word' id='word_1_679' title='bbox 772 5581 1302 5638; x_wconf 81' lang='lat' dir='ltr'>extremoexamine</span> <span class='ocrx_word' id='word_1_680' title='bbox 1331 5582 1581 5637; x_wconf 86' lang='lat' dir='ltr'>districti</span> <span class='ocrx_word' id='word_1_681' title='bbox 1603 5583 1814 5651; x_wconf 87' lang='lat' dir='ltr'>judicii</span> 
     </span>
    </p>
   </div>
   <div class='ocr_carea' id='block_1_107' title="bbox 1926 4694 3574 4753">
    <p class='ocr_par' dir='ltr' id='par_1_107' title="bbox 1926 4694 3574 4753">
     <span class='ocr_line' id='line_1_107' title="bbox 1926 4694 3574 4753; baseline -0.001 -1"><span class='ocrx_word' id='word_1_682' title='bbox 1926 4697 2120 4753; x_wconf 66' lang='lat' dir='ltr'>Mariae</span> <span class='ocrx_word' id='word_1_683' title='bbox 2148 4697 2225 4752; x_wconf 89' lang='lat' dir='ltr'>de</span> <span class='ocrx_word' id='word_1_684' title='bbox 2253 4697 2483 4752; x_wconf 76' lang='lat' dir='ltr'>Cressa.</span> <span class='ocrx_word' id='word_1_685' title='bbox 2518 4697 2581 4751; x_wconf 91' lang='lat' dir='ltr'>In</span> <span class='ocrx_word' id='word_1_686' title='bbox 2629 4695 3013 4751; x_wconf 88' lang='lat' dir='ltr'>Nemausensi</span> <span class='ocrx_word' id='word_1_687' title='bbox 3058 4694 3481 4751; x_wconf 86' lang='lat' dir='ltr'>monasterium</span> <span class='ocrx_word' id='word_1_688' title='bbox 3514 4694 3574 4750; x_wconf 91' lang='lat' dir='ltr'>S.</span> 
     </span>
    </p>
   </div>
   <div class='ocr_carea' id='block_1_108' title="bbox 1925 4782 3578 4849">
    <p class='ocr_par' dir='ltr' id='par_1_108' title="bbox 1925 4782 3578 4849">
     <span class='ocr_line' id='line_1_108' title="bbox 1925 4782 3578 4849; baseline -0.001 -8"><span class='ocrx_word' id='word_1_689' title='bbox 1925 4785 2078 4841; x_wconf 90' lang='lat' dir='ltr'>Petri</span> <span class='ocrx_word' id='word_1_690' title='bbox 2130 4786 2201 4840; x_wconf 91' lang='lat' dir='ltr'>de</span> <span class='ocrx_word' id='word_1_691' title='bbox 2263 4784 2617 4840; x_wconf 72' lang='lat' dir='ltr'>l’salmodio.</span> <span class='ocrx_word' id='word_1_692' title='bbox 2671 4785 2734 4840; x_wconf 91' lang='lat' dir='ltr'>In</span> <span class='ocrx_word' id='word_1_693' title='bbox 2785 4783 3131 4849; x_wconf 84' lang='lat' dir='ltr'>Arelatensi,</span> <span class='ocrx_word' id='word_1_694' title='bbox 3194 4784 3254 4839; x_wconf 91' lang='lat' dir='ltr'>S.</span> <span class='ocrx_word' id='word_1_695' title='bbox 3304 4782 3457 4839; x_wconf 87' lang='lat' dir='ltr'>Petri</span> <span class='ocrx_word' id='word_1_696' title='bbox 3506 4783 3578 4839; x_wconf 89' lang='lat' dir='ltr'>de</span> 
     </span>
    </p>
   </div>
   <div class='ocr_carea' id='block_1_109' title="bbox 1925 4871 3577 4944">
    <p class='ocr_par' dir='ltr' id='par_1_109' title="bbox 1925 4871 3577 4944">
     <span class='ocr_line' id='line_1_109' title="bbox 1925 4871 3577 4944; baseline -0.001 -14"><span class='ocrx_word' id='word_1_697' title='bbox 1925 4875 2119 4930; x_wconf 90' lang='lat' dir='ltr'>Monte</span> <span class='ocrx_word' id='word_1_698' title='bbox 2149 4872 2374 4944; x_wconf 87' lang='lat' dir='ltr'>Majori.</span> <span class='ocrx_word' id='word_1_699' title='bbox 2396 4873 2457 4929; x_wconf 91' lang='lat' dir='ltr'>ln</span> <span class='ocrx_word' id='word_1_700' title='bbox 2488 4872 2705 4944; x_wconf 89' lang='lat' dir='ltr'>quibus</span> <span class='ocrx_word' id='word_1_701' title='bbox 2734 4872 3011 4929; x_wconf 91' lang='lat' dir='ltr'>omnibus</span> <span class='ocrx_word' id='word_1_702' title='bbox 3042 4873 3315 4929; x_wconf 85' lang='lat' dir='ltr'>defuncto</span> <span class='ocrx_word' id='word_1_703' title='bbox 3343 4871 3577 4940; x_wconf 85' lang='lat' dir='ltr'>abbate,</span> 
     </span>
    </p>
   </div>
   <div class='ocr_carea' id='block_1_110' title="bbox 1923 4960 3576 5033">
    <p class='ocr_par' dir='ltr' id='par_1_110' title="bbox 1923 4960 3576 5033">
     <span class='ocr_line' id='line_1_110' title="bbox 1923 4960 3576 5033; baseline -0.002 -14"><span class='ocrx_word' id='word_1_704' title='bbox 1923 4962 2031 5020; x_wconf 87' lang='lat' dir='ltr'>tibi</span> <span class='ocrx_word' id='word_1_705' title='bbox 2060 4961 2300 5033; x_wconf 89' lang='lat' dir='ltr'>tuisque</span> <span class='ocrx_word' id='word_1_706' title='bbox 2332 4961 2769 5017; x_wconf 89' lang='lat' dir='ltr'>successoribus</span> <span class='ocrx_word' id='word_1_707' title='bbox 2801 4978 2943 5019; x_wconf 89' lang='lat' dir='ltr'>cura</span> <span class='ocrx_word' id='word_1_708' title='bbox 2975 4962 3071 5030; x_wconf 91' lang='lat' dir='ltr'>sit,</span> <span class='ocrx_word' id='word_1_709' title='bbox 3108 4961 3409 5018; x_wconf 82' lang='lat' dir='ltr'>communi</span> <span class='ocrx_word' id='word_1_710' title='bbox 3441 4960 3576 5018; x_wconf 82' lang='lat' dir='ltr'>reli-</span> 
     </span>
    </p>
   </div>
   <div class='ocr_carea' id='block_1_111' title="bbox 1923 5048 3578 5126">
    <p class='ocr_par' dir='ltr' id='par_1_111' title="bbox 1923 5048 3578 5126">
     <span class='ocr_line' id='line_1_111' title="bbox 1923 5048 3578 5126; baseline -0.002 -18"><span class='ocrx_word' id='word_1_711' title='bbox 1923 5054 2223 5126; x_wconf 90' lang='lat' dir='ltr'>giosorum</span> <span class='ocrx_word' id='word_1_712' title='bbox 2256 5050 2503 5104; x_wconf 80' lang='lat' dir='ltr'>fratrum</span> <span class='ocrx_word' id='word_1_713' title='bbox 2536 5048 2802 5119; x_wconf 89' lang='lat' dir='ltr'>consilio,</span> <span class='ocrx_word' id='word_1_714' title='bbox 2834 5052 2906 5107; x_wconf 88' lang='lat' dir='ltr'>de</span> <span class='ocrx_word' id='word_1_715' title='bbox 2952 5051 3216 5124; x_wconf 91' lang='lat' dir='ltr'>ipsorum</span> <span class='ocrx_word' id='word_1_716' title='bbox 3266 5066 3578 5124; x_wconf 88' lang='lat' dir='ltr'>congrega-</span> 
     </span>
    </p>
   </div>
   <div class='ocr_carea' id='block_1_112' title="bbox 1924 5137 3575 5210">
    <p class='ocr_par' dir='ltr' id='par_1_112' title="bbox 1924 5137 3575 5210">
     <span class='ocr_line' id='line_1_112' title="bbox 1924 5137 3575 5210; baseline -0.002 -14"><span class='ocrx_word' id='word_1_717' title='bbox 1924 5142 2081 5196; x_wconf 87' lang='lat' dir='ltr'>tione</span> <span class='ocrx_word' id='word_1_718' title='bbox 2109 5137 2456 5210; x_wconf 87' lang='lat' dir='ltr'>regulariter</span> <span class='ocrx_word' id='word_1_719' title='bbox 2483 5137 2697 5210; x_wconf 85' lang='lat' dir='ltr'>eligere</span> <span class='ocrx_word' id='word_1_720' title='bbox 2726 5139 3317 5206; x_wconf 84' lang='lat' dir='ltr'>successorem.Quod</span> <span class='ocrx_word' id='word_1_721' title='bbox 3339 5137 3390 5194; x_wconf 91' lang='lat' dir='ltr'>si</span> <span class='ocrx_word' id='word_1_722' title='bbox 3420 5137 3575 5193; x_wconf 90' lang='lat' dir='ltr'>inter</span> 
     </span>
    </p>
   </div>
   <div class='ocr_carea' id='block_1_113' title="bbox 1921 5224 3571 5302">
    <p class='ocr_par' dir='ltr' id='par_1_113' title="bbox 1921 5224 3571 5302">
     <span class='ocr_line' id='line_1_113' title="bbox 1921 5224 3571 5302; baseline -0.004 -17"><span class='ocrx_word' id='word_1_723' title='bbox 1921 5229 2083 5302; x_wconf 91' lang='lat' dir='ltr'>ipsos</span> <span class='ocrx_word' id='word_1_724' title='bbox 2114 5228 2249 5284; x_wconf 89' lang='lat' dir='ltr'>huic</span> <span class='ocrx_word' id='word_1_725' title='bbox 2280 5224 2551 5299; x_wconf 88' lang='lat' dir='ltr'>regimini</span> <span class='ocrx_word' id='word_1_726' title='bbox 2582 5227 2909 5298; x_wconf 78' lang='lat' dir='ltr'>nequiverit</span> <span class='ocrx_word' id='word_1_727' title='bbox 2939 5227 3190 5284; x_wconf 91' lang='lat' dir='ltr'>idoneus</span> <span class='ocrx_word' id='word_1_728' title='bbox 3222 5224 3571 5293; x_wconf 90' lang='lat' dir='ltr'>inveniri,de</span> 
     </span>
    </p>
   </div>
   <div class='ocr_carea' id='block_1_114' title="bbox 1920 5313 3574 5389">
    <p class='ocr_par' dir='ltr' id='par_1_114' title="bbox 1920 5313 3574 5389">
     <span class='ocr_line' id='line_1_114' title="bbox 1920 5313 3574 5389; baseline -0.004 -14"><span class='ocrx_word' id='word_1_729' title='bbox 1920 5316 2197 5385; x_wconf 79' lang='lat' dir='ltr'>vestra,id</span> <span class='ocrx_word' id='word_1_730' title='bbox 2219 5320 2310 5372; x_wconf 90' lang='lat' dir='ltr'>est</span> <span class='ocrx_word' id='word_1_731' title='bbox 2326 5313 2680 5371; x_wconf 83' lang='lat' dir='ltr'>Massiliensi</span> <span class='ocrx_word' id='word_1_732' title='bbox 2696 5316 3143 5389; x_wconf 86' lang='lat' dir='ltr'>congregatione</span> <span class='ocrx_word' id='word_1_733' title='bbox 3166 5315 3280 5372; x_wconf 89' lang='lat' dir='ltr'>sibi</span> <span class='ocrx_word' id='word_1_734' title='bbox 3298 5314 3574 5370; x_wconf 85' lang='lat' dir='ltr'>abbatem</span> 
     </span>
    </p>
   </div>
   <div class='ocr_carea' id='block_1_115' title="bbox 1923 5399 3573 5474">
    <p class='ocr_par' dir='ltr' id='par_1_115' title="bbox 1923 5399 3573 5474">
     <span class='ocr_line' id='line_1_115' title="bbox 1923 5399 3573 5474; baseline -0.007 -9"><span class='ocrx_word' id='word_1_735' title='bbox 1923 5409 2253 5473; x_wconf 84' lang='lat' dir='ltr'>assumant,</span> <span class='ocrx_word' id='word_1_736' title='bbox 2284 5404 2438 5460; x_wconf 86' lang='lat' dir='ltr'>unde</span> <span class='ocrx_word' id='word_1_737' title='bbox 2468 5401 2856 5461; x_wconf 90' lang='lat' dir='ltr'>institutionis</span> <span class='ocrx_word' id='word_1_738' title='bbox 2906 5423 3025 5461; x_wconf 81' lang='lat' dir='ltr'>suae</span> <span class='ocrx_word' id='word_1_739' title='bbox 3056 5422 3123 5460; x_wconf 89' lang='lat' dir='ltr'>ac</span> <span class='ocrx_word' id='word_1_740' title='bbox 3155 5400 3461 5474; x_wconf 86' lang='lat' dir='ltr'>religionis</span> <span class='ocrx_word' id='word_1_741' title='bbox 3490 5399 3573 5454; x_wconf 90' lang='lat' dir='ltr'>vi-</span> 
     </span>
    </p>
   </div>
   <div class='ocr_carea' id='block_1_116' title="bbox 1925 5488 3572 5564">
    <p class='ocr_par' dir='ltr' id='par_1_116' title="bbox 1925 5488 3572 5564">
     <span class='ocr_line' id='line_1_116' title="bbox 1925 5488 3572 5564; baseline -0.005 -12"><span class='ocrx_word' id='word_1_742' title='bbox 1925 5497 2138 5552; x_wconf 89' lang='lat' dir='ltr'>dentur</span> <span class='ocrx_word' id='word_1_743' title='bbox 2179 5491 2507 5564; x_wconf 84' lang='lat' dir='ltr'>sumpsisse</span> <span class='ocrx_word' id='word_1_744' title='bbox 2549 5488 2858 5564; x_wconf 89' lang='lat' dir='ltr'>principia.</span> <span class='ocrx_word' id='word_1_745' title='bbox 2891 5494 2951 5549; x_wconf 84' lang='lat' dir='ltr'>Si</span> <span class='ocrx_word' id='word_1_746' title='bbox 3002 5509 3157 5559; x_wconf 89' lang='lat' dir='ltr'>vero,</span> <span class='ocrx_word' id='word_1_747' title='bbox 3190 5491 3347 5563; x_wconf 90' lang='lat' dir='ltr'>quod</span> <span class='ocrx_word' id='word_1_748' title='bbox 3397 5489 3572 5555; x_wconf 89' lang='lat' dir='ltr'>absit,</span> 
     </span>
    </p>
   </div>
   <div class='ocr_carea' id='block_1_117' title="bbox 1929 5578 3573 5645">
    <p class='ocr_par' dir='ltr' id='par_1_117' title="bbox 1929 5578 3573 5645">
     <span class='ocr_line' id='line_1_117' title="bbox 1929 5578 3573 5645; baseline -0.005 -4"><span class='ocrx_word' id='word_1_749' title='bbox 1929 5584 2235 5641; x_wconf 86' lang='lat' dir='ltr'>ordinatus</span> <span class='ocrx_word' id='word_1_750' title='bbox 2252 5580 2433 5638; x_wconf 83' lang='lat' dir='ltr'>abbas</span> <span class='ocrx_word' id='word_1_751' title='bbox 2464 5595 2497 5634; x_wconf 87' lang='lat' dir='ltr'>a</span> <span class='ocrx_word' id='word_1_752' title='bbox 2514 5579 2605 5636; x_wconf 91' lang='lat' dir='ltr'>sui</span> <span class='ocrx_word' id='word_1_753' title='bbox 2623 5579 2848 5637; x_wconf 90' lang='lat' dir='ltr'>ordinis</span> <span class='ocrx_word' id='word_1_754' title='bbox 2866 5580 3217 5637; x_wconf 85' lang='lat' dir='ltr'>rectitudine</span> <span class='ocrx_word' id='word_1_755' title='bbox 3241 5578 3573 5645; x_wconf 90' lang='lat' dir='ltr'>deviaverit,</span> 
     </span>
    </p>
   </div>
  </div>
