3928 6208
435 307 561 376 ιω
1737 309 1811 378 Β.
1857 310 1986 381 UB]

2291 311 2539 382 PAPIE.
2599 378 2602 380 .
3705 321 3805 400 ιιιβ

443 451 634 506 vestra
661 445 946 506 interierit
967 462 1103 506 cum
1145 445 1481 522 parochiani
1529 448 1788 524 epiocopi
1840 448 2085 508 consilio
2115 453 2164 518 Α
2267 450 2476 506 Actum
2529 447 2830 507 Placentiae
2876 465 2980 524 per
3021 465 3264 512 manum
3313 450 3574 523 Joannis,
3622 460 3803 516 sancte

441 540 673 597 abbatis
702 539 892 614 ipsius
919 538 1130 596 delicta
1143 539 1394 614 regulari
1421 540 1762 598 austeritate
1779 541 2084 614 corrigere.
2193 539 2475 594 Romana:
2508 538 2772 597 Ecclesiae
2801 540 3030 600 diaconi
3061 541 3401 609 cardinalis,
3434 543 3612 615 pridie
3639 545 3800 606 Nonas

441 633 568 697 Qua
591 632 651 687 in
683 648 744 688 re
773 628 1061 702 episcopis
1100 628 1249 701 ipsis
1299 646 1414 686 non
1467 629 1638 687 liceat
1676 631 1838 686 vobis
1891 629 2090 702 aliqua
2200 628 2435 700 Aprilis,
2469 628 2785 687 indictione
2814 646 2898 698 ul,
2931 647 3083 690 anno
3129 631 3444 690 Dominicis
3482 632 3798 698 Iucarnatiog

445 722 725 796 pravitate
758 720 1046 777 resistere.
1084 719 1258 774 Porro
1289 735 1356 774 ea
1386 737 1513 791 qua
1544 737 1649 792 per
1677 720 2085 791 episcoporum
2190 719 2291 776 nis
2321 720 2478 784 1096,
2511 718 2885 791 pontificatus
2926 724 3124 777 autem
3155 720 3356 778 domui
3409 721 3620 781 Urbani
3648 725 3692 779 ll
3720 742 3798 796 pa-

444 810 1021 882 concessionem,per
1049 808 1380 882 principum
1412 807 1841 875 liberalitatem,
1873 808 1956 864 vel
1987 825 2089 880 per
2191 824 2280 880 pas
2311 821 2432 862 vnn.

443 900 798 956 oblationem
831 898 1090 954 ﬁdelium
1123 902 1228 954 tua
1267 897 1584 954 strenuitas
1613 897 1947 970 acquisivit,
1978 915 2086 954 nos
2932 915 3088 971 CXL,

441 990 545 1045 tibi
574 990 812 1061 ιιιίειιιιθ
843 987 1284 1077 ευοοοεεονίδμδ
1299 988 1368 1042 ad
1405 1004 1574 1077 “sum
1594 988 1840 1077 ῖτδειίτιιιη
1869 992 2086 1043 νθείτίν
2187 1003 2405 1062 Urbani
2419 1018 2581 1075 papae
2601 1006 2650 1060 II
2675 1004 2946 1077 decretum
2969 1021 3073 1077 quo
3103 1008 3295 1061 sla-luit
3321 1009 3383 1059 ut
3411 1006 3637 1062 Ecclesia
3663 1007 3800 1064 Arata

441 1096 574 1134 rum
609 1081 885 1150 perpetuo
919 1076 1268 1148 possidenda
1282 1076 1583 1147 prasentis
1604 1076 1815 1131 decreti
1841 1077 2083 1131 auctori-
2263 1078 2458 1160 sicana~
2478 1086 2596 1158 post
2609 1076 2952 1160 ﬁuitlctgiil
2970 1076 3208 1158 episcopi
3221 1085 3448 1133 mortem
3475 1079 3799 1160 coniungatur

437 1172 559 1223 tate
589 1147 1080 1234 firmamus,salva
1094 1165 1499 1236 episcoporum
1527 1165 1805 1220 canonica
1828 1182 2084 1221 reveren-
2262 1164 2386 1201 cum
2421 1147 2804 1203 Τνίσαδίέηθηδί
2831 1147 3090 1204 Εοοίεέία·

431 1256 540 1312 -tia.
594 1254 873 1311 Videlicet
922 1255 1092 1325 juxta
1158 1254 1513 1318 Avenionem
1579 1253 1873 1310 civitatem
1939 1272 1982 1310 Ct

1665 1255 1873 1310 itatem
1939 1254 2084 1310 cella
2816 1237 3001 1309 (Αηηο

438 1345 634 1401 Sancti
695 1324 1016 1400 Saturnini.
1069 1345 1132 1397 in
1193 1343 1527 1414 episcopatu
1590 1343 1817 1398 Uzetico
1885 1345 1989 1398 Sen

1885 1344 2079 1399 Sancti
2608 1325 2842 1396 [Massa
2877 1325 3080 1381 Concil.
3118 1324 3230 1390 XX,
3268 1325 3421 1397 809.}

438 1432 770 1490 Mammetis
791 1431 997 1488 cellam
1023 1431 1275 1487 LurmJn
1298 1431 1800 1504 archiepiscopatu
1823 1432 2078 1504 Aquensi
2262 1431 2559 1497 Unsmus,
2582 1431 2788 1486 etc.Ad
2823 1431 3197 1502 praesentium
3231 1431 3499 1490 notitiam
3529 1436 3583 1489 et
3607 1434 3794 1493 futuro.

437 1520 827 1596 parochialem
875 1519 1182 1576 ecclesiam
1215 1521 1288 1576 de
1320 1520 1522 1585 Cretis,
1555 1525 1612 1575 et
1642 1519 1977 1593 parochiam
2008 1521 2080 1576 de
2190 1537 2321 1574 rum
2356 1520 2698 1576 memoriam
2731 1537 2845 1575 non
2868 1518 3046 1576 latere
3078 1519 3352 1577 volumus
3384 1521 3650 1592 quoniam
3673 1521 3796 1581 inter

434 1611 702 1679 All‘uel,et
733 1609 1067 1682 parochiam
1097 1610 1168 1665 de
1190 1609 1341 1665 Boch
1371 1614 1425 1665 et
1455 1610 1525 1664 de
1557 1608 1926 1681 Caudalonga
1944 1627 2077 1665 cum
2187 1607 2545 1664 Tricastinos
2575 1612 2632 1662 et
2655 1607 2966 1663 Arausicos
2995 1608 3278 1664 diuturna
3311 1609 3600 1666 contentio
3629 1610 3796 1672 habita

436 1700 639 1755 eodem
672 1702 882 1763 castro,
916 1697 1254 1768 parochiam
1281 1699 1352 1753 de
1382 1697 1622 1763 Roseth,
1653 1697 1957 1753 ecclesiam
1983 1715 2078 1770 pa-
2187 1701 2295 1753 est.
2321 1695 2666 1753 Tricastinis
2701 1696 2939 1768 quidem
2971 1697 3040 1754 de
3072 1697 3660 1764 unitioue,Arausicis
3686 1716 3792 1757 vero

376 1849 382 1854 ,
435 1786 747 1842 rochialem
777 1787 849 1842 de
894 1787 1100 1858 Spero,
1131 1791 1191 1841 et
1219 1787 1432 1858 Arhga.
1465 1786 1733 1842 Castrum
1778 1787 1851 1841 de
1900 1786 2077 1858 Papia
2105 1819 2153 1885 Β
2190 1786 2262 1841 de
2288 1785 2694 1858 parochiarum
2726 1784 3108 1885 ecclesiarum
3139 1785 3428 1844 divisione
3453 1787 3791 1851 eontestanti:

424 1877 597 1949 juxta
626 1875 1010 1932 Marimanam
1055 1893 1189 1930 cum
1222 1879 1391 1948 portu
1437 1877 1509 1931 de
1559 1876 1871 1946 Bagneras,
1906 1891 2073 1947 paro-

419 1966 624 2022 chiam
657 1964 729 2019 de
753 1964 974 2021 Cofors.
1013 1965 1074 2019 in
1121 1964 1502 2034 Forojuliensi
1547 1964 1852 2020 ecclesiam
1904 1980 2076 2034 paro-

432 2053 682 2111 chialem
713 2053 783 2109 de
812 2051 1051 2121 Grimal,
1085 2053 1419 2126 parochiam
1467 2054 1538 2110 de
1558 2055 1663 2108 Aix
1691 2057 1748 2108 et
1777 2053 1848 2108 de
1879 2052 2076 2125 Flayo-

2184 1875 2315 1932 bus.
2348 1875 2418 1930 Et
2448 1873 2803 1930 concertatio
2852 1891 2987 1930 cum
3037 1874 3524 1933 reverendissimo
3565 1877 3790 1949 pontiﬁci

2183 1963 2462 2034 Gregorio
2492 1962 2901 2034 prindecessori
2944 1968 3210 2020 nostro...
3238 1964 3570 2022 Arausici...
3601 1965 3787 2022 litteras

2185 2050 2462 2125 dirigens,
2487 2051 2745 2124 legatum
2777 2068 2880 2123 pro
2914 2051 3094 2124 huius
3120 2052 3200 2108 rei
3233 2053 3597 2111 discussione
3623 2054 3688 2110 ad
3710 2071 3787 2110 eos

419 2159 550 2212 .soo,
581 2142 887 2199 ecclesiam
919 2143 1113 2198 Sancti
1149 2141 1295 2198 Petri
1327 2159 1457 2197 cum
1494 2141 1808 2214 parochiali
1832 2140 2076 2197 ecclesia
2185 2157 2247 2196 se
2285 2141 2608 2197 missurum
2658 2139 2950 2212 pollicitus
2982 2145 3070 2198 est
3101 2159 3114 2196 :
3149 2143 3306 2214 quod
3334 2146 3529 2201 tamen
3559 2147 3786 2216 postea...

415 2233 500 2288 .de
531 2230 806 2296 Salernis,
826 2230 1132 2286 ecclesiam
1163 2231 1388 2286 Sancta:
1420 2231 1611 2286 Mariae
1644 2247 1776 2286 cum
1804 2230 1918 2285 alia
1937 2246 2071 2285 con-

429 2321 594 2393 tigua
621 2318 926 2376 ecclesiam
947 2320 1018 2374 de
1047 2319 1290 2385 Cabaza,
1324 2319 1659 2392 parochiam
1691 2320 1760 2375 de
1794 2318 1973 2374 Luch.
2009 2318 2071 2374 In

412 2407 932 2481 Carpenterasensi
963 2408 1302 2481 episcOpatu
1335 2406 1639 2464 ecclesiam
1672 2409 1728 2463 S.
1748 2407 1974 2463 Felicis.
2008 2408 2069 2462 In

425 2496 823 2558 Ebr‘edunensi
839 2496 1342 2569 archiepiscopatu
1368 2497 1700 2569 parochiam
1721 2497 1793 2551 de
1813 2496 2069 2552 Turries.

427 2588 489 2642 In
521 2585 829 2658 Vapicensi
861 2583 1166 2640 ecclesiam
1220 2585 1418 2640 Sancti
1471 2585 1648 2656 Erigii
1680 2585 1740 2639 in
1783 2589 1974 2641 castro
2001 2585 2072 2641 de

426 2673 676 2730 Medoilo
706 2673 860 2745 apud
891 2673 1480 2729 Zeniam.S.Victoris
1510 2671 1715 2729 cellam
1749 2674 1805 2728 in
1842 2674 2072 2746 proprio

426 2761 778 2818 Mssilieusis
809 2760 1057 2816 ccenobii
1082 2761 1216 2831 jure
1246 2763 1749 2817 constructum.ln
1780 2762 2070 2830 Sardinia,

427 2851 487 2905 in
521 2848 849 2906 Gallurensi
876 2848 1218 2921 episcopatu
1249 2849 1555 2905 ecclesiam
1579 2851 2070 2924 SanctiStephani

431 2939 504 2994 de
521 2937 946 3005 Pausada,cum
965 2937 1184 2994 ceteris
1199 2936 1460 2994 ecclesiis
1471 2954 1616 3009 quas
1634 2942 1751 2994 tam
1765 2940 2073 3011 episcopus

429 3043 608 3098 quam
631 3026 814 3096 judex
863 3024 1160 3081 Mallielini
1192 3026 1546 3081 monasterio
1584 3027 1974 3083 contulerunt.
2007 3028 2070 3083 In

425 3113 755 3186 Calarifano
779 3112 1049 3184 judicatu
1093 3113 1396 3170 ecclesiam
1429 3114 1624 3171 Sancti
1656 3115 1901 3171 Luciferi
1934 3133 2067 3173 cum

2182 2229 2461 2302 indagare
2489 2229 2879 2300 nequivimus.
2899 2229 2959 2284 In
2993 2230 3100 2285 hac
3122 2235 3320 2288 autem
3353 2231 3786 2304 suspensione...

2181 2319 2320 2376 G....
2371 2317 2675 2376 ecclesiam
2719 2317 3030 2391 episcopus
3077 2317 3301 2375 electus
3349 2324 3408 2376 et
3454 2323 3789 2377 consecratus

2182 2405 2667 2462 est.Tricastinus
2697 2421 2833 2477 ergo
2865 2406 3174 2478 episcopus
3205 2407 3452 2465 Pontius
3479 2408 3787 2465 Arausicen-

2182 2511 2306 2552 sem
2337 2492 2644 2551 ecclesiam
2675 2510 2944 2552 essemus
2975 2511 3078 2567 per
3131 2495 3352 2553 multos
3400 2514 3581 2556 annos
3619 2514 3651 2554 a
3687 2497 3789 2554 suis

2182 2584 2709 2658 praedecessoribus
2740 2583 2921 2640 fuisse
2953 2599 3316 2655 possessam,
3347 2587 3637 2658 querelam
3665 2585 3788 2645 hanc

2182 2690 2314 2730 cum
2346 2673 2419 2728 ad
2453 2677 2685 2728 nostras
2707 2688 2878 2729 aures
2896 2688 3000 2744 pro
3031 2672 3234 2730 multis
3262 2674 3529 2731 Ecclesiae
3553 2677 3789 2732 Romane

2182 2761 2689 2833 persecutionibus
2739 2761 2996 2832 proferre
3041 2778 3157 2818 non
3208 2767 3412 2834 posset
3457 2763 3515 2820 in
3557 2763 3787 2836 pluribus

2182 2849 2588 2922 Transalpinis
2617 2849 2878 2906 conciliis
2907 2851 3114 2922 exponi
3146 2851 3788 2924 procuravit.Novissime

2181 2955 2316 2996 cum
2348 2939 2419 2996 ad
2451 2943 2715 2995 nostram
2748 2938 3014 2996 notitiam
3046 2939 3428 3012 pervenisset,
3459 2959 3565 2999 nos
3591 2955 3785 3013 quoque

2181 3045 2310 3084 eam
2369 3029 2442 3083 ad
2492 3027 2718 3082 concilii
2770 3028 3034 3100 proxime
3088 3028 3424 3088 celebrandi
3466 3029 3785 3086 audientiam

2179 3116 2399 3173 differri
2430 3114 3078 3188 precepimuanterim
3096 3117 3414 3174 venerabili
3435 3117 3589 3174 fratri
3620 3119 3785 3172 nostro

425 3183 708 3274 subjectis
739 3181 1021 3258 ecclesiis.
1055 3202 1368 3259 Ecclesium
1408 3204 1627 3259 Sancte:
1659 3204 1969 3272 Catellinee,
2005 3207 2064 3264 in
2099 3181 2142 3249 (ἶ
2178 3181 2492 3262 Guillelmo
2516 3181 2883 3261 Arausicensi
2913 3204 3186 3277 episcopo
3236 3206 3568 3279 significare
3591 3205 3783 3262 curavi-

424 3291 728 3360 Semellia;
758 3292 1178 3348 monasterium
1210 3305 1444 3365 quoque
1468 3293 1664 3348 Sancti
1692 3294 1990 3351 Saturnini
2011 3301 2069 3352 et

423 3381 620 3437 Sancti
654 3380 920 3436 Antiochi
953 3397 988 3435 a
1015 3379 1342 3437 Caralitano
1390 3381 1666 3453 episcopo
1697 3383 1859 3439 vobis
1888 3385 2066 3440 tradi-

421 3473 549 3525 tum
580 3469 640 3524 in
692 3474 1039 3541 perpetuum
1086 3473 1276 3524 vestro
1318 3470 1577 3525 ccenobio
1626 3471 1953 3538 ﬁrmamus,
1988 3473 2068 3528 ita

420 3555 692 3616 videlicet
721 3561 787 3612 ut
831 3574 934 3629 pro
989 3558 1218 3614 decreto
1260 3559 1414 3630 quod
1446 3575 1480 3614 a
1510 3558 1679 3615 nobis
1717 3559 2066 3616 venerabilis

405 3647 577 3703 .idem
607 3647 786 3703 frater
813 3652 1012 3703 noster
1039 3653 1098 3703 et
1133 3648 1516 3720 coepiscopus
1554 3649 1717 3720 Hugo
1745 3651 2068 3721 promeruit

419 3751 612 3809 supra.
631 3735 980 3809 episcopalis
1011 3737 1352 3794 obedientiaa
1385 3738 1488 3808 jus
1536 3737 1681 3793 nihil
1729 3738 1840 3796 sibi
1889 3739 1947 3793 in
1979 3740 2065 3796 eis

421 3824 727 3881 Catalitani
777 3825 1034 3898 episcopi
1093 3826 1345 3882 debeant
1400 3826 1712 3882 vindicare.
1768 3827 2066 3901 Episcopis

401 3918 618 3970 autem
663 3913 1031 3970 interdictam
1063 3912 1357 3980 volumus,
1390 3930 1461 3968 ne
1503 3913 1853 3970 inconsultis
1901 3917 2064 3974 vobis

415 4008 523 4059 aut
570 4002 828 4060 locorum
883 4002 1174 4075 praepositi
1235 4002 1364 4058 loca
1411 4005 1610 4057 nostra
1653 4001 1740 4058 vel
1789 4003 2064 4062 ecclesias

417 4092 927 4148 excommunicent
955 4095 1057 4145 aut
1086 4090 1453 4146 interdicent.
1486 4091 1662 4146 Porro
1701 4091 1760 4146 in
1803 4092 2062 4150 ecclesiis

419 4179 745 4236 interdictis
775 4179 939 4234 vobis
967 4178 1265 4235 licentiam
1295 4177 1696 4251 indulgemus,
1727 4197 1862 4236 cum
1894 4182 1967 4238 ad
1995 4199 2064 4240 ea

418 4268 545 4325 loca
588 4267 885 4335 veneritis,
943 4283 1210 4323 seorsum
1260 4267 1458 4323 divina
1509 4268 1699 4324 ofﬁcio
1750 4269 2055 4329 celebrare.

417 4357 567 4414 Sane
596 4356 647 4412 si
678 4356 812 4428 quis
841 4356 901 4411 in
933 4357 1262 4418 crastinum
1293 4355 1771 4430 archiepiscopus
1810 4364 1912 4416 aut
1938 4361 2060 4433 epi-

407 4451 714 4519 scopatus,
739 4446 1059 4518 imperator
1087 4449 1187 4500 aut
1216 4445 1611 4518 rex,princeps
1641 4452 1742 4504 aut
1769 4449 2063 4516 dux,mar-

2174 3311 2307 3352 mus
2338 3298 2402 3348 ut
2430 3294 2500 3348 ad
2533 3294 2821 3364 synodum
2852 3292 3111 3362 veniens,
3147 3309 3210 3350 se
3259 3296 3332 3351 ad
3384 3295 3776 3352 defendendum

2174 3381 2514 3454 hujusmodi
2547 3380 2844 3454 negotium
2877 3383 3398 3453 praepararetﬂum
3418 3387 3607 3440 autem
3627 3381 3782 3439 venis-

2175 3475 2284 3537 set,
2317 3469 2444 3542 ipse
2473 3469 2711 3541 quidem
2743 3469 3046 3525 divisionis
3079 3470 3248 3526 istius
3280 3472 3585 3528 cananicas
3605 3481 3781 3526 Causas

2174 3559 2430 3632 proferre
2461 3572 2575 3613 non
2608 3557 2819 3629 potuit.
2853 3557 3191 3615 Tricasiuus
3238 3576 3376 3617 vero
3423 3564 3553 3633 post
3587 3559 3780 3616 diutur-

2175 3661 2311 3706 nam
2341 3652 2398 3703 et
2428 3646 2742 3719 plusquam
2773 3647 3167 3704 centenarium
3197 3649 3624 3720 possessionem
3643 3660 3781 3703 vene-

2174 3735 2447 3794 rabilium
2495 3735 2837 3806 pontificum
2890 3735 3310 3805 Romanorum,
3345 3741 3404 3794 et
3442 3734 3708 3809 Gregorii,
3735 3736 3778 3790 α

2171 3823 2481 3880 Alexandri
2527 3821 2866 3896 privilegiis,
2898 3840 3085 3880 causa:
3129 3843 3250 3882 suae
3292 3829 3487 3898 partes
3517 3824 3779 3882 tuebatur.

2173 3916 2362 3980 Quare
2407 3929 2515 3968 nos
2545 3912 2615 3970 de
2646 3911 2906 3985 Gregorii
2946 3913 3197 3981 decreto,
3243 3927 3362 3993 quo
3411 3916 3484 3970 ab
3530 3914 3650 3986 ipsa
3689 3909 3779 3972 fuit

2172 3999 2428 4059 Ecclesia
2485 4000 2754 4072 potitum,
2809 4001 3075 4073 quaedam
3133 4001 3285 4058 inter
3339 4002 3544 4060 fratres
3585 4002 3781 4059 nostins

2171 4090 2417 4163 quaestio
2445 4093 2571 4146 orta
2620 4093 2729 4157 est,
2781 4089 3003 4162 placuit
3050 4090 3231 4147 alium
3264 4092 3458 4150 adhuc
3503 4082 3780 4150 deﬁniendi

2169 4196 2356 4236 causa:
2388 4178 2706 4235 terminum
2737 4178 3026 4245 adhiberi,
3059 4179 3119 4235 in
3165 4197 3282 4252 quo
3331 4185 3389 4238 et
3415 4173 3780 4236 Arausicensis

2169 4269 2500 4341 episcopus,
2525 4268 2575 4323 si
2607 4284 2786 4338 quam
2818 4272 3035 4339 posset,
3063 4268 3462 4326 defensionem
3512 4264 3779 4324 nancisce-

2170 4361 2349 4425 retur,
2381 4360 2438 4412 et
2463 4355 2802 4411 Tricastinae
2835 4355 3104 4414 Ecclesia
3135 4357 3330 4416 clerici
3363 4357 3436 4414 de
3459 4356 3649 4415 eodem
3676 4350 3778 4424 pri.-

2167 4445 2375 4518 vilegio
2424 4461 2530 4501 nos
2567 4445 2957 4516 jurejurando
3007 4445 3263 4503 facerent
3309 4446 3598 4504 certiores.
3629 4442 3780 4500 Gum-

399 4535 569 4602 chio,
602 4549 820 4601 comes,
851 4532 1196 4600 vicecomes,
1233 4533 1418 4604 judex
1447 4537 1549 4589 aut
1577 4535 1850 4606 qumlibet
1877 4537 2059 4594 eccle-
2089 4557 2138 4624 Β
2169 4553 2372 4609 que....
2406 4533 2819 4590 convenissent
2847 4537 2904 4590 et
2931 4535 3221 4592 confrater
3249 4538 3448 4592 noster
3474 4529 3781 4590 Arausicen-

405 4622 654 4680 .siastica
682 4619 1048 4679 saecularisve
1076 4637 1325 4694 persona
1353 4620 1762 4692 bujusdecreti
1787 4625 2059 4698 paginam

397 4713 629 4781 .sciens,
661 4715 864 4768 contra
893 4726 1022 4766 eam
1053 4715 1271 4766 temere
1299 4711 1495 4766 venire
1523 4713 2062 4782 tentaverit,secun-

411 4802 510 4859 dio
539 4806 596 4858 et
623 4802 796 4858 tertio
827 4798 1240 4868 commonitus,
1263 4800 1312 4856 si
1350 4817 1465 4857 non
1508 4801 1901 4861 satisfactione
1931 4821 2062 4861 con-

396 4907 563 4964 .grua
589 4887 1002 4954 emendaverit,
1023 4889 1322 4959 potestatis
1353 4889 1711 4964 honorisque
1741 4893 1832 4947 sui
1867 4893 2058 4966 digni-

413 4982 532 5034 tate
559 4980 772 5046 careat,
805 4991 1086 5050 reumque
1117 4995 1179 5034 se
1209 4978 1402 5036 divino
1445 4980 1662 5050 iudicio
1704 4981 1951 5038 existere
1988 4983 2060 5039 de

414 5069 745 5138 perpetrata
775 5064 1084 5137 iniquitate
1119 5073 1448 5140 cognoscat,
1479 5073 1536 5124 et
1581 5087 1617 5126 a
1659 5071 2060 5128 sacratisimo

411 5170 652 5227 corpore
698 5171 765 5210 ac
797 5156 1081 5227 sanguine
1134 5157 1231 5212 Dei
1285 5163 1341 5212 et
1393 5158 1624 5215 Domini
1674 5160 2060 5231 redemptoris

413 5243 597 5301 nostri
638 5243 788 5301 Jesu.
810 5243 1022 5301 Christi
1079 5244 1306 5302 alienus
1336 5247 1458 5316 ﬁat,
1491 5245 1752 5318 atquein
1802 5252 2059 5306 extremo

411 5333 688 5389 districta:
727 5332 934 5389 ultioni
982 5334 1302 5406 subjaoeat.
1335 5335 1574 5391 Cunctis
1623 5339 1820 5391 autem
1867 5342 2058 5394 vestro

411 5421 672 5480 coenobio
693 5422 861 5494 justa
887 5422 1277 5493 servantibus,
1310 5423 1390 5480 sit
1438 5439 1549 5494 pax
1592 5422 1824 5479 Domini
1874 5426 2057 5482 nostri

409 5513 552 5568 Jesu
582 5511 1112 5584 Cbristi,quatcnus
1131 5517 1190 5567 et
1220 5511 1314 5567 hic
1344 5511 1598 5567 fructum
1620 5511 1782 5568 bonae
1812 5513 2058 5571 actionis

411 5599 755 5674 percipiant,
804 5606 860 5658 et
911 5602 1066 5674 apud
1116 5599 1450 5656 districtum
1502 5600 1767 5670 judicem
1819 5604 2059 5676 praemia

411 5695 636 5748 aiternae
659 5691 817 5765 pacis
847 5690 1164 5749 inveniant.
1196 5691 1398 5744 Amen.

2170 4624 2254 4682 sis
2303 4623 2635 4696 episcopus,
2681 4621 2834 4678 sicut
2879 4622 3229 4694 promiserat
3258 4639 3373 4680 non
3404 4623 3669 4689 venisset,
3693 4629 3778 4672 nec

2169 4712 2574 4770 excusationes
2622 4711 2852 4784 aliquas
2905 4711 3310 4784 praemisisset,
3360 4716 3418 4769 et
3465 4716 3597 4770 tunc
3641 4700 3778 4763 nobis

2169 4800 2392 4875 placuit
2438 4799 2656 4872 negotii
2705 4800 2883 4857 finem
2932 4799 2991 4857 in
3039 4804 3275 4874 tempus
3321 4800 3481 4858 aliud
3517 4789 3776 4871 protelari.

2168 4891 2452 4947 Caeterum
2483 4886 2708 4944 clericis
2755 4892 2812 4944 et
2848 4887 3076 4944 itineris
3105 4888 3500 4955 difﬁcultates,
3528 4891 3582 4943 et
3609 4893 3775 4942 rerum

2168 4979 2342 5052 longa
2354 4976 2664 5049 dispendia
2685 4977 3313 5048 praetendentibusmec
3342 4976 3622 5050 longiores
3633 4981 3777 5044 posse

2170 5084 2366 5125 moras
2395 5065 2514 5137 pati
2540 5064 2966 5122 instantissime
2991 5062 3692 5138 proclamantibusgvisum
3704 5055 3775 5114 est

2169 5154 2450 5210 fratribus
2493 5153 2732 5221 nostris,
2765 5158 2887 5210 tam
2935 5155 3225 5228 episcopis
3269 5171 3445 5227 quam
3489 5156 3548 5210 et
3586 5149 3770 5206 nostra

2167 5241 2496 5317 apostolicae
2518 5242 2782 5299 Ecclesiae
2812 5241 3305 5313 oardinalibus,ut
3321 5239 3768 5301 Trls'eastinorum

2152 5331 2514 5390 clericorum
2572 5331 3030 5388 satisfactionem
3089 5333 3384 5406 suscipere
3438 5330 3767 5389 deberemus.

2168 5423 2312 5480 Tres
2343 5422 2539 5492 itaque
2559 5420 2896 5478 Tricastinae
2929 5420 3192 5480 Ecclesiae
3217 5420 3410 5478 clerici
3436 5427 3604 5490 super
3619 5411 3770 5470 Επι-

2167 5510 2319 5584 gelia
2366 5513 2738 5566 sacrosancta
2775 5511 3057 5581 juraruut
3117 5527 3179 5567 se
3230 5509 3441 5567 vidisse
3479 5511 3535 5562 et
3586 5499 3764 5572 ιεεὶεεο

2169 5598 2415 5658 Romani
2464 5598 2757 5672 pontificis
2796 5599 3056 5672 Gregorii
3099 5599 3392 5657 bullarum
3435 5587 3760 5672 privilegium

2168 5669 2815 5749 BonifaciovTricastino
2847 5669 3119 5763 episcopo
3150 5689 3609 5757 attributum,per
3635 5669 3760 5750 quod
