3928 6208
106 328 228 403 διίῆ

1301 341 1706 410 EPISTOUE
1748 344 1848 410 ΕΤ
1891 338 2365 412 PRIVILEGIA.

3418 349 3538 413 “8

114 468 401 559 praedicta
434 473 707 537 Ecclesiae
736 479 971 537 fuerant
1000 477 1264 536 counitzs.
1297 480 1478 552 Cujus
1508 478 1779 536 Videlicet
1805 468 1858 548 Α
1887 486 2301 537 conserventur
2329 497 2531 537 eorum
2562 497 2667 555 pro
2697 497 2950 554 quorum
3000 481 3425 541 sustentatione
3468 495 3535 539 ac

115 565 403 641 privilegii
435 570 702 625 tenorem
721 572 1185 626 secutussanctze
1201 568 1495 625 memoria
1510 569 1777 641 pontifex

114 647 443 719 Alexander
472 657 525 714 ΙΙ
554 658 827 732 prmfatas
856 657 1149 717 ecclesias
1173 661 1482 714 censuerat
1515 657 1629 714 sub
1659 674 1774 713 uno

114 762 351 820 semper
379 747 660 821 episcopo
690 762 1054 820 permanere.
1087 746 1223 804 Post
1242 747 1353 803 hoc
1371 746 1775 803 Arausicensis

114 834 433 908 episcopus
464 852 601 893 cum
645 835 914 894 Ecclesiae
950 852 1070 893 suas
1110 834 1335 892 clericis
1372 835 1633 902 veniens,
1675 850 1776 891 eas

115 940 267 996 quas
316 923 808 999 prasignavimus
862 924 1124 998 Gregorii
1182 941 1345 997 papas
1396 923 1497 979 Vlt
1527 924 1773 990 litteras,

116 1012 367 1083 detulit;
402 1013 519 1070 alia
546 1024 782 1086 quoque
809 1013 1150 1071 chartarum
1185 1013 1547 1070 monimenta
1576 1027 1775 1069 mons-

115 1102 316 1170 travit,
348 1098 571 1175 quibus
613 1108 675 1160 et
708 1119 903 1159 rerum
950 1102 1163 1159 veritas
1211 1101 1427 1159 certius
1468 1101 1779 1167 elaruit,et

115 1191 591 1250 Tricastinorum
646 1191 851 1248 relatio
897 1190 1053 1248 vires
1097 1192 1338 1264 accepit.
1381 1191 1451 1246 Et
1492 1206 1601 1246 nos
1636 1204 1779 1264 ergo

115 1278 539 1336 instrumentis
591 1280 808 1336 talibus
857 1278 1113 1336 roborati
1151 1279 1478 1336 secundum
1526 1279 1777 1335 fratrum

112 1373 458 1426 nostrorum
484 1369 776 1442 judicium
809 1369 1082 1442 przesenti
1109 1369 1342 1425 decreto
1364 1368 1667 1424 sancimus
1688 1371 1775 1434 ut,

109 1459 395 1515 defuncto
451 1450 631 1514 fratre
660 1462 861 1515 nostro
890 1455 1209 1513 venerabili
1258 1456 1531 1529 episeopo
1571 1456 1671 1529 qui
1703 1456 1777 1512 ad

109 1554 380 1620 presens
428 1546 803 1607 Arausicensi
860 1545 1131 1602 Ecclesiae
1189 1546 1482 1617 praesidet,
1528 1550 1779 1617 utraque

110 1652 248 1692 mox
297 1635 563 1692 Ecclesia
591 1636 654 1690 in
696 1634 1007 1708 pristinam
1054 1634 1251 1689 redeat
1308 1634 1615 1703 unitatem,
1663 1633 1777 1689 nisi

115 1725 265 1782 forte
292 1728 430 1798 post
460 1724 785 1797 proximam
806 1736 984 1795 quam
1019 1729 1378 1795 praeparante
1412 1723 1656 1778 Domino
1680 1739 1777 1777 ex-

116 1818 467 1887 spectamus
492 1812 867 1869 Pentecosten
893 1812 1042 1867 intra
1074 1812 1252 1866 unius
1276 1812 1415 1867 anni
1447 1813 1771 1885 spatium...

116 1902 587 1960 constiterit'eas
615 1906 772 1958 certo
803 1900 1051 1957 Romani
1083 1900 1378 1974 pontificis
1408 1905 1692 1974 praeepto
1721 1907 1779 1956 et

118 1990 361 2048 decreto
406 1991 593 2048 fuisse
640 1991 880 2047 divisas.
912 1989 1188 2062 Alioquin
1221 1989 1418 2047 omnis
1446 1988 1775 2063 sopiatur...

1884 569 2306 643 gubernatione
2336 586 2615 629 concessa
2644 576 2795 628 sunt-
2808 569 3016 627 usibus
3032 569 3389 628 omnimodis
3410 586 3535 646 pros

1885 658 2081 715 futura
2103 657 2292 727 ;salva
2314 660 2585 719 Romana:
2604 658 2870 717 Ecclesia:
2893 661 3172 718 canonica
3192 662 3530 719 reverentia.

1883 747 2033 805 Sane
2061 750 2111 804 si
2141 749 2278 820 quis
2308 749 2367 804 in
2398 749 2746 817 crastinum,
2770 749 3253 824 archiepiscopus
3274 751 3387 807 'aut
3414 750 3537 823 epi-

1885 852 2122 910 scopus,
2153 838 2477 910 imperator
2504 841 2607 894 aut
2635 854 2754 905 rex,
2787 838 3060 911 princeps
3089 842 3191 901 aut
3220 838 3358 908 dux,
3393 853 3545 895 man

1884 925 2035 993 chio,
2069 942 2287 997 comes,
2330 928 2679 993 vicecomes,
2730 928 2938 999 judex,
2999 933 3101 984 aut
3145 927 3543 984 ecclesiastica

1884 1014 2157 1088 quaelibet
2185 1015 2554 1073 saecularisve
2579 1030 2854 1089 persona,
2883 1015 3064 1088 hujus
3112 1015 3333 1074 decreti
3376 1014 3540 1091 pagi-

1884 1120 2025 1161 nam
2053 1104 2269 1173 sciens,
2301 1109 2506 1161 contra
2533 1120 2663 1161 eam
2702 1111 2925 1162 temere
2970 1105 3166 1162 venire
3206 1106 3540 1176 tentavarit,

1885 1193 2142 1249 secundo
2172 1193 2416 1249 tertiove
2444 1194 2864 1261 commonitus,
2898 1195 2945 1251 si
2980 1196 3095 1250 non
3143 1193 3544 1253 satisfactione

1884 1297 2144 1355 congrua
2198 1282 2612 1348 emendaverit,
2673 1284 2981 1356 potestatis
3038 1284 3402 1356 honorisque
3443 1282 3538 1340 sui

1885 1370 2171 1443 dignitate
2201 1376 2415 1438 careat,
2449 1388 2733 1445 reumque
2781 1389 2843 1428 se
2888 1372 3084 1429 divino
3105 1371 3332 1445 judicio
3390 1372 3541 1429 exis-

1885 1463 2007 1515 tere
2032 1460 2103 1515 de
2128 1464 2461 1532 perpetrata
2491 1460 2802 1533 iniquitate
2822 1464 3154 1533 cognoscat,
3177 1464 3353 1534 atque
3383 1477 3420 1518 a
3447 1477 3541 1518 suo

1885 1548 2219 1604 cratissimo
2258 1564 2519 1621 corpore,
2561 1565 2629 1604 ac
2679 1550 2968 1621 sanguine
3027 1549 3127 1604 Dei
3185 1565 3254 1605 ac
3308 1549 3540 1607 Domini

1887 1636 2273 1708 redemptoris
2304 1637 2487 1693 nostri
2517 1636 2656 1692 Jesu
2708 1636 2923 1692 Christi
2975 1636 3202 1693 alienus
3236 1637 3360 1702 ﬂat,
3392 1641 3450 1692 et
3480 1636 3542 1692 in

1884 1730 2144 1779 extremo
2176 1725 2443 1779 examine
2472 1725 2750 1779 districtas
2785 1725 2987 1780 ultioni
3013 1725 3333 1796 subjaoeat.
3356 1729 3543 1781 Cunc-

1886 1814 1966 1870 tis
1994 1819 2188 1869 autem
2237 1814 2425 1870 cidem
2458 1812 2585 1869 loco
2624 1816 2791 1884 justa
2833 1813 3203 1870 servantibus
3261 1813 3340 1869 sit
3399 1828 3545 1888 pace

1885 1902 2115 1959 Domini
2149 1902 2336 1959 nostri
2366 1902 2503 1958 Jesu
2559 1902 2797 1970 Christi,
2830 1907 3125 1973 quatenus
3171 1906 3228 1960 et
3258 1901 3355 1959 hic
3387 1902 3542 1959 fruc—

1885 1992 2209 2047 tum'bonte
2240 1991 2486 2047 actionis
2530 1991 2871 2064 percipiant,
2905 1997 2965 2047 et
3008 1991 3164 2065 apud
3206 1991 3541 2047 districtum

117 2086 182 2137 ut
220 2080 504 2138 defuncto
558 2080 849 2136 conlratre
896 2083 1097 2136 nostro
1150 2078 1422 2151 superius
1478 2079 1778 2135 nominato
1879 2080 2141 2152 judicem
2190 2079 2427 2153 praemia
2468 2087 2694 2136 interna:
2724 2082 2911 2152 pacis
2958 2078 3278 2138 inveniant.
3332 2082 3543 2152 Amen,

116 2171 399 2244 episcopo
448 2170 654 2226 eadem
709 2168 962 2225 Ecclesia
1007 2169 1079 2223 ad
1139 2167 1315 2223 aliam
1363 2172 1642 2223 transeat.
1677 2167 1779 2223 llla

114 2276 251 2317 vero
282 2276 418 2334 qua
446 2258 732 2316 hactenus
762 2257 954 2331 prima
989 2256 1191 2313 habita
1239 2259 1347 2323 est,
1392 2259 1452 2312 et
1504 2255 1781 2329 deinceps

115 2347 522 2422 principatum
553 2346 832 2402 obtineat.
870 2348 955 2400 Ita
982 2351 1178 2402 tamen
1221 2349 1289 2399 ut
1328 2345 1639 2418 episcopus
1679 2345 1782 2417 qui

115 2438 359 2510 utrique
389 2436 688 2509 praefuerit
717 2434 863 2490 nihil
911 2434 986 2490 de
1032 2433 1510 2507 proventionibus
1542 2432 1775 2490 clerico-

114 2543 276 2598 rum,
307 2526 569 2593 redditu,
593 2528 824 2591 ornatu,
859 2523 1228 2589 ministeriis,
1259 2538 1390 2595 quae
1418 2522 1501 2578 vel
1535 2539 1780 2595 quomo-

116 2616 437 2688 docunque
488 2615 546 2669 in
579 2614 820 2670 alterius
866 2612 1235 2686 patrimoniis
1271 2612 1577 2680 habentur,
1609 2612 1784 2669 modo

116 2720 481 2779 quocunque
509 2702 598 2760 vel
631 2701 934 2759 occasione
963 2699 1358 2774 qualicunque
1387 2701 1644 2773 patiatur
1667 2700 1782 2756 im-

117 2794 338 2850 minui.
369 2793 431 2849 Si
465 2790 601 2865 quis
624 2806 758 2848 vcro
790 2790 940 2845 hanc
966 2795 1179 2845 nostra:
1210 2789 1650 2845 constitutionis
1680 2805 1782 2861 pa-

117 2887 357 2961 ginam,
390 2886 501 2939 etc.

191 2978 414 3030 Actum
462 2970 768 3027 Cremonae
810 2985 925 3025 xvn
970 2968 1093 3025 Kal.
1147 2966 1348 3024 Maii...
1409 2984 1561 3023 anno
1615 2967 1780 3023 Dom.

120 3064 430 3123 Inearnat.
464 3057 627 3115 1095.

870 3163 1050 3219 CXLI.

115 3257 496 3328 Privilegium
524 3254 884 3328 apostolicum
933 3252 1141 3328 urbani
1166 3253 1217 3308 11
1238 3266 1402 3328 paper
1429 3268 1530 3325 pro
1576 3268 1788 3310 monas-

556 3323 695 3382 terio
725 3327 781 3381 S.
813 3323 1058 3380 Abundii
1083 3323 1376 3381 Comensis.

757 3416 946 3481 (Anno
980 3413 1163 3483 1095.)

116 3508 348 3579 [Tang
380 3503 587 3562 Annali
608 3504 755 3559 sacri
781 3502 924 3579 de_l_la
955 3502 1085 3557 cittd
1108 3501 1168 3579 di
1186 3503 1365 3579 pomo.
1396 3502 1596 3570 Como,
1622 3502 1782 3571 l663,

656 3580 797 3630 tom.
832 3574 902 3641 ΙΙ,
935 3588 1068 3645 pag.
1101 3574 1251 3643 86L]

191 3683 482 3741 URBANUS
513 3680 846 3754 episcopus,
891 3695 1094 3735 servus
1143 3685 1443 3736 servorum
1490 3678 1614 3747 Dei,
1664 3678 1784 3736 ﬁlio

112 3773 365 3840 Josnpn,
400 3768 830 3828 monasteriis.
875 3767 1131 3824 Abundii
1176 3767 1397 3835 abbati,
1440 3768 1594 3840 quod
1615 3768 1788 3840 juxta

119 3867 460 3919 Cumanum
488 3860 699 3917 urbem
730 3848 910 3914 situm
932 3861 1046 3925 est,
1077 3857 1323 3929 ejusque
1343 3857 1785 3913 successoribus

123 3948 479 4025 regulariter
504 3944 932 4004 substituendis
960 3944 1019 4001 in
1047 3949 1416 4019 perpetuum.

197 4037 571 4096 Desiderium
612 4035 771 4107 quod
818 4035 891 4090 ad
941 4033 1282 4107 religiosum
1332 4034 1697 4108 propositum
1730 4040 1789 4092 et

125 4127 468 4184 animarum
510 4123 763 4181 salutem
811 4122 1100 4196 pertinere
1130 4126 1517 4194 monstratur,
1553 4128 1787 4181 auctore

124 4216 271 4282 Deo,
299 4215 427 4271 sine
473 4211 673 4284 aliqua
702 4218 792 4269 est
839 4210 1122 4268 dilatione
1162 4211 1598 4284 complendum.
1641 4213 1788 4279 Quia

124 4302 317 4376 igitur
369 4295 606 4358 dilectio
645 4304 745 4358 tua
789 4299 1209 4374 protectionem
1252 4300 1411 4357 sedis
1457 4299 1788 4373 apostolicae

125 4391 480 4466 suppliciter
520 4389 813 4463 expetivit,
866 4407 974 4446 nos
1023 4389 1144 4446 tuis
1178 4389 1361 4461 justis
1409 4388 1789 4462 petitionibus

125 4474 645 4548 a‘nnueates,beati
669 4474 923 4533 Abundii
953 4477 1314 4533 confessoris
1342 4478 1787 4546 monasterium,

1888 2186 2082 2233 amen,
2116 2187 2307 2224 amen.

1960 2258 2171 2314 Datum
2205 2256 2525 2314 Mediolani
2573 2274 2677 2330 per
2723 2274 2966 2314 manum
3019 2258 3284 2328 Joannis,
3329 2262 3545 2316 sancta

1890 2346 2163 2402 Romane
2224 2346 2492 2402 Ecclesia;
2548 2345 2777 2402 diaconi
2843 2344 3183 2411 cardinalis,
3241 2362 3358 2403 xvn
3414 2345 3542 2402 Kal.

1888 2434 2072 2502 Junii,
2129 2436 2332 2491 indict.
2382 2451 2468 2501 In,
2531 2451 2682 2490 anno
2742 2435 3059 2490 Dominicac
3119 2435 3545 2492 locat-nationis

1891 2524 2050 2587 1096.
2085 2523 2465 2597 pontificatus
2495 2530 2688 2579 autem
2712 2522 2912 2579 domni
2935 2522 3155 2579 Urbani
3176 2521 3419 2582 secundi
3436 2522 3541 2581 PP.

1890 2617 2110 2669 Octavo.
3328 2644 3331 2649 ‹
3470 2644 3473 2647 -

2612 2718 2821 2775 CXLII.

1892 2811 2117 2868 Latere
2162 2792 2477 2882 apostolicae
2531 2809 2738 2882 Urbani
2793 2809 2861 2877 ιι,
2921 2809 3115 2882 quibus
3172 2809 3548 2882 insumam'a

1956 2884 2122 2938 Petro
2178 2880 2600 2938 Carcassonensi
2613 2952 2621 2953 ί
2647 2880 2905 2953 episcopo,
2930 2880 3273 2937 clericorum
3328 2880 3546 2953 regula-

1964 2955 2115 3082 riw‘n
2139 2969 2393 3010 normam
2424 2953 2487 3009 in
2512 2952 2743 3009 ecclesia
2770 2951 2834 3008 εξ
2858 2952 3087 3010 Macarii
3112 2956 3167 3008 et
3193 2952 3329 3009 alii:
3353 2951 3548 3009 conﬁr-

1964 3043 2056 3081 ma
2084 3067 2097 3081 .

2527 3115 2717 3183 (Anno
2749 3112 2930 3184 1095.)

2139 3218 2304 3291 [ϐαιι.
2326 3218 2516 3274 christ.
2550 3223 2599 3278 ι.
2625 3217 2719 3283 VI,
2753 3218 3055 3282 lnstrum.,
3088 3233 3145 3288 p.
3171 3217 3333 3285 43L].

1910 3350 1916 3356 -
1966 3326 2245 3381 Uasanus
2275 3323 2608 3397 episcopus,
2642 3338 2845 3380 servus
2874 3338 3175 3379 servorum
3200 3320 3551 3388 Dei,d§lect‘o

1895 3414 2057 3471 fratri
2111 3412 2319 3479 Pareo,
2363 3412 2811 3468 Carcassonensi
2844 3410 3137 3484 episcopo,
3192 3409 3443 3467 salutem
3491 3415 3547 3467 et

1894 3501 2271 3576 apostolicam
2303 3500 2788 3557 benedictionem.

1965 3589 2266 3647 Petitionis
2304 3595 2416 3646 tum
2439 3588 2735 3662 justitiam
2778 3592 3184 3661 agnoscentes,
3223 3586 3545 3645 institutio-

1893 3697 2028 3737 nem
2060 3677 2418 3752 regularium
2450 3676 2817 3743 clericorum,
2850 3691 3024 3749 quam
3076 3675 3546 3749 tum-prudentia

1894 3768 2228 3827 sollicitudo
2256 3767 2411 3841 apud
2444 3766 2748 3823 matricem
2791 3765 3103 3823 ecclesiam
3130 3765 3190 3822 S.
3228 3764 3459 3822 Nazarii
3488 3768 3547 3821 et

1894 3858 2049 3933 apud
2078 3856 2354 3914 ecclesias
2382 3857 2441 3912 S.
2476 3855 2690 3923 Mariis,
2739 3864 2842 3913 seu
2874 3855 2936 3910 Β.
2969 3852 3246 3928 Stephani
3295 3852 3545 3911 Domino

1894 3950 2243 4021 cooperante
2271 3945 2585 4019 disposuit,
2626 3944 3002 4018 prmaentium
3052 3941 3382 4000 litterarum
3413 3958 3545 4000 aue-

1894 4037 2127 4095 toritate
2155 4034 2484 4101 ﬁrmamus,
2532 4039 2590 4090 et
2623 4050 2752 4091 eam
2797 4033 2910 4089 sub
2957 4030 3275 4105 apostolica
3321 4035 3549 4104 pmteo-

1891 4126 2051 4183 tione
2074 4124 2455 4196 suscipimus.
2491 4122 2866 4196 Praecipimus
2890 4135 3049 4195 ergo,
3068 4125 3124 4177 et
3144 4135 3247 4193 per
3273 4121 3547 4177 virtutem

1893 4215 1954 4271 Β.
2015 4213 2269 4286 Spiritus
2324 4210 2753 4283 interdicimus,
2814 4214 2878 4265 ut
2934 4209 3078 4265 nulli
3136 4220 3547 4269 successorum

1894 4307 2154 4370 tuorum,
2188 4300 2334 4358 nulli
2366 4298 2665 4357 sarcularis
2687 4298 2776 4355 vel
2807 4298 3211 4356 ecclesiastica
3241 4299 3548 4370 potestatis

1895 4391 2067 4448 liceat
2093 4389 2330 4447 easdem
2387 4388 2699 4445 canonioas
2755 4394 3031 4453 evertere,
3082 4392 3141 4442 et
3190 4403 3295 4458 per
3341 4391 3399 4442 te
3427 4385 3548 4442 iliic

1897 4479 2255 4552 dispositum
2272 4477 2540 4551 regulare
2560 4475 2924 4550 propositum
2948 4474 3549 4535 dimovere.Universa

124 4560 223 4625 cui
253 4562 571 4641 largiente
603 4566 854 4622 Domino
902 4566 1203 4638 praesides,
1243 4565 1548 4638 praesentis
1576 4567 1791 4624 decreti
1822 4585 1868 4649 ι)
1897 4569 2074 4626 etiam
2106 4585 2235 4640 qua:
2264 4565 2562 4624 canonicis
2590 4565 2735 4638 ipsis
2756 4582 2825 4622 ex
2844 4568 2946 4621 tua
2965 4561 3314 4620 liberalitate
3333 4560 3550 4619 collata

127 4656 487 4714 auctoritate
512 4654 842 4713 munimus.
876 4655 1208 4711 Statuimus
1230 4654 1388 4711 enim
1420 4659 1488 4711 ut
1515 4671 1789 4728 quiscun-

128 4753 247 4819 que
264 4742 442 4802 hodie
467 4743 627 4800 idem
643 4741 1417 4801 emnobiumcatholicorum
1445 4744 1787 4817 pontiﬁcum

128 4833 536 4901 concessione,
564 4831 915 4889 liberalitate
945 4832 1309 4906 principum,
1359 4833 1448 4889 vel
1496 4832 1789 4892 oblatione

130 4923 397 4980 ﬁdelium
438 4921 724 4995 possidet,
757 4922 875 4978 sive
924 4921 983 4977 in
1034 4923 1318 4987 futurum,
1348 4920 1596 4978 Domino
1628 4924 1789 4995 adju-

127 5017 324 5080 vante,
349 5001 517 5084 justis
555 5003 732 5081 atque
753 5009 1028 5066 canonice
1059 5009 1271 5082 poterit
1319 5010 1584 5083 adipisci,
1620 5011 1791 5067 firma

128 5090 258 5170 tibi,
290 5101 535 5173 tuisque
564 5098 1025 5166 successoribus,
1057 5088 1114 5155 et
1134 5097 1358 5155 illibata
1388 5105 1786 5171 permaneant.

136 5188 527 5248 Decernimue
546 5195 687 5260 ergo
729 5190 803 5243 ut"
824 5186 970 5244 nulli
1001 5187 1242 5244 omnino
1272 5187 1581 5245 hominum
1619 5188 1792 5247 liceat

133 5268 415 5336 eumdem»
432 5270 636 5333 locum
663 5278 1380 5350 temerepertui~bare,aut
1408 5277 1544 5348 ejus
1558 5293 1789 5350 possem

136 5369 327 5425 siones
357 5364 617 5432 autem,
660 5367 766 5420 aut
804 5362 1028 5422 ablatas
1068 5364 1335 5434 retinere,
1379 5365 1664 5432 minuere,
1701 5366 1791 5425 vel

136 5454 463 5515 temerariis
493 5450 905 5510 vexationibus
932 5444 1318 5528 fatigare.Sed
1340 5454 1539 5513 omnia
1566 5454 1793 5532 integra

196 5638 319 5729 (36)
339 5632 505 5704 Nota
536 5628 823 5711 temporis
841 5628 1006 5698 falsa.
1036 5630 1234 5696 iam.

1900 4663 2063 4726 sunt,
2095 4662 2201 4714 aut
2226 4657 2503 4728 deinceps
2533 4654 2925 4720 conferentur,
2957 4653 3079 4709 sive
3111 4668 3240 4724 quas
3269 4651 3547 4724 deinceps

1898 4744 2275 4819 alii‘quilibet
2304 4743 2503 4800 ﬁdeles
2545 4759 2615 4800 ex
2641 4760 2749 4799 suo
2772 4744 2908 4815 jure
2952 4740 3325 4809 contulerint,
3377 4740 3549 4796 ﬁrma

1896 4848 2129 4906 semper
2155 4838 2212 4889 et
2236 4828 2461 4888 illibata
2495 4836 2896 4904 permaneant,
2929 4829 3275 4885 clericorum
3330 4827 3548 4886 ibidem

1897 4924 2008 4980 sub
2037 4920 2323 4994 regularis
2351 4921 2483 4977 vitae
2511 4919 2880 4976 observantia
2910 4918 3289 4976 servientium
3340 4916 3550 4977 usibus

1897 5011 2252 5068 omnimodis
2283 5009 2670 5082 profutura.Si
2700 5009 2835 5081 quis
2862 5024 3017 5077 vero,
3041 5006 3197 5080 quod
3226 5006 3548 5063 ‘absitzi-hu-

1889 5101 1993 5174 jus
2023 5098 2235 5155 decreti
2266 5097 2453 5154 nostri
2475 5100 2610 5169 jure
2635 5096 2867 5171 cognito
2897 5097 3127 5153 obviam
3158 5097 3244 5153 ire
3291 5100 3547 5152 tentave-

1898 5189 1994 5256 rit,
2016 5186 2521 5245 animadversione
2542 5184 2870 5260 spiritualis
2885 5185 3064 5260 gladii
3081 5184 3551 5243 feriatur.0bssr-

1895 5278 2174 5334 vantibus
2200 5280 2397 5332 autem
2427 5275 2538 5332 hoc
2567 5291 2679 5349 pax
2706 5291 2741 5331 a
2771 5274 2887 5332 Deo
2916 5278 2976 5330 et
2996 5273 3396 5331 misericordia
3425 5286 3551 5343 per-

1899 5371 2076 5442 petua
2102 5368 2494 5423 conservetur.

1970 5456 2185 5516 Datum
2217 5452 2527 5514 Mediolani
2573 5468 2655 5511 xu
2684 5451 2810 5513 Kal.
2840 5450 3024 5523 Junii,
3056 5467 3211 5509 anno
3240 5449 3381 5534 4988
3410 5448 3547 5524 (38).
