3928 6208
390 373 456 432 Η
469 374 507 434 9

393 575 643 630 Urbanus
699 576 748 630 ll
803 575 1046 632 ecclesiae
1087 577 1142 630 δ.
1200 579 1357 632 Petri
1405 578 1951 642 Standulnumlmsz’s,
2002 594 2037 631 α

463 644 724 719 Mathilde
751 647 1023 719 cqmitissa
1067 649 1128 702 Β.
1162 649 1320 705 Petro
1369 648 1606 714 traditae,
1654 650 2036 719 proiectio-nem

461 716 700 791 suscipit
715 721 768 771 et
799 717 942 791 bona
969 719 1278 788 conﬁrmat,
1311 737 1374 774 ea
1427 720 1540 786 lege
1571 728 1628 774 ut
1655 716 1854 774 clerici
1883 723 2035 791 (,uot-

459 789 637 862 ᾳηηίεν
659 787 956 862 denarium
1001 787 1253 852 aureum,
1285 794 1378 844 aut
1423 793 1617 862 quarto
1652 806 1864 861 quoque
1890 787 2036 845 anno

462 859 782 924 bisantium,
809 861 1019 930 palatio
1047 862 1404 916 Lateranensi
1417 859 1747 933 persolvant.

1008 949 1194 1019 (Anno
1221 947 1405 1020 1095.)

390 1037 557 1108 [Dom
587 1037 835 1102 Camer,
867 1038 1006 1092 Hist.
1037 1037 1104 1093 de
1148 1039 1433 1104 Lorraz'ne,
1477 1038 1746 1103 Preuves,
1793 1054 1849 1109 p.
1879 1039 2031 1108 505.]

389 1183 394 1188 ,
457 1125 737 1181 υααλκυε
765 1123 1096 1198 episcopus,
1129 1142 1332 1182 servus
1353 1143 1650 1182 servorum
1677 1126 2034 1192 Dei,dilectis

386 1211 443 1268 in
485 1213 718 1269 Christo
742 1212 880 1269 filiis
907 1219 1194 1270 Lsuemco
1224 1219 1282 1270 et
1311 1215 1660 1280 Guacsuso,
1691 1216 2032 1288 ceterisque

387 1301 483 1358 Dei
517 1301 720 1367 servis,
753 1305 872 1358 tam
905 1301 1131 1359 clericis
1181 1320 1359 1376 quam
1410 1320 1609 1359 secum
1659 1305 2034 1362 manentibus

381 1389 569 1456 laicis,
593 1390 650 1445 in
683 1389 807 1446 loco
830 1389 931 1462 qui
957 1391 1170 1447 dicitur
1190 1391 1667 1449 Standalmontin
1690 1393 2030 1466 episcopatu

383 1479 644 1547 Metensi,
693 1495 1016 1551 eorumque
1054 1481 1495 1538 successoribus
1541 1481 1602 1536 in
1645 1483 1848 1538 eadem
1897 1482 2030 1539 reli-

385 1566 556 1639 gione
585 1568 990 1640 permansuris
1012 1568 1068 1624 in
1104 1572 1470 1642 perpetuum.

452 1655 819 1712 Desiderium
859 1657 1013 1728 quod
1051 1657 1124 1714 ad
1179 1657 1514 1730 religiosum
1562 1661 1923 1732 propositum
1975 1666 2031 1718 et

381 1743 712 1799 animarum
767 1743 1014 1802 salutem
1066 1745 1353 1818 pertinere
1383 1752 1760 1816 monstratur,
1794 1755 2030 1807 auctore

379 1831 650 1934 Deo-sine
681 1832 878 1904 aliqua
907 1834 1187 1890 dilatione
1215 1839 1305 1890 est
1333 1836 1769 1908 complendum.
1809 1838 2029 1896 Vestris
2059 1869 2105 1934 B

378 1935 536 1993 ergo,
561 1919 664 1974 filii
695 1920 754 1975 in
787 1921 1782 1998 Christovenerahiles,precibus,et
1809 1926 2029 1983 charis-

379 2011 542 2064 sima:
573 2009 724 2066 beati
757 2011 906 2066 Petri
931 2011 1061 2065 tilia:
1086 2012 1384 2069 Mathildis
1409 2014 1722 2070 comitissas
1749 2014 2026 2073 interces-

377 2098 643 2154 sionibus
674 2099 958 2168 inclinati,
1001 2105 1203 2156 vestra:
1236 2101 1616 2160 habitationis
1665 2103 1880 2173 locum,
1924 2107 2023 2178 qui

377 2185 592 2241 dicitur
621 2187 1050 2251 Standalmont.
1111 2193 1169 2244 et
1225 2189 1574 2247 destinatam
1623 2193 2023 2264 apostolorum

377 2274 659 2346 principis
693 2276 909 2331 nomini
943 2276 1399 2344 ecclesiam,sub
1421 2279 1556 2350 jure
1587 2285 1643 2336 et
1670 2282 2024 2352 protectione

375 2363 533 2419 sedis
563 2363 893 2435 apostolica:
934 2365 1264 2438 specialiter
1310 2368 1725 2425 confovendum
1776 2370 2020 2444 suscipi-

374 2467 528 2508 mus.
561 2453 742 2516 Quem
773 2453 1247 2511 videlicetlocum
1271 2455 1444 2512 certis
1459 2458 2022 2516 terminiscircums-

371 2539 650 2613 criptum,
683 2543 921 2613 praefata
969 2543 1122 2598 beati
1177 2543 1326 2598 Petri
1359 2544 1482 2600 filia
1513 2545 1814 2603 Mathildis
1840 2549 2021 2603 comi-

373 2629 538 2695 tissa,
570 2633 771 2684 vestra:
823 2630 1088 2703 religioni
1120 2632 1192 2687 ad
1225 2634 1511 2705 agendam
1560 2651 1932 2692 communem
1964 2643 2022 2693 et

373 2718 714 2773 canonicam
745 2718 922 2774 vitam
955 2720 1218 2790 tradidit,
1239 2723 1352 2776 sub
1383 2739 1560 2777 censu
1610 2724 1831 2779 denarii
1858 2725 2018 2782 aurei

373 2821 566 2862 annuo
599 2805 975 2862 Lateranensi
1000 2807 1211 2879 palatio
1233 2809 1744 2881 persolvendo.Per
1767 2830 2016 2884 prmsen-

373 2893 449 2948 tis
478 2909 615 2966 ergo
654 2893 940 2966 privilegii
991 2895 1264 2968 paginam
1305 2898 1625 2969 apostolica
1673 2903 2017 2960 auctoritate

373 2981 690 3038 statuimus
723 2987 788 3036 ut
817 2999 1060 3056 queque
1109 2984 1264 3040 dona
1310 3002 1575 3060 quasque
1615 2991 2014 3060 possessiones

1688 367 1759 435 B.
1807 367 2097 436 URBANI
2143 371 2196 432 ll
2241 372 2493 433 PAP/E.

2077 509 2120 568 Α
2155 503 2449 558 volueritis
2483 501 2766 561 catholico
2793 502 3084 578 episcOpo,
3118 520 3214 562 eas
3245 501 3503 578 accipere
3547 506 3808 562 liberum

3678 376 3816 437 129

2147 593 2242 647 sit.

2214 681 2299 736 Ad
2333 681 2438 736 hoc
2469 681 2781 754 adjicimus
2813 685 2879 738 ut
2907 682 3220 756 episcopus
3240 682 3432 740 locum
3453 685 3652 756 ipsum
3674 701 3817 758 gra-

2143 785 2279 825 vare
2311 786 2425 824 non
2459 771 2690 839 audeat,
2727 787 2830 826 nec
2863 770 3122 843 aliquam
3151 772 3641 829 consuetudinem
3672 791 3813 847 quae

2146 857 2505 929 regularium
2537 859 2782 916 fratrum
2828 859 3004 932 quieti
3039 865 3267 930 noceat,
3311 862 3590 935 irrogare.
3623 862 3812 919 Porro

2146 945 2205 1001 in
2263 945 2526 1004 ecclesiis
2583 964 2732 1020 quas
2783 963 2886 1020 per
2938 949 3199 1006 diversos
3253 948 3628 1023 episcopatus
3685 952 3810 1008 sub

2135 1035 2271 1106 jure
2299 1035 2473 1090 vestri
2519 1035 2628 1092 loci
2674 1035 2923 1103 habetis,
2975 1037 3046 1092 de
3091 1038 3562 1112 congregationis
3591 1044 3808 1097 vestrae

2145 1123 2424 1180 fratribus
2471 1129 2724 1181 rectores
2756 1125 3101 1181 instituendi
3153 1125 3398 1183 liberam
3443 1127 3607 1185 vobis
3653 1145 3806 1185 con-

2141 1213 2410 1268 cedimus
2443 1212 2800 1280 facultatem,
2833 1213 2992 1269 salvo
3029 1215 3164 1284 jure
3212 1214 3485 1272 catholici
3534 1216 3806 1290 episcopi

2141 1301 2199 1356 in
2223 1302 2394 1371 cujus
2432 1302 2666 1358 dioecesi
2713 1301 2969 1358 ecclesia:
3014 1303 3136 1359 sita:
3187 1309 3345 1359 sunt.
3370 1304 3456 1359 Ad
3502 1304 3800 1362 indicium

2141 1393 2334 1446 autem
2369 1394 2650 1462 percepta:
2684 1390 2861 1462 hujus
2888 1409 2922 1446 a
2952 1391 3214 1447 Romana
3259 1391 3518 1450 Ecclesia
3553 1392 3809 1450 liberta-

2141 1479 2240 1544 tis,
2273 1478 2677 1550 supradictum
2709 1495 2950 1535 censum
2990 1496 3092 1552 per
3139 1497 3326 1537 annos
3371 1480 3660 1555 singulos,
3694 1487 3807 1540 aut

2139 1566 2198 1622 in
2231 1572 2437 1638 quarto
2469 1585 2620 1624 anno
2656 1567 2996 1635 bisantium,
3022 1569 3396 1626 Lateranensi
3420 1569 3640 1643 palatio
3670 1588 3808 1645 per-

2139 1655 2466 1711 solvetis.Si
2502 1674 2620 1728 qua
2651 1674 2791 1713 sane
2821 1657 2878 1711 in
2902 1657 3222 1713 crastinum
3253 1657 3656 1716 ecclesiastica
3688 1677 3803 1717 sa-

2138 1743 2423 1800 eularisve
2464 1761 2732 1817 persona,
2768 1745 2944 1816 hujus
2991 1745 3206 1801 decreti
3250 1746 3524 1820 paginam
3575 1748 3797 1816 sciens,

2137 1837 2340 1888 contra
2369 1851 2495 1888 eam
2532 1839 2748 1889 temere
2780 1835 2974 1890 venire
3022 1835 3355 1904 tentaverit,
3384 1836 3642 1892 secundo
3673 1841 3799 1894 ter-

2136 1922 2286 1976 tiove
2309 1921 2737 1984 commonita,si
2766 1938 2877 1977 non
2899 1923 3295 1980 satisfactione
3317 1938 3580 1998 congrua
3599 1941 3802 1982 emen-

2135 2010 2379 2075 daverit,
2413 2009 2716 2082 potestatis
2748 2010 3102 2084 honorisque
3133 2011 3223 2066 sui
3259 2012 3547 2085 dignitate
3569 2019 3791 2083 careat,

2137 2113 2412 2170 reamque
2444 2115 2506 2153 se
2548 2098 2744 2153 divino
2775 2099 3002 2169 judicio
3045 2099 3289 2156 existere
3333 2101 3405 2156 de
3454 2106 3795 2175 perpetrata

2137 2187 2444 2258 iniquitate
2463 2192 2795 2260 cognoscat,
2829 2193 3002 2260 atque
3027 2205 3061 2243 a
3109 2189 3508 2246 sacratissimo
3549 2207 3794 2264 corpore

2133 2282 2188 2329 et
2219 2276 2506 2346 sanguine
2538 2275 2634 2330 Dei
2664 2293 2730 2331 ac
2755 2276 2978 2331 Domini
3005 2276 3411 2350 Redemptoris
3439 2279 3794 2336 nostriJesu

2131 2362 2346 2419 Christi
2378 2363 2570 2420 aliena
2601 2365 2721 2430 fiat,
2754 2371 2811 2420 et
2842 2365 2900 2420 in
2933 2371 3190 2422 extremo
3220 2367 3484 2422 examine
3506 2367 3792 2424 districta

2133 2452 2339 2508 ultioni
2374 2453 2694 2524 subjaceat,
2729 2453 2956 2510 cunctis
3001 2459 3197 2510 autem
3247 2454 3436 2512 eidem
3467 2453 3597 2512 loco
3619 2457 3798 2527 justa

2131 2542 2500 2597 servantibus
2545 2541 2623 2597 sit
2671 2559 2782 2613 pax
2831 2542 3062 2598 Domini
3113 2543 3294 2600 nostri
3349 2544 3491 2600 Jesu
3541 2544 3789 2612 Christi,

2129 2635 2422 2702 quatenus
2451 2635 2509 2685 et
2539 2629 2632 2686 hic
2664 2631 2919 2686 fructum
2953 2631 3115 2687 honre
3149 2631 3395 2688 actionis
3437 2633 3790 2706 percipiant,

2127 2724 2184 2773 et
2216 2719 2368 2790 apud
2401 2719 2733 2775 districtum
2757 2720 3022 2790 judiccm
3071 2721 3310 2792 priamia
3353 2725 3580 2779 internae
3623 2723 3792 2794 pacis

2128 2808 2444 2863 inveniant.
2468 2809 2671 2864 Amen.

2197 2897 2407 2952 Datum
2441 2896 2750 2952 Mediolani
2785 2914 2886 2969 per
2932 2914 3174 2953 manum
3227 2899 3498 2967 Joannis,
3555 2905 3783 2958 sancte

2125 2985 2398 3042 Romana:
2442 2985 2706 3042 Ecclesiae
2750 2986 2978 3042 diaconi
3031 2985 3364 3056 cardinalis,
3404 3005 3482 3045 vn
3530 2989 3778 3048 Kalend.

373 3069 577 3126 eadem
617 3069 918 3126 comitissa
957 3077 1159 3128 vestras
1205 3074 1450 3130 contulit
1494 3077 1772 3147 ecclesiae,
1819 3081 1905 3136 vel
1954 3082 2012 3138 in

2201 3074 2304 3141 nii,
2337 3074 2537 3130 indict.
2570 3091 2652 3138 ιιι,
2681 3076 3056 3147 pontificatus
3087 3081 3280 3134 autem
3312 3078 3514 3134 domni
3546 3078 3778 3136 Urbani

372 3158 636 3214 futurum
700 3159 946 3216 Domino
985 3161 1306 3234 inspirante
1361 3165 1690 3231 contulerit,
1722 3168 2010 3242 quidquid
2048 3229 2084 3242 Α
2122 3163 2362 3219 secundi
2396 3180 2556 3236 ρειρω
2586 3167 2808 3220 Octavo-

371 3247 545 3302 etiam
577 3245 778 3304 ﬁdeles
803 3248 1051 3320 quilibet
1073 3229 1131 3305 in
1163 3267 1398 3324 quoque
1425 3229 1762 3327 episcopatu
1799 3229 2010 3316 desuo
2041 3229 2085 3296 θ

361 3337 497 3408 jure
526 3352 631 3409 pro
661 3353 903 3393 suarum
943 3339 1272 3396 animarum
1306 3339 1496 3398 salute
1541 3344 1815 3418 deinceps
1845 3348 2012 3403 obtu-

369 3424 563 3490 lerint,
589 3425 876 3498 quidquid
925 3431 1198 3498 praeterea
1236 3431 1606 3487 concessione
1649 3433 2012 3504 pontiﬁcum,

369 3511 716 3570 liberalitate
745 3514 1076 3587 principum
1101 3517 1262 3588 juste
1305 3519 1700 3592 canoniceque
1748 3523 2014 3594 poteritis

367 3601 636 3676 adipisci,
662 3603 832 3660 ﬁrma
859 3604 1022 3661 vobis
1043 3606 1366 3680 vestrisque
1387 3609 1828 3668 successoribus
1857 3615 1915 3668 et
1945 3611 2012 3668 i1-

369 3691 550 3748 libata
578 3698 979 3764 permaneant.

439 3778 818 3836 Decernimus
844 3795 980 3850 ergo
999 3781 1220 3837 utnulli
1255 3782 1495 3839 omnino
1517 3783 1824 3841 hominum
1845 3785 2017 3844 liceat

366 3869 639 3926 eumdem
667 3869 860 3925 locum
894 3873 1115 3927 temere
1146 3872 1616 3944 perturbare,aut
1637 3876 1764 3946 ejus
1785 3893 2014 3948 posses-

298 3987 310 3997 -
369 3959 563 4015 siones
588 3958 930 4025 auferre,vel
961 3958 1187 4016 ablatas
1219 3959 1486 4029 retinere,
1521 3961 1903 4030 minuere,vel
1932 3970 2014 4022 te-

369 4045 635 4103 merariis
663 4047 1070 4104 vexationibus
1099 4047 1364 4120 fatigare,
1397 4048 1499 4104 sed
1548 4050 1748 4106 omnia
1792 4051 2017 4126 integra

366 4141 805 4206 conserventur,
831 4152 1033 4192 eorum
1061 4152 1164 4208 pro
1195 4151 1445 4206 quorum
1495 4141 1920 4198 sustentatione
1949 4160 2015 4200 ac

366 4225 788 4299 gubernatione
816 4239 1092 4280 concessa
1105 4223 1477 4291 sunt,usibus
1507 4226 1860 4286 omnimodis
1882 4248 2015 4304 pro-

368 4314 584 4371 futura.
616 4313 878 4370 Obeunte
923 4312 1394 4386 congregationis
1441 4319 1642 4371 vestrae
1685 4321 2014 4392 praeposito,

369 4403 566 4460 nullus
597 4403 675 4458 ibi
689 4401 953 4476 qualibet
973 4400 1368 4472 subreptionis
1389 4404 1606 4460 astutia
1627 4404 1714 4460 vel
1745 4408 2018 4468 violentia

367 4497 761 4566 praeponatur,
795 4489 910 4546 nisi
937 4505 1114 4562 quem
1138 4489 1345 4546 fratres
1371 4494 1669 4550 communi
1699 4512 2012 4568 consensu,

2830 3298 3058 3355 CXLIV.

2127 3385 2336 3441 Urbani
2389 3386 2440 3440 II
2501 3401 2668 3460 papa;
2701 3386 2928 3460 epistola
2985 3387 3056 3442 ad
3096 3387 3609 3460 ,Salmoriacenscs,
3664 3395 3778 3446 tam

2619 3457 2843 3512 clericos
2885 3474 3049 3530 quam
3086 3459 3272 3515 laicos.

2745 3573 2932 3644 (Auno
2964 3573 3148 3646 4095.)

2351 3669 2439 3739 [D.
2464 3669 2760 3736 Bouous'r,
2792 3671 3026 3741 Recueit,
3060 3679 3100 3727 t.
3132 3673 3275 3742 XIV,
3309 3689 3366 3747 p.
3399 3675 3553 3746 760.]

2196 3783 2474 3840 Uaeauus
2505 3785 2836 3858 episcopus,
2870 3803 3073 3843 servus
3106 3805 3406 3846 servorum
3441 3789 3566 3859 Dei,
3603 3791 3782 3849 dilec-

2123 3873 2200 3929 tis
2230 3873 2368 3928 filiis
2398 3877 2519 3928 tam
2568 3872 2794 3929 clericis
2842 3891 3022 3946 quam
3053 3875 3241 3945 laicis,
3282 3878 3343 3934 in
3375 3893 3524 3951 pago
3558 3879 3783 3941 Sulmo.

2125 3961 2370 4018 riacensi
2419 3963 2943 4030 commorantibus,
2995 3963 3244 4020 salutem
3289 3970 3346 4022 et
3395 3967 3780 4038 apostolicam

2124 4049 2584 4106 benedictionem
2597 4092 2609 4105 .

2194 4139 2478 4206 Quoniam
2511 4139 2689 4195 frater
2709 4139 3058 4198 Viennensis
3079 4142 3555 4217 archiepiscopus
3579 4151 3782 4204 nostro

2123 4233 2180 4285 et
2207 4219 2436 4283 concilii
2466 4227 2622 4300 quod
2673 4227 2954 4302 largiente
2991 4231 3238 4288 Domino
3285 4232 3587 4304 placentiae
3635 4235 3783 4292 cele-

2123 4317 2356 4373 bratum
2387 4320 2477 4373 est
2493 4315 2718 4388 judicio
2748 4317 2986 4376 obedire
3010 4321 3382 4394 contempsit,
3415 4326 3481 4377 ut
3509 4322 3785 4381 videlicet

2126 4404 2662 4478 Grationopolitano
2694 4407 2966 4478 episcopo
3016 4407 3542 4470 Salmoriacensem
3583 4413 3782 4470 archiq

2125 4493 2458 4550 diaconiam
2489 4495 2841 4561 restitueret,
2872 4494 3024 4552 sicut
3049 4497 3120 4553 de
3141 4512 3208 4554 ea
3233 4497 3426 4554 fuerat
3448 4499 3782 4572 investitus,

367 4580 455 4638 vel
487 4582 733 4637 fratrum
786 4595 922 4652 pars
953 4577 1175 4634 consilii
1229 4578 1502 4648 sanioris,
1551 4585 1876 4642 secundum
1917 4587 2020 4644 Dei
2050 4593 2096 4658 ι)
2127 4599 2234 4638 nos
2266 4581 2430 4637 vobis
2459 4581 2836 4654 prasentium
2868 4582 3194 4641 litterarum
3219 4587 3568 4646 auctoritate
3589 4590 3785 4663 prisci-

368 4670 641 4726 timorem
673 4666 1223 4738 institutionemque
1269 4669 1609 4728 canonicam
1661 4674 2023 4745 providerint
2133 4671 2330 4744 pimus
2361 4674 2446 4737 ut,
2477 4671 2744 4742 ejusdem
2776 4672 3126 4730 Viennensis
3174 4675 3604 4751 archiepiscopi
3646 4679 3782 4739 sub-

365 4759 724 4833 eligendum.
758 4755 1088 4812 Statuimus
1135 4756 1313 4812 etiam
1356 4775 1428 4814 ne
1459 4759 1550 4815 cui
1581 4761 1856 4832 fratrum,
1889 4770 2026 4838 post
2125 4759 2383 4832 jectione
2414 4758 2748 4830 posthabita
2777 4777 2953 4832 quam
2985 4779 3022 4817 a
3042 4763 3208 4820 vobis
3237 4764 3470 4822 videtur
3499 4767 3784 4830 violenter

367 4847 789 4920 professionem
821 4842 1162 4912 exhibitam,
1201 4844 1372 4904 liceat
1429 4863 1497 4905 ex
1534 4851 1738 4908 eodem
1770 4851 2024 4912 claustro
2134 4847 2380 4920 exigere,
2421 4845 2960 4921 Gratianopolitano
3007 4851 3285 4924 deinceps
3319 4857 3608 4926 tanquam
3661 4873 3786 4931 pro-

367 4937 495 4992 sine
525 4931 820 5006 praepositi
839 4947 943 4988 seu
957 4934 1425 5007 congregationis
1447 4939 1831 5010 permissione
1845 4942 2028 4999 disce-

367 5025 532 5080 dere:
564 5020 960 5076 discedentem
991 5038 1124 5077 vero
1152 5023 1350 5080 nullus
1372 5026 1651 5084 abbatum
1679 5029 1766 5084 vel
1798 5031 2020 5103 episco-

369 5125 602 5185 porum,
635 5109 834 5165 nullus
866 5111 1284 5170 monachorum
1319 5131 1420 5171 seu
1455 5118 1866 5174 canonicorum
1890 5119 2018 5176 sine

367 5197 771 5257 communium
801 5199 1071 5256 cautione
1099 5199 1425 5260 litterarum
1457 5206 1765 5279 suscipiat.
1799 5207 2014 5264 Conse-

367 5287 660 5345 crationes
687 5286 1086 5359 ecclesiarum,
1133 5292 1528 5350 ordinationes
1566 5293 1912 5352 clericorum
1942 5297 2014 5352 ab

2133 4935 2260 5009 prio
2290 4935 2562 5008 episcopo
2592 4935 2901 5004 obediatis,
2939 4938 3125 4996 donec
3167 4941 3436 5014 utrisque
3481 4946 3786 5016 praesenti-

2133 5027 2243 5080 bus
2275 5025 2426 5080 idem
2459 5024 2757 5097 negotium
2789 5027 2848 5081 in
2881 5032 3080 5084 nostra
3125 5028 3214 5086 vel
3254 5029 3432 5104 legati
3463 5035 3654 5090 nostri
3687 5053 3784 5090 au-

2131 5112 2354 5169 dientia
2383 5113 2662 5170 canonico
2699 5114 2925 5185 judicio
2973 5117 3306 5175 deﬁniatur.
3339 5118 3401 5176 Si
3439 5137 3582 5180 vero
3611 5124 3783 5182 etiam

2123 5217 2283 5258 nunc
2314 5201 2664 5258 Viennensis
2695 5203 3170 5279 archiepiscopus
3200 5225 3413 5284 usque.
3429 5211 3504 5268 ad
3550 5213 3783 5270 canoni-

2127 5307 2262 5346 cum
2311 5289 2600 5356 judicium
2651 5307 2829 5366 super
2885 5293 3255 5354 investitione
3305 5297 3416 5355 hac
3457 5299 3781 5372 inquietare

367 5378 643 5451 episcopo
664 5377 721 5432 in
745 5377 1159 5449 cujusdicecesi
1180 5381 1696 5455 estis,accipietis;
1723 5383 2016 5456 siquidem
2125 5377 2592 5453 praesumpserit,
2626 5397 2734 5437 nos
2765 5381 2961 5454 ipsum
3017 5383 3254 5444 interim
3307 5387 3382 5444 ab
3431 5387 3596 5448 illius
3652 5390 3781 5448 obe-

367 5465 690 5525 catholicus
721 5465 913 5536 fuerit,
945 5469 1078 5526 etsi
1127 5472 1378 5544 gratiam
1426 5474 1485 5526 et
1541 5472 2016 5530 communionem

365 5553 696 5630 apostolica:
735 5556 890 5614 sedis
930 5556 1223 5628 habuerit,
1257 5564 1315 5616 et
1343 5559 1393 5616 si
1443 5575 1542 5615 eas
1574 5561 1758 5633 gratis
1783 5560 2018 5636 impeno

363 5645 500 5714 dare
529 5657 599 5704 ac
629 5641 755 5707 sine
775 5646 1055 5724 pravitate
1081 5646 1332 5713 voluerit
1365 5663 1378 5710 :
1413 5645 1674 5730 alioquin
1705 5667 1739 5712 α
1771 5666 2010 5735 quoque

2132 5467 2352 5525 dientia
2383 5467 2808 5526 subtrahimus.

2197 5556 2344 5615 Data
2357 5556 2682 5617 Mediolano
2713 5557 2961 5635 septimo
2983 5559 3112 5622 Kal.
3137 5561 3320 5624 Junii.
