3928 6208
146 361 255 424 12!

873 500 1079 561 CXLV.

246 586 462 642 Urbani
486 589 543 643 II
564 590 924 663 privilegium
948 610 1055 665 pro
1082 595 1317 653 Ecclesia
1354 600 1704 657 Vesontiensi.

795 682 962 738 Anno
994 683 1152 740 1095.

216 765 468 832 [ῡσιειοιη
504 765 643 823 Hist.
677 767 769 824 des
800 769 1126 843 qucumais,
1184 778 1328 831 tom.
1363 775 1432 843 II,
1465 794 1522 851 p.
1555 779 1708 850 585.]
1780 838 1789 855 ,

140 866 145 875 ’
214 868 497 928 Uiuimus
533 873 865 948 episcopus,
898 893 1103 935 servus
1133 896 1433 939 servorum
1467 883 1805 954 Dei,dilecto

144 956 263 1014 filio
292 959 545 1026 Hueom,
578 963 761 1035 tertio,
781 970 995 1022 sanctas
1024 967 1506 1029 Vesontioneusis
1535 974 1803 1031 Ecclesia;

148 1044 610 1123 archiepiscopo,
629 1050 875 1127 ejusque
901 1058 1363 1128 successoribus,
1377 1062 1649 1120 canonice
1666 1066 1803 1120 sub-

148 1135 454 1193 stituendis
486 1138 552 1194 in
581 1146 948 1213 perpetuum.

208 1223 575 1283 Potestatem
612 1228 831 1302 ligandi
865 1236 1039 1305 atque
1071 1235 1330 1293 solvendi
1362 1238 1419 1294 in
1448 1239 1608 1297 cmlis
1658 1247 1713 1298 et
1743 1242 1801 1298 in

143 1316 307 1381 terra,
339 1315 519 1371 beato
553 1316 725 1373 Petro
755 1320 1001 1393 ejusque
1058 1327 1517 1395 successoribus,
1571 1334 1805 1387 auctore

130 1401 271 1467 Deo,
300 1401 722 1477 principaliter
777 1409 1075 1476 traditam,
1134 1414 1391 1472 Ecclesia
1436 1418 1629 1473 verbis
1689 1419 1804 1476 illis

143 1490 437 1563 agnoscit:
465 1493 820 1568 Quaecunque
860 1498 1118 1570 ligaveris
1173 1518 1337 1575 super
1366 1508 1590 1572 terram,
1643 1517 1804 1565 erant

142 1578 301 1649 ligata
328 1584 381 1636 et
409 1582 473 1636 in
497 1584 659 1649 caelo,
692 1588 742 1639 et
773 1603 1112 1660 quwcunque
1139 1593 1364 1648 solveris
1394 1610 1556 1665 super
1579 1603 1800 1663 terram,

138 1675 290 1725 erunt
315 1670 506 1727 soluta
536 1674 596 1728 et
639 1674 698 1728 in
748 1675 927 1743 cwlia;
980 1676 1209 1750 ipsique
1242 1681 1488 1738 firmitas
1518 1687 1573 1739 et
1603 1684 1801 1741 aliena:

140 1755 263 1812 ﬁdei
295 1759 683 1816 confirmatio
713 1763 916 1819 eodem
941 1771 1175 1822 auctore
1199 1768 1314 1824 Deo
1335 1777 1801 1841 praestatur,cum

1326 367 1731 439 EPISTOLIE
1773 368 1874 441 ΕΤ
1912 371 2357 445 PRIVILEGIA
2374 429 2389 444 .

3441 411 3559 474 ιρι

1830 517 1884 580 Α
1916 512 2134 613 nullius
2158 532 2418 587 unquam
2442 519 2647 577 faciem
2672 523 2874 584 contra
2889 531 3193 593 veritatem
3215 544 3555 619 respiciens,

1915 600 2136 658 nullius
2189 621 2453 677 unquam
2515 608 2722 668 faciem
2782 632 2886 687 pro
2939 621 3181 679 veritate
3223 600 3557 702 loquentem

1913 707 2204 762 premens,
2242 692 2654 756 misericordiae
2685 702 2895 775 opibus
2915 707 3087 778 juxta
3114 692 3386 776 virtutem
3417 724 3556 779 sub-

1914 779 2142 835 stantia:
2166 780 2463 853 insistens,
2486 791 2546 841 et
2575 792 2769 848 tamen
2796 811 2975 868 super
2995 798 3267 862 virtutem
3290 807 3561 869 insistere

1915 867 2178 940 cupiens,
2211 869 2460 929 inlirmis
2488 867 2888 952 compatiens,
2913 885 3390 953 benevaleutibus
3421 867 3560 956 con;

1913 957 2197 1061 gaud‘ens,
2230 959 2301 1059 de
2332 959 2540 1061 alienis
2598 969 2831 1039 gaudiis
2863 976 3143 1047 tanquam
3177 982 3250 1039 de
3306 988 3559 1061 propriis

1913 1045 2235 1115 exsultans,
2268 1048 2328 1103 in
2359 1051 2719 1125 corrigendis
2743 1060 2898 1117 vitiis
2928 1045 3190 1140 sieviens,
3212 1070 3270 1128 in
3296 1045 3560 1135 fovendis

1904 1133 2232 1191 virtutibus
2291 1139 2624 1199 auditorum
2684 1148 2913 1206 animos
2961 1133 3322 1230 demulcens,
3354 1164 3414 1221 in
3473 1167 3562 1224 ira

1904 1223 2197 1294 judicium
2229 1226 2354 1282 sine
2411 1228 2498 1284 ira
2536 1235 2760 1300 tenens,
2794 1236 2851 1293 in
2910 1223 3321 1317 tranq‘uilitate'
3360 1258 3555 1311 autem

1914 1312 2241 1370 severitatis
2263 1315 2441 1387 justaa
2469 1335 2774 1381 censuram
2809 1344 2921 1383 non
2955 1312 3248 1394 deserens.
3290 1339 3421 1399 Haec
3446 1349 3555 1415 est,

1914 1399 2091 1456 frater
2120 1400 2483 1472 charissima,
2517 1409 2673 1479 pallii
2709 1417 2926 1488 accepti
2986 1421 3261 1494 dignitas,
3294 1399 3555 1501 quam

1913 1488 2159 1545 sollicite
2183 1496 2521 1567 servaveris,
2555 1503 2707 1570 quod
2736 1503 2875 1559 foris
2898 1488 3188 1582 accepisse
3207 1488 3554 1589 ostenderis,

1912 1575 2072 1633 intus
2094 1577 2355 1636 habebis.
2383 1583 2824 1647 Fraternitatem
2849 1598 3009 1652 tuam
3027 1575 3283 1672 superna
3297 1575 3575 1679 dignatio

1912 1683 2015 1738 per
2041 1670 2307 1740 tempora
2340 1670 2514 1745 leuga
2544 1685 2841 1735 conservet
2872 1670 3224 1746 incolumen.

1989 1761 2129 1811 Data
2157 1759 2310 1830 apud
2346 1760 2589 1849 Ostiam,
2627 1783 2726 1838 per
2777 1787 3015 1829 manum
3047 1775 3311 1849 Joannis,
3346 1788 3558 1843 sancta

134 1845 206 1900 ‘ad
229 1844 398 1902 illum
431 1848 703 1905 dicitur:
736 1852 939 1922 Rogavi
960 1870 1061 1926 pro
1094 1864 1144 1911 te
1172 1864 1232 1912 ut
1262 1873 1371 1913 non
1399 1860 1613 1931 deﬁciat
1658 1864 1797 1933 ﬁdes
1831 1876 1879 1942 Β
1912 1844 2184 1945 βοξξῖεξξῖθθ
2224 1848 2493 1905 Eccum“
2550 1858 2886 1945 (ξπίίίτηίιίθν
2947 1864 3152 1934 Ψλίηίο
3209 1844 3331 1925 Kai'
3392 1870 3556 1944 Julii,

140 1937 265 1995 tua;
312 1942 372 1991 tu
428 1945 632 1993 autem
700 1955 989 1997 conversus
1052 1945 1314 2015 conﬁrma
1392 1949 1593 2018 fratres
1658 1955 1793 2009 tuos.

132 2021 363 2095 Oportet
384 2040 531 2099 ergo
576 2043 702 2093 nos,
736 2029 857 2101 qui,
892 2030 1027 2087 licet
1058 2032 1302 2106 indigni,
1335 2035 1483 2092 Petri
1544 2038 1797 2096 residere

138 2111 396 2169 videmur
424 2116 487 2170 in
520 2115 683 2184 loco,
715 2135 894 2190 prava
930 2120 1236 2195 corrigere,
1271 2129 1428 2181 certa
1453 2126 1708 2196 firmare,
1741 2134 1798 2186 et

136 2200 192 2257 in
221 2204 375 2258 omni
399 2203 775 2273 Ecclesia,ad
798 2208 1009 2265 interni
1033 2212 1339 2268 arbitrium
1356 2216 1578 2285 judicis
1603 2218 1797 2290 dispo-

140 2292 317 2347 nendo
349 2292 434 2349 sic
475 2292 823 2367 disponere,
858 2303 922 2352 ut
974 2300 1043 2355 de
1100 2300 1261 2356 vultu
1323 2303 1452 2374 ejus
1500 2306 1793 2376 judicium

140 2373 393 2437 nostrum
425 2382 710 2455 prodeat,
741 2389 799 2440 et
823 2386 974 2442 oeuli
1006 2388 1241 2445 videant
1269 2373 1624 2464 equitatem.
1653 2396 1797 2453 Tuis

140 2470 406 2542 ergo,ﬁlii
418 2470 481 2526 in
515 2470 609 2527 (3h
620 2471 761 2529 risto
784 2474 1131 2533 charissima
1154 2478 1343 2552 Hugo,
1363 2481 1546 2552 justis
1567 2484 1795 2556 petitio-

143 2557 306 2614 nibus
335 2563 701 2629 annuentes,
737 2567 999 2620 sanetam
1033 2565 1402 2624 Bisuntinam
1452 2571 1792 2642 Ecclesium,

146 2646 228 2700 cui
256 2647 370 2703 Deo
388 2653 638 2705 auctore
655 2652 822 2722 praei
831 2653 965 2709 dere
995 2659 1052 2710 et
1081 2656 1412 2728 apostolicae
1426 2660 1582 2716 sedis
1603 2668 1797 2719 aucto-

148 2733 303 2793 ritate
330 2737 581 2804 videris,
606 2740 925 2797 statuimus
951 2760 963 2810 ;
998 2759 1380 2818 quascunque
1406 2749 1599 2818 urbes,
1624 2767 1797 2824 quas-

147 2840 362 2897 cunque
378 2826 875 2901 parochias,quas
887 2830 1259 2889 decessorum
1277 2839 1513 2892 tuorum
1534 2842 1796 2913 tempore

146 2914 381 2983 praefatis
418 2915 758 2989 metr0poli,
793 2919 1121 2991 apostolicae
1153 2922 1310 2979 sedis
1340 2928 1639 2985 concessio
1662 2931 1796 2986 sub-

144 3000 302 3070 didit,
331 3008 629 3078 perpetuo
647 3006 913 3063 subditas
932 3025 1294 3080 permanere.
1322 3014 1601 3073 Abbatias
1620 3019 1796 3076 etiam

142 3087 285 3147 intra
310 3093 547 3160 urbem,
587 3109 735 3166 quas
766 3095 1095 3155 Busuntina
1126 3099 1379 3158 Ecclesia
1408 3105 1647 3178 antiquo
1660 3108 1795 3179 jure

1908 1934 2223 1992 indictione
2254 1954 2337 2007 ιιι,
2372 1955 2524 1996 anno
2556 1942 2868 2003 Dominicm
2927 1950 3347 2016 lncarnationis
3397 1934 3554 2034 1096,

1907 2022 2281 2094 pontiﬁcatus
2312 2033 2505 2084 autem
2537 2032 2735 2089 domui
2772 2036 2984 2095 Urbani
3018 2042 3064 2098 Il
3096 2062 3259 2120 papae
3290 2066 3411 2107 vm.

2614 2141 2844 2201 CXLVI.

1980 2221 2185 2277 Urbani
2236 2224 2287 2277 ll
2313 2227 2538 2295 epistola
2567 2229 2650 2312 ad.
2678 2232 3026 2293 Lambertum
3081 2244 3485 2305 Atrebalensem

2559 2315 2889 2374 episcopum.

2526 2388 2713 2457 (Anno
2747 2393 2927 2467 1095.)

2332 2473 2562 2562 [Manen
2598 2476 2803 2535 Concil.
2827 2482 2939 2552 XX,
2973 2487 3125 2562 694.]

1896 2588 1905 2591 -
1977 2556 2253 2615 Unamus
2282 2561 2611 2636 episcopus,
2644 2583 2846 2627 servus
2876 2556 3175 2633 servorum
3207 2576 3553 2649 Dei,dileete

1906 2646 2068 2702 fratri
2104 2654 2433 2715 LAMBER'I‘O,
2462 2653 2825 2714 Atrebatensi
2855 2662 3147 2737 episcdpo,
3208 2646 3456 2728 salutem
3496 2680 3555 2730 et

1906 2735 2284 2807 apostolicam
2316 2739 2802 2802 benedictionem.

1977 2824 2211 2882 Noverit
2239 2826 2471 2885 dilectio
2499 2833 2601 2887 tua
2660 2850 2767 2890 nos
2797 2836 2855 2891 in
2902 2840 3165 2910 proximo
3219 2844 3549 2919 Novembri,

1905 2913 1965 2968 in
1998 2916 2218 2971 octavio
2247 2915 2514 2974 videlicet
2538 2920 2596 2976 S.
2650 2922 2908 2993 Martini,
2956 2913 3552 3001 apud'Clarummon;

1903 3004 2045 3071 tem,
2094 3008 2391 3062 annuente
2421 3008 3022 3086 Domino,'synodale
3079 3020 3394 3081 concilium
3431 3031 3549 3083 sta-

1904 3090 2110 3160 tuisse,
2143 3093 2215 3147 ad
2247 3095 2403 3165 quod
2434 3100 2596 3153 tuam
2636 3101 3061 3171 providentiam
3094 3108 3432 3180 invitamus,
3464 3122 3547 3186 ut,

141 3180 463 3249 possedisse
480 3181 844 3255 agnoscitur,
865 3184 923 3240 in
948 3187 1149 3244 eadem
1172 3207 1403 3263 semper
1417 3196 1792 3255 concedimus

1957 3180 2064 3235 nni
2094 3181 2400 3238 occasione
2429 3185 2704 3257 seposita,
2739 3195 2956 3248 statuto
2988 3194 3045 3249 in
3091 3201 3372 3271 tempore,
3404 3180 3549 3274 prae;

1139 3243 1144 3244 γ
1181 3243 1293 3246 vi,"
1346 3243 1392 3247 '_
1422 3243 1792 3255 _'_______..“w
2494 3243 2514 3257 ι
2692 3243 2704 3255 ι
2749 3243 2951 3248 "““‘"
2990 3243 3045 3249 ’⁵-
3096 3243 3372 3271 ⁷ν⁶⁵⁴ε¹ν⁶νὶ
3404 3243 3548 3274 τ¹⁸νυ“

140 3243 852 3344 ᾖοεεεεεὶοιιθῇθιιὶηειιθλ
889 3274 949 3330 In
981 3275 1073 3330 his
1109 3243 1464 3353 autemrquae
1494 3287 1656 3340 extra
1693 3304 1789 3341 ur-
1822 3243 1864 3311 Ε
1904 3267 2059 3323 dicto
2090 3271 2149 3362 in
2181 3267 2327 3337 Ῐοθον
2360 3288 2477 3328 non
2508 3275 2738 3332 omittat
2767 3294 3088 3337 οθουιτθνθ·
3134 3284 3375 3344 Νονθτίε
3400 3304 3548 3362 PN"

135 3353 261 3412 hem
293 3362 433 3415 sunt
461 3360 599 3416 sitas
626 3378 640 3427 ;
671 3359 936 3418 videlicet
967 3363 1281 3435 Balmensi,
1304 3368 1487 3426 Castri
1514 3372 1786 3442 Canonis,

137 3443 439 3517 Laonensi,
471 3448 611 3505 Alte
644 3449 925 3520 Petrensi,
958 3452 1286 3522 Cusatensi,
1345 3458 1785 3531 Valleclusensi,

136 3530 441 3604 Palmensi,
505 3537 881 3607 Luxoviensi,
959 3541 1246 3611 Lutrensi,
1323 3546 1783 3621 Faverniacensi,

133 3620 317 3679 Sancti
348 3624 669 3694 Urcissini,
702 3627 759 3683 id
810 3629 966 3699 juris
1005 3637 1107 3687 tua
1162 3634 1495 3694 fraternitas
1551 3638 1783 3708 habeat,

133 3712 275 3780 quod
297 3713 767 3785 praedecessores
783 3720 915 3773 tuos
937 3724 1184 3789 constat,
1218 3725 1603 3795 permissione
1628 3729 1783 3787 sedis

132 3801 451 3870 apostolicae
463 3801 772 3860 habuisse.
795 3806 877 3861 Ad
905 3805 1024 3863 haec
1048 3825 1430 3885 quascunque
1459 3818 1781 3887 possessio-

132 3900 626 3964 nesque-cunque
638 3892 1310 3966 bona,praadecessorum
1325 3906 1679 3973 tuorum,vel
1692 3909 1779 3963 tui

128 3970 305 4045 ipsius
326 3979 646 4048 industria,
682 3987 893 4038 sanctae
921 3984 1238 4043 Bisuntinaa
1271 3989 1536 4048 Ecclesiae
1556 3970 1781 4068 jugiter

131 4078 190 4117 ac
216 4063 482 4135 legaliter
501 4069 835 4142 acquisivit,
867 4071 956 4129 vel
990 4075 1048 4130 in
1072 4063 1778 4156 futurumJargienteDo-

129 4152 524 4228 mino,peterit
544 4158 636 4214 adi
645 4159 988 4231 pisci,firma
1008 4181 1240 4239 semper
1260 4152 1480 4227 habere
1485 4172 1778 4233 etillibata

128 4244 440 4301 sancimus.
477 4246 761 4305 Praeterea
790 4250 1056 4322 pallium,
1088 4253 1269 4312 totius
1296 4257 1567 4316 videlicet
1586 4266 1775 4334 ponti-

128 4327 303 4388 ﬁcalis
326 4332 637 4408 dignitatis
668 4336 1119 4412 plenitudinem,
1176 4343 1283 4399 tibi
1314 4362 1383 4402 ex
1440 4327 1771 4421 apostolicae

128 4418 273 4511 aedis
301 4420 668 4496 benignitate
717 4444 783 4482 ac
812 4429 1020 4501 gratia,
1078 4418 1495 4507 indulgemus;
1526 4456 1640 4511 quo
1670 4446 1773 4500 tua

128 4502 473 4579 fraternitas,
502 4512 654 4600 intra
682 4516 988 4574 ecclesiam
1019 4523 1182 4576 tuam
1215 4502 1298 4578 uti
1330 4525 1402 4580 ad
1451 4527 1766 4588 missarum

1897 3360 2055 3412 terea
2084 3357 2562 3417 Cameracensem
2585 3364 2922 3439 episc0pum
2948 3369 3150 3427 missis
3168 3374 3242 3429 ad
3273 3392 3381 3433 nos
3401 3357 3549 3436 litte-

1898 3444 1979 3500 ris
2008 3462 2075 3501 ac
2107 3447 2330 3503 nuntiis
2362 3465 2464 3520 pro
2492 3451 2858 3512 Atrebatensi
2894 3458 3150 3517 Ecclesia
3169 3463 3547 3525 vehementer

1894 3534 2608 3608 interpellasse,dieentem
2638 3557 2701 3597 se
2731 3548 2787 3598 et
2807 3544 3127 3605 Ecclesium
3149 3567 3319 3608 suam
3340 3554 3548 3613 Roma-

1895 3622 1986 3679 nis
2021 3622 2337 3697 privilegiis
2393 3642 2523 3682 esse
2576 3630 2862 3688 munitam
2893 3652 2906 3702 ;
2940 3637 3091 3693 unde
3148 3646 3376 3713 Oportet
3404 3661 3541 3717 prm-

1893 3712 2150 3767 dentiam
2190 3718 2351 3769 tuam
2385 3715 2457 3771 ad
2491 3714 2671 3788 hujus
2703 3722 2920 3793 negotii
2966 3712 3540 3807 responsionem-pa-

1892 3806 2076 3857 ratam
2101 3818 2235 3858 cum
2258 3804 2380 3859 tuis
2410 3804 2636 3863 clericis
2666 3811 2990 3870 convenire.

1961 3891 2104 3946 Data
2135 3893 2290 3964 apud
2321 3894 2591 3950 Anicium
2627 3915 2760 3954 xvm
2793 3900 2915 3957 Kal.
2946 3905 3194 3978 Augusti
3225 3910 3359 3982 (37).

2585 4003 2845 4062 CXLVII.

1890 4087 2097 4144 Urbani
2125 4089 2175 4144 11
2194 4106 2354 4165 papa:
2394 4093 2753 4163 privilegium
2779 4112 2879 4165 pro
2935 4105 3264 4160 monasterio
3320 4096 3536 4165 mon-ia.

1954 4174 1965 4185 ·
2312 4163 2450 4218 lium
2477 4168 2537 4219 S.
2563 4166 2714 4220 Petri
2733 4163 3104 4229 Blazih’ensis.

2505 4254 2692 4323 (Anno
2727 4257 2910 4329 1095.)

1884 4336 2286 4408 [COQUELINES,
2317 4341 3077 4489 Bullar..{[2ri;i618eq.summ.
3104 4358 3257 4423 poni.
3291 4356 3530 4427 ϐοηθοίη

1949 4515 2226 4572 ΗΒΒΑΝυε
2255 4518 2587 4592 episcOpus,
2620 4538 2821 4579 servus
2852 4542 3151 4585 servorum
3182 4531 3531 4602 Dei,dilecta

126 4595 400 4655 solemnia
433 4595 783 4661 celebranda
842 4608 1199 4678 meminerit,
1235 4610 1349 4668 mis
1399 4614 1769 4677 solummodo
1802 4599 1847 4663 D
1878 4603 1937 4658 in
1972 4604 2203 4661 Christo
2235 4606 2367 4661 filiae
2394 4608 3075 4682 FLonaNTw,abbatisste
3107 4595 3525 4679 monasteriis.

125 4680 343 4774 diebus,
375 4705 532 4762 quos
590 4695 1115 4764 praedecessoribus
1142 4698 1263 4755 tuis
1318 4704 1769 4774 apostolicorum

125 4770 553 4848 privilegiorum
586 4782 931 4841 auctoritate
961 4800 1324 4844 concessum.
1349 4770 1594 4849 Crucem
1624 4811 1766 4868 quo-

123 4872 231 4953 que
254 4869 388 4921 ante
446 4866 656 4924 faciem
711 4874 875 4927 tuam
928 4875 1254 4932 secundum
1288 4880 1592 4953 antiquam
1640 4866 1766 4942 tua:

124 4947 367 5007 ecclesiae
399 4958 882 5015 consuetudinem
916 4961 1297 5033 bajulaudam
1328 4947 1451 5023 tua;
1471 4970 1764 5031 dilectioni

121 5040 516 5098 concedimus.
551 5044 717 5101 Pallii
761 5065 893 5105 vero
924 5051 1184 5123 genium,
1241 5059 1297 5111 te
1344 5057 1614 5117 volumus
1663 5082 1766 5136 per

122 5127 311 5183 omnia
338 5129 660 5201 vindicare,
719 5135 1015 5210 hujusque
1066 5140 1399 5200 indumenti
1458 5127 1758 5225 honorem,

120 5207 510 5306 humilitatem
542 5224 716 5294 atque
758 5207 1075 5296 justitiam.
1136 5231 1284 5288 Tota
1330 5233 1514 5306 igitur
1567 5207 1762 5298 mente

124 5296 451 5400 fraternitas
477 5313 576 5364 tua
604 5310 852 5384 festinet,
907 5334 971 5374 se
1026 5318 1297 5378 exhibere
1344 5296 1404 5380 in
1463 5296 1761 5400 prosperis

1884 4692 2032 4749 Petri
2061 4694 2132 4749 de
2163 4694 2397 4752 Blasilia
2424 4698 2544 4769 [al.,
2569 4701 2639 4755 de
2660 4699 2877 4776 Blell‘e],
2911 4709 2968 4759 et
2996 4706 3080 4761 eis
3101 4723 3228 4780 quae
3251 4710 3308 4764 in
3339 4711 3526 4784 ipsius

1879 4780 1989 4837 loci
2021 4782 2306 4856 regimine
2362 4790 2769 4860 successerint,
2826 4793 3189 4865 regulariter,
3236 4798 3293 4854 in
3321 4804 3524 4873 perpeé

1874 4873 2066 4925 tuum.

1943 4960 2029 5015 Ad
2061 4960 2181 5017 haec
2212 4978 2317 5018 nos
2348 4963 2693 5036 disponente
2722 4968 2969 5026 Domino
2990 4971 3048 5028 in
3079 4977 3411 5048 apostolicae
3432 4997 3523 5037 se-

1873 5048 1964 5103 dis
1997 5050 2297 5107 servitium
2331 5060 2630 5125 promotos
2675 5060 3074 5135 agnoscimus,
3108 5069 3172 5121 ut
3224 5067 3353 5138 ejus
3383 5068 3522 5128 filiis

1872 5136 2155 5194 auxilium
2188 5140 2640 5213 implorantibus
2671 5148 2983 5206 efficaciter
3020 5136 3350 5227 subvenire,
3382 5163 3439 5215 et
3467 5160 3520 5216 ei

1870 5225 2207 5284 obedientes
2237 5229 2389 5286 tueri
2419 5249 2486 5287 ac
2516 5237 2839 5309 protegere,
2879 5244 3051 5311 prout
3083 5225 3364 5303 Dominus
3418 5248 3516 5306 de-

1870 5313 2037 5381 derit,
2071 5316 2409 5377 debeamus.
2453 5320 2616 5378 Unde
2672 5329 2900 5397 oportet
2928 5346 3035 5387 nos
3086 5332 3516 5393 venerabilibus

126 5384 427 5467 humilem,
462 5399 523 5452 et
548 5396 610 5452 in
640 5400 892 5461 adversis
924 5405 974 5463 si
1004 5410 1241 5480 quando
1271 5384 1625 5471 emerserint
1648 5417 1759 5474 for-

1959 5402 2010 5459 is
2042 5421 2284 5462 manum
2340 5411 2717 5481 protectionis
2745 5417 3074 5489 extendere,
3107 5426 3164 5477 et
3214 5439 3514 5482 servorum

122 5477 257 5548 tem,
284 5498 420 5545 cum
441 5484 678 5557 justitia
724 5490 856 5549 boni
886 5477 1075 5553 αωίάα
1103 5488 1392 5572 perversis
1424 5505 1753 5580 contraria;
1866 5494 2040 5568 atque
2070 5477 2414 5556 ancillarum
2436 5498 2536 5558 Dei
2570 5501 2751 5577 quieti
2773 5477 3402 5584 attentius'providere.

184 5620 297 5702 (37)
328 5624 466 5703 Leg.
498 5641 638 5686 xvm
666 5631 783 5694 Kal.
812 5635 958 5719 Sept.
