3928 6208
411 333 531 392 423
1724 321 1792 387 Β.
1842 327 2037 388 URBA

2188 327 2234 387 ll
2282 327 2529 388 ΡΑΡίΕ.
3683 335 3779 392 421

481 465 619 519 'l‘uis
650 463 850 534 igitur,
885 460 1094 517 dilecta
1117 461 1236 517 tilia
1265 461 1322 517 in
1355 463 1581 517 Christo
1608 461 2062 532 I"lo:-cutia,1‘ire-
2099 467 2148 526 Α
2185 465 2251 513 εἰ.)
2286 463 2538 514 claustro
2571 461 2868 514 discedere
2901 460 3090 530 liceat,
3149 461 3562 532 interdicimus,
3609 471 3657 518 ct
3683 471 3776 522 tam

413 553 580 608 cibus
612 554 960 618 annuentes,
997 556 1056 605 Β.
1087 551 1235 606 Petri
1269 552 1340 606 de
1371 549 1613 606 Blazilia
1643 549 2064 605 monasterium
2175 567 2276 605 vos
2309 566 2487 621 quam
2509 554 2699 604 vestra
2723 550 2922 605 omnia
2943 549 3100 606 sedis
3121 550 3448 624 apostolica:
3466 553 3777 622 protectione

413 641 472 697 in
503 640 850 698 Arvernensi
881 642 1160 695 comitatu
1194 640 1395 707 situm,
1422 639 1512 694 cui
1538 639 1652 694 Deo
1677 643 1908 694 auctore
1932 655 2070 707 prie-
2178 639 2499 693 munimus.
2534 638 2713 693 Vobis
2745 639 2961 710 itaque,
2984 640 3307 712 vestrisque
3337 641 3713 696 succesoribus
3732 641 3775 697 in

413 730 592 797 sides,
626 729 698 786 ab
730 729 1130 800 Ermengarda
1178 729 1479 784 comitissa
1536 732 1960 789 constructum,
2010 733 2068 781 et
2177 728 2378 782 eadem
2411 726 2690 799 religione
2724 729 3146 798 permansuris,
3181 745 3249 784 ea
3302 728 3495 784 omnia
3539 737 3776 801 perpetuo

412 817 688 876 Romanis
717 817 971 873 ecclesiae
1002 817 1309 881 traditum,
1342 817 1452 872 sub
1473 817 1607 887 jure
1630 820 1687 871 et
1709 815 2067 887 protectione
2176 817 2533 887 possidenda
2565 816 3018 888 sancimus,qua:
3048 815 3395 872 venerabilis
3423 817 3589 873 frater
3615 823 3776 874 uoster

411 907 570 963 sedis
601 905 929 980 apostolica:
959 905 1846 977 suscipimus,quemadmodum
1875 921 1908 958 a
1930 921 2068 975 prae-
2175 905 2447 960 Giraldus
2487 905 2857 962 Caturcensis
2915 905 3224 978 episcopus
3254 905 3329 961 ad
3385 907 3774 979 gubernationis

411 995 820 1053 decessor-ibus
867 995 1082 1050 nostris
1141 998 1370 1050 constat
1390 1011 1514 1050 esse
1565 997 1924 1064 susceptum.
1959 993 2067 1047 Per
2174 999 2375 1049 vestrae
2390 994 2598 1050 solatia
2618 994 2880 1050 noscitur
2901 994 3253 1062 contulisse;
3279 994 3574 1052 ecclesiam
3592 994 3774 1052 scilicet

406 1085 751 1156 praesentem
787 1084 982 1155 itaque
1007 1083 1290 1156 privilegii
1324 1083 1597 1154 paginam
1623 1081 1947 1154 apostolica
1969 1099 2068 1137 au-
2175 1084 2234 1137 S.
2265 1083 2483 1138 Juliani
2517 1084 2587 1138 de
2616 1083 2862 1151 Bovena,
2907 1084 3209 1139 ecclesiam
3243 1085 3301 1140 S.
3363 1083 3508 1140 Petri
3536 1084 3601 1139 de
3648 1083 3771 1139 Mor-

409 1173 671 1229 ctoritate
701 1173 1043 1237 statuimus,
1077 1177 1133 1227 et
1163 1188 1526 1245 quaecunque
1558 1172 1710 1226 idem
1735 1170 2064 1226 coenobium
2173 1172 2374 1239 trado;
2411 1171 2631 1227 reditus
2662 1171 2836 1236 villae,
2869 1189 2994 1244 qua:
3025 1173 3240 1227 dicitur
3270 1172 3564 1239 Pardinas,
3595 1173 3772 1228 medie-

406 1259 746 1330 hodiejuste
771 1259 1139 1330 possidet,vel
1165 1260 1223 1315 in
1253 1261 1688 1329 futurumjuste
1711 1264 1768 1314 et
1789 1259 2064 1315 canonice
2171 1265 2349 1315 tatem
2382 1259 2742 1315 oblationum
2771 1276 2839 1315 ex
2887 1260 3051 1316 alteri
3082 1261 3234 1316 beati
3267 1259 3559 1332 Stephani,
3591 1260 3770 1316 medie-

405 1347 810 1420 possidebit,et
844 1349 1054 1421 poterit
1086 1349 1352 1421 adipisci,
1385 1351 1443 1403 in
1477 1347 1729 1409 cellis.in
1767 1347 2058 1414 ecclesiis,
2172 1353 2348 1405 tatem
2381 1366 2591 1405 census
2642 1355 2886 1404 monetae
2944 1351 3337 1418 Caturcensis,
3390 1349 3487 1421 qui
3540 1349 3769 1420 episcopo

403 1437 465 1491 in
497 1436 670 1502 villis,
702 1443 759 1492 et
791 1438 848 1493 iu
881 1437 1105 1492 caeteris
1137 1437 1313 1493 rebus
1344 1436 1658 1492 mobilibus
1689 1437 1810 1492 sive
1844 1435 2059 1490 immo-
2170 1443 2497 1510 competere
2528 1439 2774 1504 videtur,
2808 1438 3042 1494 tertiam
3073 1443 3298 1511 partem
3323 1441 3768 1511 paratarum,quze

404 1524 751 1593 bilibus,tibi
771 1526 1006 1597 tuisque
1029 1525 1330 1581 sororibus
1347 1530 1466 1580 tam
1482 1524 1864 1597 praesentibus
1881 1541 2055 1595 quam
2167 1527 2504 1599 parochiani
2529 1526 2717 1582 solent
2747 1527 3016 1599 episc0po
3039 1527 3590 1598 comparari,czetera
3607 1526 3769 1580 omnia

405 1611 642 1681 futuris,
671 1613 1017 1685 regulariter
1037 1614 1298 1679 victuris,
1322 1614 1490 1669 firma
1513 1629 1745 1685 semper
1765 1617 1819 1668 et
1836 1612 2059 1667 illibata
2167 1633 2293 1687 qua:
2326 1615 2479 1669 idem
2512 1615 2820 1687 episc0pus
2848 1615 2934 1670 vel
2971 1617 3096 1686 jam
3128 1615 3291 1670 vobis
3324 1613 3578 1681 contulit,
3622 1613 3698 1669 vel
3722 1613 3767 1667 in

405 1708 806 1773 permaneant.
2167 1706 2432 1758 futurum
2459 1709 2548 1758 est
2577 1704 2859 1776 largiente
2894 1704 3140 1758 Domino
3173 1703 3510 1772 collaturus.
3529 1703 3600 1757 Ea
3625 1700 3767 1756 etiam

477 1789 856 1847 Decernimus
884 1806 1040 1862 ergo,
1075 1795 1138 1845 ut
1179 1791 1322 1846 nulli
1355 1792 1594 1847 omnino
1643 1791 1950 1846 hominum
1985 1790 2052 1844 li-
2085 1825 2132 1892 Β
2165 1809 2291 1865 quia
2323 1792 2458 1847 olim
2493 1794 2562 1847 ad
2594 1793 3033 1848 Calursicnsum
3067 1792 3482 1848 canonicorum
3505 1807 3660 1846 usum
3679 1789 3768 1844 col-

406 1884 552 1950 ceat,
585 1879 739 1936 idem
773 1880 1102 1935 ccenobium
1135 1884 1352 1936 temere
1401 1881 1756 1952 perturbare,
1791 1884 1892 1934 aut
1927 1881 2054 1950 ejus

404 1969 809 2040 possessiones
839 1970 1085 2038 auferre,
1119 1968 1204 2024 vel
1238 1969 1462 2025 ablatas
1496 1969 1758 2034 retinere,
1794 1969 2054 2024 minuere

403 2057 491 2112 vel
524 2057 851 2112 temerariis
881 2057 1282 2114 vexationibus
1314 2058 1590 2131 fatigare;
1622 2058 1721 2112 sed
1753 2057 1950 2112 omnia
1974 2056 2055 2111 in-

405 2149 571 2218 tegra
600 2150 1015 2202 conserventur
1044 2163 1267 2214 earum,
1318 2163 1421 2218 pro
1475 2163 1726 2217 quarum
1758 2150 2051 2201 sustenta-

402 2233 558 2289 tione
588 2238 644 2289 et
672 2235 1093 2306 gubernatione
1125 2252 1399 2291 concessa
1429 2243 1584 2305 sunt,
1611 2235 1838 2289 nisibus
1863 2235 2050 2290 omni-

402 2321 594 2378 modis
625 2323 948 2394 profutura,
984 2323 1142 2378 salvo
1190 2325 1470 2379 canonico
1519 2324 1675 2378 sedis
1724 2321 2049 2395 apostolicae

393 2411 550 2482 jure.
580 2411 664 2465 Ad
701 2411 981 2467 indicium
1005 2418 1198 2468 autem
1230 2413 1407 2484 hujus
1429 2416 1760 2485 perceptaea
1790 2412 2051 2467 Romana

398 2499 656 2558 Ecclesia
685 2500 990 2568 libertatis,
1024 2519 1126 2574 per
1149 2501 1413 2574 singulos
1434 2519 1620 2557 annos
1650 2501 1910 2572 quinque
1933 2518 2051 2554 mo-

401 2593 546 2644 neta:
576 2593 780 2645 vestrae
805 2589 1023 2646 solidos
1046 2591 1419 2646 Lateranensi
1448 2588 1662 2662 palatio
1686 2588 2046 2660 persolvetis.

399 2677 459 2733 Si
491 2677 626 2748 quis
657 2695 797 2733 sane
826 2679 884 2733 in
918 2680 1241 2734 crastinum
1289 2678 1784 2750 archiepiscopus,
1818 2678 2048 2748 episco-

399 2781 532 2837 pus,
567 2766 884 2837 imperator
915 2771 1016 2822 aut
1047 2785 1162 2834 rex,
1196 2774 1298 2823 aut
1331 2769 1621 2839 princeps,
1658 2771 1758 2821 aut
1785 2767 1921 2832 dux,
1949 2771 2049 2820 aut

399 2870 618 2919 comes,
641 2859 744 2910 aut
773 2854 1045 2922 vicomes,
1071 2856 1272 2926 judex,
1313 2860 1415 2911 aut
1438 2855 1711 2927 quaelibet
1742 2853 2045 2910 ecclesias-

399 2941 516 2999 tica
545 2941 632 2998 vel
687 2943 988 2999 saecularis
1015 2961 1284 3017 persona,
1317 2946 1509 3000 sciens
1539 2944 1717 3015 hujus
1761 2943 2043 3014 privilegii

397 3029 695 3104 paginam,
728 3036 930 3088 contra
957 3049 1086 3089 eam
1115 3034 1308 3090 venire
1341 3038 1554 3090 temere
1586 3032 1908 3098 tentaverit,
1955 3049 2045 3088 se-

396 3119 588 3175 cundo
634 3121 872 3176 tertiove
929 3123 1346 3191 commonitus,
1397 3124 1445 3179 si
1479 3140 1590 3178 non
1648 3121 2041 3177 satisfactione

2163 1882 2299 1949 lata,
2363 1882 2463 1937 sed
2499 1887 2626 1953 post
2657 1898 2857 1936 eorum
2923 1880 3293 1953 negligentiis
3357 1880 3581 1950 detrita,
3631 1878 3764 1934 etin

2164 1987 2374 2026 manus
2391 1970 2642 2025 militum
2657 1976 2929 2026 caeteroru
2941 1987 3114 2041 mque
3137 1968 3505 2024 saecularium
3526 1967 3764 2038 dissipata

2163 2063 2316 2115 sunt.
2354 2059 2730 2114 Decerniinus
2761 2074 2894 2130 ergo
2930 2064 2996 2113 ut
3048 2057 3192 2113 nulli
3225 2059 3465 2113 omnino
3504 2055 3762 2112 hominum

2162 2148 2331 2203 liccat
2360 2149 2623 2203 eamdem
2678 2147 3017 2202 canonicam
3046 2151 3261 2202 temere
3314 2145 3656 2219 perturbare,
3697 2141 3765 2198 vel

2160 2240 2287 2309 ejus
2320 2237 2721 2309 possessiones
2751 2236 3000 2300 auferre,
3034 2235 3118 2290 vel
3155 2234 3384 2290 ablatas
3415 2233 3765 2300 retinere,mi-

2161 2343 2358 2392 nuere,
2393 2325 2478 2380 vel
2534 2324 2861 2379 temerariis
2911 2323 3318 2379 vexationibus
3371 2323 3635 2396 fatigare;
3664 2319 3760 2376 .sed

2159 2415 2355 2470 omnia
2385 2416 2611 2486 integra
2669 2418 3084 2469 conserventur
3129 2428 3357 2479 eorum,
3409 2428 3508 2484 pro
3552 2425 3763 2482 quarum

2159 2503 2580 2559 sustentatione
2611 2520 2674 2557 ac
2692 2502 3114 2575 gubernatione
3136 2517 3418 2558 concessa
3437 2497 3765 2566 sunt,usibus

2158 2593 2513 2648 omnimodis
2544 2592 2866 2664 profutura.
2931 2589 3076 2646 Illud
3109 2591 3285 2646 etiam
3344 2586 3766 2663 supranominati

2156 2680 2411 2755 episcopi
2442 2681 2823 2736 constitutum
2855 2680 3157 2751 praesentis
3189 2680 3409 2736 decreti
3439 2677 3638 2753 pagina
3667 2680 3765 2732 sta-

2156 2771 2416 2836 bilimus,
2464 2774 2526 2825 ut
2584 2769 2988 2842 praepositum,
3023 2769 3142 2824 sive
3189 2768 3698 2831 archidiaconatus,
3723 2767 3766 2818 et

2155 2859 2344 2914 caeteri
2382 2857 2756 2915 ecclesiastici
2814 2858 3065 2914 honores
3125 2857 3498 2914 Caturcensis
3547 2853 3764 2912 ecclesia:

2154 2949 2361 3004 vestris
2407 2952 2859 3018 vestrorumque
2891 2961 3297 3013 successorum
3335 2944 3590 3002 consiliis
3635 2940 3763 2998 ordi-

2154 3041 2381 3091 nentur.
2415 3037 2473 3090 Si
2507 3051 2622 3107 qua
2650 3052 2782 3090 vero
2812 3035 2871 3089 in
2905 3035 3166 3089 futurum
3197 3033 3590 3090 ecclesiastica
3613 3046 3763 3087 saecu-

2154 3124 2363 3180 larisve
2381 3140 2631 3198 persona
2649 3122 2828 3194 hujus
2842 3127 3047 3178 nostra:
3065 3121 3508 3178 constitutionis
3524 3119 3761 3193 paginam

394 3223 655 3283 congrua
683 3211 1096 3279 emendaverit,
1131 3212 1434 3285 potestatis
1461 3211 1816 3282 honorisque
1847 3209 1935 3265 sui
1960 3209 2042 3266 di-
2072 3192 2114 3258 (ἶ
2154 3192 2601 3279 εοὶθιιε,”οοιηινει
2627 3192 2756 3267 eam
2788 3216 3002 3266 temere
3025 3211 3222 3266 venire
3242 3192 3568 3276 tentaverit,
3590 3192 3762 3265 secun-

392 3295 612 3368 gnit‘ate
641 3303 852 3354 careat.

462 3386 691 3458 Reliqua
711 3388 1108 3445 desiderantur.

1056 3495 1340 3552 CXLVIII.

393 3589 737 3645 Caturccnsis
784 3586 1016 3641 ecclesiae
1061 3586 1314 3640 canonici
1363 3585 1764 3655 conﬁrmantur
1817 3584 1878 3638 in
1907 3597 2036 3654 pro-

459 3663 692 3733 fessione
755 3661 886 3714 vita?
961 3658 1253 3726 regularis,
1321 3671 1485 3726 quam
1551 3672 1735 3711 recens
1803 3656 2038 3725 professi

459 3740 633 3788 erant.

1017 3800 1202 3868 (Anno
1231 3797 1416 3867 4095.)
1473 3811 1487 3824 ·

773 3889 1168 3960 [CooUELmss,
1204 3891 1344 3940 tom.
1381 3884 1449 3952 ll,
1485 3900 1542 3955 p.
1565 3886 1655 3954 84]

462 3979 738 4035 Uaemus
764 3977 1098 4050 episcopus,
1123 3990 1325 4029 servus
1357 3990 1656 4028 servorum
1681 3972 2036 4039 Dei,dilectis

387 4067 448 4124 in
479 4067 705 4124 Christo
728 4066 886 4134 ﬁliis,
921 4065 1226 4120 Gonnsa'ro
1259 4061 1456 4133 priori,
1493 4063 1738 4132 ejusque
1761 4061 2036 4118 fratribus

389 4155 448 4211 in
479 4155 821 4212 Caturcensi
844 4150 1091 4209 ecclesia
1112 4149 1453 4204 canonicam
1476 4148 1655 4204 vitam
1680 4150 2039 4222 professis,et

387 4261 590 4301 eorum
623 4239 1087 4306 successoribus,
1119 4238 1177 4293 in
1209 4237 1410 4292 eadem
1457 4237 1733 4310 religione
1763 4255 2037 4310 perman-

389 4332 566 4401 suris,
601 4332 661 4387 in
692 4334 1065 4403 perpetuum.

458 4422 569 4477 Pize
591 4419 907 4494 postulatio
918 4414 1234 4471 voluntatis
1247 4414 1452 4470 effectu
1466 4415 1634 4471 debet
1650 4420 2038 4488 prosequente

386 4510 687 4583 compleri,
722 4513 1012 4580 quatenus
1042 4509 1098 4558 et
1127 4502 1449 4558 devotionis
1495 4503 1800 4560 sinceritas
1831 4505 2036 4560 lauda-

389 4598 583 4654 biliter
611 4597 914 4661 enitescat,
948 4599 1006 4648 et
1037 4589 1256 4646 utiliter
1297 4591 1591 4663 postulata
1621 4592 1770 4649 vires
1801 4593 2032 4649 indubi-

386 4691 577 4742 tanter
606 4688 889 4742 assumat.
925 4682 1072 4746 Quia
1103 4681 1282 4753 igitur
1311 4698 1432 4749 vos,
1494 4699 1526 4737 0
1558 4680 1661 4736 filii
1695 4683 1754 4737 in
1812 4682 2035 4738 Christo

386 4775 738 4842 charissimi,
793 4787 898 4844 per
926 4769 1180 4826 divinam
1213 4770 1462 4843 gratiam
1519 4771 1779 4843 aspirati,
1844 4788 2034 4827 mores

386 4868 608 4919 vestros
639 4864 751 4918 sub
798 4859 1083 4932 regularis
1138 4859 1262 4914 vita:
1312 4859 1621 4932 disciplina
1661 4877 1942 4926 coercere,
1976 4865 2033 4915 et

387 4950 778 5006 communiter
830 4948 1148 5003 secundum
1201 4949 1294 5003 SS.
1333 4948 1564 5003 Patrum
1601 4950 2028 5004 institutionem

387 5038 772 5110 omnipotenti
803 5037 1046 5093 Domino
1092 5037 1380 5092 deservire
1437 5038 1865 5110 proposuistis;
1927 5055 2032 5093 nos

385 5127 536 5182 votis
565 5126 771 5183 vestris
793 5131 970 5198 atque
1002 5125 1378 5198 petitionibus
1401 5131 1642 5197 paterna
1671 5125 2032 5196 benignitate

386 5214 757 5288 impertimur
787 5231 1116 5270 assensum.
1149 5213 1292 5269 Vitz-e
1323 5215 1539 5287 quippe
1571 5213 1858 5269 canonica:
1883 5215 2033 5269 ordi-

386 5322 541 5372 nem,
588 5321 763 5377 quem
793 5302 1040 5376 professi
1065 5303 1228 5371 estis,
1277 5302 1582 5375 przesentis
1612 5301 1897 5374 privilegii
1927 5319 2029 5359 au-

383 5393 650 5450 ctoritate
699 5395 1041 5461 ﬁrmamus;
1073 5396 1130 5449 et
1161 5407 1232 5448 ne
1283 5391 1377 5445 cui
1427 5393 1560 5462 post
1609 5389 2029 5462 professionem

384 5481 703 5539 exhibitam
735 5483 859 5539 sine
889 5481 1101 5556 prioris
1130 5497 1237 5538 seu
1296 5477 1768 5554 congregationis
1796 5477 2030 5541 licentia

439 5605 572 5695 ‘(38)
595 5605 729 5687 Log.
763 5608 921 5674 1095.

2145 3303 2218 3357 do
2240 3301 2487 3356 terviove
2507 3301 2883 3368 commonita,
2909 3300 2956 3356 si
2979 3316 3092 3355 non
3117 3299 3516 3356 satisfactione
3537 3310 3759 3370 congrua

2144 3389 2555 3454 emendaverit,
2617 3389 2921 3461 potestatis
2952 3388 3309 3460 honorisque
3368 3389 3459 3444 sui
3512 3386 3759 3460 dignitate

2145 3482 2338 3534 careat
2363 3495 2376 3546 ;
2410 3495 2685 3550 reamque
2715 3493 2777 3533 se
2808 3477 3002 3532 divino
3024 3476 3249 3548 judicio
3285 3477 3529 3533 existere
3557 3476 3622 3530 de
3650 3488 3758 3545 per-

2144 3571 2369 3640 petrata
2398 3567 2703 3638 iniquitate
2733 3571 3074 3639 cognoscat;
3107 3569 3280 3638 atque
3328 3583 3363 3622 a
3400 3560 3763 3626 sacratissimo

2145 3673 2381 3729 corpore
2413 3673 2478 3711 ac
2502 3655 2787 3727 sanguine
2801 3654 2901 3711 Dei
2931 3660 2987 3710 et
3011 3654 3239 3709 Domini
3265 3651 3642 3727 redemptoris
3658 3665 3764 3706 nos-

2145 3744 2219 3799 tri
2245 3745 2386 3800 Jesu
2427 3744 2640 3800 Christi
2686 3743 2874 3799 aliena
2904 3743 3022 3810 ﬁat,
3056 3747 3113 3798 et
3140 3741 3200 3797 in
3241 3747 3498 3799 extremo
3534 3739 3762 3798 examine

2146 3834 2422 3888 districta
2457 3832 2666 3888 ultioni
2699 3833 3020 3902 subjaceat.
3056 3832 3298 3887 Cunctis
3357 3836 3549 3888 autem
3603 3829 3763 3884 eidem

2145 3921 2271 3978 loco
2315 3922 2482 3984 justa
2511 3921 2879 3977 servantibus
2910 3921 2984 3976 sit
3033 3938 3144 3993 pax
3181 3921 3414 3976 Domini
3446 3918 3623 3976 nostri
3648 3915 3764 3972 Jesu

2146 4010 2388 4076 Christi,
2421 4015 2714 4082 quatenus
2744 4014 2801 4065 et
2821 4009 2914 4063 hic
2939 4009 3197 4064 fructum
3219 4009 3385 4065 bonae
3407 4007 3646 4064 actionis
3666 4018 3768 4076 per-

2146 4099 2383 4172 cipiant,
2405 4104 2460 4154 et
2483 4100 2636 4170 apud
2663 4099 2995 4154 districtum
3016 4098 3278 4168 judicem
3305 4098 3544 4170 praemia
3573 4098 3766 4150 aeterna

2146 4187 2649 4260 pacisinveniant.
2683 4189 2887 4256 Amen,
2922 4204 3114 4255 amen,
3149 4204 3342 4242 amen.

2220 4319 2232 4330 .
2270 4320 2282 4331 .
2321 4319 2332 4330 .
2371 4320 2383 4330 .
2415 4277 2662 4333 Joannis
2694 4281 2907 4332 sanctae
2941 4277 3215 4331 Romanae
3244 4275 3515 4332 Ecclesiae
3565 4267 3764 4329 diaconi

2145 4364 2482 4431 cardinalis,
2515 4383 2549 4420 x
2579 4365 2705 4420 Kal.
2743 4366 2900 4436 Sept.
2937 4365 3139 4421 indict.
3173 4382 3256 4434 ιιι,
3291 4381 3444 4420 anno
3487 4359 3764 4419 Dcminicaa

2145 4453 2570 4510 Incarnationis
2619 4455 2758 4508 1096
2789 4454 2921 4526 (38),
2959 4496 2972 4508 .
3009 4496 3021 4508 .
3061 4497 3073 4508 .
3111 4497 3123 4509 .
3156 4453 3293 4509 bani
3337 4452 3571 4510 secundi
3627 4460 3764 4522 papa?

2064 4561 2111 4626 D
2143 4547 2364 4600 octavo.

2384 4740 2749 4808 Privilegium
2774 4654 2894 4812 pri:1
2897 4649 3231 4795 ignitisterio
3263 4739 3551 4795 Cassa-Dei.

2772 4847 2960 4915 (Anno
2992 4847 3172 4916 1095.)

2449 4935 2714 5005 [MABILL
2743 4935 2945 4990 Annal.
2978 4934 3199 5002 Bened.,
3233 4934 3298 5002 V,
3332 4935 3484 5003 337.]

2215 5039 2492 5095 URBANUS
2523 5041 3067 5112 episcopus,servus
3100 5057 3400 5096 servorum
3434 5038 3534 5095 Dei
3563 5030 3760 5093 dilecti!

2143 5127 2282 5182 ﬁliis
2299 5127 2508 5184 PONTIO
2522 5128 2719 5184 abbati
2735 5130 3074 5185 monasterii
3091 5126 3534 5202 quod‘Casa-Dei
3549 5123 3756 5183 dicitur,

2140 5221 2196 5272 et
2227 5215 2506 5272 universae
2556 5218 2989 5290 congregationi
3040 5218 3290 5275 salutem
3320 5222 3377 5274 et
3406 5211 3756 5290 apostolicam

2141 5304 2624 5362 benedictionem.

2209 5393 2352 5448 Cum
2384 5394 2801 5468 omnipotentis
2831 5396 2930 5453 Dei
2961 5397 3148 5470 gratia
3195 5399 3454 5453 vestrum
3486 5391 3754 5449 monaste-

2139 5483 2291 5540 rium
2323 5499 2427 5560 per
2454 5500 2560 5541 nos
2590 5483 2832 5557 visitari,
2866 5489 2924 5544 et
2955 5485 3014 5542 in
3046 5485 3262 5544 honore
3291 5500 3358 5542 ac
3389 5481 3616 5542 nomine
3638 5489 3751 5534 san-
