  <div class='ocr_page' id='page_1' title='image "/cluster/home/n/w/nwhite01/storage/ocr_20150623/151/uva.x000829795/237.png"; bbox 0 0 3928 6208; ppageno 0'>
   <div class='ocr_carea' id='block_1_1' title="bbox 371 340 488 398">
    <p class='ocr_par' dir='ltr' id='par_1_1' title="bbox 371 340 488 398">
     <span class='ocr_line' id='line_1_1' title="bbox 371 340 488 398; baseline -0.017 0"><span class='ocrx_word' id='word_1_1' title='bbox 371 340 488 398; x_wconf 73' lang='grc'><strong>427</strong></span> 
     </span>
    </p>
   </div>
   <div class='ocr_carea' id='block_1_2' title="bbox 1685 324 2478 396">
    <p class='ocr_par' dir='ltr' id='par_1_2' title="bbox 1685 324 2478 396">
     <span class='ocr_line' id='line_1_2' title="bbox 1685 324 2478 396; baseline -0.006 -2"><span class='ocrx_word' id='word_1_2' title='bbox 1685 331 1756 394; x_wconf 91' lang='grc' dir='ltr'><strong>Β.</strong></span> <span class='ocrx_word' id='word_1_3' title='bbox 1801 327 2088 396; x_wconf 81' lang='lat' dir='ltr'><strong>URBANI</strong></span> <span class='ocrx_word' id='word_1_4' title='bbox 2131 324 2185 390; x_wconf 95' lang='grc' dir='ltr'><strong>ῙΙ</strong></span> <span class='ocrx_word' id='word_1_5' title='bbox 2227 324 2478 391; x_wconf 76' lang='grc' dir='ltr'><strong>ΡΑΡᾹΞ.</strong></span> 
     </span>
    </p>
   </div>
   <div class='ocr_carea' id='block_1_3' title="bbox 3643 321 3750 390">
    <p class='ocr_par' dir='ltr' id='par_1_3' title="bbox 3643 321 3750 390">
     <span class='ocr_line' id='line_1_3' title="bbox 3643 321 3750 390; baseline 0.009 -1"><span class='ocrx_word' id='word_1_6' title='bbox 3643 321 3750 390; x_wconf 63' lang='lat'><strong>4&#39;28</strong></span> 
     </span>
    </p>
   </div>
   <div class='ocr_carea' id='block_1_4' title="bbox 376 456 3752 540">
    <p class='ocr_par' dir='ltr' id='par_1_4' title="bbox 376 456 3752 540">
     <span class='ocr_line' id='line_1_4' title="bbox 376 456 3752 540; baseline -0.002 -16"><span class='ocrx_word' id='word_1_7' title='bbox 376 469 691 526; x_wconf 80' lang='lat' dir='ltr'><strong>fessionem</strong></span> <span class='ocrx_word' id='word_1_8' title='bbox 725 468 1042 524; x_wconf 80' lang='lat' dir='ltr'><strong>exhibitam</strong></span> <span class='ocrx_word' id='word_1_9' title='bbox 1077 468 1376 540; x_wconf 71' lang='lat' dir='ltr'><strong>propiium</strong></span> <span class='ocrx_word' id='word_1_10' title='bbox 1425 467 1564 538; x_wconf 78' lang='lat' dir='ltr'><strong>quid</strong></span> <span class='ocrx_word' id='word_1_11' title='bbox 1613 466 1846 532; x_wconf 85' lang='lat' dir='ltr'><strong>habere,</strong></span> <span class='ocrx_word' id='word_1_12' title='bbox 1881 479 2021 518; x_wconf 83' lang='lat' dir='ltr'><strong>neve</strong></span> <span class='ocrx_word' id='word_1_13' title='bbox 2048 467 2103 530; x_wconf 81' lang='grc' dir='ltr'><strong>Α</strong></span> <span class='ocrx_word' id='word_1_14' title='bbox 2135 463 2334 532; x_wconf 84' lang='lat' dir='ltr'><strong>igitur,</strong></span> <span class='ocrx_word' id='word_1_15' title='bbox 2371 463 2471 515; x_wconf 79' lang='lat' dir='ltr'><strong>lilii</strong></span> <span class='ocrx_word' id='word_1_16' title='bbox 2501 462 2562 515; x_wconf 91' lang='lat' dir='ltr'><strong>in</strong></span> <span class='ocrx_word' id='word_1_17' title='bbox 2593 464 2822 516; x_wconf 74' lang='lat' dir='ltr'><strong>Christo</strong></span> <span class='ocrx_word' id='word_1_18' title='bbox 2853 456 3206 524; x_wconf 88' lang='lat' dir='ltr'><strong>charissimi,</strong></span> <span class='ocrx_word' id='word_1_19' title='bbox 3231 475 3334 531; x_wconf 89' lang='lat' dir='ltr'><strong>per</strong></span> <span class='ocrx_word' id='word_1_20' title='bbox 3359 461 3752 533; x_wconf 86' lang='lat' dir='ltr'><strong>omnipotentis</strong></span> 
     </span>
    </p>
   </div>
   <div class='ocr_carea' id='block_1_5' title="bbox 377 552 2024 630">
    <p class='ocr_par' dir='ltr' id='par_1_5' title="bbox 377 552 2024 630">
     <span class='ocr_line' id='line_1_5' title="bbox 377 552 2024 630; baseline -0.004 -18"><span class='ocrx_word' id='word_1_21' title='bbox 377 559 504 612; x_wconf 89' lang='lat' dir='ltr'><strong>sine</strong></span> <span class='ocrx_word' id='word_1_22' title='bbox 536 557 830 630; x_wconf 70' lang='lat' dir='ltr'><strong>praepositi</strong></span> <span class='ocrx_word' id='word_1_23' title='bbox 878 555 1346 627; x_wconf 78' lang='lat' dir='ltr'><strong>congregationis</strong></span> <span class='ocrx_word' id='word_1_24' title='bbox 1393 554 1630 610; x_wconf 75' lang='lat' dir='ltr'><strong>licentia</strong></span> <span class='ocrx_word' id='word_1_25' title='bbox 1671 554 1742 609; x_wconf 88' lang='lat' dir='ltr'><strong>de</strong></span> <span class='ocrx_word' id='word_1_26' title='bbox 1771 552 2024 608; x_wconf 88' lang='lat' dir='ltr'><strong>claustro</strong></span> 
     </span>
    </p>
   </div>
   <div class='ocr_carea' id='block_1_6' title="bbox 377 643 2025 712">
    <p class='ocr_par' dir='ltr' id='par_1_6' title="bbox 377 643 2025 712">
     <span class='ocr_line' id='line_1_6' title="bbox 377 643 2025 712; baseline -0.004 -12"><span class='ocrx_word' id='word_1_27' title='bbox 377 646 678 701; x_wconf 82' lang='lat' dir='ltr'><strong>discedere</strong></span> <span class='ocrx_word' id='word_1_28' title='bbox 726 645 917 708; x_wconf 90' lang='lat' dir='ltr'><strong>liceat,</strong></span> <span class='ocrx_word' id='word_1_29' title='bbox 951 643 1381 711; x_wconf 90' lang='lat' dir='ltr'><strong>interdicimus,</strong></span> <span class='ocrx_word' id='word_1_30' title='bbox 1414 648 1472 699; x_wconf 91' lang='lat' dir='ltr'><strong>et</strong></span> <span class='ocrx_word' id='word_1_31' title='bbox 1525 647 1643 697; x_wconf 89' lang='lat' dir='ltr'><strong>tam</strong></span> <span class='ocrx_word' id='word_1_32' title='bbox 1695 659 1796 696; x_wconf 91' lang='lat' dir='ltr'><strong>vos</strong></span> <span class='ocrx_word' id='word_1_33' title='bbox 1849 656 2025 712; x_wconf 92' lang='lat' dir='ltr'><strong>quam</strong></span> 
     </span>
    </p>
   </div>
   <div class='ocr_carea' id='block_1_7' title="bbox 375 721 2022 804">
    <p class='ocr_par' dir='ltr' id='par_1_7' title="bbox 375 721 2022 804">
     <span class='ocr_line' id='line_1_7' title="bbox 375 721 2022 804; baseline -0.004 -16"><span class='ocrx_word' id='word_1_34' title='bbox 375 738 570 790; x_wconf 89' lang='lat' dir='ltr'><strong>vestra</strong></span> <span class='ocrx_word' id='word_1_35' title='bbox 591 733 788 788; x_wconf 80' lang='lat' dir='ltr'><strong>omnia</strong></span> <span class='ocrx_word' id='word_1_36' title='bbox 810 733 966 788; x_wconf 87' lang='lat' dir='ltr'><strong>sedis</strong></span> <span class='ocrx_word' id='word_1_37' title='bbox 987 732 1315 804; x_wconf 75' lang='lat' dir='ltr'><strong>apostolicae</strong></span> <span class='ocrx_word' id='word_1_38' title='bbox 1330 721 1683 804; x_wconf 74' lang='lat' dir='ltr'><strong>proiectione</strong></span> <span class='ocrx_word' id='word_1_39' title='bbox 1701 729 2022 784; x_wconf 82' lang='lat' dir='ltr'><strong>munimus.</strong></span> 
     </span>
    </p>
   </div>
   <div class='ocr_carea' id='block_1_8' title="bbox 376 815 2024 893">
    <p class='ocr_par' dir='ltr' id='par_1_8' title="bbox 376 815 2024 893">
     <span class='ocr_line' id='line_1_8' title="bbox 376 815 2024 893; baseline -0.002 -19"><span class='ocrx_word' id='word_1_40' title='bbox 376 821 556 877; x_wconf 88' lang='lat' dir='ltr'><strong>Vobis</strong></span> <span class='ocrx_word' id='word_1_41' title='bbox 597 821 792 893; x_wconf 83' lang='lat' dir='ltr'><strong>itaque</strong></span> <span class='ocrx_word' id='word_1_42' title='bbox 838 821 1164 891; x_wconf 85' lang='lat' dir='ltr'><strong>vestrisque</strong></span> <span class='ocrx_word' id='word_1_43' title='bbox 1222 818 1681 885; x_wconf 83' lang='lat' dir='ltr'><strong>successoribus,</strong></span> <span class='ocrx_word' id='word_1_44' title='bbox 1715 817 1774 871; x_wconf 93' lang='lat' dir='ltr'><strong>in</strong></span> <span class='ocrx_word' id='word_1_45' title='bbox 1824 815 2024 873; x_wconf 89' lang='lat' dir='ltr'><strong>eadem</strong></span> 
     </span>
    </p>
   </div>
   <div class='ocr_carea' id='block_1_9' title="bbox 380 904 2026 982">
    <p class='ocr_par' dir='ltr' id='par_1_9' title="bbox 380 904 2026 982">
     <span class='ocr_line' id='line_1_9' title="bbox 380 904 2026 982; baseline -0.005 -16"><span class='ocrx_word' id='word_1_46' title='bbox 380 909 661 982; x_wconf 85' lang='lat' dir='ltr'><strong>religione</strong></span> <span class='ocrx_word' id='word_1_47' title='bbox 709 909 1132 981; x_wconf 90' lang='lat' dir='ltr'><strong>permansuris,</strong></span> <span class='ocrx_word' id='word_1_48' title='bbox 1163 925 1232 963; x_wconf 90' lang='lat' dir='ltr'><strong>ea</strong></span> <span class='ocrx_word' id='word_1_49' title='bbox 1286 907 1484 962; x_wconf 82' lang='lat' dir='ltr'><strong>omnia</strong></span> <span class='ocrx_word' id='word_1_50' title='bbox 1527 909 1806 977; x_wconf 87' lang='lat' dir='ltr'><strong>perpetuo</strong></span> <span class='ocrx_word' id='word_1_51' title='bbox 1840 904 2026 976; x_wconf 85' lang='lat' dir='ltr'><strong>possi-</strong></span> 
     </span>
    </p>
   </div>
   <div class='ocr_carea' id='block_1_10' title="bbox 381 995 2026 1068">
    <p class='ocr_par' dir='ltr' id='par_1_10' title="bbox 381 995 2026 1068">
     <span class='ocr_line' id='line_1_10' title="bbox 381 995 2026 1068; baseline -0.004 -16"><span class='ocrx_word' id='word_1_52' title='bbox 381 998 571 1054; x_wconf 85' lang='lat' dir='ltr'><strong>denda</strong></span> <span class='ocrx_word' id='word_1_53' title='bbox 601 997 918 1064; x_wconf 84' lang='lat' dir='ltr'><strong>sancimus,</strong></span> <span class='ocrx_word' id='word_1_54' title='bbox 943 1013 1069 1068; x_wconf 62' lang='lat' dir='ltr'><strong>quae</strong></span> <span class='ocrx_word' id='word_1_55' title='bbox 1086 995 1612 1068; x_wconf 68' lang='lat' dir='ltr'><strong>impraesentiarum</strong></span> <span class='ocrx_word' id='word_1_56' title='bbox 1640 1010 1742 1066; x_wconf 86' lang='lat' dir='ltr'><strong>pro</strong></span> <span class='ocrx_word' id='word_1_57' title='bbox 1763 1007 2026 1048; x_wconf 88' lang='lat' dir='ltr'><strong>commu-</strong></span> 
     </span>
    </p>
   </div>
   <div class='ocr_carea' id='block_1_11' title="bbox 381 1078 2028 1155">
    <p class='ocr_par' dir='ltr' id='par_1_11' title="bbox 381 1078 2028 1155">
     <span class='ocr_line' id='line_1_11' title="bbox 381 1078 2028 1155; baseline -0.005 -13"><span class='ocrx_word' id='word_1_58' title='bbox 381 1086 676 1142; x_wconf 89' lang='lat' dir='ltr'><strong>nisvictus</strong></span> <span class='ocrx_word' id='word_1_59' title='bbox 709 1085 1136 1141; x_wconf 89' lang='lat' dir='ltr'><strong>sustentatione</strong></span> <span class='ocrx_word' id='word_1_60' title='bbox 1164 1083 1462 1155; x_wconf 87' lang='lat' dir='ltr'><strong>possidere</strong></span> <span class='ocrx_word' id='word_1_61' title='bbox 1489 1081 1767 1137; x_wconf 91' lang='lat' dir='ltr'><strong>videmini</strong></span> <span class='ocrx_word' id='word_1_62' title='bbox 1793 1099 1806 1136; x_wconf 92' lang='lat'><strong><em>:</em></strong></span> <span class='ocrx_word' id='word_1_63' title='bbox 1841 1078 2028 1135; x_wconf 85' lang='lat' dir='ltr'><strong>eccle-</strong></span> 
     </span>
    </p>
   </div>
   <div class='ocr_carea' id='block_1_12' title="bbox 382 1168 2030 1244">
    <p class='ocr_par' dir='ltr' id='par_1_12' title="bbox 382 1168 2030 1244">
     <span class='ocr_line' id='line_1_12' title="bbox 382 1168 2030 1244; baseline -0.004 -15"><span class='ocrx_word' id='word_1_64' title='bbox 382 1173 531 1230; x_wconf 90' lang='lat' dir='ltr'><strong>siam</strong></span> <span class='ocrx_word' id='word_1_65' title='bbox 555 1173 773 1229; x_wconf 88' lang='lat' dir='ltr'><strong>scilicet</strong></span> <span class='ocrx_word' id='word_1_66' title='bbox 787 1171 1129 1244; x_wconf 68' lang='lat' dir='ltr'><strong>S.Agricolae</strong></span> <span class='ocrx_word' id='word_1_67' title='bbox 1141 1172 1212 1226; x_wconf 79' lang='lat' dir='ltr'><strong>de</strong></span> <span class='ocrx_word' id='word_1_68' title='bbox 1227 1173 1306 1227; x_wconf 91' lang='lat' dir='ltr'><strong>Lu</strong></span> <span class='ocrx_word' id='word_1_69' title='bbox 1319 1188 1473 1242; x_wconf 86' lang='lat' dir='ltr'><strong>pera,</strong></span> <span class='ocrx_word' id='word_1_70' title='bbox 1497 1175 1555 1226; x_wconf 92' lang='lat' dir='ltr'><strong>et</strong></span> <span class='ocrx_word' id='word_1_71' title='bbox 1579 1169 1762 1225; x_wconf 84' lang='lat' dir='ltr'><strong>sancti</strong></span> <span class='ocrx_word' id='word_1_72' title='bbox 1778 1168 1941 1224; x_wconf 89' lang='lat' dir='ltr'><strong>Pauli</strong></span> <span class='ocrx_word' id='word_1_73' title='bbox 1959 1169 2030 1223; x_wconf 90' lang='lat' dir='ltr'><strong>de</strong></span> 
     </span>
    </p>
   </div>
   <div class='ocr_carea' id='block_1_13' title="bbox 381 1257 2030 1327">
    <p class='ocr_par' dir='ltr' id='par_1_13' title="bbox 381 1257 2030 1327">
     <span class='ocr_line' id='line_1_13' title="bbox 381 1257 2030 1327; baseline -0.004 -10"><span class='ocrx_word' id='word_1_74' title='bbox 381 1261 620 1327; x_wconf 89' lang='lat' dir='ltr'><strong>Palude,</strong></span> <span class='ocrx_word' id='word_1_75' title='bbox 653 1261 710 1315; x_wconf 90' lang='lat' dir='ltr'><strong>S.</strong></span> <span class='ocrx_word' id='word_1_76' title='bbox 747 1261 1006 1315; x_wconf 90' lang='lat' dir='ltr'><strong>Domi....</strong></span> <span class='ocrx_word' id='word_1_77' title='bbox 1051 1265 1109 1316; x_wconf 90' lang='lat' dir='ltr'><strong>et</strong></span> <span class='ocrx_word' id='word_1_78' title='bbox 1145 1259 1204 1316; x_wconf 90' lang='lat' dir='ltr'><strong>S.</strong></span> <span class='ocrx_word' id='word_1_79' title='bbox 1235 1259 1528 1315; x_wconf 68' lang='lat' dir='ltr'><strong>Columba:</strong></span> <span class='ocrx_word' id='word_1_80' title='bbox 1571 1259 1641 1314; x_wconf 91' lang='lat' dir='ltr'><strong>de</strong></span> <span class='ocrx_word' id='word_1_81' title='bbox 1681 1257 2030 1320; x_wconf 90' lang='lat' dir='ltr'><strong>Cortedune,</strong></span> 
     </span>
    </p>
   </div>
   <div class='ocr_carea' id='block_1_14' title="bbox 381 1346 2031 1421">
    <p class='ocr_par' dir='ltr' id='par_1_14' title="bbox 381 1346 2031 1421">
     <span class='ocr_line' id='line_1_14' title="bbox 381 1346 2031 1421; baseline -0.004 -15"><span class='ocrx_word' id='word_1_82' title='bbox 381 1355 438 1406; x_wconf 91' lang='lat' dir='ltr'><strong>et</strong></span> <span class='ocrx_word' id='word_1_83' title='bbox 455 1353 510 1404; x_wconf 76' lang='lat' dir='ltr'><strong>S.</strong></span> <span class='ocrx_word' id='word_1_84' title='bbox 541 1348 772 1421; x_wconf 79' lang='lat' dir='ltr'><strong>Georgii</strong></span> <span class='ocrx_word' id='word_1_85' title='bbox 793 1349 863 1404; x_wconf 89' lang='lat' dir='ltr'><strong>de</strong></span> <span class='ocrx_word' id='word_1_86' title='bbox 885 1348 1150 1420; x_wconf 88' lang='lat' dir='ltr'><strong>Garriga,</strong></span> <span class='ocrx_word' id='word_1_87' title='bbox 1183 1348 1315 1420; x_wconf 84' lang='lat' dir='ltr'><strong>pagi</strong></span> <span class='ocrx_word' id='word_1_88' title='bbox 1339 1349 1410 1402; x_wconf 91' lang='lat' dir='ltr'><strong>de</strong></span> <span class='ocrx_word' id='word_1_89' title='bbox 1431 1346 1781 1402; x_wconf 88' lang='lat' dir='ltr'><strong>Mairranica</strong></span> <span class='ocrx_word' id='word_1_90' title='bbox 1807 1349 2031 1418; x_wconf 91' lang='lat' dir='ltr'><strong>partem</strong></span> 
     </span>
    </p>
   </div>
   <div class='ocr_carea' id='block_1_15' title="bbox 381 1433 2033 1510">
    <p class='ocr_par' dir='ltr' id='par_1_15' title="bbox 381 1433 2033 1510">
     <span class='ocr_line' id='line_1_15' title="bbox 381 1433 2033 1510; baseline -0.004 -17"><span class='ocrx_word' id='word_1_91' title='bbox 381 1444 673 1510; x_wconf 84' lang='lat' dir='ltr'><strong>quartam,</strong></span> <span class='ocrx_word' id='word_1_92' title='bbox 693 1442 750 1492; x_wconf 90' lang='lat' dir='ltr'><strong>et</strong></span> <span class='ocrx_word' id='word_1_93' title='bbox 769 1436 1102 1492; x_wconf 90' lang='lat' dir='ltr'><strong>insularum</strong></span> <span class='ocrx_word' id='word_1_94' title='bbox 1125 1437 1197 1492; x_wconf 90' lang='lat' dir='ltr'><strong>ad</strong></span> <span class='ocrx_word' id='word_1_95' title='bbox 1218 1436 1410 1507; x_wconf 91' lang='lat' dir='ltr'><strong>ipsum</strong></span> <span class='ocrx_word' id='word_1_96' title='bbox 1433 1435 1869 1507; x_wconf 85' lang='lat' dir='ltr'><strong>pertinentium.</strong></span> <span class='ocrx_word' id='word_1_97' title='bbox 1895 1433 2033 1488; x_wconf 90' lang='lat' dir='ltr'><strong>Uni-</strong></span> 
     </span>
    </p>
   </div>
   <div class='ocr_carea' id='block_1_16' title="bbox 380 1521 2034 1598">
    <p class='ocr_par' dir='ltr' id='par_1_16' title="bbox 380 1521 2034 1598">
     <span class='ocr_line' id='line_1_16' title="bbox 380 1521 2034 1598; baseline -0.005 -16"><span class='ocrx_word' id='word_1_98' title='bbox 380 1543 581 1582; x_wconf 89' lang='lat' dir='ltr'><strong>versas</strong></span> <span class='ocrx_word' id='word_1_99' title='bbox 609 1530 891 1598; x_wconf 63' lang='lat' dir='ltr'><strong>praeterea</strong></span> <span class='ocrx_word' id='word_1_100' title='bbox 921 1523 1339 1580; x_wconf 82' lang='lat' dir='ltr'><strong>Avenionensis</strong></span> <span class='ocrx_word' id='word_1_101' title='bbox 1388 1523 1644 1578; x_wconf 69' lang='lat' dir='ltr'><strong>ecclesiae</strong></span> <span class='ocrx_word' id='word_1_102' title='bbox 1693 1521 2034 1593; x_wconf 66' lang='lat' dir='ltr'><strong>praebendas</strong></span> 
     </span>
    </p>
   </div>
   <div class='ocr_carea' id='block_1_17' title="bbox 384 1610 2034 1684">
    <p class='ocr_par' dir='ltr' id='par_1_17' title="bbox 384 1610 2034 1684">
     <span class='ocr_line' id='line_1_17' title="bbox 384 1610 2034 1684; baseline -0.004 -14"><span class='ocrx_word' id='word_1_103' title='bbox 384 1619 442 1670; x_wconf 87' lang='lat' dir='ltr'><strong>et</strong></span> <span class='ocrx_word' id='word_1_104' title='bbox 461 1615 714 1670; x_wconf 84' lang='lat' dir='ltr'><strong>honores</strong></span> <span class='ocrx_word' id='word_1_105' title='bbox 737 1629 836 1668; x_wconf 89' lang='lat' dir='ltr'><strong>seu</strong></span> <span class='ocrx_word' id='word_1_106' title='bbox 864 1612 1508 1684; x_wconf 82' lang='lat' dir='ltr'><strong>dispensationes,qnas</strong></span> <span class='ocrx_word' id='word_1_107' title='bbox 1532 1611 1700 1665; x_wconf 89' lang='lat' dir='ltr'><strong>hodie</strong></span> <span class='ocrx_word' id='word_1_108' title='bbox 1723 1610 2034 1683; x_wconf 87' lang='lat' dir='ltr'><strong>possidetis</strong></span> 
     </span>
    </p>
   </div>
   <div class='ocr_carea' id='block_1_18' title="bbox 384 1697 2030 1773">
    <p class='ocr_par' dir='ltr' id='par_1_18' title="bbox 384 1697 2030 1773">
     <span class='ocr_line' id='line_1_18' title="bbox 384 1697 2030 1773; baseline -0.004 -16"><span class='ocrx_word' id='word_1_109' title='bbox 384 1719 509 1768; x_wconf 93' lang='lat' dir='ltr'><strong>vos,</strong></span> <span class='ocrx_word' id='word_1_110' title='bbox 535 1701 657 1773; x_wconf 89' lang='lat' dir='ltr'><strong>qui,</strong></span> <span class='ocrx_word' id='word_1_111' title='bbox 677 1705 910 1756; x_wconf 84' lang='lat' dir='ltr'><strong>auctore</strong></span> <span class='ocrx_word' id='word_1_112' title='bbox 927 1700 1194 1765; x_wconf 91' lang='lat' dir='ltr'><strong>Domino,</strong></span> <span class='ocrx_word' id='word_1_113' title='bbox 1218 1700 1394 1754; x_wconf 90' lang='lat' dir='ltr'><strong>vitam</strong></span> <span class='ocrx_word' id='word_1_114' title='bbox 1410 1699 1748 1754; x_wconf 82' lang='lat' dir='ltr'><strong>canonicam</strong></span> <span class='ocrx_word' id='word_1_115' title='bbox 1781 1697 1994 1752; x_wconf 82' lang='lat' dir='ltr'><strong>ducitis</strong></span> <span class='ocrx_word' id='word_1_116' title='bbox 2018 1715 2030 1765; x_wconf 90' lang='lat'>;</span> 
     </span>
    </p>
   </div>
   <div class='ocr_carea' id='block_1_19' title="bbox 388 1785 2032 1861">
    <p class='ocr_par' dir='ltr' id='par_1_19' title="bbox 388 1785 2032 1861">
     <span class='ocr_line' id='line_1_19' title="bbox 388 1785 2032 1861; baseline -0.004 -14"><span class='ocrx_word' id='word_1_117' title='bbox 388 1790 512 1847; x_wconf 86' lang='lat' dir='ltr'><strong>sive</strong></span> <span class='ocrx_word' id='word_1_118' title='bbox 542 1807 690 1861; x_wconf 90' lang='lat' dir='ltr'><strong>quas</strong></span> <span class='ocrx_word' id='word_1_119' title='bbox 721 1788 1064 1844; x_wconf 89' lang='lat' dir='ltr'><strong>clericorum</strong></span> <span class='ocrx_word' id='word_1_120' title='bbox 1097 1788 1336 1860; x_wconf 90' lang='lat' dir='ltr'><strong>quidam</strong></span> <span class='ocrx_word' id='word_1_121' title='bbox 1360 1786 1748 1858; x_wconf 88' lang='lat' dir='ltr'><strong>obtinent,qui</strong></span> <span class='ocrx_word' id='word_1_122' title='bbox 1784 1785 2032 1840; x_wconf 87' lang='lat' dir='ltr'><strong>necdum</strong></span> 
     </span>
    </p>
   </div>
   <div class='ocr_carea' id='block_1_20' title="bbox 389 1875 2038 1952">
    <p class='ocr_par' dir='ltr' id='par_1_20' title="bbox 389 1875 2038 1952">
     <span class='ocr_line' id='line_1_20' title="bbox 389 1875 2038 1952; baseline -0.004 -18"><span class='ocrx_word' id='word_1_123' title='bbox 389 1878 641 1952; x_wconf 81' lang='lat' dir='ltr'><strong>prepriis</strong></span> <span class='ocrx_word' id='word_1_124' title='bbox 711 1877 1269 1942; x_wconf 88' lang='lat' dir='ltr'><strong>obrenuntiaverint,</strong></span> <span class='ocrx_word' id='word_1_125' title='bbox 1340 1875 1778 1931; x_wconf 86' lang='lat' dir='ltr'><strong>communitatis</strong></span> <span class='ocrx_word' id='word_1_126' title='bbox 1837 1879 2038 1929; x_wconf 68' lang='lat' dir='ltr'><strong>VCSLNB</strong></span> 
     </span>
    </p>
   </div>
   <div class='ocr_carea' id='block_1_21' title="bbox 393 1962 2040 2037">
    <p class='ocr_par' dir='ltr' id='par_1_21' title="bbox 393 1962 2040 2037">
     <span class='ocr_line' id='line_1_21' title="bbox 393 1962 2040 2037; baseline -0.003 -14"><span class='ocrx_word' id='word_1_127' title='bbox 393 1969 601 2024; x_wconf 86' lang='lat' dir='ltr'><strong>usibus</strong></span> <span class='ocrx_word' id='word_1_128' title='bbox 644 1967 1088 2032; x_wconf 83' lang='lat' dir='ltr'><strong>conﬁrmamus,</strong></span> <span class='ocrx_word' id='word_1_129' title='bbox 1122 1980 1470 2037; x_wconf 87' lang='lat' dir='ltr'><strong>quocunque</strong></span> <span class='ocrx_word' id='word_1_130' title='bbox 1501 1963 1558 2018; x_wconf 91' lang='lat' dir='ltr'><strong>in</strong></span> <span class='ocrx_word' id='word_1_131' title='bbox 1615 1969 1872 2034; x_wconf 88' lang='lat' dir='ltr'><strong>tempore</strong></span> <span class='ocrx_word' id='word_1_132' title='bbox 1905 1962 2040 2018; x_wconf 90' lang='lat' dir='ltr'><strong>illas</strong></span> 
     </span>
    </p>
   </div>
   <div class='ocr_carea' id='block_1_22' title="bbox 393 2051 2038 2128">
    <p class='ocr_par' dir='ltr' id='par_1_22' title="bbox 393 2051 2038 2128">
     <span class='ocr_line' id='line_1_22' title="bbox 393 2051 2038 2128; baseline -0.003 -16"><span class='ocrx_word' id='word_1_133' title='bbox 393 2055 604 2128; x_wconf 88' lang='lat' dir='ltr'><strong>aperiri</strong></span> <span class='ocrx_word' id='word_1_134' title='bbox 637 2053 962 2126; x_wconf 87' lang='lat' dir='ltr'><strong>contigerit,</strong></span> <span class='ocrx_word' id='word_1_135' title='bbox 989 2057 1046 2108; x_wconf 91' lang='lat' dir='ltr'><strong>et</strong></span> <span class='ocrx_word' id='word_1_136' title='bbox 1095 2069 1452 2124; x_wconf 74' lang='lat' dir='ltr'><strong>qumcunque</strong></span> <span class='ocrx_word' id='word_1_137' title='bbox 1483 2051 1758 2123; x_wconf 90' lang='lat' dir='ltr'><strong>deinceps</strong></span> <span class='ocrx_word' id='word_1_138' title='bbox 1802 2067 2038 2107; x_wconf 89' lang='lat' dir='ltr'><strong>conces-</strong></span> 
     </span>
    </p>
   </div>
   <div class='ocr_carea' id='block_1_23' title="bbox 393 2139 2038 2216">
    <p class='ocr_par' dir='ltr' id='par_1_23' title="bbox 393 2139 2038 2216">
     <span class='ocr_line' id='line_1_23' title="bbox 393 2139 2038 2216; baseline -0.003 -17"><span class='ocrx_word' id='word_1_139' title='bbox 393 2143 558 2200; x_wconf 87' lang='lat' dir='ltr'><strong>sione</strong></span> <span class='ocrx_word' id='word_1_140' title='bbox 584 2143 949 2216; x_wconf 85' lang='lat' dir='ltr'><strong>pontiﬁcum,</strong></span> <span class='ocrx_word' id='word_1_141' title='bbox 981 2139 1330 2196; x_wconf 85' lang='lat' dir='ltr'><strong>liberalitate</strong></span> <span class='ocrx_word' id='word_1_142' title='bbox 1380 2139 1734 2212; x_wconf 86' lang='lat' dir='ltr'><strong>principum,</strong></span> <span class='ocrx_word' id='word_1_143' title='bbox 1765 2139 1852 2195; x_wconf 86' lang='lat' dir='ltr'><strong>vel</strong></span> <span class='ocrx_word' id='word_1_144' title='bbox 1880 2139 2038 2195; x_wconf 84' lang='lat' dir='ltr'><strong>obla-</strong></span> 
     </span>
    </p>
   </div>
   <div class='ocr_carea' id='block_1_24' title="bbox 393 2227 2036 2300">
    <p class='ocr_par' dir='ltr' id='par_1_24' title="bbox 393 2227 2036 2300">
     <span class='ocr_line' id='line_1_24' title="bbox 393 2227 2036 2300; baseline -0.004 -12"><span class='ocrx_word' id='word_1_145' title='bbox 393 2233 552 2288; x_wconf 91' lang='lat' dir='ltr'><strong>tione</strong></span> <span class='ocrx_word' id='word_1_146' title='bbox 565 2230 1005 2300; x_wconf 81' lang='lat' dir='ltr'><strong>ﬁdelium,juste</strong></span> <span class='ocrx_word' id='word_1_147' title='bbox 1017 2234 1194 2300; x_wconf 88' lang='lat' dir='ltr'><strong>atque</strong></span> <span class='ocrx_word' id='word_1_148' title='bbox 1207 2229 1480 2284; x_wconf 86' lang='lat' dir='ltr'><strong>canonice</strong></span> <span class='ocrx_word' id='word_1_149' title='bbox 1496 2228 1759 2300; x_wconf 87' lang='lat' dir='ltr'><strong>poteritis</strong></span> <span class='ocrx_word' id='word_1_150' title='bbox 1772 2227 2036 2300; x_wconf 89' lang='lat' dir='ltr'><strong>adipisci.</strong></span> 
     </span>
    </p>
   </div>
   <div class='ocr_carea' id='block_1_25' title="bbox 392 2316 2040 2383">
    <p class='ocr_par' dir='ltr' id='par_1_25' title="bbox 392 2316 2040 2383">
     <span class='ocr_line' id='line_1_25' title="bbox 392 2316 2040 2383; baseline -0.004 -6"><span class='ocrx_word' id='word_1_151' title='bbox 392 2321 478 2378; x_wconf 88' lang='lat' dir='ltr'><strong>Ad</strong></span> <span class='ocrx_word' id='word_1_152' title='bbox 510 2320 630 2375; x_wconf 73' lang='lat' dir='ltr'><strong>hmo</strong></span> <span class='ocrx_word' id='word_1_153' title='bbox 677 2319 1048 2374; x_wconf 86' lang='lat' dir='ltr'><strong>decernimus</strong></span> <span class='ocrx_word' id='word_1_154' title='bbox 1091 2323 1176 2383; x_wconf 90' lang='lat' dir='ltr'><strong>ut,</strong></span> <span class='ocrx_word' id='word_1_155' title='bbox 1209 2317 1482 2372; x_wconf 87' lang='lat' dir='ltr'><strong>defuncto</strong></span> <span class='ocrx_word' id='word_1_156' title='bbox 1541 2316 1809 2372; x_wconf 62' lang='lat' dir='ltr'><strong>Ecclesiae</strong></span> <span class='ocrx_word' id='word_1_157' title='bbox 1839 2321 2040 2372; x_wconf 70' lang='lat' dir='ltr'><strong>vestrae</strong></span> 
     </span>
    </p>
   </div>
   <div class='ocr_carea' id='block_1_26' title="bbox 395 2405 2039 2482">
    <p class='ocr_par' dir='ltr' id='par_1_26' title="bbox 395 2405 2039 2482">
     <span class='ocr_line' id='line_1_26' title="bbox 395 2405 2039 2482; baseline -0.004 -17"><span class='ocrx_word' id='word_1_158' title='bbox 395 2408 688 2482; x_wconf 85' lang='lat' dir='ltr'><strong>episcopo,</strong></span> <span class='ocrx_word' id='word_1_159' title='bbox 721 2406 1078 2463; x_wconf 78' lang='lat' dir='ltr'><strong>successoris</strong></span> <span class='ocrx_word' id='word_1_160' title='bbox 1125 2411 1382 2461; x_wconf 88' lang='lat' dir='ltr'><strong>vestrum</strong></span> <span class='ocrx_word' id='word_1_161' title='bbox 1427 2405 1629 2460; x_wconf 90' lang='lat' dir='ltr'><strong>electio</strong></span> <span class='ocrx_word' id='word_1_162' title='bbox 1669 2405 2039 2478; x_wconf 89' lang='lat' dir='ltr'><strong>potissimum</strong></span> 
     </span>
    </p>
   </div>
   <div class='ocr_carea' id='block_1_27' title="bbox 395 2492 2039 2567">
    <p class='ocr_par' dir='ltr' id='par_1_27' title="bbox 395 2492 2039 2567">
     <span class='ocr_line' id='line_1_27' title="bbox 395 2492 2039 2567; baseline -0.003 -15"><span class='ocrx_word' id='word_1_163' title='bbox 395 2501 842 2567; x_wconf 87' lang='lat' dir='ltr'><strong>vestrorumque</strong></span> <span class='ocrx_word' id='word_1_164' title='bbox 872 2510 1280 2550; x_wconf 87' lang='lat' dir='ltr'><strong>successorum</strong></span> <span class='ocrx_word' id='word_1_165' title='bbox 1315 2493 1415 2564; x_wconf 89' lang='lat' dir='ltr'><strong>qui</strong></span> <span class='ocrx_word' id='word_1_166' title='bbox 1471 2493 1748 2548; x_wconf 85' lang='lat' dir='ltr'><strong>canonice</strong></span> <span class='ocrx_word' id='word_1_167' title='bbox 1775 2492 2039 2556; x_wconf 85' lang='lat' dir='ltr'><strong>vixerint,</strong></span> 
     </span>
    </p>
   </div>
   <div class='ocr_carea' id='block_1_28' title="bbox 397 2581 2040 2654">
    <p class='ocr_par' dir='ltr' id='par_1_28' title="bbox 397 2581 2040 2654">
     <span class='ocr_line' id='line_1_28' title="bbox 397 2581 2040 2654; baseline -0.003 -14"><span class='ocrx_word' id='word_1_168' title='bbox 397 2584 814 2641; x_wconf 87' lang='lat' dir='ltr'><strong>deliberatione</strong></span> <span class='ocrx_word' id='word_1_169' title='bbox 836 2583 1131 2654; x_wconf 91' lang='lat' dir='ltr'><strong>persislat.</strong></span> <span class='ocrx_word' id='word_1_170' title='bbox 1158 2583 1216 2637; x_wconf 94' lang='lat' dir='ltr'><strong>Id</strong></span> <span class='ocrx_word' id='word_1_171' title='bbox 1251 2584 1446 2653; x_wconf 89' lang='lat' dir='ltr'><strong>ipsum</strong></span> <span class='ocrx_word' id='word_1_172' title='bbox 1473 2581 1648 2636; x_wconf 90' lang='lat' dir='ltr'><strong>etiam</strong></span> <span class='ocrx_word' id='word_1_173' title='bbox 1674 2589 1728 2636; x_wconf 88' lang='lat' dir='ltr'><strong>et</strong></span> <span class='ocrx_word' id='word_1_174' title='bbox 1761 2581 2040 2636; x_wconf 71' lang='lat' dir='ltr'><strong>universa:</strong></span> 
     </span>
    </p>
   </div>
   <div class='ocr_carea' id='block_1_29' title="bbox 399 2669 2042 2742">
    <p class='ocr_par' dir='ltr' id='par_1_29' title="bbox 399 2669 2042 2742">
     <span class='ocr_line' id='line_1_29' title="bbox 399 2669 2042 2742; baseline -0.002 -14"><span class='ocrx_word' id='word_1_175' title='bbox 399 2673 795 2739; x_wconf 69' lang='lat' dir='ltr'><strong>Ecclesiae,seu</strong></span> <span class='ocrx_word' id='word_1_176' title='bbox 813 2671 1052 2726; x_wconf 87' lang='lat' dir='ltr'><strong>claustri</strong></span> <span class='ocrx_word' id='word_1_177' title='bbox 1084 2669 1262 2725; x_wconf 87' lang='lat' dir='ltr'><strong>vestri</strong></span> <span class='ocrx_word' id='word_1_178' title='bbox 1293 2669 1640 2742; x_wconf 67' lang='lat' dir='ltr'><strong>praepositis,</strong></span> <span class='ocrx_word' id='word_1_179' title='bbox 1665 2669 1784 2725; x_wconf 90' lang='lat' dir='ltr'><strong>sive</strong></span> <span class='ocrx_word' id='word_1_180' title='bbox 1805 2670 2042 2742; x_wconf 90' lang='lat' dir='ltr'><strong>dispen-</strong></span> 
     </span>
    </p>
   </div>
   <div class='ocr_carea' id='block_1_30' title="bbox 399 2757 2039 2830">
    <p class='ocr_par' dir='ltr' id='par_1_30' title="bbox 399 2757 2039 2830">
     <span class='ocr_line' id='line_1_30' title="bbox 399 2757 2039 2830; baseline -0.002 -14"><span class='ocrx_word' id='word_1_181' title='bbox 399 2760 694 2817; x_wconf 90' lang='lat' dir='ltr'><strong>satoribus</strong></span> <span class='ocrx_word' id='word_1_182' title='bbox 733 2757 1016 2830; x_wconf 87' lang='lat' dir='ltr'><strong>eligendis</strong></span> <span class='ocrx_word' id='word_1_183' title='bbox 1057 2761 1334 2830; x_wconf 87' lang='lat' dir='ltr'><strong>perpetuo</strong></span> <span class='ocrx_word' id='word_1_184' title='bbox 1374 2758 1802 2812; x_wconf 89' lang='lat' dir='ltr'><strong>observandum</strong></span> <span class='ocrx_word' id='word_1_185' title='bbox 1841 2774 2039 2813; x_wconf 87' lang='lat' dir='ltr'><strong>cense-</strong></span> 
     </span>
    </p>
   </div>
   <div class='ocr_carea' id='block_1_31' title="bbox 401 2845 2040 2918">
    <p class='ocr_par' dir='ltr' id='par_1_31' title="bbox 401 2845 2040 2918">
     <span class='ocr_line' id='line_1_31' title="bbox 401 2845 2040 2918; baseline -0.003 -13"><span class='ocrx_word' id='word_1_186' title='bbox 401 2866 556 2905; x_wconf 90' lang='lat' dir='ltr'><strong>mus.</strong></span> <span class='ocrx_word' id='word_1_187' title='bbox 579 2848 640 2903; x_wconf 89' lang='lat' dir='ltr'><strong>Si</strong></span> <span class='ocrx_word' id='word_1_188' title='bbox 663 2863 779 2918; x_wconf 90' lang='lat' dir='ltr'><strong>qua</strong></span> <span class='ocrx_word' id='word_1_189' title='bbox 798 2862 938 2902; x_wconf 88' lang='lat' dir='ltr'><strong>sane</strong></span> <span class='ocrx_word' id='word_1_190' title='bbox 956 2845 1014 2900; x_wconf 92' lang='lat' dir='ltr'><strong>in</strong></span> <span class='ocrx_word' id='word_1_191' title='bbox 1051 2845 1370 2900; x_wconf 88' lang='lat' dir='ltr'><strong>crastinum</strong></span> <span class='ocrx_word' id='word_1_192' title='bbox 1395 2845 1785 2901; x_wconf 89' lang='lat' dir='ltr'><strong>ecclesiastica</strong></span> <span class='ocrx_word' id='word_1_193' title='bbox 1805 2845 2040 2902; x_wconf 68' lang='lat' dir='ltr'><strong>saecula-</strong></span> 
     </span>
    </p>
   </div>
   <div class='ocr_carea' id='block_1_32' title="bbox 401 2933 2040 3008">
    <p class='ocr_par' dir='ltr' id='par_1_32' title="bbox 401 2933 2040 3008">
     <span class='ocr_line' id='line_1_32' title="bbox 401 2933 2040 3008; baseline -0.001 -16"><span class='ocrx_word' id='word_1_194' title='bbox 401 2935 552 2992; x_wconf 88' lang='lat' dir='ltr'><strong>risve</strong></span> <span class='ocrx_word' id='word_1_195' title='bbox 584 2950 852 3008; x_wconf 86' lang='lat' dir='ltr'><strong>persona,</strong></span> <span class='ocrx_word' id='word_1_196' title='bbox 875 2933 1056 3004; x_wconf 86' lang='lat' dir='ltr'><strong>hujus</strong></span> <span class='ocrx_word' id='word_1_197' title='bbox 1077 2938 1286 2988; x_wconf 63' lang='lat' dir='ltr'><strong>nostra;</strong></span> <span class='ocrx_word' id='word_1_198' title='bbox 1308 2933 1738 2990; x_wconf 83' lang='lat' dir='ltr'><strong>constitutionis</strong></span> <span class='ocrx_word' id='word_1_199' title='bbox 1767 2935 2040 3006; x_wconf 87' lang='lat' dir='ltr'><strong>paginam</strong></span> 
     </span>
    </p>
   </div>
   <div class='ocr_carea' id='block_1_33' title="bbox 402 3022 2044 3088">
    <p class='ocr_par' dir='ltr' id='par_1_33' title="bbox 402 3022 2044 3088">
     <span class='ocr_line' id='line_1_33' title="bbox 402 3022 2044 3088; baseline -0.001 -8"><span class='ocrx_word' id='word_1_200' title='bbox 402 3025 596 3080; x_wconf 92' lang='lat' dir='ltr'><strong>sciens</strong></span> <span class='ocrx_word' id='word_1_201' title='bbox 615 3028 818 3079; x_wconf 89' lang='lat' dir='ltr'><strong>contra</strong></span> <span class='ocrx_word' id='word_1_202' title='bbox 837 3038 964 3076; x_wconf 87' lang='lat' dir='ltr'><strong>eam</strong></span> <span class='ocrx_word' id='word_1_203' title='bbox 989 3025 1206 3077; x_wconf 89' lang='lat' dir='ltr'><strong>temere</strong></span> <span class='ocrx_word' id='word_1_204' title='bbox 1226 3022 1418 3078; x_wconf 88' lang='lat' dir='ltr'><strong>venire</strong></span> <span class='ocrx_word' id='word_1_205' title='bbox 1441 3022 1765 3088; x_wconf 88' lang='lat' dir='ltr'><strong>tentaverit,</strong></span> <span class='ocrx_word' id='word_1_206' title='bbox 1785 3024 2044 3079; x_wconf 91' lang='lat' dir='ltr'><strong>secunda</strong></span> 
     </span>
    </p>
   </div>
   <div class='ocr_carea' id='block_1_34' title="bbox 403 3109 2040 3184">
    <p class='ocr_par' dir='ltr' id='par_1_34' title="bbox 403 3109 2040 3184">
     <span class='ocr_line' id='line_1_34' title="bbox 403 3109 2040 3184; baseline 0 -16"><span class='ocrx_word' id='word_1_207' title='bbox 403 3113 640 3168; x_wconf 86' lang='lat' dir='ltr'><strong>tertiave</strong></span> <span class='ocrx_word' id='word_1_208' title='bbox 670 3109 1122 3166; x_wconf 90' lang='lat' dir='ltr'><strong>commonitione</strong></span> <span class='ocrx_word' id='word_1_209' title='bbox 1143 3109 1192 3164; x_wconf 91' lang='lat' dir='ltr'><strong>si</strong></span> <span class='ocrx_word' id='word_1_210' title='bbox 1223 3127 1336 3164; x_wconf 91' lang='lat' dir='ltr'><strong>non</strong></span> <span class='ocrx_word' id='word_1_211' title='bbox 1359 3109 1754 3166; x_wconf 85' lang='lat' dir='ltr'><strong>satisfactione</strong></span> <span class='ocrx_word' id='word_1_212' title='bbox 1784 3127 2040 3184; x_wconf 89' lang='lat' dir='ltr'><strong>congrua</strong></span> 
     </span>
    </p>
   </div>
   <div class='ocr_carea' id='block_1_35' title="bbox 2135 547 3753 621">
    <p class='ocr_par' dir='ltr' id='par_1_35' title="bbox 2135 547 3753 621">
     <span class='ocr_line' id='line_1_35' title="bbox 2135 547 3753 621; baseline 0.001 -17"><span class='ocrx_word' id='word_1_213' title='bbox 2135 549 2235 604; x_wconf 89' lang='lat' dir='ltr'><strong>Dei</strong></span> <span class='ocrx_word' id='word_1_214' title='bbox 2265 549 2516 621; x_wconf 86' lang='lat' dir='ltr'><strong>gratiam</strong></span> <span class='ocrx_word' id='word_1_215' title='bbox 2571 549 2836 620; x_wconf 86' lang='lat' dir='ltr'><strong>aspirati,</strong></span> <span class='ocrx_word' id='word_1_216' title='bbox 2871 547 3120 620; x_wconf 86' lang='lat' dir='ltr'><strong>primam</strong></span> <span class='ocrx_word' id='word_1_217' title='bbox 3170 547 3464 604; x_wconf 87' lang='lat' dir='ltr'><strong>nascentis</strong></span> <span class='ocrx_word' id='word_1_218' title='bbox 3509 547 3753 606; x_wconf 62' lang='lat' dir='ltr'><strong>Ecclesia;</strong></span> 
     </span>
    </p>
   </div>
   <div class='ocr_carea' id='block_1_36' title="bbox 2135 636 3751 710">
    <p class='ocr_par' dir='ltr' id='par_1_36' title="bbox 2135 636 3751 710">
     <span class='ocr_line' id='line_1_36' title="bbox 2135 636 3751 710; baseline 0.002 -18"><span class='ocrx_word' id='word_1_219' title='bbox 2135 637 2630 693; x_wconf 87' lang='lat' dir='ltr'><strong>conversationem</strong></span> <span class='ocrx_word' id='word_1_220' title='bbox 2660 636 2864 692; x_wconf 89' lang='lat' dir='ltr'><strong>multis</strong></span> <span class='ocrx_word' id='word_1_221' title='bbox 2885 638 3011 708; x_wconf 87' lang='lat' dir='ltr'><strong>jam</strong></span> <span class='ocrx_word' id='word_1_222' title='bbox 3037 637 3400 710; x_wconf 87' lang='lat' dir='ltr'><strong>temporibus</strong></span> <span class='ocrx_word' id='word_1_223' title='bbox 3431 638 3751 695; x_wconf 85' lang='lat' dir='ltr'><strong>destitutam</strong></span> 
     </span>
    </p>
   </div>
   <div class='ocr_carea' id='block_1_37' title="bbox 2137 725 3749 798">
    <p class='ocr_par' dir='ltr' id='par_1_37' title="bbox 2137 725 3749 798">
     <span class='ocr_line' id='line_1_37' title="bbox 2137 725 3749 798; baseline 0.002 -18"><span class='ocrx_word' id='word_1_224' title='bbox 2137 743 2410 782; x_wconf 56' lang='lat' dir='ltr'><strong>remorare</strong></span> <span class='ocrx_word' id='word_1_225' title='bbox 2437 725 2847 798; x_wconf 89' lang='lat' dir='ltr'><strong>proposuistis,</strong></span> <span class='ocrx_word' id='word_1_226' title='bbox 2883 730 2944 782; x_wconf 92' lang='lat' dir='ltr'><strong>ut</strong></span> <span class='ocrx_word' id='word_1_227' title='bbox 2973 726 3298 782; x_wconf 89' lang='lat' dir='ltr'><strong>secundum</strong></span> <span class='ocrx_word' id='word_1_228' title='bbox 3327 726 3654 782; x_wconf 86' lang='lat' dir='ltr'><strong>SS.Patrum</strong></span> <span class='ocrx_word' id='word_1_229' title='bbox 3674 727 3749 783; x_wconf 89' lang='lat' dir='ltr'><strong>in-</strong></span> 
     </span>
    </p>
   </div>
   <div class='ocr_carea' id='block_1_38' title="bbox 2136 815 3752 888">
    <p class='ocr_par' dir='ltr' id='par_1_38' title="bbox 2136 815 3752 888">
     <span class='ocr_line' id='line_1_38' title="bbox 2136 815 3752 888; baseline 0.002 -20"><span class='ocrx_word' id='word_1_230' title='bbox 2136 815 2342 870; x_wconf 77' lang='lat' dir='ltr'><strong>stituta</strong></span> <span class='ocrx_word' id='word_1_231' title='bbox 2372 815 2542 870; x_wconf 88' lang='lat' dir='ltr'><strong>corde</strong></span> <span class='ocrx_word' id='word_1_232' title='bbox 2564 832 2680 870; x_wconf 90' lang='lat' dir='ltr'><strong>uno</strong></span> <span class='ocrx_word' id='word_1_233' title='bbox 2705 821 2761 870; x_wconf 88' lang='lat' dir='ltr'><strong>et</strong></span> <span class='ocrx_word' id='word_1_234' title='bbox 2784 832 2902 870; x_wconf 85' lang='lat' dir='ltr'><strong>una</strong></span> <span class='ocrx_word' id='word_1_235' title='bbox 2923 815 3120 870; x_wconf 90' lang='lat' dir='ltr'><strong>anima</strong></span> <span class='ocrx_word' id='word_1_236' title='bbox 3140 815 3251 870; x_wconf 89' lang='lat' dir='ltr'><strong>sub</strong></span> <span class='ocrx_word' id='word_1_237' title='bbox 3263 816 3409 888; x_wconf 86' lang='lat' dir='ltr'><strong>jugo</strong></span> <span class='ocrx_word' id='word_1_238' title='bbox 3431 815 3632 886; x_wconf 66' lang='lat' dir='ltr'><strong>regule</strong></span> <span class='ocrx_word' id='word_1_239' title='bbox 3647 831 3752 872; x_wconf 88' lang='lat' dir='ltr'><strong>om-</strong></span> 
     </span>
    </p>
   </div>
   <div class='ocr_carea' id='block_1_39' title="bbox 2138 902 3757 976">
    <p class='ocr_par' dir='ltr' id='par_1_39' title="bbox 2138 902 3757 976">
     <span class='ocr_line' id='line_1_39' title="bbox 2138 902 3757 976; baseline 0.002 -20"><span class='ocrx_word' id='word_1_240' title='bbox 2138 902 2420 973; x_wconf 87' lang='lat' dir='ltr'><strong>nipotenti</strong></span> <span class='ocrx_word' id='word_1_241' title='bbox 2469 903 2712 958; x_wconf 89' lang='lat' dir='ltr'><strong>Domino</strong></span> <span class='ocrx_word' id='word_1_242' title='bbox 2772 902 3078 970; x_wconf 90' lang='lat' dir='ltr'><strong>serviatis;</strong></span> <span class='ocrx_word' id='word_1_243' title='bbox 3129 919 3238 958; x_wconf 90' lang='lat' dir='ltr'><strong>nos</strong></span> <span class='ocrx_word' id='word_1_244' title='bbox 3288 902 3548 976; x_wconf 87' lang='lat' dir='ltr'><strong>religioni</strong></span> <span class='ocrx_word' id='word_1_245' title='bbox 3577 909 3757 960; x_wconf 67' lang='lat' dir='ltr'><strong>vestris</strong></span> 
     </span>
    </p>
   </div>
   <div class='ocr_carea' id='block_1_40' title="bbox 2138 991 3758 1062">
    <p class='ocr_par' dir='ltr' id='par_1_40' title="bbox 2138 991 3758 1062">
     <span class='ocr_line' id='line_1_40' title="bbox 2138 991 3758 1062; baseline 0.001 -16"><span class='ocrx_word' id='word_1_246' title='bbox 2138 996 2378 1062; x_wconf 88' lang='lat' dir='ltr'><strong>paterno</strong></span> <span class='ocrx_word' id='word_1_247' title='bbox 2437 991 2914 1062; x_wconf 89' lang='lat' dir='ltr'><strong>eongratulamur</strong></span> <span class='ocrx_word' id='word_1_248' title='bbox 2969 991 3202 1047; x_wconf 78' lang='lat' dir='ltr'><strong>alfectu.</strong></span> <span class='ocrx_word' id='word_1_249' title='bbox 3254 993 3325 1046; x_wconf 85' lang='lat' dir='ltr'><strong>Et</strong></span> <span class='ocrx_word' id='word_1_250' title='bbox 3373 995 3437 1047; x_wconf 89' lang='lat' dir='ltr'><strong>ut</strong></span> <span class='ocrx_word' id='word_1_251' title='bbox 3480 991 3651 1048; x_wconf 87' lang='lat' dir='ltr'><strong>semel</strong></span> <span class='ocrx_word' id='word_1_252' title='bbox 3677 993 3758 1048; x_wconf 86' lang='lat' dir='ltr'><strong>in-</strong></span> 
     </span>
    </p>
   </div>
   <div class='ocr_carea' id='block_1_41' title="bbox 2139 1077 3759 1154">
    <p class='ocr_par' dir='ltr' id='par_1_41' title="bbox 2139 1077 3759 1154">
     <span class='ocr_line' id='line_1_41' title="bbox 2139 1077 3759 1154; baseline 0.001 -20"><span class='ocrx_word' id='word_1_253' title='bbox 2139 1078 2346 1134; x_wconf 89' lang='lat' dir='ltr'><strong>cboata</strong></span> <span class='ocrx_word' id='word_1_254' title='bbox 2367 1077 2591 1150; x_wconf 81' lang='lat' dir='ltr'><strong>religio,</strong></span> <span class='ocrx_word' id='word_1_255' title='bbox 2625 1085 2860 1135; x_wconf 87' lang='lat' dir='ltr'><strong>auctore</strong></span> <span class='ocrx_word' id='word_1_256' title='bbox 2875 1079 3012 1145; x_wconf 91' lang='lat' dir='ltr'><strong>Deo,</strong></span> <span class='ocrx_word' id='word_1_257' title='bbox 3037 1096 3272 1152; x_wconf 89' lang='lat' dir='ltr'><strong>semper</strong></span> <span class='ocrx_word' id='word_1_258' title='bbox 3294 1079 3632 1137; x_wconf 86' lang='lat' dir='ltr'><strong>inviolabilis</strong></span> <span class='ocrx_word' id='word_1_259' title='bbox 3651 1098 3759 1154; x_wconf 80' lang='lat' dir='ltr'><strong>per-</strong></span> 
     </span>
    </p>
   </div>
   <div class='ocr_carea' id='block_1_42' title="bbox 2140 1168 3758 1242">
    <p class='ocr_par' dir='ltr' id='par_1_42' title="bbox 2140 1168 3758 1242">
     <span class='ocr_line' id='line_1_42' title="bbox 2140 1168 3758 1242; baseline 0.003 -20"><span class='ocrx_word' id='word_1_260' title='bbox 2140 1174 2388 1232; x_wconf 84' lang='lat' dir='ltr'><strong>severet,</strong></span> <span class='ocrx_word' id='word_1_261' title='bbox 2423 1174 2542 1222; x_wconf 88' lang='lat' dir='ltr'><strong>tam</strong></span> <span class='ocrx_word' id='word_1_262' title='bbox 2573 1184 2674 1222; x_wconf 90' lang='lat' dir='ltr'><strong>vos</strong></span> <span class='ocrx_word' id='word_1_263' title='bbox 2708 1185 2886 1240; x_wconf 89' lang='lat' dir='ltr'><strong>quam</strong></span> <span class='ocrx_word' id='word_1_264' title='bbox 2930 1173 3122 1224; x_wconf 89' lang='lat' dir='ltr'><strong>vestra</strong></span> <span class='ocrx_word' id='word_1_265' title='bbox 3149 1168 3350 1224; x_wconf 88' lang='lat' dir='ltr'><strong>omnia</strong></span> <span class='ocrx_word' id='word_1_266' title='bbox 3369 1168 3522 1226; x_wconf 85' lang='lat' dir='ltr'><strong>sedis</strong></span> <span class='ocrx_word' id='word_1_267' title='bbox 3553 1176 3758 1242; x_wconf 83' lang='lat' dir='ltr'><strong>aposto-</strong></span> 
     </span>
    </p>
   </div>
   <div class='ocr_carea' id='block_1_43' title="bbox 2141 1249 3761 1329">
    <p class='ocr_par' dir='ltr' id='par_1_43' title="bbox 2141 1249 3761 1329">
     <span class='ocr_line' id='line_1_43' title="bbox 2141 1249 3761 1329; baseline 0.004 -21"><span class='ocrx_word' id='word_1_268' title='bbox 2141 1253 2266 1310; x_wconf 70' lang='lat' dir='ltr'><strong>lica:</strong></span> <span class='ocrx_word' id='word_1_269' title='bbox 2285 1255 2509 1326; x_wconf 88' lang='lat' dir='ltr'><strong>gremio</strong></span> <span class='ocrx_word' id='word_1_270' title='bbox 2525 1257 2916 1322; x_wconf 89' lang='lat' dir='ltr'><strong>confoventes,</strong></span> <span class='ocrx_word' id='word_1_271' title='bbox 2947 1249 3256 1328; x_wconf 62' lang='lat' dir='ltr'><strong>praesentis</strong></span> <span class='ocrx_word' id='word_1_272' title='bbox 3276 1256 3558 1329; x_wconf 87' lang='lat' dir='ltr'><strong>privilegii</strong></span> <span class='ocrx_word' id='word_1_273' title='bbox 3587 1262 3761 1314; x_wconf 84' lang='lat' dir='ltr'><strong>aucto-</strong></span> 
     </span>
    </p>
   </div>
   <div class='ocr_carea' id='block_1_44' title="bbox 2142 1343 3763 1402">
    <p class='ocr_par' dir='ltr' id='par_1_44' title="bbox 2142 1343 3763 1402">
     <span class='ocr_line' id='line_1_44' title="bbox 2142 1343 3763 1402; baseline 0.002 -4"><span class='ocrx_word' id='word_1_274' title='bbox 2142 1343 2310 1399; x_wconf 89' lang='lat' dir='ltr'><strong>ritate</strong></span> <span class='ocrx_word' id='word_1_275' title='bbox 2343 1343 2670 1400; x_wconf 90' lang='lat' dir='ltr'><strong>munimus.</strong></span> <span class='ocrx_word' id='word_1_276' title='bbox 2721 1344 3052 1400; x_wconf 90' lang='lat' dir='ltr'><strong>Statuimus</strong></span> <span class='ocrx_word' id='word_1_277' title='bbox 3081 1345 3239 1401; x_wconf 90' lang='lat' dir='ltr'><strong>enim</strong></span> <span class='ocrx_word' id='word_1_278' title='bbox 3260 1349 3327 1401; x_wconf 86' lang='lat' dir='ltr'><strong>ut</strong></span> <span class='ocrx_word' id='word_1_279' title='bbox 3374 1345 3588 1402; x_wconf 88' lang='lat' dir='ltr'><strong>nemini</strong></span> <span class='ocrx_word' id='word_1_280' title='bbox 3632 1347 3763 1402; x_wconf 83' lang='lat' dir='ltr'><strong>inter</strong></span> 
     </span>
    </p>
   </div>
   <div class='ocr_carea' id='block_1_45' title="bbox 2141 1431 3762 1506">
    <p class='ocr_par' dir='ltr' id='par_1_45' title="bbox 2141 1431 3762 1506">
     <span class='ocr_line' id='line_1_45' title="bbox 2141 1431 3762 1506; baseline 0.002 -20"><span class='ocrx_word' id='word_1_281' title='bbox 2141 1449 2242 1486; x_wconf 86' lang='lat' dir='ltr'><strong>vos</strong></span> <span class='ocrx_word' id='word_1_282' title='bbox 2260 1431 2619 1502; x_wconf 87' lang='lat' dir='ltr'><strong>professione</strong></span> <span class='ocrx_word' id='word_1_283' title='bbox 2651 1431 2912 1488; x_wconf 86' lang='lat' dir='ltr'><strong>exhibita</strong></span> <span class='ocrx_word' id='word_1_284' title='bbox 2946 1433 3248 1504; x_wconf 90' lang='lat' dir='ltr'><strong>proprium</strong></span> <span class='ocrx_word' id='word_1_285' title='bbox 3263 1433 3403 1506; x_wconf 89' lang='lat' dir='ltr'><strong>quid</strong></span> <span class='ocrx_word' id='word_1_286' title='bbox 3421 1434 3642 1498; x_wconf 88' lang='lat' dir='ltr'><strong>habere,</strong></span> <span class='ocrx_word' id='word_1_287' title='bbox 3671 1450 3762 1490; x_wconf 86' lang='lat' dir='ltr'><strong>nec</strong></span> 
     </span>
    </p>
   </div>
   <div class='ocr_carea' id='block_1_46' title="bbox 2143 1519 3757 1594">
    <p class='ocr_par' dir='ltr' id='par_1_46' title="bbox 2143 1519 3757 1594">
     <span class='ocr_line' id='line_1_46' title="bbox 2143 1519 3757 1594; baseline 0.003 -21"><span class='ocrx_word' id='word_1_288' title='bbox 2143 1519 2268 1574; x_wconf 88' lang='lat' dir='ltr'><strong>sine</strong></span> <span class='ocrx_word' id='word_1_289' title='bbox 2302 1525 2421 1584; x_wconf 89' lang='lat' dir='ltr'><strong>tua,</strong></span> <span class='ocrx_word' id='word_1_290' title='bbox 2459 1519 2536 1572; x_wconf 81' lang='lat' dir='ltr'><strong>tili</strong></span> <span class='ocrx_word' id='word_1_291' title='bbox 2577 1519 2816 1574; x_wconf 85' lang='lat' dir='ltr'><strong>Arberte</strong></span> <span class='ocrx_word' id='word_1_292' title='bbox 2837 1520 3008 1586; x_wconf 89' lang='lat' dir='ltr'><strong>abba,</strong></span> <span class='ocrx_word' id='word_1_293' title='bbox 3043 1526 3100 1576; x_wconf 92' lang='lat' dir='ltr'><strong>et</strong></span> <span class='ocrx_word' id='word_1_294' title='bbox 3126 1537 3332 1576; x_wconf 89' lang='lat' dir='ltr'><strong>eorum</strong></span> <span class='ocrx_word' id='word_1_295' title='bbox 3365 1521 3463 1594; x_wconf 91' lang='lat' dir='ltr'><strong>qui</strong></span> <span class='ocrx_word' id='word_1_296' title='bbox 3494 1527 3618 1594; x_wconf 87' lang='lat' dir='ltr'><strong>post</strong></span> <span class='ocrx_word' id='word_1_297' title='bbox 3643 1524 3757 1578; x_wconf 88' lang='lat' dir='ltr'><strong>tein</strong></span> 
     </span>
    </p>
   </div>
   <div class='ocr_carea' id='block_1_47' title="bbox 2142 1607 3758 1676">
    <p class='ocr_par' dir='ltr' id='par_1_47' title="bbox 2142 1607 3758 1676">
     <span class='ocr_line' id='line_1_47' title="bbox 2142 1607 3758 1676; baseline 0.004 -17"><span class='ocrx_word' id='word_1_298' title='bbox 2142 1607 2342 1660; x_wconf 74' lang='lat' dir='ltr'><strong>eodem</strong></span> <span class='ocrx_word' id='word_1_299' title='bbox 2381 1607 2661 1676; x_wconf 84' lang='lat' dir='ltr'><strong>regimine</strong></span> <span class='ocrx_word' id='word_1_300' title='bbox 2711 1609 3120 1676; x_wconf 79' lang='lat' dir='ltr'><strong>successerint,</strong></span> <span class='ocrx_word' id='word_1_301' title='bbox 3155 1614 3258 1664; x_wconf 89' lang='lat' dir='ltr'><strong>aut</strong></span> <span class='ocrx_word' id='word_1_302' title='bbox 3305 1609 3434 1666; x_wconf 90' lang='lat' dir='ltr'><strong>sine</strong></span> <span class='ocrx_word' id='word_1_303' title='bbox 3489 1611 3758 1667; x_wconf 88' lang='lat' dir='ltr'><strong>communi</strong></span> 
     </span>
    </p>
   </div>
   <div class='ocr_carea' id='block_1_48' title="bbox 2143 1694 3764 1766">
    <p class='ocr_par' dir='ltr' id='par_1_48' title="bbox 2143 1694 3764 1766">
     <span class='ocr_line' id='line_1_48' title="bbox 2143 1694 3764 1766; baseline 0.004 -18"><span class='ocrx_word' id='word_1_304' title='bbox 2143 1695 2612 1766; x_wconf 85' lang='lat' dir='ltr'><strong>congregationis</strong></span> <span class='ocrx_word' id='word_1_305' title='bbox 2630 1694 2866 1750; x_wconf 86' lang='lat' dir='ltr'><strong>licentia</strong></span> <span class='ocrx_word' id='word_1_306' title='bbox 2879 1697 2951 1752; x_wconf 90' lang='lat' dir='ltr'><strong>de</strong></span> <span class='ocrx_word' id='word_1_307' title='bbox 2966 1695 3223 1753; x_wconf 86' lang='lat' dir='ltr'><strong>claustro</strong></span> <span class='ocrx_word' id='word_1_308' title='bbox 3235 1697 3764 1755; x_wconf 88' lang='lat' dir='ltr'><strong>discedereliberum</strong></span> 
     </span>
    </p>
   </div>
   <div class='ocr_carea' id='block_1_49' title="bbox 2145 1781 3762 1849">
    <p class='ocr_par' dir='ltr' id='par_1_49' title="bbox 2145 1781 3762 1849">
     <span class='ocr_line' id='line_1_49' title="bbox 2145 1781 3762 1849; baseline 0.006 -13"><span class='ocrx_word' id='word_1_309' title='bbox 2145 1781 2260 1849; x_wconf 88' lang='lat' dir='ltr'><strong>sit;</strong></span> <span class='ocrx_word' id='word_1_310' title='bbox 2295 1788 2352 1837; x_wconf 89' lang='lat' dir='ltr'><strong>et</strong></span> <span class='ocrx_word' id='word_1_311' title='bbox 2383 1782 2430 1838; x_wconf 88' lang='lat' dir='ltr'><strong>si</strong></span> <span class='ocrx_word' id='word_1_312' title='bbox 2466 1784 2804 1848; x_wconf 85' lang='lat' dir='ltr'><strong>decesserit,</strong></span> <span class='ocrx_word' id='word_1_313' title='bbox 2820 1791 2876 1838; x_wconf 92' lang='lat' dir='ltr'><strong>et</strong></span> <span class='ocrx_word' id='word_1_314' title='bbox 2907 1785 3301 1842; x_wconf 89' lang='lat' dir='ltr'><strong>commonitus</strong></span> <span class='ocrx_word' id='word_1_315' title='bbox 3333 1787 3520 1843; x_wconf 87' lang='lat' dir='ltr'><strong>redire</strong></span> <span class='ocrx_word' id='word_1_316' title='bbox 3537 1791 3762 1844; x_wconf 86' lang='lat' dir='ltr'><strong>contem-</strong></span> 
     </span>
    </p>
   </div>
   <div class='ocr_carea' id='block_1_50' title="bbox 2148 1870 3763 1948">
    <p class='ocr_par' dir='ltr' id='par_1_50' title="bbox 2148 1870 3763 1948">
     <span class='ocr_line' id='line_1_50' title="bbox 2148 1870 3763 1948; baseline 0.005 -23"><span class='ocrx_word' id='word_1_317' title='bbox 2148 1870 2350 1940; x_wconf 86' lang='lat' dir='ltr'><strong>pserit,</strong></span> <span class='ocrx_word' id='word_1_318' title='bbox 2385 1871 2486 1925; x_wconf 82' lang='lat' dir='ltr'><strong>tibi</strong></span> <span class='ocrx_word' id='word_1_319' title='bbox 2523 1872 2754 1943; x_wconf 79' lang='lat' dir='ltr'><strong>tuisque</strong></span> <span class='ocrx_word' id='word_1_320' title='bbox 2785 1872 3224 1930; x_wconf 87' lang='lat' dir='ltr'><strong>successoribus</strong></span> <span class='ocrx_word' id='word_1_321' title='bbox 3257 1874 3506 1932; x_wconf 80' lang='lat' dir='ltr'><strong>facultas</strong></span> <span class='ocrx_word' id='word_1_322' title='bbox 3535 1877 3608 1932; x_wconf 87' lang='lat' dir='ltr'><strong>sit</strong></span> <span class='ocrx_word' id='word_1_323' title='bbox 3631 1879 3763 1948; x_wconf 87' lang='lat' dir='ltr'><strong>ejus-</strong></span> 
     </span>
    </p>
   </div>
   <div class='ocr_carea' id='block_1_51' title="bbox 2149 1958 3764 2022">
    <p class='ocr_par' dir='ltr' id='par_1_51' title="bbox 2149 1958 3764 2022">
     <span class='ocr_line' id='line_1_51' title="bbox 2149 1958 3764 2022; baseline 0.006 -10"><span class='ocrx_word' id='word_1_324' title='bbox 2149 1959 2302 2012; x_wconf 81' lang='lat' dir='ltr'><strong>modi</strong></span> <span class='ocrx_word' id='word_1_325' title='bbox 2323 1958 2747 2015; x_wconf 80' lang='lat' dir='ltr'><strong>ubilibetasuis</strong></span> <span class='ocrx_word' id='word_1_326' title='bbox 2774 1960 2982 2017; x_wconf 82' lang='lat' dir='ltr'><strong>officiis</strong></span> <span class='ocrx_word' id='word_1_327' title='bbox 3010 1961 3388 2020; x_wconf 88' lang='lat' dir='ltr'><strong>interdicere:</strong></span> <span class='ocrx_word' id='word_1_328' title='bbox 3423 1965 3764 2022; x_wconf 80' lang='lat' dir='ltr'><strong>interdictum</strong></span> 
     </span>
    </p>
   </div>
   <div class='ocr_carea' id='block_1_52' title="bbox 2147 2047 3765 2126">
    <p class='ocr_par' dir='ltr' id='par_1_52' title="bbox 2147 2047 3765 2126">
     <span class='ocr_line' id='line_1_52' title="bbox 2147 2047 3765 2126; baseline 0.006 -25"><span class='ocrx_word' id='word_1_329' title='bbox 2147 2063 2280 2101; x_wconf 92' lang='lat' dir='ltr'><strong>vero</strong></span> <span class='ocrx_word' id='word_1_330' title='bbox 2309 2047 2508 2104; x_wconf 86' lang='lat' dir='ltr'><strong>nullus</strong></span> <span class='ocrx_word' id='word_1_331' title='bbox 2524 2050 2934 2120; x_wconf 87' lang='lat' dir='ltr'><strong>episcoporum</strong></span> <span class='ocrx_word' id='word_1_332' title='bbox 2953 2050 3303 2107; x_wconf 89' lang='lat' dir='ltr'><strong>abbatumve</strong></span> <span class='ocrx_word' id='word_1_333' title='bbox 3329 2053 3622 2126; x_wconf 88' lang='lat' dir='ltr'><strong>suscipiat.</strong></span> <span class='ocrx_word' id='word_1_334' title='bbox 3645 2054 3765 2110; x_wconf 69' lang='lat' dir='ltr'><strong>Prie-</strong></span> 
     </span>
    </p>
   </div>
   <div class='ocr_carea' id='block_1_53' title="bbox 2149 2137 3765 2214">
    <p class='ocr_par' dir='ltr' id='par_1_53' title="bbox 2149 2137 3765 2214">
     <span class='ocr_line' id='line_1_53' title="bbox 2149 2137 3765 2214; baseline 0.005 -24"><span class='ocrx_word' id='word_1_335' title='bbox 2149 2138 2306 2192; x_wconf 89' lang='lat' dir='ltr'><strong>terea</strong></span> <span class='ocrx_word' id='word_1_336' title='bbox 2323 2154 2427 2208; x_wconf 87' lang='lat' dir='ltr'><strong>per</strong></span> <span class='ocrx_word' id='word_1_337' title='bbox 2442 2137 2747 2208; x_wconf 73' lang='lat' dir='ltr'><strong>praesentis</strong></span> <span class='ocrx_word' id='word_1_338' title='bbox 2763 2137 2977 2194; x_wconf 88' lang='lat' dir='ltr'><strong>decreti</strong></span> <span class='ocrx_word' id='word_1_339' title='bbox 2995 2140 3271 2212; x_wconf 88' lang='lat' dir='ltr'><strong>paginam</strong></span> <span class='ocrx_word' id='word_1_340' title='bbox 3299 2141 3616 2214; x_wconf 87' lang='lat' dir='ltr'><strong>apostolica</strong></span> <span class='ocrx_word' id='word_1_341' title='bbox 3628 2143 3765 2200; x_wconf 80' lang='lat' dir='ltr'><strong>vobis</strong></span> 
     </span>
    </p>
   </div>
   <div class='ocr_carea' id='block_1_54' title="bbox 2152 2225 3769 2288">
    <p class='ocr_par' dir='ltr' id='par_1_54' title="bbox 2152 2225 3769 2288">
     <span class='ocr_line' id='line_1_54' title="bbox 2152 2225 3769 2288; baseline 0.006 -10"><span class='ocrx_word' id='word_1_342' title='bbox 2152 2225 2500 2280; x_wconf 88' lang='lat' dir='ltr'><strong>auctoritate</strong></span> <span class='ocrx_word' id='word_1_343' title='bbox 2527 2226 2834 2282; x_wconf 82' lang='lat' dir='ltr'><strong>firmamus</strong></span> <span class='ocrx_word' id='word_1_344' title='bbox 2855 2227 3162 2284; x_wconf 89' lang='lat' dir='ltr'><strong>ecclesiam</strong></span> <span class='ocrx_word' id='word_1_345' title='bbox 3181 2232 3410 2286; x_wconf 68' lang='lat' dir='ltr'><strong>Sancta:</strong></span> <span class='ocrx_word' id='word_1_346' title='bbox 3429 2231 3614 2287; x_wconf 66' lang='lat' dir='ltr'><strong>Mariae</strong></span> <span class='ocrx_word' id='word_1_347' title='bbox 3641 2232 3769 2288; x_wconf 76' lang='lat' dir='ltr'><strong>infra</strong></span> 
     </span>
    </p>
   </div>
   <div class='ocr_carea' id='block_1_55' title="bbox 2151 2312 3769 2386">
    <p class='ocr_par' dir='ltr' id='par_1_55' title="bbox 2151 2312 3769 2386">
     <span class='ocr_line' id='line_1_55' title="bbox 2151 2312 3769 2386; baseline 0.006 -19"><span class='ocrx_word' id='word_1_348' title='bbox 2151 2312 2356 2368; x_wconf 90' lang='lat' dir='ltr'><strong>urbem</strong></span> <span class='ocrx_word' id='word_1_349' title='bbox 2387 2313 2838 2386; x_wconf 86' lang='lat' dir='ltr'><strong>Lugdunensem</strong></span> <span class='ocrx_word' id='word_1_350' title='bbox 2864 2333 2878 2382; x_wconf 92' lang='lat'><strong>;</strong></span> <span class='ocrx_word' id='word_1_351' title='bbox 2899 2315 3204 2372; x_wconf 88' lang='lat' dir='ltr'><strong>ecclesiam</strong></span> <span class='ocrx_word' id='word_1_352' title='bbox 3233 2317 3438 2375; x_wconf 86' lang='lat' dir='ltr'><strong>Sancti</strong></span> <span class='ocrx_word' id='word_1_353' title='bbox 3459 2321 3604 2376; x_wconf 87' lang='lat' dir='ltr'><strong>Petri</strong></span> <span class='ocrx_word' id='word_1_354' title='bbox 3623 2337 3769 2377; x_wconf 85' lang='lat' dir='ltr'><strong>secus</strong></span> 
     </span>
    </p>
   </div>
   <div class='ocr_carea' id='block_1_56' title="bbox 2149 2400 3766 2480">
    <p class='ocr_par' dir='ltr' id='par_1_56' title="bbox 2149 2400 3766 2480">
     <span class='ocr_line' id='line_1_56' title="bbox 2149 2400 3766 2480; baseline 0.006 -24"><span class='ocrx_word' id='word_1_355' title='bbox 2149 2400 2339 2470; x_wconf 81' lang='lat' dir='ltr'><strong>Diam,</strong></span> <span class='ocrx_word' id='word_1_356' title='bbox 2371 2401 2676 2458; x_wconf 87' lang='lat' dir='ltr'><strong>ecclesiam</strong></span> <span class='ocrx_word' id='word_1_357' title='bbox 2725 2403 2988 2460; x_wconf 87' lang='lat' dir='ltr'><strong>S.Jacobi</strong></span> <span class='ocrx_word' id='word_1_358' title='bbox 3037 2405 3109 2461; x_wconf 89' lang='lat' dir='ltr'><strong>de</strong></span> <span class='ocrx_word' id='word_1_359' title='bbox 3161 2405 3464 2480; x_wconf 86' lang='lat' dir='ltr'><strong>Melgorio,</strong></span> <span class='ocrx_word' id='word_1_360' title='bbox 3495 2408 3766 2466; x_wconf 84' lang='lat' dir='ltr'><strong>ecclesiam</strong></span> 
     </span>
    </p>
   </div>
   <div class='ocr_carea' id='block_1_57' title="bbox 2150 2488 3766 2571">
    <p class='ocr_par' dir='ltr' id='par_1_57' title="bbox 2150 2488 3766 2571">
     <span class='ocr_line' id='line_1_57' title="bbox 2150 2488 3766 2571; baseline 0.007 -28"><span class='ocrx_word' id='word_1_361' title='bbox 2150 2488 2221 2544; x_wconf 90' lang='lat' dir='ltr'><strong>de</strong></span> <span class='ocrx_word' id='word_1_362' title='bbox 2247 2489 2425 2555; x_wconf 84' lang='lat' dir='ltr'><strong>Buxa,</strong></span> <span class='ocrx_word' id='word_1_363' title='bbox 2454 2489 2762 2547; x_wconf 85' lang='lat' dir='ltr'><strong>ecclesiam</strong></span> <span class='ocrx_word' id='word_1_364' title='bbox 2801 2493 2875 2548; x_wconf 89' lang='lat' dir='ltr'><strong>de</strong></span> <span class='ocrx_word' id='word_1_365' title='bbox 2907 2493 3110 2561; x_wconf 90' lang='lat' dir='ltr'><strong>Turre,</strong></span> <span class='ocrx_word' id='word_1_366' title='bbox 3143 2494 3454 2554; x_wconf 85' lang='lat' dir='ltr'><strong>ecclesiam</strong></span> <span class='ocrx_word' id='word_1_367' title='bbox 3485 2497 3553 2554; x_wconf 89' lang='lat' dir='ltr'><strong>de</strong></span> <span class='ocrx_word' id='word_1_368' title='bbox 3578 2498 3766 2571; x_wconf 83' lang='lat' dir='ltr'><strong>Caney-</strong></span> 
     </span>
    </p>
   </div>
   <div class='ocr_carea' id='block_1_58' title="bbox 2151 2577 3767 2649">
    <p class='ocr_par' dir='ltr' id='par_1_58' title="bbox 2151 2577 3767 2649">
     <span class='ocr_line' id='line_1_58' title="bbox 2151 2577 3767 2649; baseline 0.007 -17"><span class='ocrx_word' id='word_1_369' title='bbox 2151 2593 2273 2648; x_wconf 82' lang='lat' dir='ltr'><strong>rag,</strong></span> <span class='ocrx_word' id='word_1_370' title='bbox 2306 2577 2609 2634; x_wconf 86' lang='lat' dir='ltr'><strong>ecclesiam</strong></span> <span class='ocrx_word' id='word_1_371' title='bbox 2639 2579 2710 2635; x_wconf 92' lang='lat' dir='ltr'><strong>de</strong></span> <span class='ocrx_word' id='word_1_372' title='bbox 2739 2579 2982 2649; x_wconf 90' lang='lat' dir='ltr'><strong>Venees,</strong></span> <span class='ocrx_word' id='word_1_373' title='bbox 3014 2583 3322 2640; x_wconf 82' lang='lat' dir='ltr'><strong>ecclesiam</strong></span> <span class='ocrx_word' id='word_1_374' title='bbox 3349 2585 3422 2643; x_wconf 90' lang='lat' dir='ltr'><strong>de</strong></span> <span class='ocrx_word' id='word_1_375' title='bbox 3448 2589 3767 2643; x_wconf 78' lang='lat' dir='ltr'><strong>Armazana-</strong></span> 
     </span>
    </p>
   </div>
   <div class='ocr_carea' id='block_1_59' title="bbox 2149 2666 3770 2745">
    <p class='ocr_par' dir='ltr' id='par_1_59' title="bbox 2149 2666 3770 2745">
     <span class='ocr_line' id='line_1_59' title="bbox 2149 2666 3770 2745; baseline 0.007 -26"><span class='ocrx_word' id='word_1_376' title='bbox 2149 2682 2248 2722; x_wconf 89' lang='lat' dir='ltr'><strong>zas</strong></span> <span class='ocrx_word' id='word_1_377' title='bbox 2278 2683 2410 2721; x_wconf 88' lang='lat' dir='ltr'><strong>cum</strong></span> <span class='ocrx_word' id='word_1_378' title='bbox 2442 2666 2682 2738; x_wconf 91' lang='lat' dir='ltr'><strong>capella,</strong></span> <span class='ocrx_word' id='word_1_379' title='bbox 2716 2669 3022 2726; x_wconf 88' lang='lat' dir='ltr'><strong>ecclesiam</strong></span> <span class='ocrx_word' id='word_1_380' title='bbox 3074 2671 3148 2728; x_wconf 91' lang='lat' dir='ltr'><strong>de</strong></span> <span class='ocrx_word' id='word_1_381' title='bbox 3192 2675 3474 2745; x_wconf 87' lang='lat' dir='ltr'><strong>Boterita,</strong></span> <span class='ocrx_word' id='word_1_382' title='bbox 3505 2680 3560 2731; x_wconf 88' lang='lat' dir='ltr'><strong>et</strong></span> <span class='ocrx_word' id='word_1_383' title='bbox 3595 2675 3770 2732; x_wconf 87' lang='lat' dir='ltr'><strong>omnia</strong></span> 
     </span>
    </p>
   </div>
   <div class='ocr_carea' id='block_1_60' title="bbox 2151 2755 3766 2835">
    <p class='ocr_par' dir='ltr' id='par_1_60' title="bbox 2151 2755 3766 2835">
     <span class='ocr_line' id='line_1_60' title="bbox 2151 2755 3766 2835; baseline 0.006 -27"><span class='ocrx_word' id='word_1_384' title='bbox 2151 2755 2547 2826; x_wconf 67' lang='lat' dir='ltr'><strong>quaeepiscOpi</strong></span> <span class='ocrx_word' id='word_1_385' title='bbox 2583 2757 3003 2814; x_wconf 86' lang='lat' dir='ltr'><strong>Avenionensis</strong></span> <span class='ocrx_word' id='word_1_386' title='bbox 3017 2759 3372 2818; x_wconf 88' lang='lat' dir='ltr'><strong>Benedictus</strong></span> <span class='ocrx_word' id='word_1_387' title='bbox 3399 2763 3766 2835; x_wconf 83' lang='lat' dir='ltr'><strong>Rostagnuset</strong></span> 
     </span>
    </p>
   </div>
   <div class='ocr_carea' id='block_1_61' title="bbox 2149 2841 3765 2908">
    <p class='ocr_par' dir='ltr' id='par_1_61' title="bbox 2149 2841 3765 2908">
     <span class='ocr_line' id='line_1_61' title="bbox 2149 2841 3765 2908; baseline 0.008 -12"><span class='ocrx_word' id='word_1_388' title='bbox 2149 2841 2462 2898; x_wconf 88' lang='lat' dir='ltr'><strong>Gibillinus</strong></span> <span class='ocrx_word' id='word_1_389' title='bbox 2511 2849 2712 2900; x_wconf 71' lang='lat' dir='ltr'><strong>vestra:</strong></span> <span class='ocrx_word' id='word_1_390' title='bbox 2771 2844 3034 2903; x_wconf 68' lang='lat' dir='ltr'><strong>Ecclesia:</strong></span> <span class='ocrx_word' id='word_1_391' title='bbox 3093 2849 3488 2908; x_wconf 87' lang='lat' dir='ltr'><strong>contulerunt.</strong></span> <span class='ocrx_word' id='word_1_392' title='bbox 3538 2853 3614 2908; x_wconf 81' lang='lat' dir='ltr'><strong>Ad</strong></span> <span class='ocrx_word' id='word_1_393' title='bbox 3662 2851 3765 2908; x_wconf 60' lang='lat' dir='ltr'><strong>haec</strong></span> 
     </span>
    </p>
   </div>
   <div class='ocr_carea' id='block_1_62' title="bbox 2150 2929 3768 3008">
    <p class='ocr_par' dir='ltr' id='par_1_62' title="bbox 2150 2929 3768 3008">
     <span class='ocr_line' id='line_1_62' title="bbox 2150 2929 3768 3008; baseline 0.007 -22"><span class='ocrx_word' id='word_1_394' title='bbox 2150 2929 2326 2986; x_wconf 91' lang='lat' dir='ltr'><strong>etiam</strong></span> <span class='ocrx_word' id='word_1_395' title='bbox 2357 2930 2669 3001; x_wconf 83' lang='lat' dir='ltr'><strong>adjicimus</strong></span> <span class='ocrx_word' id='word_1_396' title='bbox 2702 2937 2766 2988; x_wconf 90' lang='lat' dir='ltr'><strong>ut</strong></span> <span class='ocrx_word' id='word_1_397' title='bbox 2793 2950 3155 3008; x_wconf 67' lang='lat' dir='ltr'><strong>quascunque</strong></span> <span class='ocrx_word' id='word_1_398' title='bbox 3195 2936 3372 2995; x_wconf 86' lang='lat' dir='ltr'><strong>hodie</strong></span> <span class='ocrx_word' id='word_1_399' title='bbox 3399 2946 3650 2997; x_wconf 90' lang='lat' dir='ltr'><strong>vestrum</strong></span> <span class='ocrx_word' id='word_1_400' title='bbox 3676 2957 3768 2996; x_wconf 69' lang='lat' dir='ltr'><strong>cm-</strong></span> 
     </span>
    </p>
   </div>
   <div class='ocr_carea' id='block_1_63' title="bbox 2151 3018 3768 3092">
    <p class='ocr_par' dir='ltr' id='par_1_63' title="bbox 2151 3018 3768 3092">
     <span class='ocr_line' id='line_1_63' title="bbox 2151 3018 3768 3092; baseline 0.007 -19"><span class='ocrx_word' id='word_1_401' title='bbox 2151 3018 2395 3074; x_wconf 89' lang='lat' dir='ltr'><strong>nobium</strong></span> <span class='ocrx_word' id='word_1_402' title='bbox 2418 3019 2579 3090; x_wconf 86' lang='lat' dir='ltr'><strong>juste</strong></span> <span class='ocrx_word' id='word_1_403' title='bbox 2611 3020 3011 3092; x_wconf 90' lang='lat' dir='ltr'><strong>possidet,sive</strong></span> <span class='ocrx_word' id='word_1_404' title='bbox 3039 3023 3101 3078; x_wconf 92' lang='lat' dir='ltr'><strong>in</strong></span> <span class='ocrx_word' id='word_1_405' title='bbox 3132 3023 3402 3084; x_wconf 89' lang='lat' dir='ltr'><strong>futurum</strong></span> <span class='ocrx_word' id='word_1_406' title='bbox 3425 3028 3768 3086; x_wconf 87' lang='lat' dir='ltr'><strong>concessione</strong></span> 
     </span>
    </p>
   </div>
   <div class='ocr_carea' id='block_1_64' title="bbox 2153 3107 3768 3187">
    <p class='ocr_par' dir='ltr' id='par_1_64' title="bbox 2153 3107 3768 3187">
     <span class='ocr_line' id='line_1_64' title="bbox 2153 3107 3768 3187; baseline 0.007 -26"><span class='ocrx_word' id='word_1_407' title='bbox 2153 3107 2492 3178; x_wconf 83' lang='lat' dir='ltr'><strong>pontiﬁcum</strong></span> <span class='ocrx_word' id='word_1_408' title='bbox 2544 3107 2888 3166; x_wconf 89' lang='lat' dir='ltr'><strong>liberalitate</strong></span> <span class='ocrx_word' id='word_1_409' title='bbox 2964 3112 3318 3187; x_wconf 88' lang='lat' dir='ltr'><strong>principum,</strong></span> <span class='ocrx_word' id='word_1_410' title='bbox 3383 3123 3441 3172; x_wconf 90' lang='lat' dir='ltr'><strong>et</strong></span> <span class='ocrx_word' id='word_1_411' title='bbox 3505 3118 3768 3175; x_wconf 86' lang='lat' dir='ltr'><strong>oblatione</strong></span> 
     </span>
    </p>
   </div>
   <div class='ocr_carea' id='block_1_65' title="bbox 402 3185 3768 3278">
    <p class='ocr_par' dir='ltr' id='par_1_65' title="bbox 402 3185 3768 3278">
     <span class='ocr_line' id='line_1_65' title="bbox 402 3185 3768 3278; baseline 0.003 -27"><span class='ocrx_word' id='word_1_412' title='bbox 402 3198 815 3264; x_wconf 84' lang='lat' dir='ltr'><strong>emendaverit,</strong></span> <span class='ocrx_word' id='word_1_413' title='bbox 857 3197 1162 3268; x_wconf 86' lang='lat' dir='ltr'><strong>potestatis</strong></span> <span class='ocrx_word' id='word_1_414' title='bbox 1219 3197 1571 3270; x_wconf 86' lang='lat' dir='ltr'><strong>honorisque</strong></span> <span class='ocrx_word' id='word_1_415' title='bbox 1617 3197 1708 3254; x_wconf 87' lang='lat' dir='ltr'><strong>sui</strong></span> <span class='ocrx_word' id='word_1_416' title='bbox 1758 3199 2042 3272; x_wconf 82' lang='lat' dir='ltr'><strong>dignitate</strong></span> <span class='ocrx_word' id='word_1_417' title='bbox 2072 3185 2115 3254; x_wconf 87' lang='lat' dir='ltr'><strong>C</strong></span> <span class='ocrx_word' id='word_1_418' title='bbox 2151 3194 2413 3250; x_wconf 78' lang='lat' dir='ltr'><strong>fidelium</strong></span> <span class='ocrx_word' id='word_1_419' title='bbox 2436 3197 2600 3268; x_wconf 86' lang='lat' dir='ltr'><strong>juste</strong></span> <span class='ocrx_word' id='word_1_420' title='bbox 2641 3214 2710 3254; x_wconf 86' lang='lat' dir='ltr'><strong>ac</strong></span> <span class='ocrx_word' id='word_1_421' title='bbox 2751 3199 3027 3256; x_wconf 87' lang='lat' dir='ltr'><strong>canonice</strong></span> <span class='ocrx_word' id='word_1_422' title='bbox 3082 3185 3306 3274; x_wconf 77' lang='lat' dir='ltr'><strong>poterit</strong></span> <span class='ocrx_word' id='word_1_423' title='bbox 3339 3206 3598 3278; x_wconf 88' lang='lat' dir='ltr'><strong>adipisci,</strong></span> <span class='ocrx_word' id='word_1_424' title='bbox 3627 3207 3768 3264; x_wconf 87' lang='lat' dir='ltr'><strong>vobis</strong></span> 
     </span>
    </p>
   </div>
   <div class='ocr_carea' id='block_1_66' title="bbox 398 3285 2040 3360">
    <p class='ocr_par' dir='ltr' id='par_1_66' title="bbox 398 3285 2040 3360">
     <span class='ocr_line' id='line_1_66' title="bbox 398 3285 2040 3360; baseline 0 -16"><span class='ocrx_word' id='word_1_425' title='bbox 398 3294 612 3356; x_wconf 87' lang='lat' dir='ltr'><strong>careat,</strong></span> <span class='ocrx_word' id='word_1_426' title='bbox 646 3303 924 3358; x_wconf 90' lang='lat' dir='ltr'><strong>reamque</strong></span> <span class='ocrx_word' id='word_1_427' title='bbox 953 3303 1015 3342; x_wconf 89' lang='lat' dir='ltr'><strong>se</strong></span> <span class='ocrx_word' id='word_1_428' title='bbox 1046 3285 1239 3342; x_wconf 89' lang='lat' dir='ltr'><strong>divino</strong></span> <span class='ocrx_word' id='word_1_429' title='bbox 1262 3287 1487 3358; x_wconf 90' lang='lat' dir='ltr'><strong>judicio</strong></span> <span class='ocrx_word' id='word_1_430' title='bbox 1535 3287 1780 3344; x_wconf 87' lang='lat' dir='ltr'><strong>existere</strong></span> <span class='ocrx_word' id='word_1_431' title='bbox 1809 3288 1880 3344; x_wconf 90' lang='lat' dir='ltr'><strong>de</strong></span> <span class='ocrx_word' id='word_1_432' title='bbox 1912 3305 2040 3360; x_wconf 86' lang='lat' dir='ltr'><strong>per-</strong></span> 
     </span>
    </p>
   </div>
   <div class='ocr_carea' id='block_1_67' title="bbox 396 3375 2042 3450">
    <p class='ocr_par' dir='ltr' id='par_1_67' title="bbox 396 3375 2042 3450">
     <span class='ocr_line' id='line_1_67' title="bbox 396 3375 2042 3450; baseline -0.001 -16"><span class='ocrx_word' id='word_1_433' title='bbox 396 3381 623 3450; x_wconf 90' lang='lat' dir='ltr'><strong>petrata</strong></span> <span class='ocrx_word' id='word_1_434' title='bbox 644 3375 955 3448; x_wconf 88' lang='lat' dir='ltr'><strong>iniquitate</strong></span> <span class='ocrx_word' id='word_1_435' title='bbox 973 3379 1305 3447; x_wconf 87' lang='lat' dir='ltr'><strong>cognoscat,</strong></span> <span class='ocrx_word' id='word_1_436' title='bbox 1321 3393 1354 3431; x_wconf 91' lang='lat' dir='ltr'><strong>a</strong></span> <span class='ocrx_word' id='word_1_437' title='bbox 1381 3376 1780 3432; x_wconf 87' lang='lat' dir='ltr'><strong>sacratissimo</strong></span> <span class='ocrx_word' id='word_1_438' title='bbox 1803 3393 2042 3448; x_wconf 90' lang='lat' dir='ltr'><strong>corpore</strong></span> 
     </span>
    </p>
   </div>
   <div class='ocr_carea' id='block_1_68' title="bbox 397 3463 2039 3539">
    <p class='ocr_par' dir='ltr' id='par_1_68' title="bbox 397 3463 2039 3539">
     <span class='ocr_line' id='line_1_68' title="bbox 397 3463 2039 3539; baseline 0 -17"><span class='ocrx_word' id='word_1_439' title='bbox 397 3471 453 3522; x_wconf 90' lang='lat' dir='ltr'><strong>et</strong></span> <span class='ocrx_word' id='word_1_440' title='bbox 473 3465 759 3539; x_wconf 86' lang='lat' dir='ltr'><strong>sanguine</strong></span> <span class='ocrx_word' id='word_1_441' title='bbox 778 3463 878 3520; x_wconf 90' lang='lat' dir='ltr'><strong>Dei</strong></span> <span class='ocrx_word' id='word_1_442' title='bbox 902 3468 959 3519; x_wconf 91' lang='lat' dir='ltr'><strong>et</strong></span> <span class='ocrx_word' id='word_1_443' title='bbox 986 3465 1210 3519; x_wconf 71' lang='lat' dir='ltr'><strong>Iromini</strong></span> <span class='ocrx_word' id='word_1_444' title='bbox 1261 3465 1665 3537; x_wconf 83' lang='lat' dir='ltr'><strong>Redemptoris</strong></span> <span class='ocrx_word' id='word_1_445' title='bbox 1689 3465 1874 3520; x_wconf 90' lang='lat' dir='ltr'><strong>nostri</strong></span> <span class='ocrx_word' id='word_1_446' title='bbox 1901 3466 2039 3522; x_wconf 85' lang='lat' dir='ltr'><strong>Jesu</strong></span> 
     </span>
    </p>
   </div>
   <div class='ocr_carea' id='block_1_69' title="bbox 395 3553 2039 3616">
    <p class='ocr_par' dir='ltr' id='par_1_69' title="bbox 395 3553 2039 3616">
     <span class='ocr_line' id='line_1_69' title="bbox 395 3553 2039 3616; baseline 0 -6"><span class='ocrx_word' id='word_1_447' title='bbox 395 3555 612 3611; x_wconf 89' lang='lat' dir='ltr'><strong>Christi</strong></span> <span class='ocrx_word' id='word_1_448' title='bbox 635 3553 824 3610; x_wconf 88' lang='lat' dir='ltr'><strong>aliena</strong></span> <span class='ocrx_word' id='word_1_449' title='bbox 847 3553 969 3616; x_wconf 82' lang='lat' dir='ltr'><strong>fiat,</strong></span> <span class='ocrx_word' id='word_1_450' title='bbox 1001 3557 1058 3608; x_wconf 91' lang='lat' dir='ltr'><strong>et</strong></span> <span class='ocrx_word' id='word_1_451' title='bbox 1089 3553 1148 3607; x_wconf 91' lang='lat' dir='ltr'><strong>in</strong></span> <span class='ocrx_word' id='word_1_452' title='bbox 1189 3558 1446 3610; x_wconf 86' lang='lat' dir='ltr'><strong>extremo</strong></span> <span class='ocrx_word' id='word_1_453' title='bbox 1475 3553 1740 3610; x_wconf 87' lang='lat' dir='ltr'><strong>examine</strong></span> <span class='ocrx_word' id='word_1_454' title='bbox 1761 3553 2039 3610; x_wconf 64' lang='lat' dir='ltr'><strong>districta</strong></span> 
     </span>
    </p>
   </div>
   <div class='ocr_carea' id='block_1_70' title="bbox 396 3641 2038 3716">
    <p class='ocr_par' dir='ltr' id='par_1_70' title="bbox 396 3641 2038 3716">
     <span class='ocr_line' id='line_1_70' title="bbox 396 3641 2038 3716; baseline 0 -18"><span class='ocrx_word' id='word_1_455' title='bbox 396 3643 604 3700; x_wconf 89' lang='lat' dir='ltr'><strong>ultioni</strong></span> <span class='ocrx_word' id='word_1_456' title='bbox 618 3643 748 3713; x_wconf 90' lang='lat' dir='ltr'><strong>subj</strong></span> <span class='ocrx_word' id='word_1_457' title='bbox 757 3641 1181 3698; x_wconf 87' lang='lat' dir='ltr'><strong>aceat.Cunctis</strong></span> <span class='ocrx_word' id='word_1_458' title='bbox 1193 3648 1387 3698; x_wconf 86' lang='lat' dir='ltr'><strong>autem</strong></span> <span class='ocrx_word' id='word_1_459' title='bbox 1405 3643 1592 3696; x_wconf 89' lang='lat' dir='ltr'><strong>eidem</strong></span> <span class='ocrx_word' id='word_1_460' title='bbox 1606 3643 2038 3716; x_wconf 90' lang='lat' dir='ltr'><strong>congregationi</strong></span> 
     </span>
    </p>
   </div>
   <div class='ocr_carea' id='block_1_71' title="bbox 387 3729 2038 3805">
    <p class='ocr_par' dir='ltr' id='par_1_71' title="bbox 387 3729 2038 3805">
     <span class='ocr_line' id='line_1_71' title="bbox 387 3729 2038 3805; baseline -0.001 -17"><span class='ocrx_word' id='word_1_461' title='bbox 387 3733 555 3805; x_wconf 87' lang='lat' dir='ltr'><strong>justa</strong></span> <span class='ocrx_word' id='word_1_462' title='bbox 570 3730 938 3787; x_wconf 87' lang='lat' dir='ltr'><strong>servantibus</strong></span> <span class='ocrx_word' id='word_1_463' title='bbox 959 3729 1036 3785; x_wconf 89' lang='lat' dir='ltr'><strong>sit</strong></span> <span class='ocrx_word' id='word_1_464' title='bbox 1056 3747 1166 3802; x_wconf 89' lang='lat' dir='ltr'><strong>pax</strong></span> <span class='ocrx_word' id='word_1_465' title='bbox 1188 3729 1417 3784; x_wconf 88' lang='lat' dir='ltr'><strong>Domini</strong></span> <span class='ocrx_word' id='word_1_466' title='bbox 1442 3729 1620 3784; x_wconf 89' lang='lat' dir='ltr'><strong>nostri</strong></span> <span class='ocrx_word' id='word_1_467' title='bbox 1637 3730 1778 3786; x_wconf 86' lang='lat' dir='ltr'><strong>Jesu</strong></span> <span class='ocrx_word' id='word_1_468' title='bbox 1802 3731 2038 3799; x_wconf 90' lang='lat' dir='ltr'><strong>Christi,</strong></span> 
     </span>
    </p>
   </div>
   <div class='ocr_carea' id='block_1_72' title="bbox 395 3818 2036 3892">
    <p class='ocr_par' dir='ltr' id='par_1_72' title="bbox 395 3818 2036 3892">
     <span class='ocr_line' id='line_1_72' title="bbox 395 3818 2036 3892; baseline 0.001 -17"><span class='ocrx_word' id='word_1_469' title='bbox 395 3825 688 3892; x_wconf 85' lang='lat' dir='ltr'><strong>quatenus</strong></span> <span class='ocrx_word' id='word_1_470' title='bbox 729 3823 786 3873; x_wconf 89' lang='lat' dir='ltr'><strong>et</strong></span> <span class='ocrx_word' id='word_1_471' title='bbox 809 3818 903 3872; x_wconf 88' lang='lat' dir='ltr'><strong>hic</strong></span> <span class='ocrx_word' id='word_1_472' title='bbox 936 3818 1188 3874; x_wconf 89' lang='lat' dir='ltr'><strong>fructum</strong></span> <span class='ocrx_word' id='word_1_473' title='bbox 1223 3819 1386 3873; x_wconf 63' lang='lat' dir='ltr'><strong>bona:</strong></span> <span class='ocrx_word' id='word_1_474' title='bbox 1417 3818 1664 3873; x_wconf 88' lang='lat' dir='ltr'><strong>actionis</strong></span> <span class='ocrx_word' id='word_1_475' title='bbox 1695 3820 2036 3890; x_wconf 86' lang='lat' dir='ltr'><strong>percipiant,</strong></span> 
     </span>
    </p>
   </div>
   <div class='ocr_carea' id='block_1_73' title="bbox 395 3906 2037 3980">
    <p class='ocr_par' dir='ltr' id='par_1_73' title="bbox 395 3906 2037 3980">
     <span class='ocr_line' id='line_1_73' title="bbox 395 3906 2037 3980; baseline 0.001 -16"><span class='ocrx_word' id='word_1_476' title='bbox 395 3913 452 3964; x_wconf 90' lang='lat' dir='ltr'><strong>et</strong></span> <span class='ocrx_word' id='word_1_477' title='bbox 482 3907 635 3980; x_wconf 89' lang='lat' dir='ltr'><strong>apud</strong></span> <span class='ocrx_word' id='word_1_478' title='bbox 669 3906 998 3962; x_wconf 90' lang='lat' dir='ltr'><strong>districtum</strong></span> <span class='ocrx_word' id='word_1_479' title='bbox 1028 3907 1284 3978; x_wconf 90' lang='lat' dir='ltr'><strong>judicem</strong></span> <span class='ocrx_word' id='word_1_480' title='bbox 1337 3907 1576 3978; x_wconf 69' lang='lat' dir='ltr'><strong>praemia</strong></span> <span class='ocrx_word' id='word_1_481' title='bbox 1621 3912 1848 3962; x_wconf 74' lang='lat' dir='ltr'><strong>aeternae</strong></span> <span class='ocrx_word' id='word_1_482' title='bbox 1877 3909 2037 3980; x_wconf 89' lang='lat' dir='ltr'><strong>pacis</strong></span> 
     </span>
    </p>
   </div>
   <div class='ocr_carea' id='block_1_74' title="bbox 395 3995 718 4051">
    <p class='ocr_par' dir='ltr' id='par_1_74' title="bbox 395 3995 718 4051">
     <span class='ocr_line' id='line_1_74' title="bbox 395 3995 718 4051; baseline -0.003 -1"><span class='ocrx_word' id='word_1_483' title='bbox 395 3995 718 4051; x_wconf 87' lang='lat' dir='ltr'><strong>inveniant.</strong></span> 
     </span>
    </p>
   </div>
   <div class='ocr_carea' id='block_1_75' title="bbox 467 4083 2036 4158">
    <p class='ocr_par' dir='ltr' id='par_1_75' title="bbox 467 4083 2036 4158">
     <span class='ocr_line' id='line_1_75' title="bbox 467 4083 2036 4158; baseline 0.003 -20"><span class='ocrx_word' id='word_1_484' title='bbox 467 4084 680 4139; x_wconf 90' lang='lat' dir='ltr'><strong>Datum</strong></span> <span class='ocrx_word' id='word_1_485' title='bbox 709 4084 998 4141; x_wconf 85' lang='lat' dir='ltr'><strong>Avenione</strong></span> <span class='ocrx_word' id='word_1_486' title='bbox 1028 4101 1130 4158; x_wconf 88' lang='lat' dir='ltr'><strong>per</strong></span> <span class='ocrx_word' id='word_1_487' title='bbox 1179 4099 1418 4139; x_wconf 89' lang='lat' dir='ltr'><strong>manum</strong></span> <span class='ocrx_word' id='word_1_488' title='bbox 1467 4083 1732 4152; x_wconf 90' lang='lat' dir='ltr'><strong>Joannis,</strong></span> <span class='ocrx_word' id='word_1_489' title='bbox 1765 4085 2036 4142; x_wconf 68' lang='lat' dir='ltr'><strong>Romanis</strong></span> 
     </span>
    </p>
   </div>
   <div class='ocr_carea' id='block_1_76' title="bbox 396 4171 2033 4242">
    <p class='ocr_par' dir='ltr' id='par_1_76' title="bbox 396 4171 2033 4242">
     <span class='ocr_line' id='line_1_76' title="bbox 396 4171 2033 4242; baseline 0.001 -14"><span class='ocrx_word' id='word_1_490' title='bbox 396 4172 663 4228; x_wconf 83' lang='lat' dir='ltr'><strong>Ecclesiae</strong></span> <span class='ocrx_word' id='word_1_491' title='bbox 688 4173 915 4231; x_wconf 90' lang='lat' dir='ltr'><strong>diaconi</strong></span> <span class='ocrx_word' id='word_1_492' title='bbox 933 4172 1269 4242; x_wconf 88' lang='lat' dir='ltr'><strong>cardinalis,</strong></span> <span class='ocrx_word' id='word_1_493' title='bbox 1293 4188 1404 4227; x_wconf 84' lang='lat' dir='ltr'><strong>xvu</strong></span> <span class='ocrx_word' id='word_1_494' title='bbox 1423 4171 1547 4226; x_wconf 86' lang='lat' dir='ltr'><strong>Kal.</strong></span> <span class='ocrx_word' id='word_1_495' title='bbox 1583 4171 1808 4240; x_wconf 90' lang='lat' dir='ltr'><strong>Octob.,</strong></span> <span class='ocrx_word' id='word_1_496' title='bbox 1833 4173 2033 4230; x_wconf 91' lang='lat' dir='ltr'><strong>indict.</strong></span> 
     </span>
    </p>
   </div>
   <div class='ocr_carea' id='block_1_77' title="bbox 395 4259 2032 4335">
    <p class='ocr_par' dir='ltr' id='par_1_77' title="bbox 395 4259 2032 4335">
     <span class='ocr_line' id='line_1_77' title="bbox 395 4259 2032 4335; baseline 0.002 -19"><span class='ocrx_word' id='word_1_497' title='bbox 395 4279 476 4335; x_wconf 76' lang='lat' dir='ltr'><strong>ni,</strong></span> <span class='ocrx_word' id='word_1_498' title='bbox 513 4278 666 4316; x_wconf 90' lang='lat' dir='ltr'><strong>anno</strong></span> <span class='ocrx_word' id='word_1_499' title='bbox 697 4261 1012 4318; x_wconf 72' lang='lat' dir='ltr'><strong>Dominicze</strong></span> <span class='ocrx_word' id='word_1_500' title='bbox 1061 4259 1482 4316; x_wconf 87' lang='lat' dir='ltr'><strong>Incarnationis</strong></span> <span class='ocrx_word' id='word_1_501' title='bbox 1531 4260 1688 4332; x_wconf 81' lang='grc'><strong>4095,</strong></span> <span class='ocrx_word' id='word_1_502' title='bbox 1735 4263 2032 4334; x_wconf 86' lang='lat' dir='ltr'><strong>pontifica-</strong></span> 
     </span>
    </p>
   </div>
   <div class='ocr_carea' id='block_1_78' title="bbox 393 4351 1595 4421">
    <p class='ocr_par' dir='ltr' id='par_1_78' title="bbox 393 4351 1595 4421">
     <span class='ocr_line' id='line_1_78' title="bbox 393 4351 1595 4421; baseline -0.002 -15"><span class='ocrx_word' id='word_1_503' title='bbox 393 4355 490 4406; x_wconf 88' lang='lat' dir='ltr'><strong>tus</strong></span> <span class='ocrx_word' id='word_1_504' title='bbox 523 4351 720 4406; x_wconf 81' lang='lat' dir='ltr'><strong>domni</strong></span> <span class='ocrx_word' id='word_1_505' title='bbox 753 4351 968 4406; x_wconf 86' lang='lat' dir='ltr'><strong>Urbani</strong></span> <span class='ocrx_word' id='word_1_506' title='bbox 1001 4366 1162 4421; x_wconf 64' lang='lat' dir='ltr'><strong>papas</strong></span> <span class='ocrx_word' id='word_1_507' title='bbox 1193 4365 1346 4404; x_wconf 86' lang='lat' dir='ltr'><strong>anno</strong></span> <span class='ocrx_word' id='word_1_508' title='bbox 1375 4353 1595 4404; x_wconf 86' lang='lat' dir='ltr'><strong>octavo.</strong></span> 
     </span>
    </p>
   </div>
   <div class='ocr_carea' id='block_1_79' title="bbox 1119 4462 1304 4518">
    <p class='ocr_par' dir='ltr' id='par_1_79' title="bbox 1119 4462 1304 4518">
     <span class='ocr_line' id='line_1_79' title="bbox 1119 4462 1304 4518; baseline -0.011 0"><span class='ocrx_word' id='word_1_509' title='bbox 1119 4462 1304 4518; x_wconf 89' lang='lat' dir='ltr'><strong>CLlll.</strong></span> 
     </span>
    </p>
   </div>
   <div class='ocr_carea' id='block_1_80' title="bbox 2149 3283 3768 3378">
    <p class='ocr_par' dir='ltr' id='par_1_80' title="bbox 2149 3283 3768 3378">
     <span class='ocr_line' id='line_1_80' title="bbox 2149 3283 3768 3378; baseline 0.007 -41"><span class='ocrx_word' id='word_1_510' title='bbox 2149 3283 2474 3356; x_wconf 84' lang='lat' dir='ltr'><strong>vestrisque</strong></span> <span class='ocrx_word' id='word_1_511' title='bbox 2504 3286 2969 3353; x_wconf 87' lang='lat' dir='ltr'><strong>successoribus,</strong></span> <span class='ocrx_word' id='word_1_512' title='bbox 3005 3289 3106 3361; x_wconf 91' lang='lat' dir='ltr'><strong>qui</strong></span> <span class='ocrx_word' id='word_1_513' title='bbox 3152 3289 3210 3346; x_wconf 90' lang='lat' dir='ltr'><strong>in</strong></span> <span class='ocrx_word' id='word_1_514' title='bbox 3261 3293 3484 3378; x_wconf 50' lang='lat' dir='ltr'><strong>eadem.</strong></span> <span class='ocrx_word' id='word_1_515' title='bbox 3518 3294 3768 3368; x_wconf 88' lang='lat' dir='ltr'><strong>religione</strong></span> 
     </span>
    </p>
   </div>
   <div class='ocr_carea' id='block_1_81' title="bbox 2149 3373 3766 3456">
    <p class='ocr_par' dir='ltr' id='par_1_81' title="bbox 2149 3373 3766 3456">
     <span class='ocr_line' id='line_1_81' title="bbox 2149 3373 3766 3456; baseline 0.007 -30"><span class='ocrx_word' id='word_1_516' title='bbox 2149 3373 2599 3443; x_wconf 89' lang='lat' dir='ltr'><strong>permanserint,</strong></span> <span class='ocrx_word' id='word_1_517' title='bbox 2633 3373 2861 3448; x_wconf 87' lang='lat' dir='ltr'><strong>integra</strong></span> <span class='ocrx_word' id='word_1_518' title='bbox 2909 3393 3142 3449; x_wconf 90' lang='lat' dir='ltr'><strong>semper</strong></span> <span class='ocrx_word' id='word_1_519' title='bbox 3190 3373 3534 3456; x_wconf 83' lang='lat' dir='ltr'><strong>illibataque</strong></span> <span class='ocrx_word' id='word_1_520' title='bbox 3561 3399 3766 3456; x_wconf 88' lang='lat' dir='ltr'><strong>perma-</strong></span> 
     </span>
    </p>
   </div>
   <div class='ocr_carea' id='block_1_82' title="bbox 2151 3463 3765 3540">
    <p class='ocr_par' dir='ltr' id='par_1_82' title="bbox 2151 3463 3765 3540">
     <span class='ocr_line' id='line_1_82' title="bbox 2151 3463 3765 3540; baseline 0.007 -26"><span class='ocrx_word' id='word_1_521' title='bbox 2151 3465 2344 3516; x_wconf 88' lang='lat' dir='ltr'><strong>neant.</strong></span> <span class='ocrx_word' id='word_1_522' title='bbox 2371 3463 2750 3519; x_wconf 90' lang='lat' dir='ltr'><strong>Decernimus</strong></span> <span class='ocrx_word' id='word_1_523' title='bbox 2780 3479 2918 3536; x_wconf 89' lang='lat' dir='ltr'><strong>ergo</strong></span> <span class='ocrx_word' id='word_1_524' title='bbox 2951 3469 3015 3520; x_wconf 91' lang='lat' dir='ltr'><strong>ut</strong></span> <span class='ocrx_word' id='word_1_525' title='bbox 3045 3465 3191 3522; x_wconf 91' lang='lat' dir='ltr'><strong>nulli</strong></span> <span class='ocrx_word' id='word_1_526' title='bbox 3221 3470 3466 3527; x_wconf 89' lang='lat' dir='ltr'><strong>omnino</strong></span> <span class='ocrx_word' id='word_1_527' title='bbox 3487 3472 3765 3540; x_wconf 87' lang='lat' dir='ltr'><strong>hominum</strong></span> 
     </span>
    </p>
   </div>
   <div class='ocr_carea' id='block_1_83' title="bbox 2147 3547 3768 3632">
    <p class='ocr_par' dir='ltr' id='par_1_83' title="bbox 2147 3547 3768 3632">
     <span class='ocr_line' id='line_1_83' title="bbox 2147 3547 3768 3632; baseline 0.007 -30"><span class='ocrx_word' id='word_1_528' title='bbox 2147 3547 2318 3604; x_wconf 89' lang='lat' dir='ltr'><strong>liceat</strong></span> <span class='ocrx_word' id='word_1_529' title='bbox 2347 3550 2496 3605; x_wconf 89' lang='lat' dir='ltr'><strong>idem</strong></span> <span class='ocrx_word' id='word_1_530' title='bbox 2525 3551 2850 3608; x_wconf 81' lang='lat' dir='ltr'><strong>ccenobium</strong></span> <span class='ocrx_word' id='word_1_531' title='bbox 2885 3559 3101 3611; x_wconf 88' lang='lat' dir='ltr'><strong>temere</strong></span> <span class='ocrx_word' id='word_1_532' title='bbox 3139 3559 3506 3628; x_wconf 88' lang='lat' dir='ltr'><strong>perturbare,</strong></span> <span class='ocrx_word' id='word_1_533' title='bbox 3536 3564 3633 3617; x_wconf 88' lang='lat' dir='ltr'><strong>aut</strong></span> <span class='ocrx_word' id='word_1_534' title='bbox 3657 3560 3768 3632; x_wconf 67' lang='lat' dir='ltr'><strong>eius</strong></span> 
     </span>
    </p>
   </div>
   <div class='ocr_carea' id='block_1_84' title="bbox 2147 3637 3766 3716">
    <p class='ocr_par' dir='ltr' id='par_1_84' title="bbox 2147 3637 3766 3716">
     <span class='ocr_line' id='line_1_84' title="bbox 2147 3637 3766 3716; baseline 0.007 -25"><span class='ocrx_word' id='word_1_535' title='bbox 2147 3637 2550 3708; x_wconf 88' lang='lat' dir='ltr'><strong>possessiones</strong></span> <span class='ocrx_word' id='word_1_536' title='bbox 2583 3639 2829 3707; x_wconf 85' lang='lat' dir='ltr'><strong>auferre,</strong></span> <span class='ocrx_word' id='word_1_537' title='bbox 2855 3642 2940 3697; x_wconf 89' lang='lat' dir='ltr'><strong>vel</strong></span> <span class='ocrx_word' id='word_1_538' title='bbox 2973 3642 3168 3700; x_wconf 88' lang='lat' dir='ltr'><strong>ablata</strong></span> <span class='ocrx_word' id='word_1_539' title='bbox 3205 3646 3476 3716; x_wconf 88' lang='lat' dir='ltr'><strong>retinere,</strong></span> <span class='ocrx_word' id='word_1_540' title='bbox 3507 3649 3766 3716; x_wconf 75' lang='lat' dir='ltr'><strong>minuere,</strong></span> 
     </span>
    </p>
   </div>
   <div class='ocr_carea' id='block_1_85' title="bbox 2147 3724 3768 3806">
    <p class='ocr_par' dir='ltr' id='par_1_85' title="bbox 2147 3724 3768 3806">
     <span class='ocr_line' id='line_1_85' title="bbox 2147 3724 3768 3806; baseline 0.006 -26"><span class='ocrx_word' id='word_1_541' title='bbox 2147 3724 2236 3781; x_wconf 90' lang='lat' dir='ltr'><strong>vel</strong></span> <span class='ocrx_word' id='word_1_542' title='bbox 2287 3728 2614 3784; x_wconf 90' lang='lat' dir='ltr'><strong>temerariis</strong></span> <span class='ocrx_word' id='word_1_543' title='bbox 2666 3730 3068 3787; x_wconf 85' lang='lat' dir='ltr'><strong>vexationibus</strong></span> <span class='ocrx_word' id='word_1_544' title='bbox 3126 3733 3406 3806; x_wconf 87' lang='lat' dir='ltr'><strong>fatigare;</strong></span> <span class='ocrx_word' id='word_1_545' title='bbox 3447 3738 3546 3792; x_wconf 92' lang='lat' dir='ltr'><strong>sed</strong></span> <span class='ocrx_word' id='word_1_546' title='bbox 3592 3735 3768 3792; x_wconf 86' lang='lat' dir='ltr'><strong>omnia</strong></span> 
     </span>
    </p>
   </div>
   <div class='ocr_carea' id='block_1_86' title="bbox 2149 3815 3765 3894">
    <p class='ocr_par' dir='ltr' id='par_1_86' title="bbox 2149 3815 3765 3894">
     <span class='ocr_line' id='line_1_86' title="bbox 2149 3815 3765 3894; baseline 0.007 -25"><span class='ocrx_word' id='word_1_547' title='bbox 2149 3815 2376 3888; x_wconf 89' lang='lat' dir='ltr'><strong>integra</strong></span> <span class='ocrx_word' id='word_1_548' title='bbox 2406 3822 2821 3873; x_wconf 87' lang='lat' dir='ltr'><strong>conserventur</strong></span> <span class='ocrx_word' id='word_1_549' title='bbox 2839 3834 3062 3888; x_wconf 90' lang='lat' dir='ltr'><strong>eorum,</strong></span> <span class='ocrx_word' id='word_1_550' title='bbox 3089 3837 3191 3893; x_wconf 88' lang='lat' dir='ltr'><strong>pro</strong></span> <span class='ocrx_word' id='word_1_551' title='bbox 3212 3839 3466 3894; x_wconf 90' lang='lat' dir='ltr'><strong>quorum</strong></span> <span class='ocrx_word' id='word_1_552' title='bbox 3493 3830 3765 3882; x_wconf 87' lang='lat' dir='ltr'><strong>sustenta-</strong></span> 
     </span>
    </p>
   </div>
   <div class='ocr_carea' id='block_1_87' title="bbox 2147 3904 3766 3981">
    <p class='ocr_par' dir='ltr' id='par_1_87' title="bbox 2147 3904 3766 3981">
     <span class='ocr_line' id='line_1_87' title="bbox 2147 3904 3766 3981; baseline 0.006 -23"><span class='ocrx_word' id='word_1_553' title='bbox 2147 3904 2304 3959; x_wconf 89' lang='lat' dir='ltr'><strong>tione</strong></span> <span class='ocrx_word' id='word_1_554' title='bbox 2333 3907 2390 3960; x_wconf 91' lang='lat' dir='ltr'><strong>et</strong></span> <span class='ocrx_word' id='word_1_555' title='bbox 2419 3905 2840 3977; x_wconf 85' lang='lat' dir='ltr'><strong>gubernatione</strong></span> <span class='ocrx_word' id='word_1_556' title='bbox 2871 3925 3150 3966; x_wconf 90' lang='lat' dir='ltr'><strong>concessa</strong></span> <span class='ocrx_word' id='word_1_557' title='bbox 3179 3917 3339 3981; x_wconf 90' lang='lat' dir='ltr'><strong>sunt,</strong></span> <span class='ocrx_word' id='word_1_558' title='bbox 3374 3915 3577 3971; x_wconf 90' lang='lat' dir='ltr'><strong>usibus</strong></span> <span class='ocrx_word' id='word_1_559' title='bbox 3603 3913 3766 3970; x_wconf 89' lang='lat' dir='ltr'><strong>omni-</strong></span> 
     </span>
    </p>
   </div>
   <div class='ocr_carea' id='block_1_88' title="bbox 2147 3993 3764 4064">
    <p class='ocr_par' dir='ltr' id='par_1_88' title="bbox 2147 3993 3764 4064">
     <span class='ocr_line' id='line_1_88' title="bbox 2147 3993 3764 4064; baseline 0.007 -17"><span class='ocrx_word' id='word_1_560' title='bbox 2147 3993 2337 4048; x_wconf 91' lang='lat' dir='ltr'><strong>modis</strong></span> <span class='ocrx_word' id='word_1_561' title='bbox 2369 3994 2692 4064; x_wconf 86' lang='lat' dir='ltr'><strong>prol‘utura,</strong></span> <span class='ocrx_word' id='word_1_562' title='bbox 2727 3995 2888 4052; x_wconf 90' lang='lat' dir='ltr'><strong>salva</strong></span> <span class='ocrx_word' id='word_1_563' title='bbox 2929 3996 2986 4052; x_wconf 92' lang='lat' dir='ltr'><strong>in</strong></span> <span class='ocrx_word' id='word_1_564' title='bbox 3037 4000 3314 4057; x_wconf 87' lang='lat' dir='ltr'><strong>omnibus</strong></span> <span class='ocrx_word' id='word_1_565' title='bbox 3370 4001 3764 4060; x_wconf 86' lang='lat' dir='ltr'><strong>Avenionensis</strong></span> 
     </span>
    </p>
   </div>
   <div class='ocr_carea' id='block_1_89' title="bbox 2144 4082 3076 4154">
    <p class='ocr_par' dir='ltr' id='par_1_89' title="bbox 2144 4082 3076 4154">
     <span class='ocr_line' id='line_1_89' title="bbox 2144 4082 3076 4154; baseline 0.005 -17"><span class='ocrx_word' id='word_1_566' title='bbox 2144 4082 2402 4154; x_wconf 85' lang='lat' dir='ltr'><strong>episcOpi</strong></span> <span class='ocrx_word' id='word_1_567' title='bbox 2431 4083 2708 4139; x_wconf 89' lang='lat' dir='ltr'><strong>canonica</strong></span> <span class='ocrx_word' id='word_1_568' title='bbox 2737 4087 3076 4143; x_wconf 87' lang='lat' dir='ltr'><strong>reverentia.</strong></span> 
     </span>
    </p>
   </div>
   <div class='ocr_carea' id='block_1_90' title="bbox 2217 4170 3764 4247">
    <p class='ocr_par' dir='ltr' id='par_1_90' title="bbox 2217 4170 3764 4247">
     <span class='ocr_line' id='line_1_90' title="bbox 2217 4170 3764 4247; baseline 0.008 -23"><span class='ocrx_word' id='word_1_569' title='bbox 2217 4170 2428 4226; x_wconf 87' lang='lat' dir='ltr'><strong>Datum</strong></span> <span class='ocrx_word' id='word_1_570' title='bbox 2460 4171 2702 4228; x_wconf 87' lang='lat' dir='ltr'><strong>Tricast.</strong></span> <span class='ocrx_word' id='word_1_571' title='bbox 2729 4190 2832 4246; x_wconf 91' lang='lat' dir='ltr'><strong>per</strong></span> <span class='ocrx_word' id='word_1_572' title='bbox 2861 4191 3100 4231; x_wconf 90' lang='lat' dir='ltr'><strong>manum</strong></span> <span class='ocrx_word' id='word_1_573' title='bbox 3131 4177 3396 4247; x_wconf 86' lang='lat' dir='ltr'><strong>Joannis,</strong></span> <span class='ocrx_word' id='word_1_574' title='bbox 3429 4187 3638 4239; x_wconf 60' lang='lat' dir='ltr'><strong>sanctae</strong></span> <span class='ocrx_word' id='word_1_575' title='bbox 3668 4181 3764 4236; x_wconf 84' lang='lat' dir='ltr'><strong>Ro-</strong></span> 
     </span>
    </p>
   </div>
   <div class='ocr_carea' id='block_1_91' title="bbox 2144 4259 3762 4334">
    <p class='ocr_par' dir='ltr' id='par_1_91' title="bbox 2144 4259 3762 4334">
     <span class='ocr_line' id='line_1_91' title="bbox 2144 4259 3762 4334; baseline 0.006 -20"><span class='ocrx_word' id='word_1_576' title='bbox 2144 4275 2328 4314; x_wconf 72' lang='lat' dir='ltr'><strong>manis</strong></span> <span class='ocrx_word' id='word_1_577' title='bbox 2351 4259 2617 4316; x_wconf 68' lang='lat' dir='ltr'><strong>Ecclesiae</strong></span> <span class='ocrx_word' id='word_1_578' title='bbox 2639 4261 2866 4318; x_wconf 91' lang='lat' dir='ltr'><strong>diaconi</strong></span> <span class='ocrx_word' id='word_1_579' title='bbox 2893 4265 3230 4334; x_wconf 90' lang='lat' dir='ltr'><strong>cardinalis,</strong></span> <span class='ocrx_word' id='word_1_580' title='bbox 3253 4269 3562 4328; x_wconf 87' lang='lat' dir='ltr'><strong>indictione</strong></span> <span class='ocrx_word' id='word_1_581' title='bbox 3591 4269 3762 4333; x_wconf 87' lang='lat' dir='ltr'><strong>tertia,</strong></span> 
     </span>
    </p>
   </div>
   <div class='ocr_carea' id='block_1_92' title="bbox 2143 4349 3762 4422">
    <p class='ocr_par' dir='ltr' id='par_1_92' title="bbox 2143 4349 3762 4422">
     <span class='ocr_line' id='line_1_92' title="bbox 2143 4349 3762 4422; baseline 0.006 -19"><span class='ocrx_word' id='word_1_582' title='bbox 2143 4349 2368 4404; x_wconf 85' lang='lat' dir='ltr'><strong>decimo</strong></span> <span class='ocrx_word' id='word_1_583' title='bbox 2390 4349 2558 4405; x_wconf 89' lang='lat' dir='ltr'><strong>tertio</strong></span> <span class='ocrx_word' id='word_1_584' title='bbox 2583 4349 2824 4407; x_wconf 84' lang='lat' dir='ltr'><strong>Kalend.</strong></span> <span class='ocrx_word' id='word_1_585' title='bbox 2858 4353 3146 4422; x_wconf 89' lang='lat' dir='ltr'><strong>Octobris,</strong></span> <span class='ocrx_word' id='word_1_586' title='bbox 3178 4374 3330 4414; x_wconf 91' lang='lat' dir='ltr'><strong>anno</strong></span> <span class='ocrx_word' id='word_1_587' title='bbox 3354 4358 3658 4415; x_wconf 70' lang='lat' dir='ltr'><strong>Dominicaa</strong></span> <span class='ocrx_word' id='word_1_588' title='bbox 3685 4357 3762 4414; x_wconf 91' lang='lat' dir='ltr'><strong>In-</strong></span> 
     </span>
    </p>
   </div>
   <div class='ocr_carea' id='block_1_93' title="bbox 2143 4436 3766 4518">
    <p class='ocr_par' dir='ltr' id='par_1_93' title="bbox 2143 4436 3766 4518">
     <span class='ocr_line' id='line_1_93' title="bbox 2143 4436 3766 4518; baseline 0.004 -26"><span class='ocrx_word' id='word_1_589' title='bbox 2143 4437 2498 4492; x_wconf 90' lang='lat' dir='ltr'><strong>carnationis</strong></span> <span class='ocrx_word' id='word_1_590' title='bbox 2526 4436 2836 4494; x_wconf 88' lang='lat' dir='ltr'><strong>millesimo</strong></span> <span class='ocrx_word' id='word_1_591' title='bbox 2866 4441 3247 4514; x_wconf 88' lang='lat' dir='ltr'><strong>nonagesimo</strong></span> <span class='ocrx_word' id='word_1_592' title='bbox 3277 4450 3460 4514; x_wconf 85' lang='lat' dir='ltr'><strong>sexto,</strong></span> <span class='ocrx_word' id='word_1_593' title='bbox 3493 4443 3766 4518; x_wconf 81' lang='lat' dir='ltr'><strong>pontiﬁca-</strong></span> 
     </span>
    </p>
   </div>
   <div class='ocr_carea' id='block_1_94' title="bbox 390 4525 3303 4622">
    <p class='ocr_par' dir='ltr' id='par_1_94' title="bbox 390 4525 3303 4622">
     <span class='ocr_line' id='line_1_94' title="bbox 390 4525 3303 4622; baseline -0.003 -13"><span class='ocrx_word' id='word_1_594' title='bbox 390 4553 754 4622; x_wconf 79' lang='lat' dir='ltr'><strong>Privilegium</strong></span> <span class='ocrx_word' id='word_1_595' title='bbox 777 4553 845 4606; x_wconf 85' lang='lat' dir='ltr'><strong>ab</strong></span> <span class='ocrx_word' id='word_1_596' title='bbox 878 4552 1092 4622; x_wconf 80' lang='lat' dir='ltr'><strong>Urbano</strong></span> <span class='ocrx_word' id='word_1_597' title='bbox 1143 4551 1196 4604; x_wconf 90' lang='grc' dir='ltr'><strong><em>ΙΙ</em></strong></span> <span class='ocrx_word' id='word_1_598' title='bbox 1249 4549 1491 4606; x_wconf 69' lang='lat' dir='ltr'><strong>ecclesia:</strong></span> <span class='ocrx_word' id='word_1_599' title='bbox 1537 4551 1590 4605; x_wconf 91' lang='lat' dir='ltr'><strong>S.</strong></span> <span class='ocrx_word' id='word_1_600' title='bbox 1642 4553 1785 4622; x_wconf 78' lang='lat' dir='ltr'><strong>Rufﬁ</strong></span> <span class='ocrx_word' id='word_1_601' title='bbox 1825 4569 2032 4610; x_wconf 79' lang='lat' dir='ltr'><strong>ccnces-</strong></span> <span class='ocrx_word' id='word_1_602' title='bbox 2065 4549 2110 4615; x_wconf 89' lang='lat' dir='ltr'><strong>D</strong></span> <span class='ocrx_word' id='word_1_603' title='bbox 2142 4529 2238 4582; x_wconf 62' lang='lat' dir='ltr'><strong>tus</strong></span> <span class='ocrx_word' id='word_1_604' title='bbox 2266 4543 2398 4582; x_wconf 60' lang='lat' dir='ltr'><strong>vero</strong></span> <span class='ocrx_word' id='word_1_605' title='bbox 2429 4525 2630 4582; x_wconf 68' lang='lat' dir='ltr'><strong>domui</strong></span> <span class='ocrx_word' id='word_1_606' title='bbox 2659 4526 2875 4584; x_wconf 64' lang='lat' dir='ltr'><strong>Urbani</strong></span> <span class='ocrx_word' id='word_1_607' title='bbox 2911 4529 2958 4585; x_wconf 84' lang='grc' dir='ltr'><strong>ῙῙ</strong></span> <span class='ocrx_word' id='word_1_608' title='bbox 2990 4547 3151 4602; x_wconf 63' lang='lat' dir='ltr'><strong>1’an</strong></span> <span class='ocrx_word' id='word_1_609' title='bbox 3183 4550 3303 4589; x_wconf 77' lang='lat' dir='ltr'><strong>V1&quot;-</strong></span> 
     </span>
    </p>
   </div>
   <div class='ocr_carea' id='block_1_95' title="bbox 459 4621 2036 4696">
    <p class='ocr_par' dir='ltr' id='par_1_95' title="bbox 459 4621 2036 4696">
     <span class='ocr_line' id='line_1_95' title="bbox 459 4621 2036 4696; baseline 0.001 -17"><span class='ocrx_word' id='word_1_610' title='bbox 459 4621 614 4687; x_wconf 29' lang='lat' dir='ltr'><strong>sum,’</strong></span> <span class='ocrx_word' id='word_1_611' title='bbox 635 4623 790 4678; x_wconf 73' lang='lat' dir='ltr'><strong>salva</strong></span> <span class='ocrx_word' id='word_1_612' title='bbox 819 4625 878 4696; x_wconf 75' lang='lat' dir='ltr'><strong>in</strong></span> <span class='ocrx_word' id='word_1_613' title='bbox 908 4621 1158 4677; x_wconf 80' lang='lat' dir='ltr'><strong>omnibus</strong></span> <span class='ocrx_word' id='word_1_614' title='bbox 1186 4622 1572 4676; x_wconf 73' lang='lat' dir='ltr'><strong>Avem’onensis</strong></span> <span class='ocrx_word' id='word_1_615' title='bbox 1609 4621 1847 4696; x_wconf 71' lang='lat' dir='ltr'><strong>episcopi</strong></span> <span class='ocrx_word' id='word_1_616' title='bbox 1875 4641 2036 4682; x_wconf 81' lang='lat' dir='ltr'><strong>cano-</strong></span> 
     </span>
    </p>
   </div>
   <div class='ocr_carea' id='block_1_96' title="bbox 458 4695 930 4750">
    <p class='ocr_par' dir='ltr' id='par_1_96' title="bbox 458 4695 930 4750">
     <span class='ocr_line' id='line_1_96' title="bbox 458 4695 930 4750; baseline -0.004 0"><span class='ocrx_word' id='word_1_617' title='bbox 458 4713 493 4750; x_wconf 76' lang='grc' dir='ltr'><em>η</em></span> <span class='ocrx_word' id='word_1_618' title='bbox 501 4697 586 4749; x_wconf 83' lang='lat' dir='ltr'><strong>ica</strong></span> <span class='ocrx_word' id='word_1_619' title='bbox 607 4695 930 4749; x_wconf 77' lang='lat' dir='ltr'><strong>reverentia.</strong></span> 
     </span>
    </p>
   </div>
   <div class='ocr_carea' id='block_1_97' title="bbox 1007 4763 1408 4835">
    <p class='ocr_par' dir='ltr' id='par_1_97' title="bbox 1007 4763 1408 4835">
     <span class='ocr_line' id='line_1_97' title="bbox 1007 4763 1408 4835; baseline 0.005 -18"><span class='ocrx_word' id='word_1_620' title='bbox 1007 4764 1194 4832; x_wconf 90' lang='lat' dir='ltr'><strong>(Anno</strong></span> <span class='ocrx_word' id='word_1_621' title='bbox 1223 4763 1408 4835; x_wconf 73' lang='grc'><strong>4095.)</strong></span> 
     </span>
    </p>
   </div>
   <div class='ocr_carea' id='block_1_98' title="bbox 701 4859 1714 4936">
    <p class='ocr_par' dir='ltr' id='par_1_98' title="bbox 701 4859 1714 4936">
     <span class='ocr_line' id='line_1_98' title="bbox 701 4859 1714 4936; baseline 0.005 -21"><span class='ocrx_word' id='word_1_622' title='bbox 701 4861 862 4931; x_wconf 72' lang='grc' dir='ltr'><strong>[δαιι.</strong></span> <span class='ocrx_word' id='word_1_623' title='bbox 889 4859 1089 4916; x_wconf 76' lang='lat' dir='ltr'><strong>Christ.</strong></span> <span class='ocrx_word' id='word_1_624' title='bbox 1124 4865 1248 4930; x_wconf 80' lang='lat' dir='ltr'><strong>vet.,</strong></span> <span class='ocrx_word' id='word_1_625' title='bbox 1281 4865 1323 4916; x_wconf 88' lang='lat' dir='ltr'><strong>t.</strong></span> <span class='ocrx_word' id='word_1_626' title='bbox 1361 4861 1451 4930; x_wconf 88' lang='lat' dir='ltr'><strong>IV,</strong></span> <span class='ocrx_word' id='word_1_627' title='bbox 1475 4879 1532 4934; x_wconf 92' lang='lat' dir='ltr'><strong>p.</strong></span> <span class='ocrx_word' id='word_1_628' title='bbox 1563 4865 1714 4936; x_wconf 85' lang='lat'><strong>802.]</strong></span> 
     </span>
    </p>
   </div>
   <div class='ocr_carea' id='block_1_99' title="bbox 455 4966 2029 5038">
    <p class='ocr_par' dir='ltr' id='par_1_99' title="bbox 455 4966 2029 5038">
     <span class='ocr_line' id='line_1_99' title="bbox 455 4966 2029 5038; baseline 0.004 -16"><span class='ocrx_word' id='word_1_629' title='bbox 455 4967 735 5022; x_wconf 65' lang='lat' dir='ltr'><strong>Uasasus</strong></span> <span class='ocrx_word' id='word_1_630' title='bbox 765 4966 1303 5038; x_wconf 89' lang='lat' dir='ltr'><strong>episcopus,servus</strong></span> <span class='ocrx_word' id='word_1_631' title='bbox 1325 4986 1623 5024; x_wconf 83' lang='lat' dir='ltr'><strong>servorum</strong></span> <span class='ocrx_word' id='word_1_632' title='bbox 1656 4971 1778 5034; x_wconf 88' lang='lat' dir='ltr'><strong>Dei,</strong></span> <span class='ocrx_word' id='word_1_633' title='bbox 1802 4969 2029 5028; x_wconf 83' lang='lat' dir='ltr'><strong>dilectis</strong></span> 
     </span>
    </p>
   </div>
   <div class='ocr_carea' id='block_1_100' title="bbox 381 5052 2029 5130">
    <p class='ocr_par' dir='ltr' id='par_1_100' title="bbox 381 5052 2029 5130">
     <span class='ocr_line' id='line_1_100' title="bbox 381 5052 2029 5130; baseline 0.002 -18"><span class='ocrx_word' id='word_1_634' title='bbox 381 5056 441 5112; x_wconf 89' lang='lat' dir='ltr'><strong>in</strong></span> <span class='ocrx_word' id='word_1_635' title='bbox 473 5052 704 5109; x_wconf 78' lang='lat' dir='ltr'><strong>Christo</strong></span> <span class='ocrx_word' id='word_1_636' title='bbox 735 5055 872 5110; x_wconf 79' lang='lat' dir='ltr'><strong>filiis</strong></span> <span class='ocrx_word' id='word_1_637' title='bbox 904 5063 1168 5111; x_wconf 76' lang='lat' dir='ltr'><strong>ALBER’I‘O</strong></span> <span class='ocrx_word' id='word_1_638' title='bbox 1217 5058 1434 5124; x_wconf 84' lang='lat' dir='ltr'><strong>abbati,</strong></span> <span class='ocrx_word' id='word_1_639' title='bbox 1468 5061 1715 5130; x_wconf 87' lang='lat' dir='ltr'><strong>ejusque</strong></span> <span class='ocrx_word' id='word_1_640' title='bbox 1749 5061 2029 5117; x_wconf 83' lang='lat' dir='ltr'><strong>fratribus</strong></span> 
     </span>
    </p>
   </div>
   <div class='ocr_carea' id='block_1_101' title="bbox 381 5139 2030 5218">
    <p class='ocr_par' dir='ltr' id='par_1_101' title="bbox 381 5139 2030 5218">
     <span class='ocr_line' id='line_1_101' title="bbox 381 5139 2030 5218; baseline 0.003 -18"><span class='ocrx_word' id='word_1_641' title='bbox 381 5144 441 5200; x_wconf 88' lang='lat' dir='ltr'><strong>in</strong></span> <span class='ocrx_word' id='word_1_642' title='bbox 475 5139 722 5198; x_wconf 89' lang='lat' dir='ltr'><strong>ecclesia</strong></span> <span class='ocrx_word' id='word_1_643' title='bbox 752 5144 809 5198; x_wconf 90' lang='lat' dir='ltr'><strong>S.</strong></span> <span class='ocrx_word' id='word_1_644' title='bbox 847 5144 998 5199; x_wconf 84' lang='lat' dir='ltr'><strong>Rufli</strong></span> <span class='ocrx_word' id='word_1_645' title='bbox 1047 5146 1382 5202; x_wconf 77' lang='lat' dir='ltr'><strong>canonicam</strong></span> <span class='ocrx_word' id='word_1_646' title='bbox 1430 5147 1608 5202; x_wconf 83' lang='lat' dir='ltr'><strong>vitam</strong></span> <span class='ocrx_word' id='word_1_647' title='bbox 1641 5147 1940 5218; x_wconf 72' lang='lat' dir='ltr'><strong>professis,</strong></span> <span class='ocrx_word' id='word_1_648' title='bbox 1972 5154 2030 5205; x_wconf 88' lang='lat' dir='ltr'><strong>et</strong></span> 
     </span>
    </p>
   </div>
   <div class='ocr_carea' id='block_1_102' title="bbox 382 5232 2027 5307">
    <p class='ocr_par' dir='ltr' id='par_1_102' title="bbox 382 5232 2027 5307">
     <span class='ocr_line' id='line_1_102' title="bbox 382 5232 2027 5307; baseline 0.002 -18"><span class='ocrx_word' id='word_1_649' title='bbox 382 5246 590 5289; x_wconf 88' lang='lat' dir='ltr'><strong>eorum</strong></span> <span class='ocrx_word' id='word_1_650' title='bbox 621 5232 1055 5289; x_wconf 88' lang='lat' dir='ltr'><strong>successoribus</strong></span> <span class='ocrx_word' id='word_1_651' title='bbox 1074 5233 1133 5290; x_wconf 92' lang='lat' dir='ltr'><strong>in</strong></span> <span class='ocrx_word' id='word_1_652' title='bbox 1159 5236 1362 5292; x_wconf 88' lang='lat' dir='ltr'><strong>eadem</strong></span> <span class='ocrx_word' id='word_1_653' title='bbox 1384 5235 1661 5307; x_wconf 90' lang='lat' dir='ltr'><strong>religione</strong></span> <span class='ocrx_word' id='word_1_654' title='bbox 1683 5252 2027 5307; x_wconf 90' lang='lat' dir='ltr'><strong>permansu-</strong></span> 
     </span>
    </p>
   </div>
   <div class='ocr_carea' id='block_1_103' title="bbox 381 5321 960 5391">
    <p class='ocr_par' dir='ltr' id='par_1_103' title="bbox 381 5321 960 5391">
     <span class='ocr_line' id='line_1_103' title="bbox 381 5321 960 5391; baseline -0.002 -13"><span class='ocrx_word' id='word_1_655' title='bbox 381 5323 466 5380; x_wconf 89' lang='lat' dir='ltr'><strong>ris</strong></span> <span class='ocrx_word' id='word_1_656' title='bbox 499 5321 558 5376; x_wconf 90' lang='lat' dir='ltr'><strong>in</strong></span> <span class='ocrx_word' id='word_1_657' title='bbox 591 5327 960 5391; x_wconf 89' lang='lat' dir='ltr'><strong>perpetuum.</strong></span> 
     </span>
    </p>
   </div>
   <div class='ocr_carea' id='block_1_104' title="bbox 451 5407 2028 5484">
    <p class='ocr_par' dir='ltr' id='par_1_104' title="bbox 451 5407 2028 5484">
     <span class='ocr_line' id='line_1_104' title="bbox 451 5407 2028 5484; baseline 0.003 -17"><span class='ocrx_word' id='word_1_658' title='bbox 451 5407 822 5467; x_wconf 86' lang='lat' dir='ltr'><strong>Desiderium</strong></span> <span class='ocrx_word' id='word_1_659' title='bbox 853 5413 1004 5483; x_wconf 90' lang='lat' dir='ltr'><strong>quod</strong></span> <span class='ocrx_word' id='word_1_660' title='bbox 1061 5413 1132 5468; x_wconf 92' lang='lat' dir='ltr'><strong>ad</strong></span> <span class='ocrx_word' id='word_1_661' title='bbox 1184 5412 1525 5484; x_wconf 91' lang='lat' dir='ltr'><strong>religiosum</strong></span> <span class='ocrx_word' id='word_1_662' title='bbox 1573 5411 1938 5482; x_wconf 90' lang='lat' dir='ltr'><strong>propositum</strong></span> <span class='ocrx_word' id='word_1_663' title='bbox 1969 5419 2028 5471; x_wconf 88' lang='lat' dir='ltr'><strong>et</strong></span> 
     </span>
    </p>
   </div>
   <div class='ocr_carea' id='block_1_105' title="bbox 379 5499 2028 5575">
    <p class='ocr_par' dir='ltr' id='par_1_105' title="bbox 379 5499 2028 5575">
     <span class='ocr_line' id='line_1_105' title="bbox 379 5499 2028 5575; baseline 0.002 -19"><span class='ocrx_word' id='word_1_664' title='bbox 379 5499 717 5556; x_wconf 88' lang='lat' dir='ltr'><strong>animarum</strong></span> <span class='ocrx_word' id='word_1_665' title='bbox 748 5499 995 5557; x_wconf 88' lang='lat' dir='ltr'><strong>salutem</strong></span> <span class='ocrx_word' id='word_1_666' title='bbox 1040 5499 1334 5575; x_wconf 90' lang='lat' dir='ltr'><strong>pertinere</strong></span> <span class='ocrx_word' id='word_1_667' title='bbox 1378 5502 1760 5566; x_wconf 90' lang='lat' dir='ltr'><strong>monstratur,</strong></span> <span class='ocrx_word' id='word_1_668' title='bbox 1792 5505 2028 5560; x_wconf 89' lang='lat' dir='ltr'><strong>auctore</strong></span> 
     </span>
    </p>
   </div>
   <div class='ocr_carea' id='block_1_106' title="bbox 377 5582 2028 5666">
    <p class='ocr_par' dir='ltr' id='par_1_106' title="bbox 377 5582 2028 5666">
     <span class='ocr_line' id='line_1_106' title="bbox 377 5582 2028 5666; baseline 0.004 -21"><span class='ocrx_word' id='word_1_669' title='bbox 377 5589 520 5659; x_wconf 76' lang='lat' dir='ltr'><strong>Deo,</strong></span> <span class='ocrx_word' id='word_1_670' title='bbox 553 5582 684 5645; x_wconf 85' lang='lat' dir='ltr'><strong>sine</strong></span> <span class='ocrx_word' id='word_1_671' title='bbox 714 5587 908 5666; x_wconf 86' lang='lat' dir='ltr'><strong>aliqua</strong></span> <span class='ocrx_word' id='word_1_672' title='bbox 943 5595 1033 5656; x_wconf 85' lang='lat' dir='ltr'><strong>est</strong></span> <span class='ocrx_word' id='word_1_673' title='bbox 1083 5587 1363 5650; x_wconf 84' lang='lat' dir='ltr'><strong>dilatione</strong></span> <span class='ocrx_word' id='word_1_674' title='bbox 1414 5583 1849 5662; x_wconf 82' lang='lat' dir='ltr'><strong>complendum.</strong></span> <span class='ocrx_word' id='word_1_675' title='bbox 1882 5591 2028 5662; x_wconf 84' lang='lat' dir='ltr'><strong>Quia</strong></span> 
     </span>
    </p>
   </div>
   <div class='ocr_carea' id='block_1_107' title="bbox 2207 4721 3710 4809">
    <p class='ocr_par' dir='ltr' id='par_1_107' title="bbox 2207 4721 3710 4809">
     <span class='ocr_line' id='line_1_107' title="bbox 2207 4721 3710 4809; baseline 0.004 -29"><span class='ocrx_word' id='word_1_676' title='bbox 2207 4721 2410 4780; x_wconf 81' lang='lat' dir='ltr'><strong>Urbani</strong></span> <span class='ocrx_word' id='word_1_677' title='bbox 2438 4723 2490 4777; x_wconf 88' lang='lat' dir='ltr'><strong><em>II</em></strong></span> <span class='ocrx_word' id='word_1_678' title='bbox 2506 4737 2672 4794; x_wconf 72' lang='lat' dir='ltr'><strong>papae</strong></span> <span class='ocrx_word' id='word_1_679' title='bbox 2693 4724 3050 4809; x_wconf 65' lang='lat' dir='ltr'><strong>privilegium</strong></span> <span class='ocrx_word' id='word_1_680' title='bbox 3082 4743 3185 4798; x_wconf 84' lang='lat' dir='ltr'><strong>pro</strong></span> <span class='ocrx_word' id='word_1_681' title='bbox 3213 4729 3450 4786; x_wconf 75' lang='lat' dir='ltr'><strong>Ecclesia</strong></span> <span class='ocrx_word' id='word_1_682' title='bbox 3479 4731 3710 4787; x_wconf 78' lang='lat' dir='ltr'><strong>Matisco-</strong></span> 
     </span>
    </p>
   </div>
   <div class='ocr_carea' id='block_1_108' title="bbox 2875 4811 3052 4852">
    <p class='ocr_par' dir='ltr' id='par_1_108' title="bbox 2875 4811 3052 4852">
     <span class='ocr_line' id='line_1_108' title="bbox 2875 4811 3052 4852; baseline 0.006 -2"><span class='ocrx_word' id='word_1_683' title='bbox 2875 4811 3031 4852; x_wconf 72' lang='lat' dir='ltr'><strong>nens:</strong></span> <span class='ocrx_word' id='word_1_684' title='bbox 3040 4839 3052 4851; x_wconf 90' lang='lat'><strong>.</strong></span> 
     </span>
    </p>
   </div>
   <div class='ocr_carea' id='block_1_109' title="bbox 2759 4885 3161 4956">
    <p class='ocr_par' dir='ltr' id='par_1_109' title="bbox 2759 4885 3161 4956">
     <span class='ocr_line' id='line_1_109' title="bbox 2759 4885 3161 4956; baseline 0.012 -19"><span class='ocrx_word' id='word_1_685' title='bbox 2759 4885 2948 4955; x_wconf 86' lang='lat' dir='ltr'><strong>(Anno</strong></span> <span class='ocrx_word' id='word_1_686' title='bbox 2975 4885 3161 4956; x_wconf 86' lang='grc'><strong>1095.)</strong></span> 
     </span>
    </p>
   </div>
   <div class='ocr_carea' id='block_1_110' title="bbox 2437 4970 3484 5052">
    <p class='ocr_par' dir='ltr' id='par_1_110' title="bbox 2437 4970 3484 5052">
     <span class='ocr_line' id='line_1_110' title="bbox 2437 4970 3484 5052; baseline 0.008 -26"><span class='ocrx_word' id='word_1_687' title='bbox 2437 4970 2593 5041; x_wconf 77' lang='lat' dir='ltr'><strong>[GalL</strong></span> <span class='ocrx_word' id='word_1_688' title='bbox 2635 4972 2904 5036; x_wconf 70' lang='lat' dir='ltr'><strong>Christ..t.</strong></span> <span class='ocrx_word' id='word_1_689' title='bbox 2938 4973 3010 5029; x_wconf 90' lang='lat' dir='ltr'><strong>IV</strong></span> <span class='ocrx_word' id='word_1_690' title='bbox 3039 4975 3212 5048; x_wconf 87' lang='lat' dir='ltr'><strong>0pp.,</strong></span> <span class='ocrx_word' id='word_1_691' title='bbox 3244 4993 3300 5050; x_wconf 90' lang='lat' dir='ltr'><strong>p.</strong></span> <span class='ocrx_word' id='word_1_692' title='bbox 3331 4981 3484 5052; x_wconf 60' lang='lat'><strong>284.]</strong></span> 
     </span>
    </p>
   </div>
   <div class='ocr_carea' id='block_1_111' title="bbox 2210 5059 3758 5137">
    <p class='ocr_par' dir='ltr' id='par_1_111' title="bbox 2210 5059 3758 5137">
     <span class='ocr_line' id='line_1_111' title="bbox 2210 5059 3758 5137; baseline 0.001 -21"><span class='ocrx_word' id='word_1_693' title='bbox 2210 5059 2489 5116; x_wconf 68' lang='lat' dir='ltr'><strong>Uasasus</strong></span> <span class='ocrx_word' id='word_1_694' title='bbox 2518 5059 3058 5132; x_wconf 90' lang='lat' dir='ltr'><strong>episcopus,servus</strong></span> <span class='ocrx_word' id='word_1_695' title='bbox 3087 5081 3388 5122; x_wconf 88' lang='lat' dir='ltr'><strong>servorum</strong></span> <span class='ocrx_word' id='word_1_696' title='bbox 3423 5067 3539 5137; x_wconf 93' lang='lat' dir='ltr'><strong>Dei,</strong></span> <span class='ocrx_word' id='word_1_697' title='bbox 3565 5063 3758 5122; x_wconf 87' lang='lat' dir='ltr'><strong>dilecto</strong></span> 
     </span>
    </p>
   </div>
   <div class='ocr_carea' id='block_1_112' title="bbox 2138 5148 3754 5228">
    <p class='ocr_par' dir='ltr' id='par_1_112' title="bbox 2138 5148 3754 5228">
     <span class='ocr_line' id='line_1_112' title="bbox 2138 5148 3754 5228; baseline 0.002 -26"><span class='ocrx_word' id='word_1_698' title='bbox 2138 5148 2302 5203; x_wconf 85' lang='lat' dir='ltr'><strong>fratri</strong></span> <span class='ocrx_word' id='word_1_699' title='bbox 2324 5149 2614 5204; x_wconf 78' lang='lat' dir='ltr'><strong>LANDRICO</strong></span> <span class='ocrx_word' id='word_1_700' title='bbox 2644 5149 3054 5208; x_wconf 86' lang='lat' dir='ltr'><strong>Matisconensi</strong></span> <span class='ocrx_word' id='word_1_701' title='bbox 3083 5153 3356 5226; x_wconf 91' lang='lat' dir='ltr'><strong>episcopo</strong></span> <span class='ocrx_word' id='word_1_702' title='bbox 3385 5155 3622 5228; x_wconf 88' lang='lat' dir='ltr'><strong>suisque</strong></span> <span class='ocrx_word' id='word_1_703' title='bbox 3639 5166 3754 5209; x_wconf 89' lang='lat' dir='ltr'><strong>suc-</strong></span> 
     </span>
    </p>
   </div>
   <div class='ocr_carea' id='block_1_113' title="bbox 2135 5236 3690 5316">
    <p class='ocr_par' dir='ltr' id='par_1_113' title="bbox 2135 5236 3690 5316">
     <span class='ocr_line' id='line_1_113' title="bbox 2135 5236 3690 5316; baseline 0.001 -23"><span class='ocrx_word' id='word_1_704' title='bbox 2135 5236 2470 5294; x_wconf 88' lang='lat' dir='ltr'><strong>cessoribus</strong></span> <span class='ocrx_word' id='word_1_705' title='bbox 2497 5238 2774 5294; x_wconf 88' lang='lat' dir='ltr'><strong>canonice</strong></span> <span class='ocrx_word' id='word_1_706' title='bbox 2801 5242 3212 5311; x_wconf 90' lang='lat' dir='ltr'><strong>promovendis</strong></span> <span class='ocrx_word' id='word_1_707' title='bbox 3242 5241 3300 5298; x_wconf 91' lang='lat' dir='ltr'><strong>in</strong></span> <span class='ocrx_word' id='word_1_708' title='bbox 3333 5249 3690 5316; x_wconf 89' lang='lat' dir='ltr'><strong>perpetuum.</strong></span> 
     </span>
    </p>
   </div>
   <div class='ocr_carea' id='block_1_114' title="bbox 2203 5319 3754 5405">
    <p class='ocr_par' dir='ltr' id='par_1_114' title="bbox 2203 5319 3754 5405">
     <span class='ocr_line' id='line_1_114' title="bbox 2203 5319 3754 5405; baseline 0 -25"><span class='ocrx_word' id='word_1_709' title='bbox 2203 5326 2230 5380; x_wconf 85' lang='lat' dir='ltr'><strong>J</strong></span> <span class='ocrx_word' id='word_1_710' title='bbox 2241 5325 2388 5380; x_wconf 90' lang='lat' dir='ltr'><strong>ustis</strong></span> <span class='ocrx_word' id='word_1_711' title='bbox 2404 5327 2554 5384; x_wconf 89' lang='lat' dir='ltr'><strong>votis</strong></span> <span class='ocrx_word' id='word_1_712' title='bbox 2570 5319 2880 5383; x_wconf 78' lang='lat' dir='ltr'><strong>assensum</strong></span> <span class='ocrx_word' id='word_1_713' title='bbox 2897 5330 3460 5405; x_wconf 69' lang='lat' dir='ltr'><strong>praeberejustisque</strong></span> <span class='ocrx_word' id='word_1_714' title='bbox 3487 5326 3754 5405; x_wconf 83' lang='lat' dir='ltr'><strong>petitioni-</strong></span> 
     </span>
    </p>
   </div>
   <div class='ocr_carea' id='block_1_115' title="bbox 2135 5414 3753 5494">
    <p class='ocr_par' dir='ltr' id='par_1_115' title="bbox 2135 5414 3753 5494">
     <span class='ocr_line' id='line_1_115' title="bbox 2135 5414 3753 5494; baseline -0.001 -24"><span class='ocrx_word' id='word_1_715' title='bbox 2135 5414 2247 5470; x_wconf 90' lang='lat' dir='ltr'><strong>bus</strong></span> <span class='ocrx_word' id='word_1_716' title='bbox 2267 5429 2436 5470; x_wconf 88' lang='lat' dir='ltr'><strong>aures</strong></span> <span class='ocrx_word' id='word_1_717' title='bbox 2455 5416 2896 5472; x_wconf 87' lang='lat' dir='ltr'><strong>accommodare</strong></span> <span class='ocrx_word' id='word_1_718' title='bbox 2913 5435 3020 5474; x_wconf 91' lang='lat' dir='ltr'><strong>nos</strong></span> <span class='ocrx_word' id='word_1_719' title='bbox 3032 5421 3446 5494; x_wconf 84' lang='lat' dir='ltr'><strong>oonvenit,qui,</strong></span> <span class='ocrx_word' id='word_1_720' title='bbox 3472 5420 3599 5476; x_wconf 89' lang='lat' dir='ltr'><strong>licet</strong></span> <span class='ocrx_word' id='word_1_721' title='bbox 3625 5415 3753 5472; x_wconf 87' lang='lat' dir='ltr'><strong>iudi-</strong></span> 
     </span>
    </p>
   </div>
   <div class='ocr_carea' id='block_1_116' title="bbox 2135 5503 3754 5583">
    <p class='ocr_par' dir='ltr' id='par_1_116' title="bbox 2135 5503 3754 5583">
     <span class='ocr_line' id='line_1_116' title="bbox 2135 5503 3754 5583; baseline 0.001 -26"><span class='ocrx_word' id='word_1_722' title='bbox 2135 5518 2268 5576; x_wconf 86' lang='lat' dir='ltr'><strong>gne,</strong></span> <span class='ocrx_word' id='word_1_723' title='bbox 2300 5503 2572 5560; x_wconf 88' lang='lat' dir='ltr'><strong>custodes</strong></span> <span class='ocrx_word' id='word_1_724' title='bbox 2613 5508 2790 5576; x_wconf 90' lang='lat' dir='ltr'><strong>atque</strong></span> <span class='ocrx_word' id='word_1_725' title='bbox 2821 5522 3118 5580; x_wconf 64' lang='lat' dir='ltr'><strong>praecones</strong></span> <span class='ocrx_word' id='word_1_726' title='bbox 3147 5509 3206 5565; x_wconf 91' lang='lat' dir='ltr'><strong>in</strong></span> <span class='ocrx_word' id='word_1_727' title='bbox 3239 5509 3466 5567; x_wconf 84' lang='lat' dir='ltr'><strong>excelsa</strong></span> <span class='ocrx_word' id='word_1_728' title='bbox 3493 5503 3754 5583; x_wconf 89' lang='lat' dir='ltr'><strong>apostolo-</strong></span> 
     </span>
    </p>
   </div>
   <div class='ocr_carea' id='block_1_117' title="bbox 2135 5591 3750 5679">
    <p class='ocr_par' dir='ltr' id='par_1_117' title="bbox 2135 5591 3750 5679">
     <span class='ocr_line' id='line_1_117' title="bbox 2135 5591 3750 5679; baseline 0.002 -27"><span class='ocrx_word' id='word_1_729' title='bbox 2135 5607 2268 5654; x_wconf 83' lang='lat' dir='ltr'><strong>rum</strong></span> <span class='ocrx_word' id='word_1_730' title='bbox 2289 5591 2620 5669; x_wconf 82' lang='lat' dir='ltr'><strong>principum</strong></span> <span class='ocrx_word' id='word_1_731' title='bbox 2645 5593 2798 5656; x_wconf 83' lang='lat' dir='ltr'><strong>Petri</strong></span> <span class='ocrx_word' id='word_1_732' title='bbox 2813 5600 2872 5656; x_wconf 86' lang='lat' dir='ltr'><strong>et</strong></span> <span class='ocrx_word' id='word_1_733' title='bbox 2892 5595 3054 5658; x_wconf 85' lang='lat' dir='ltr'><strong>Pauli</strong></span> <span class='ocrx_word' id='word_1_734' title='bbox 3074 5597 3310 5676; x_wconf 82' lang='lat' dir='ltr'><strong>specula</strong></span> <span class='ocrx_word' id='word_1_735' title='bbox 3327 5593 3750 5679; x_wconf 79' lang='lat' dir='ltr'><strong>positi,Domino</strong></span> 
     </span>
    </p>
   </div>
  </div>
