  <div class='ocr_page' id='page_1' title='image "/cluster/home/n/w/nwhite01/storage/ocr_20150623/151/uva.x000829795/238.png"; bbox 0 0 3928 6208; ppageno 0'>
   <div class='ocr_carea' id='block_1_1' title="bbox 141 297 1801 369">
    <p class='ocr_par' dir='ltr' id='par_1_1' title="bbox 141 298 1801 369">
     <span class='ocr_line' id='line_1_1' title="bbox 141 298 1801 369; baseline -0.001 -3"><span class='ocrx_word' id='word_1_1' title='bbox 141 300 258 366; x_wconf 71' lang='grc'>429</span> <span class='ocrx_word' id='word_1_2' title='bbox 1336 298 1737 369; x_wconf 65' lang='lat' dir='ltr'>EPISTOL/E</span> <span class='ocrx_word' id='word_1_3' title='bbox 1780 300 1801 364; x_wconf 88' lang='lat' dir='ltr'>l</span> 
     </span>
    </p>
   </div>
   <div class='ocr_carea' id='block_1_2' title="bbox 1984 297 3559 369">
    <p class='ocr_par' dir='ltr' id='par_1_2' title="bbox 1984 302 3559 368">
     <span class='ocr_line' id='line_1_2' title="bbox 1984 302 3559 368; baseline 0.003 -4"><span class='ocrx_word' id='word_1_4' title='bbox 1984 302 2397 366; x_wconf 78' lang='lat' dir='ltr'>RIVILEGIA.</span> <span class='ocrx_word' id='word_1_5' title='bbox 3437 306 3559 368; x_wconf 73' lang='grc'>430</span> 
     </span>
    </p>
   </div>
   <div class='ocr_carea' id='block_1_3' title="bbox 54 436 3562 512">
    <p class='ocr_par' dir='ltr' id='par_1_3' title="bbox 54 436 3562 512">
     <span class='ocr_line' id='line_1_3' title="bbox 54 436 3562 512; baseline 0 -18"><span class='ocrx_word' id='word_1_6' title='bbox 54 473 64 485; x_wconf 76' lang='grc' dir='ltr'><strong><em>ο</em></strong></span> <span class='ocrx_word' id='word_1_7' title='bbox 141 440 519 511; x_wconf 87' lang='lat' dir='ltr'>disponente,</span> <span class='ocrx_word' id='word_1_8' title='bbox 542 438 810 494; x_wconf 88' lang='lat' dir='ltr'>videmur</span> <span class='ocrx_word' id='word_1_9' title='bbox 846 438 1109 495; x_wconf 87' lang='lat' dir='ltr'>existere.</span> <span class='ocrx_word' id='word_1_10' title='bbox 1130 439 1272 494; x_wconf 90' lang='lat' dir='ltr'>Tuis</span> <span class='ocrx_word' id='word_1_11' title='bbox 1303 438 1500 509; x_wconf 77' lang='lat' dir='ltr'>igitur,</span> <span class='ocrx_word' id='word_1_12' title='bbox 1536 438 1713 493; x_wconf 86' lang='lat' dir='ltr'>frater</span> <span class='ocrx_word' id='word_1_13' title='bbox 1744 436 1799 491; x_wconf 93' lang='lat' dir='ltr'>in</span> <span class='ocrx_word' id='word_1_14' title='bbox 1828 436 1888 503; x_wconf 78' lang='grc' dir='ltr'><strong>Α</strong></span> <span class='ocrx_word' id='word_1_15' title='bbox 1916 436 2094 491; x_wconf 84' lang='lat' dir='ltr'>dedit.</span> <span class='ocrx_word' id='word_1_16' title='bbox 2158 436 2318 492; x_wconf 85' lang='lat' dir='ltr'>Unde</span> <span class='ocrx_word' id='word_1_17' title='bbox 2382 436 2589 492; x_wconf 72' lang='lat' dir='ltr'>litteris</span> <span class='ocrx_word' id='word_1_18' title='bbox 2649 441 2703 492; x_wconf 90' lang='lat' dir='ltr'>te</span> <span class='ocrx_word' id='word_1_19' title='bbox 2759 438 3144 509; x_wconf 64' lang='lat' dir='ltr'>praesentibus</span> <span class='ocrx_word' id='word_1_20' title='bbox 3200 443 3265 493; x_wconf 91' lang='lat' dir='ltr'>ut</span> <span class='ocrx_word' id='word_1_21' title='bbox 3321 442 3562 512; x_wconf 88' lang='lat' dir='ltr'>captum</span> 
     </span>
    </p>
   </div>
   <div class='ocr_carea' id='block_1_4' title="bbox 140 524 3558 598">
    <p class='ocr_par' dir='ltr' id='par_1_4' title="bbox 140 524 3558 598">
     <span class='ocr_line' id='line_1_4' title="bbox 140 524 3558 598; baseline -0.001 -14"><span class='ocrx_word' id='word_1_22' title='bbox 140 527 378 584; x_wconf 87' lang='lat' dir='ltr'>Christo</span> <span class='ocrx_word' id='word_1_23' title='bbox 401 527 891 584; x_wconf 83' lang='lat' dir='ltr'>reverendissime</span> <span class='ocrx_word' id='word_1_24' title='bbox 914 526 1405 598; x_wconf 88' lang='lat' dir='ltr'>Landrice,justis</span> <span class='ocrx_word' id='word_1_25' title='bbox 1426 524 1805 598; x_wconf 90' lang='lat' dir='ltr'>petitionibus</span> <span class='ocrx_word' id='word_1_26' title='bbox 1913 540 2357 581; x_wconf 86' lang='lat' dir='ltr'>commonemus</span> <span class='ocrx_word' id='word_1_27' title='bbox 2413 525 2755 598; x_wconf 83' lang='lat' dir='ltr'>episcopum</span> <span class='ocrx_word' id='word_1_28' title='bbox 2813 542 2916 597; x_wconf 91' lang='lat' dir='ltr'>pro</span> <span class='ocrx_word' id='word_1_29' title='bbox 2967 526 3287 583; x_wconf 89' lang='lat' dir='ltr'>reverentia</span> <span class='ocrx_word' id='word_1_30' title='bbox 3342 526 3405 581; x_wconf 94' lang='lat' dir='ltr'>B.</span> <span class='ocrx_word' id='word_1_31' title='bbox 3455 527 3558 582; x_wconf 89' lang='lat' dir='ltr'>Pe-</span> 
     </span>
    </p>
   </div>
   <div class='ocr_carea' id='block_1_5' title="bbox 145 613 1803 684">
    <p class='ocr_par' dir='ltr' id='par_1_5' title="bbox 145 613 1803 684">
     <span class='ocr_line' id='line_1_5' title="bbox 145 613 1803 684; baseline -0.002 -12"><span class='ocrx_word' id='word_1_32' title='bbox 145 620 500 684; x_wconf 88' lang='lat' dir='ltr'>annuentes,</span> <span class='ocrx_word' id='word_1_33' title='bbox 521 620 788 672; x_wconf 90' lang='lat' dir='ltr'>sanctam</span> <span class='ocrx_word' id='word_1_34' title='bbox 814 615 1301 672; x_wconf 87' lang='lat' dir='ltr'>Matisconensem</span> <span class='ocrx_word' id='word_1_35' title='bbox 1325 613 1663 682; x_wconf 87' lang='lat' dir='ltr'>Ecclesiam,</span> <span class='ocrx_word' id='word_1_36' title='bbox 1689 613 1803 681; x_wconf 89' lang='lat' dir='ltr'>cui,</span> 
     </span>
    </p>
   </div>
   <div class='ocr_carea' id='block_1_6' title="bbox 147 702 1805 778">
    <p class='ocr_par' dir='ltr' id='par_1_6' title="bbox 147 702 1805 778">
     <span class='ocr_line' id='line_1_6' title="bbox 147 702 1805 778; baseline -0.002 -16"><span class='ocrx_word' id='word_1_37' title='bbox 147 711 383 762; x_wconf 80' lang='lat' dir='ltr'>auctore</span> <span class='ocrx_word' id='word_1_38' title='bbox 414 706 556 774; x_wconf 92' lang='lat' dir='ltr'>Deo,</span> <span class='ocrx_word' id='word_1_39' title='bbox 591 704 869 778; x_wconf 68' lang='lat' dir='ltr'>praesides</span> <span class='ocrx_word' id='word_1_40' title='bbox 907 704 1237 778; x_wconf 65' lang='lat' dir='ltr'>apostolicae</span> <span class='ocrx_word' id='word_1_41' title='bbox 1277 704 1433 761; x_wconf 85' lang='lat' dir='ltr'>sedis</span> <span class='ocrx_word' id='word_1_42' title='bbox 1463 702 1805 759; x_wconf 79' lang='lat' dir='ltr'>auctoritate</span> 
     </span>
    </p>
   </div>
   <div class='ocr_carea' id='block_1_7' title="bbox 146 790 1802 858">
    <p class='ocr_par' dir='ltr' id='par_1_7' title="bbox 146 790 1802 858">
     <span class='ocr_line' id='line_1_7' title="bbox 146 790 1802 858; baseline -0.002 -9"><span class='ocrx_word' id='word_1_43' title='bbox 146 793 824 850; x_wconf 89' lang='lat' dir='ltr'>munimus.Statuimus</span> <span class='ocrx_word' id='word_1_44' title='bbox 847 793 1003 849; x_wconf 89' lang='lat' dir='ltr'>enim</span> <span class='ocrx_word' id='word_1_45' title='bbox 1037 797 1100 849; x_wconf 90' lang='lat' dir='ltr'>ut</span> <span class='ocrx_word' id='word_1_46' title='bbox 1130 792 1374 850; x_wconf 82' lang='lat' dir='ltr'>ecclesia</span> <span class='ocrx_word' id='word_1_47' title='bbox 1394 792 1465 847; x_wconf 92' lang='lat' dir='ltr'>de</span> <span class='ocrx_word' id='word_1_48' title='bbox 1494 790 1802 858; x_wconf 90' lang='lat' dir='ltr'>Prisciaco,</span> 
     </span>
    </p>
   </div>
   <div class='ocr_carea' id='block_1_8' title="bbox 149 879 1806 950">
    <p class='ocr_par' dir='ltr' id='par_1_8' title="bbox 149 879 1806 950">
     <span class='ocr_line' id='line_1_8' title="bbox 149 879 1806 950; baseline -0.002 -11"><span class='ocrx_word' id='word_1_49' title='bbox 149 885 223 940; x_wconf 91' lang='lat' dir='ltr'>de</span> <span class='ocrx_word' id='word_1_50' title='bbox 255 883 624 950; x_wconf 84' lang='lat' dir='ltr'>Fabricis,de</span> <span class='ocrx_word' id='word_1_51' title='bbox 647 883 1049 950; x_wconf 86' lang='lat' dir='ltr'>Verchessoto,</span> <span class='ocrx_word' id='word_1_52' title='bbox 1073 882 1143 937; x_wconf 90' lang='lat' dir='ltr'>de</span> <span class='ocrx_word' id='word_1_53' title='bbox 1173 881 1528 948; x_wconf 89' lang='lat' dir='ltr'>Mardubrio,</span> <span class='ocrx_word' id='word_1_54' title='bbox 1561 879 1806 937; x_wconf 91' lang='lat' dir='ltr'>ecclesia</span> 
     </span>
    </p>
   </div>
   <div class='ocr_carea' id='block_1_9' title="bbox 149 969 1805 1043">
    <p class='ocr_par' dir='ltr' id='par_1_9' title="bbox 149 969 1805 1043">
     <span class='ocr_line' id='line_1_9' title="bbox 149 969 1805 1043; baseline -0.003 -14"><span class='ocrx_word' id='word_1_55' title='bbox 149 971 347 1029; x_wconf 88' lang='lat' dir='ltr'>Sancti</span> <span class='ocrx_word' id='word_1_56' title='bbox 378 972 612 1028; x_wconf 85' lang='lat' dir='ltr'>Amoris</span> <span class='ocrx_word' id='word_1_57' title='bbox 641 976 699 1028; x_wconf 90' lang='lat' dir='ltr'>et</span> <span class='ocrx_word' id='word_1_58' title='bbox 727 976 935 1028; x_wconf 66' lang='lat' dir='ltr'>caetera</span> <span class='ocrx_word' id='word_1_59' title='bbox 968 970 1164 1027; x_wconf 84' lang='lat' dir='ltr'>omnia</span> <span class='ocrx_word' id='word_1_60' title='bbox 1186 988 1311 1043; x_wconf 67' lang='lat' dir='ltr'>quae</span> <span class='ocrx_word' id='word_1_61' title='bbox 1342 975 1443 1024; x_wconf 86' lang='lat' dir='ltr'>tua</span> <span class='ocrx_word' id='word_1_62' title='bbox 1474 969 1805 1025; x_wconf 81' lang='lat' dir='ltr'>fraternitas</span> 
     </span>
    </p>
   </div>
   <div class='ocr_carea' id='block_1_10' title="bbox 148 1058 1802 1133">
    <p class='ocr_par' dir='ltr' id='par_1_10' title="bbox 148 1058 1802 1133">
     <span class='ocr_line' id='line_1_10' title="bbox 148 1058 1802 1133; baseline -0.003 -16"><span class='ocrx_word' id='word_1_63' title='bbox 148 1079 220 1117; x_wconf 85' lang='lat' dir='ltr'>ex</span> <span class='ocrx_word' id='word_1_64' title='bbox 236 1061 497 1118; x_wconf 91' lang='lat' dir='ltr'>hostium</span> <span class='ocrx_word' id='word_1_65' title='bbox 518 1060 790 1116; x_wconf 90' lang='lat' dir='ltr'>manibus</span> <span class='ocrx_word' id='word_1_66' title='bbox 804 1066 1003 1133; x_wconf 86' lang='lat' dir='ltr'>erepta</span> <span class='ocrx_word' id='word_1_67' title='bbox 1020 1059 1324 1132; x_wconf 80' lang='lat' dir='ltr'>reparavit,</span> <span class='ocrx_word' id='word_1_68' title='bbox 1344 1060 1613 1114; x_wconf 81' lang='lat' dir='ltr'>universa</span> <span class='ocrx_word' id='word_1_69' title='bbox 1628 1058 1802 1114; x_wconf 90' lang='lat' dir='ltr'>etiam</span> 
     </span>
    </p>
   </div>
   <div class='ocr_carea' id='block_1_11' title="bbox 148 1147 1801 1223">
    <p class='ocr_par' dir='ltr' id='par_1_11' title="bbox 148 1147 1801 1223">
     <span class='ocr_line' id='line_1_11' title="bbox 148 1147 1801 1223; baseline -0.001 -19"><span class='ocrx_word' id='word_1_70' title='bbox 148 1167 279 1223; x_wconf 69' lang='lat' dir='ltr'>quae</span> <span class='ocrx_word' id='word_1_71' title='bbox 304 1150 467 1221; x_wconf 91' lang='lat' dir='ltr'>juste</span> <span class='ocrx_word' id='word_1_72' title='bbox 498 1150 571 1203; x_wconf 88' lang='lat' dir='ltr'>ad</span> <span class='ocrx_word' id='word_1_73' title='bbox 604 1149 870 1204; x_wconf 85' lang='lat' dir='ltr'>eamdem</span> <span class='ocrx_word' id='word_1_74' title='bbox 901 1147 1205 1203; x_wconf 88' lang='lat' dir='ltr'>ecclesiam</span> <span class='ocrx_word' id='word_1_75' title='bbox 1236 1148 1520 1219; x_wconf 88' lang='lat' dir='ltr'>pertinere</span> <span class='ocrx_word' id='word_1_76' title='bbox 1550 1164 1801 1204; x_wconf 91' lang='lat' dir='ltr'>noscun-</span> 
     </span>
    </p>
   </div>
   <div class='ocr_carea' id='block_1_12' title="bbox 147 1235 1804 1309">
    <p class='ocr_par' dir='ltr' id='par_1_12' title="bbox 147 1235 1804 1309">
     <span class='ocr_line' id='line_1_12' title="bbox 147 1235 1804 1309; baseline -0.002 -16"><span class='ocrx_word' id='word_1_77' title='bbox 147 1243 266 1305; x_wconf 87' lang='lat' dir='ltr'>tur,</span> <span class='ocrx_word' id='word_1_78' title='bbox 319 1237 427 1293; x_wconf 84' lang='lat' dir='ltr'>tibi</span> <span class='ocrx_word' id='word_1_79' title='bbox 477 1237 713 1308; x_wconf 86' lang='lat' dir='ltr'>tuisque</span> <span class='ocrx_word' id='word_1_80' title='bbox 760 1235 1195 1292; x_wconf 84' lang='lat' dir='ltr'>successoribus</span> <span class='ocrx_word' id='word_1_81' title='bbox 1241 1235 1424 1291; x_wconf 89' lang='lat' dir='ltr'>libera</span> <span class='ocrx_word' id='word_1_82' title='bbox 1469 1252 1702 1309; x_wconf 90' lang='lat' dir='ltr'>semper</span> <span class='ocrx_word' id='word_1_83' title='bbox 1747 1240 1804 1292; x_wconf 87' lang='lat' dir='ltr'>et</span> 
     </span>
    </p>
   </div>
   <div class='ocr_carea' id='block_1_13' title="bbox 146 1325 1803 1392">
    <p class='ocr_par' dir='ltr' id='par_1_13' title="bbox 146 1325 1803 1392">
     <span class='ocr_line' id='line_1_13' title="bbox 146 1325 1803 1392; baseline -0.001 -10"><span class='ocrx_word' id='word_1_84' title='bbox 146 1326 379 1382; x_wconf 86' lang='lat' dir='ltr'>illibata</span> <span class='ocrx_word' id='word_1_85' title='bbox 409 1330 733 1382; x_wconf 85' lang='lat' dir='ltr'>serventur.</span> <span class='ocrx_word' id='word_1_86' title='bbox 756 1325 1164 1381; x_wconf 86' lang='lat' dir='ltr'>lnterdicimus</span> <span class='ocrx_word' id='word_1_87' title='bbox 1193 1325 1366 1381; x_wconf 90' lang='lat' dir='ltr'>etiam</span> <span class='ocrx_word' id='word_1_88' title='bbox 1398 1328 1483 1392; x_wconf 90' lang='lat' dir='ltr'>ut,</span> <span class='ocrx_word' id='word_1_89' title='bbox 1506 1328 1561 1380; x_wconf 89' lang='lat' dir='ltr'>te</span> <span class='ocrx_word' id='word_1_90' title='bbox 1588 1325 1659 1379; x_wconf 90' lang='lat' dir='ltr'>ad</span> <span class='ocrx_word' id='word_1_91' title='bbox 1692 1325 1803 1381; x_wconf 88' lang='lat' dir='ltr'>Do-</span> 
     </span>
    </p>
   </div>
   <div class='ocr_carea' id='block_1_14' title="bbox 146 1412 1802 1487">
    <p class='ocr_par' dir='ltr' id='par_1_14' title="bbox 146 1412 1802 1487">
     <span class='ocr_line' id='line_1_14' title="bbox 146 1412 1802 1487; baseline -0.001 -17"><span class='ocrx_word' id='word_1_92' title='bbox 146 1416 381 1470; x_wconf 90' lang='lat' dir='ltr'>minum</span> <span class='ocrx_word' id='word_1_93' title='bbox 414 1418 673 1481; x_wconf 87' lang='lat' dir='ltr'>evocato,</span> <span class='ocrx_word' id='word_1_94' title='bbox 697 1412 785 1470; x_wconf 88' lang='lat' dir='ltr'>vel</span> <span class='ocrx_word' id='word_1_95' title='bbox 818 1418 1053 1470; x_wconf 90' lang='lat' dir='ltr'>tuorum</span> <span class='ocrx_word' id='word_1_96' title='bbox 1086 1412 1347 1487; x_wconf 89' lang='lat' dir='ltr'>quolibet</span> <span class='ocrx_word' id='word_1_97' title='bbox 1376 1429 1802 1481; x_wconf 89' lang='lat' dir='ltr'>successorum,</span> 
     </span>
    </p>
   </div>
   <div class='ocr_carea' id='block_1_15' title="bbox 148 1501 1809 1560">
    <p class='ocr_par' dir='ltr' id='par_1_15' title="bbox 148 1501 1809 1560">
     <span class='ocr_line' id='line_1_15' title="bbox 148 1501 1809 1560; baseline -0.001 -1"><span class='ocrx_word' id='word_1_98' title='bbox 148 1503 355 1560; x_wconf 86' lang='lat' dir='ltr'>nullus</span> <span class='ocrx_word' id='word_1_99' title='bbox 384 1503 626 1559; x_wconf 88' lang='lat' dir='ltr'>omnino</span> <span class='ocrx_word' id='word_1_100' title='bbox 674 1502 870 1558; x_wconf 88' lang='lat' dir='ltr'>invitis</span> <span class='ocrx_word' id='word_1_101' title='bbox 900 1506 1104 1558; x_wconf 74' lang='lat' dir='ltr'>vestrm</span> <span class='ocrx_word' id='word_1_102' title='bbox 1152 1501 1405 1559; x_wconf 76' lang='lat' dir='ltr'>ecclesiae</span> <span class='ocrx_word' id='word_1_103' title='bbox 1437 1502 1661 1558; x_wconf 90' lang='lat' dir='ltr'>clericis</span> <span class='ocrx_word' id='word_1_104' title='bbox 1708 1507 1809 1558; x_wconf 90' lang='lat' dir='ltr'>aut</span> 
     </span>
    </p>
   </div>
   <div class='ocr_carea' id='block_1_16' title="bbox 1910 612 3559 671">
    <p class='ocr_par' dir='ltr' id='par_1_16' title="bbox 1910 612 3559 671">
     <span class='ocr_line' id='line_1_16' title="bbox 1910 612 3559 671; baseline 0.001 -3"><span class='ocrx_word' id='word_1_105' title='bbox 1910 612 1985 668; x_wconf 92' lang='lat' dir='ltr'>tri</span> <span class='ocrx_word' id='word_1_106' title='bbox 2027 630 2093 669; x_wconf 91' lang='lat' dir='ltr'>ac</span> <span class='ocrx_word' id='word_1_107' title='bbox 2137 617 2336 669; x_wconf 90' lang='lat' dir='ltr'>nostro</span> <span class='ocrx_word' id='word_1_108' title='bbox 2388 629 2586 669; x_wconf 84' lang='lat' dir='ltr'>arnore</span> <span class='ocrx_word' id='word_1_109' title='bbox 2632 631 2765 669; x_wconf 92' lang='lat' dir='ltr'>cum</span> <span class='ocrx_word' id='word_1_110' title='bbox 2815 614 2940 671; x_wconf 87' lang='lat' dir='ltr'>suis</span> <span class='ocrx_word' id='word_1_111' title='bbox 2988 614 3263 671; x_wconf 90' lang='lat' dir='ltr'>omnibus</span> <span class='ocrx_word' id='word_1_112' title='bbox 3309 613 3559 671; x_wconf 90' lang='lat' dir='ltr'>liberum</span> 
     </span>
    </p>
   </div>
   <div class='ocr_carea' id='block_1_17' title="bbox 1913 701 3558 776">
    <p class='ocr_par' dir='ltr' id='par_1_17' title="bbox 1913 701 3558 776">
     <span class='ocr_line' id='line_1_17' title="bbox 1913 701 3558 776; baseline 0.001 -19"><span class='ocrx_word' id='word_1_113' title='bbox 1913 701 2072 757; x_wconf 87' lang='lat' dir='ltr'>adire</span> <span class='ocrx_word' id='word_1_114' title='bbox 2103 703 2440 775; x_wconf 87' lang='lat' dir='ltr'>permittas;</span> <span class='ocrx_word' id='word_1_115' title='bbox 2474 702 2736 776; x_wconf 88' lang='lat' dir='ltr'>alioquin</span> <span class='ocrx_word' id='word_1_116' title='bbox 2781 703 3040 776; x_wconf 90' lang='lat' dir='ltr'>quandiu</span> <span class='ocrx_word' id='word_1_117' title='bbox 3080 703 3248 760; x_wconf 90' lang='lat' dir='ltr'>illum</span> <span class='ocrx_word' id='word_1_118' title='bbox 3278 702 3558 770; x_wconf 85' lang='lat' dir='ltr'>tenueris,</span> 
     </span>
    </p>
   </div>
   <div class='ocr_carea' id='block_1_18' title="bbox 1912 786 3559 865">
    <p class='ocr_par' dir='ltr' id='par_1_18' title="bbox 1912 786 3559 865">
     <span class='ocr_line' id='line_1_18' title="bbox 1912 786 3559 865; baseline 0 -18"><span class='ocrx_word' id='word_1_119' title='bbox 1912 795 1969 847; x_wconf 90' lang='lat' dir='ltr'>et</span> <span class='ocrx_word' id='word_1_120' title='bbox 2005 796 2061 847; x_wconf 89' lang='lat' dir='ltr'>te</span> <span class='ocrx_word' id='word_1_121' title='bbox 2104 796 2161 847; x_wconf 90' lang='lat' dir='ltr'>et</span> <span class='ocrx_word' id='word_1_122' title='bbox 2206 797 2422 849; x_wconf 85' lang='lat' dir='ltr'>terram</span> <span class='ocrx_word' id='word_1_123' title='bbox 2469 796 2633 849; x_wconf 90' lang='lat' dir='ltr'>tuam</span> <span class='ocrx_word' id='word_1_124' title='bbox 2680 793 3268 851; x_wconf 84' lang='lat' dir='ltr'>excommunicationi</span> <span class='ocrx_word' id='word_1_125' title='bbox 3315 786 3559 865; x_wconf 75' lang='lat' dir='ltr'>subjici-</span> 
     </span>
    </p>
   </div>
   <div class='ocr_carea' id='block_1_19' title="bbox 1912 897 2064 937">
    <p class='ocr_par' dir='ltr' id='par_1_19' title="bbox 1912 897 2064 937">
     <span class='ocr_line' id='line_1_19' title="bbox 1912 897 2064 937; baseline 0 -1"><span class='ocrx_word' id='word_1_126' title='bbox 1912 897 2064 937; x_wconf 90' lang='lat' dir='ltr'>mus.</span> 
     </span>
    </p>
   </div>
   <div class='ocr_carea' id='block_1_20' title="bbox 2643 998 2827 1054">
    <p class='ocr_par' dir='ltr' id='par_1_20' title="bbox 2643 998 2827 1054">
     <span class='ocr_line' id='line_1_20' title="bbox 2643 998 2827 1054; baseline -0.005 0"><span class='ocrx_word' id='word_1_127' title='bbox 2643 998 2827 1054; x_wconf 89' lang='lat' dir='ltr'>CLVI.</span> 
     </span>
    </p>
   </div>
   <div class='ocr_carea' id='block_1_21' title="bbox 1915 1086 3562 1159">
    <p class='ocr_par' dir='ltr' id='par_1_21' title="bbox 1915 1086 3562 1159">
     <span class='ocr_line' id='line_1_21' title="bbox 1915 1086 3562 1159; baseline 0.002 -17"><span class='ocrx_word' id='word_1_128' title='bbox 1915 1086 2120 1142; x_wconf 79' lang='lat' dir='ltr'>Urbani</span> <span class='ocrx_word' id='word_1_129' title='bbox 2131 1088 2197 1159; x_wconf 89' lang='lat' dir='ltr'>_Il</span> <span class='ocrx_word' id='word_1_130' title='bbox 2223 1087 2447 1158; x_wconf 79' lang='lat' dir='ltr'>epistola</span> <span class='ocrx_word' id='word_1_131' title='bbox 2486 1086 2555 1142; x_wconf 85' lang='lat' dir='ltr'>ad</span> <span class='ocrx_word' id='word_1_132' title='bbox 2592 1088 3056 1159; x_wconf 65' lang='lat' dir='ltr'>archiepiscopum</span> <span class='ocrx_word' id='word_1_133' title='bbox 3083 1087 3466 1145; x_wconf 72' lang='lat' dir='ltr'>Senonemem.</span> <span class='ocrx_word' id='word_1_134' title='bbox 3492 1118 3562 1127; x_wconf 91' lang='lat'><strong>—</strong></span> 
     </span>
    </p>
   </div>
   <div class='ocr_carea' id='block_1_22' title="bbox 1982 1157 3563 1232">
    <p class='ocr_par' dir='ltr' id='par_1_22' title="bbox 1982 1157 3563 1232">
     <span class='ocr_line' id='line_1_22' title="bbox 1982 1157 3563 1232; baseline 0.002 -21"><span class='ocrx_word' id='word_1_135' title='bbox 1982 1157 2220 1232; x_wconf 61' lang='lat' dir='ltr'>inundat,</span> <span class='ocrx_word' id='word_1_136' title='bbox 2251 1157 2581 1232; x_wconf 76' lang='lat' dir='ltr'>commoneat</span> <span class='ocrx_word' id='word_1_137' title='bbox 2612 1157 2980 1215; x_wconf 60' lang='lat' dir='ltr'>Guarnerium</span> <span class='ocrx_word' id='word_1_138' title='bbox 3010 1165 3068 1215; x_wconf 83' lang='lat' dir='ltr'>ut</span> <span class='ocrx_word' id='word_1_139' title='bbox 3087 1160 3397 1232; x_wconf 68' lang='lat' dir='ltr'>episcopum</span> <span class='ocrx_word' id='word_1_140' title='bbox 3416 1159 3563 1216; x_wconf 82' lang='lat' dir='ltr'>Atre-</span> 
     </span>
    </p>
   </div>
   <div class='ocr_carea' id='block_1_23' title="bbox 1983 1228 2541 1285">
    <p class='ocr_par' dir='ltr' id='par_1_23' title="bbox 1983 1228 2541 1285">
     <span class='ocr_line' id='line_1_23' title="bbox 1983 1228 2541 1285; baseline 0.004 -2"><span class='ocrx_word' id='word_1_141' title='bbox 1983 1230 2251 1284; x_wconf 80' lang='lat' dir='ltr'>batensem</span> <span class='ocrx_word' id='word_1_142' title='bbox 2281 1228 2541 1285; x_wconf 77' lang='lat' dir='ltr'>dimittat.</span> 
     </span>
    </p>
   </div>
   <div class='ocr_carea' id='block_1_24' title="bbox 2539 1319 2935 1391">
    <p class='ocr_par' dir='ltr' id='par_1_24' title="bbox 2539 1319 2935 1391">
     <span class='ocr_line' id='line_1_24' title="bbox 2539 1319 2935 1391; baseline 0.005 -18"><span class='ocrx_word' id='word_1_143' title='bbox 2539 1319 2723 1391; x_wconf 91' lang='lat' dir='ltr'>(Anno</span> <span class='ocrx_word' id='word_1_144' title='bbox 2752 1319 2935 1391; x_wconf 87' lang='grc'>1095.)</span> 
     </span>
    </p>
   </div>
   <div class='ocr_carea' id='block_1_25' title="bbox 2345 1406 3135 1479">
    <p class='ocr_par' dir='ltr' id='par_1_25' title="bbox 2345 1406 3135 1479">
     <span class='ocr_line' id='line_1_25' title="bbox 2345 1406 3135 1479; baseline 0.005 -18"><span class='ocrx_word' id='word_1_145' title='bbox 2345 1406 2577 1479; x_wconf 70' lang='lat' dir='ltr'>[Mmsr,</span> <span class='ocrx_word' id='word_1_146' title='bbox 2608 1407 2812 1463; x_wconf 79' lang='lat' dir='ltr'>Coneil.</span> <span class='ocrx_word' id='word_1_147' title='bbox 2840 1408 2954 1479; x_wconf 85' lang='lat' dir='ltr'>XX,</span> <span class='ocrx_word' id='word_1_148' title='bbox 2984 1410 3135 1477; x_wconf 88' lang='grc'>695.)</span> 
     </span>
    </p>
   </div>
   <div class='ocr_carea' id='block_1_26' title="bbox 1990 1522 3561 1595">
    <p class='ocr_par' dir='ltr' id='par_1_26' title="bbox 1990 1522 3561 1595">
     <span class='ocr_line' id='line_1_26' title="bbox 1990 1522 3561 1595; baseline 0.002 -17"><span class='ocrx_word' id='word_1_149' title='bbox 1990 1522 2266 1578; x_wconf 80' lang='lat' dir='ltr'>URBANUS</span> <span class='ocrx_word' id='word_1_150' title='bbox 2294 1523 2625 1595; x_wconf 88' lang='lat' dir='ltr'>episcopus,</span> <span class='ocrx_word' id='word_1_151' title='bbox 2667 1540 2870 1579; x_wconf 89' lang='lat' dir='ltr'>servus</span> <span class='ocrx_word' id='word_1_152' title='bbox 2921 1540 3219 1580; x_wconf 89' lang='lat' dir='ltr'>servorum</span> <span class='ocrx_word' id='word_1_153' title='bbox 3268 1524 3391 1594; x_wconf 90' lang='lat' dir='ltr'>Dei,</span> <span class='ocrx_word' id='word_1_154' title='bbox 3425 1524 3561 1581; x_wconf 88' lang='lat' dir='ltr'>cha-</span> 
     </span>
    </p>
   </div>
   <div class='ocr_carea' id='block_1_27' title="bbox 144 1590 3563 1684">
    <p class='ocr_par' dir='ltr' id='par_1_27' title="bbox 144 1590 3563 1684">
     <span class='ocr_line' id='line_1_27' title="bbox 144 1590 3563 1684; baseline 0.002 -20"><span class='ocrx_word' id='word_1_155' title='bbox 144 1593 562 1684; x_wconf 57' lang='lat' dir='ltr'>9Pl3°990mm</span> <span class='ocrx_word' id='word_1_156' title='bbox 595 1595 697 1684; x_wconf 52' lang='lat' dir='ltr'>{tut</span> <span class='ocrx_word' id='word_1_157' title='bbox 727 1590 982 1684; x_wconf 65' lang='grc' dir='ltr'>θίξοίθείω</span> <span class='ocrx_word' id='word_1_158' title='bbox 1025 1607 1115 1646; x_wconf 60' lang='lat' dir='ltr'>res</span> <span class='ocrx_word' id='word_1_159' title='bbox 1159 1591 1407 1684; x_wconf 54' lang='grc' dir='ltr'>αυτθῗτθ)</span> <span class='ocrx_word' id='word_1_160' title='bbox 1441 1591 1692 1684; x_wconf 57' lang='grc' dir='ltr'>δίνίρονίῗ</span> <span class='ocrx_word' id='word_1_161' title='bbox 1721 1599 1812 1654; x_wconf 73' lang='lat' dir='ltr'>Vel</span> <span class='ocrx_word' id='word_1_162' title='bbox 1918 1611 2153 1666; x_wconf 90' lang='lat' dir='ltr'>rissimo</span> <span class='ocrx_word' id='word_1_163' title='bbox 2184 1590 2349 1667; x_wconf 80' lang='lat' dir='ltr'>fratri</span> <span class='ocrx_word' id='word_1_164' title='bbox 2376 1590 2672 1667; x_wconf 81' lang='lat' dir='ltr'>Senonum</span> <span class='ocrx_word' id='word_1_165' title='bbox 2702 1611 2956 1684; x_wconf 89' lang='lat' dir='ltr'>archiep.</span> <span class='ocrx_word' id='word_1_166' title='bbox 2982 1612 3280 1683; x_wconf 80' lang='lat' dir='ltr'>Rlcnsmo,</span> <span class='ocrx_word' id='word_1_167' title='bbox 3312 1590 3563 1671; x_wconf 86' lang='lat' dir='ltr'>salutem</span> 
     </span>
    </p>
   </div>
   <div class='ocr_carea' id='block_1_28' title="bbox 144 1678 1809 1751">
    <p class='ocr_par' dir='ltr' id='par_1_28' title="bbox 144 1678 1809 1751">
     <span class='ocr_line' id='line_1_28' title="bbox 144 1678 1809 1751; baseline -0.002 -14"><span class='ocrx_word' id='word_1_168' title='bbox 144 1680 475 1737; x_wconf 82' lang='lat' dir='ltr'>distrahere</span> <span class='ocrx_word' id='word_1_169' title='bbox 507 1681 745 1747; x_wconf 86' lang='lat' dir='ltr'>audeat;</span> <span class='ocrx_word' id='word_1_170' title='bbox 780 1680 973 1751; x_wconf 92' lang='lat' dir='ltr'>ipsum</span> <span class='ocrx_word' id='word_1_171' title='bbox 1020 1684 1215 1735; x_wconf 90' lang='lat' dir='ltr'>autem</span> <span class='ocrx_word' id='word_1_172' title='bbox 1258 1678 1603 1735; x_wconf 92' lang='lat' dir='ltr'>clericorum</span> <span class='ocrx_word' id='word_1_173' title='bbox 1645 1680 1809 1735; x_wconf 83' lang='lat' dir='ltr'>clau-</span> 
     </span>
    </p>
   </div>
   <div class='ocr_carea' id='block_1_29' title="bbox 1917 1698 2892 1771">
    <p class='ocr_par' dir='ltr' id='par_1_29' title="bbox 1917 1698 2892 1771">
     <span class='ocr_line' id='line_1_29' title="bbox 1917 1698 2892 1771; baseline 0.001 -16"><span class='ocrx_word' id='word_1_174' title='bbox 1917 1704 1975 1755; x_wconf 90' lang='lat' dir='ltr'>et</span> <span class='ocrx_word' id='word_1_175' title='bbox 2002 1698 2379 1771; x_wconf 88' lang='lat' dir='ltr'>apostolicam</span> <span class='ocrx_word' id='word_1_176' title='bbox 2410 1700 2892 1756; x_wconf 88' lang='lat' dir='ltr'>benedictionem.</span> 
     </span>
    </p>
   </div>
   <div class='ocr_carea' id='block_1_30' title="bbox 145 1767 3561 1863">
    <p class='ocr_par' dir='ltr' id='par_1_30' title="bbox 145 1767 3561 1863">
     <span class='ocr_line' id='line_1_30' title="bbox 145 1767 3561 1863; baseline 0.003 -27"><span class='ocrx_word' id='word_1_177' title='bbox 145 1777 361 1837; x_wconf 60' lang='lat' dir='ltr'>atrum,</span> <span class='ocrx_word' id='word_1_178' title='bbox 393 1773 453 1825; x_wconf 63' lang='grc' dir='ltr'>θῒ</span> <span class='ocrx_word' id='word_1_179' title='bbox 481 1767 1061 1863; x_wconf 53' lang='lat' dir='ltr'>§13081ri_d0m09_itf1</span> <span class='ocrx_word' id='word_1_180' title='bbox 1083 1785 1317 1863; x_wconf 51' lang='grc' dir='ltr'>ἓξξηρθξ</span> <span class='ocrx_word' id='word_1_181' title='bbox 1340 1768 1554 1863; x_wconf 40' lang='lat' dir='ltr'>lib?“</span> <span class='ocrx_word' id='word_1_182' title='bbox 1587 1784 1807 1863; x_wconf 53' lang='lat' dir='ltr'>P‘ff&#39;maf</span> <span class='ocrx_word' id='word_1_183' title='bbox 1838 1798 1886 1863; x_wconf 84' lang='lat' dir='ltr'><strong>B</strong></span> <span class='ocrx_word' id='word_1_184' title='bbox 1986 1767 2332 1844; x_wconf 75' lang='lat' dir='ltr'>Audivimus</span> <span class='ocrx_word' id='word_1_185' title='bbox 2371 1788 2781 1856; x_wconf 88' lang='lat' dir='ltr'>Guarnerium,</span> <span class='ocrx_word' id='word_1_186' title='bbox 2816 1789 3114 1846; x_wconf 91' lang='lat' dir='ltr'>Pontionis</span> <span class='ocrx_word' id='word_1_187' title='bbox 3148 1789 3359 1858; x_wconf 84' lang='lat' dir='ltr'>filium,</span> <span class='ocrx_word' id='word_1_188' title='bbox 3390 1807 3561 1847; x_wconf 89' lang='lat' dir='ltr'>vene-</span> 
     </span>
    </p>
   </div>
   <div class='ocr_carea' id='block_1_31' title="bbox 143 1856 1806 1916">
    <p class='ocr_par' dir='ltr' id='par_1_31' title="bbox 143 1856 1806 1916">
     <span class='ocr_line' id='line_1_31' title="bbox 143 1856 1806 1916; baseline -0.002 0"><span class='ocrx_word' id='word_1_189' title='bbox 143 1876 285 1916; x_wconf 90' lang='lat' dir='ltr'>nere</span> <span class='ocrx_word' id='word_1_190' title='bbox 335 1857 640 1914; x_wconf 89' lang='lat' dir='ltr'>sancimus</span> <span class='ocrx_word' id='word_1_191' title='bbox 691 1861 755 1913; x_wconf 91' lang='lat' dir='ltr'>ut</span> <span class='ocrx_word' id='word_1_192' title='bbox 812 1856 1033 1913; x_wconf 89' lang='lat' dir='ltr'>nemini</span> <span class='ocrx_word' id='word_1_193' title='bbox 1083 1856 1201 1913; x_wconf 92' lang='lat' dir='ltr'>illis</span> <span class='ocrx_word' id='word_1_194' title='bbox 1244 1856 1577 1913; x_wconf 90' lang='lat' dir='ltr'>violentiam</span> <span class='ocrx_word' id='word_1_195' title='bbox 1635 1856 1806 1912; x_wconf 89' lang='lat' dir='ltr'>liceat</span> 
     </span>
    </p>
   </div>
   <div class='ocr_carea' id='block_1_32' title="bbox 144 1946 1803 2022">
    <p class='ocr_par' dir='ltr' id='par_1_32' title="bbox 144 1946 1803 2022">
     <span class='ocr_line' id='line_1_32' title="bbox 144 1946 1803 2022; baseline -0.002 -18"><span class='ocrx_word' id='word_1_196' title='bbox 144 1950 428 2022; x_wconf 79' lang='lat' dir='ltr'>irrogare.</span> <span class='ocrx_word' id='word_1_197' title='bbox 452 1946 538 2002; x_wconf 86' lang='lat' dir='ltr'>Ad</span> <span class='ocrx_word' id='word_1_198' title='bbox 579 1946 701 2001; x_wconf 72' lang='lat' dir='ltr'>haec</span> <span class='ocrx_word' id='word_1_199' title='bbox 744 1946 1086 2017; x_wconf 86' lang='lat' dir='ltr'>adjicientes</span> <span class='ocrx_word' id='word_1_200' title='bbox 1118 1946 1488 2002; x_wconf 89' lang='lat' dir='ltr'>decernimus</span> <span class='ocrx_word' id='word_1_201' title='bbox 1536 1951 1600 2001; x_wconf 89' lang='lat' dir='ltr'>ut</span> <span class='ocrx_word' id='word_1_202' title='bbox 1649 1962 1803 2018; x_wconf 67' lang='lat' dir='ltr'>quae-</span> 
     </span>
    </p>
   </div>
   <div class='ocr_carea' id='block_1_33' title="bbox 145 2033 1803 2110">
    <p class='ocr_par' dir='ltr' id='par_1_33' title="bbox 145 2033 1803 2110">
     <span class='ocr_line' id='line_1_33' title="bbox 145 2033 1803 2110; baseline -0.003 -15"><span class='ocrx_word' id='word_1_203' title='bbox 145 2053 384 2110; x_wconf 87' lang='lat' dir='ltr'>cunque</span> <span class='ocrx_word' id='word_1_204' title='bbox 409 2036 466 2090; x_wconf 91' lang='lat' dir='ltr'>in</span> <span class='ocrx_word' id='word_1_205' title='bbox 498 2039 797 2109; x_wconf 90' lang='lat' dir='ltr'>posterum</span> <span class='ocrx_word' id='word_1_206' title='bbox 821 2034 1166 2090; x_wconf 87' lang='lat' dir='ltr'>liberalitate</span> <span class='ocrx_word' id='word_1_207' title='bbox 1186 2034 1516 2107; x_wconf 89' lang='lat' dir='ltr'>principum</span> <span class='ocrx_word' id='word_1_208' title='bbox 1533 2034 1622 2090; x_wconf 91' lang='lat' dir='ltr'>vel</span> <span class='ocrx_word' id='word_1_209' title='bbox 1644 2033 1803 2090; x_wconf 88' lang='lat' dir='ltr'>obla-</span> 
     </span>
    </p>
   </div>
   <div class='ocr_carea' id='block_1_34' title="bbox 144 2123 1805 2195">
    <p class='ocr_par' dir='ltr' id='par_1_34' title="bbox 144 2123 1805 2195">
     <span class='ocr_line' id='line_1_34' title="bbox 144 2123 1805 2195; baseline -0.003 -11"><span class='ocrx_word' id='word_1_210' title='bbox 144 2128 307 2184; x_wconf 88' lang='lat' dir='ltr'>tione</span> <span class='ocrx_word' id='word_1_211' title='bbox 368 2123 632 2180; x_wconf 84' lang='lat' dir='ltr'>ﬁdelium</span> <span class='ocrx_word' id='word_1_212' title='bbox 677 2128 872 2179; x_wconf 88' lang='lat' dir='ltr'>vestra</span> <span class='ocrx_word' id='word_1_213' title='bbox 916 2123 1159 2179; x_wconf 87' lang='lat' dir='ltr'>ecclesia</span> <span class='ocrx_word' id='word_1_214' title='bbox 1201 2126 1363 2195; x_wconf 84' lang='lat' dir='ltr'>juste</span> <span class='ocrx_word' id='word_1_215' title='bbox 1421 2127 1477 2179; x_wconf 90' lang='lat' dir='ltr'>et</span> <span class='ocrx_word' id='word_1_216' title='bbox 1531 2123 1805 2179; x_wconf 90' lang='lat' dir='ltr'>canonice</span> 
     </span>
    </p>
   </div>
   <div class='ocr_carea' id='block_1_35' title="bbox 144 2212 1806 2290">
    <p class='ocr_par' dir='ltr' id='par_1_35' title="bbox 144 2212 1806 2290">
     <span class='ocr_line' id='line_1_35' title="bbox 144 2212 1806 2290; baseline -0.003 -17"><span class='ocrx_word' id='word_1_217' title='bbox 144 2214 364 2290; x_wconf 87' lang='lat' dir='ltr'>poterit</span> <span class='ocrx_word' id='word_1_218' title='bbox 389 2212 656 2286; x_wconf 88' lang='lat' dir='ltr'>adipisci,</span> <span class='ocrx_word' id='word_1_219' title='bbox 682 2212 850 2268; x_wconf 82' lang='lat' dir='ltr'>firma</span> <span class='ocrx_word' id='word_1_220' title='bbox 876 2212 983 2267; x_wconf 87' lang='lat' dir='ltr'>tibi</span> <span class='ocrx_word' id='word_1_221' title='bbox 1014 2213 1247 2284; x_wconf 85' lang='lat' dir='ltr'>tuisque</span> <span class='ocrx_word' id='word_1_222' title='bbox 1279 2212 1717 2269; x_wconf 90' lang='lat' dir='ltr'>successoribus</span> <span class='ocrx_word' id='word_1_223' title='bbox 1749 2217 1806 2268; x_wconf 89' lang='lat' dir='ltr'>et</span> 
     </span>
    </p>
   </div>
   <div class='ocr_carea' id='block_1_36' title="bbox 144 2290 1801 2374">
    <p class='ocr_par' dir='ltr' id='par_1_36' title="bbox 144 2290 1801 2374">
     <span class='ocr_line' id='line_1_36' title="bbox 144 2290 1801 2374; baseline -0.002 -14"><span class='ocrx_word' id='word_1_224' title='bbox 144 2304 378 2360; x_wconf 87' lang='lat' dir='ltr'>illibata</span> <span class='ocrx_word' id='word_1_225' title='bbox 423 2305 822 2374; x_wconf 88' lang='lat' dir='ltr'>permaneant.</span> <span class='ocrx_word' id='word_1_226' title='bbox 856 2301 917 2357; x_wconf 91' lang='lat' dir='ltr'>Si</span> <span class='ocrx_word' id='word_1_227' title='bbox 948 2301 1082 2373; x_wconf 89' lang='lat' dir='ltr'>quis</span> <span class='ocrx_word' id='word_1_228' title='bbox 1129 2290 1268 2357; x_wconf 84' lang='lat' dir='ltr'>sane</span> <span class='ocrx_word' id='word_1_229' title='bbox 1310 2300 1801 2373; x_wconf 85' lang='lat' dir='ltr'>archiepiscopus,</span> 
     </span>
    </p>
   </div>
   <div class='ocr_carea' id='block_1_37' title="bbox 146 2389 1800 2464">
    <p class='ocr_par' dir='ltr' id='par_1_37' title="bbox 146 2389 1800 2464">
     <span class='ocr_line' id='line_1_37' title="bbox 146 2389 1800 2464; baseline -0.001 -16"><span class='ocrx_word' id='word_1_230' title='bbox 146 2398 251 2448; x_wconf 88' lang='lat' dir='ltr'>aut</span> <span class='ocrx_word' id='word_1_231' title='bbox 276 2391 613 2464; x_wconf 89' lang='lat' dir='ltr'>episcopus,</span> <span class='ocrx_word' id='word_1_232' title='bbox 638 2396 735 2446; x_wconf 91' lang='lat' dir='ltr'>aut</span> <span class='ocrx_word' id='word_1_233' title='bbox 772 2389 1108 2462; x_wconf 88' lang='lat' dir='ltr'>imperator,</span> <span class='ocrx_word' id='word_1_234' title='bbox 1132 2394 1234 2445; x_wconf 90' lang='lat' dir='ltr'>aut</span> <span class='ocrx_word' id='word_1_235' title='bbox 1264 2406 1381 2454; x_wconf 85' lang='lat' dir='ltr'>rex,</span> <span class='ocrx_word' id='word_1_236' title='bbox 1414 2390 1550 2456; x_wconf 86' lang='lat' dir='ltr'>dux,</span> <span class='ocrx_word' id='word_1_237' title='bbox 1583 2405 1800 2458; x_wconf 89' lang='lat' dir='ltr'>comes,</span> 
     </span>
    </p>
   </div>
   <div class='ocr_carea' id='block_1_38' title="bbox 143 2477 1802 2549">
    <p class='ocr_par' dir='ltr' id='par_1_38' title="bbox 143 2477 1802 2549">
     <span class='ocr_line' id='line_1_38' title="bbox 143 2477 1802 2549; baseline -0.001 -14"><span class='ocrx_word' id='word_1_238' title='bbox 143 2482 494 2547; x_wconf 82' lang='lat' dir='ltr'>vicecomes,</span> <span class='ocrx_word' id='word_1_239' title='bbox 520 2478 723 2549; x_wconf 84' lang='lat' dir='ltr'>judex,</span> <span class='ocrx_word' id='word_1_240' title='bbox 761 2482 865 2533; x_wconf 91' lang='lat' dir='ltr'>aut</span> <span class='ocrx_word' id='word_1_241' title='bbox 892 2477 1287 2535; x_wconf 90' lang='lat' dir='ltr'>ecclesiastica</span> <span class='ocrx_word' id='word_1_242' title='bbox 1313 2477 1586 2549; x_wconf 79' lang='lat' dir='ltr'>quaelibet</span> <span class='ocrx_word' id='word_1_243' title='bbox 1623 2495 1802 2533; x_wconf 85' lang='lat' dir='ltr'>saecu-</span> 
     </span>
    </p>
   </div>
   <div class='ocr_carea' id='block_1_39' title="bbox 144 2566 1801 2640">
    <p class='ocr_par' dir='ltr' id='par_1_39' title="bbox 144 2566 1801 2640">
     <span class='ocr_line' id='line_1_39' title="bbox 144 2566 1801 2640; baseline -0.001 -15"><span class='ocrx_word' id='word_1_244' title='bbox 144 2569 362 2625; x_wconf 85' lang='lat' dir='ltr'>larisve</span> <span class='ocrx_word' id='word_1_245' title='bbox 394 2583 663 2640; x_wconf 85' lang='lat' dir='ltr'>persona,</span> <span class='ocrx_word' id='word_1_246' title='bbox 698 2566 878 2638; x_wconf 88' lang='lat' dir='ltr'>hujus</span> <span class='ocrx_word' id='word_1_247' title='bbox 927 2566 1215 2639; x_wconf 88' lang='lat' dir='ltr'>privilegii</span> <span class='ocrx_word' id='word_1_248' title='bbox 1265 2567 1541 2640; x_wconf 87' lang='lat' dir='ltr'>paginam</span> <span class='ocrx_word' id='word_1_249' title='bbox 1588 2567 1801 2633; x_wconf 89' lang='lat' dir='ltr'>sciens,</span> 
     </span>
    </p>
   </div>
   <div class='ocr_carea' id='block_1_40' title="bbox 146 2655 1802 2721">
    <p class='ocr_par' dir='ltr' id='par_1_40' title="bbox 146 2655 1802 2721">
     <span class='ocr_line' id='line_1_40' title="bbox 146 2655 1802 2721; baseline -0.002 -7"><span class='ocrx_word' id='word_1_250' title='bbox 146 2662 357 2714; x_wconf 90' lang='lat' dir='ltr'>contra</span> <span class='ocrx_word' id='word_1_251' title='bbox 387 2672 518 2713; x_wconf 90' lang='lat' dir='ltr'>eam</span> <span class='ocrx_word' id='word_1_252' title='bbox 550 2660 768 2711; x_wconf 88' lang='lat' dir='ltr'>temere</span> <span class='ocrx_word' id='word_1_253' title='bbox 796 2655 994 2711; x_wconf 88' lang='lat' dir='ltr'>venire</span> <span class='ocrx_word' id='word_1_254' title='bbox 1036 2656 1361 2721; x_wconf 84' lang='lat' dir='ltr'>tentaverit,</span> <span class='ocrx_word' id='word_1_255' title='bbox 1395 2657 1649 2712; x_wconf 90' lang='lat' dir='ltr'>secundo</span> <span class='ocrx_word' id='word_1_256' title='bbox 1689 2659 1802 2712; x_wconf 90' lang='lat' dir='ltr'>ter-</span> 
     </span>
    </p>
   </div>
   <div class='ocr_carea' id='block_1_41' title="bbox 143 2743 1805 2816">
    <p class='ocr_par' dir='ltr' id='par_1_41' title="bbox 143 2743 1805 2816">
     <span class='ocr_line' id='line_1_41' title="bbox 143 2743 1805 2816; baseline -0.002 -14"><span class='ocrx_word' id='word_1_257' title='bbox 143 2747 299 2803; x_wconf 81' lang='lat' dir='ltr'>tiove</span> <span class='ocrx_word' id='word_1_258' title='bbox 349 2743 764 2811; x_wconf 90' lang='lat' dir='ltr'>commonitus,</span> <span class='ocrx_word' id='word_1_259' title='bbox 808 2744 859 2800; x_wconf 78' lang='lat' dir='ltr'>si</span> <span class='ocrx_word' id='word_1_260' title='bbox 937 2761 1053 2799; x_wconf 89' lang='lat' dir='ltr'>non</span> <span class='ocrx_word' id='word_1_261' title='bbox 1104 2743 1500 2801; x_wconf 81' lang='lat' dir='ltr'>satisfactione</span> <span class='ocrx_word' id='word_1_262' title='bbox 1546 2761 1805 2816; x_wconf 84' lang='lat' dir='ltr'>congrua</span> 
     </span>
    </p>
   </div>
   <div class='ocr_carea' id='block_1_42' title="bbox 146 2832 1803 2905">
    <p class='ocr_par' dir='ltr' id='par_1_42' title="bbox 146 2832 1803 2905">
     <span class='ocr_line' id='line_1_42' title="bbox 146 2832 1803 2905; baseline -0.002 -13"><span class='ocrx_word' id='word_1_263' title='bbox 146 2834 569 2901; x_wconf 85' lang='lat' dir='ltr'>emendaverit,</span> <span class='ocrx_word' id='word_1_264' title='bbox 623 2832 926 2905; x_wconf 85' lang='lat' dir='ltr'>potestatis</span> <span class='ocrx_word' id='word_1_265' title='bbox 977 2832 1333 2904; x_wconf 89' lang='lat' dir='ltr'>honorisque</span> <span class='ocrx_word' id='word_1_266' title='bbox 1382 2832 1470 2887; x_wconf 91' lang='lat' dir='ltr'>sui</span> <span class='ocrx_word' id='word_1_267' title='bbox 1520 2832 1803 2905; x_wconf 84' lang='lat' dir='ltr'>dignitate</span> 
     </span>
    </p>
   </div>
   <div class='ocr_carea' id='block_1_43' title="bbox 146 2918 1802 2993">
    <p class='ocr_par' dir='ltr' id='par_1_43' title="bbox 146 2918 1802 2993">
     <span class='ocr_line' id='line_1_43' title="bbox 146 2918 1802 2993; baseline -0.002 -14"><span class='ocrx_word' id='word_1_268' title='bbox 146 2926 364 2990; x_wconf 86' lang='lat' dir='ltr'>careat,</span> <span class='ocrx_word' id='word_1_269' title='bbox 389 2936 674 2993; x_wconf 90' lang='lat' dir='ltr'>reumque</span> <span class='ocrx_word' id='word_1_270' title='bbox 720 2937 780 2976; x_wconf 90' lang='lat' dir='ltr'>se</span> <span class='ocrx_word' id='word_1_271' title='bbox 825 2919 1020 2975; x_wconf 87' lang='lat' dir='ltr'>divino</span> <span class='ocrx_word' id='word_1_272' title='bbox 1052 2920 1275 2992; x_wconf 90' lang='lat' dir='ltr'>judicio</span> <span class='ocrx_word' id='word_1_273' title='bbox 1306 2918 1547 2977; x_wconf 85' lang='lat' dir='ltr'>existere</span> <span class='ocrx_word' id='word_1_274' title='bbox 1575 2920 1647 2974; x_wconf 90' lang='lat' dir='ltr'>de</span> <span class='ocrx_word' id='word_1_275' title='bbox 1677 2935 1802 2991; x_wconf 90' lang='lat' dir='ltr'>per-</span> 
     </span>
    </p>
   </div>
   <div class='ocr_carea' id='block_1_44' title="bbox 146 3008 1804 3086">
    <p class='ocr_par' dir='ltr' id='par_1_44' title="bbox 146 3008 1804 3086">
     <span class='ocr_line' id='line_1_44' title="bbox 146 3008 1804 3086; baseline -0.003 -18"><span class='ocrx_word' id='word_1_276' title='bbox 146 3016 376 3086; x_wconf 87' lang='lat' dir='ltr'>petrata</span> <span class='ocrx_word' id='word_1_277' title='bbox 416 3009 726 3082; x_wconf 88' lang='lat' dir='ltr'>iniquitate</span> <span class='ocrx_word' id='word_1_278' title='bbox 774 3011 1102 3080; x_wconf 86' lang='lat' dir='ltr'>cognoscat.</span> <span class='ocrx_word' id='word_1_279' title='bbox 1136 3012 1311 3080; x_wconf 86' lang='lat' dir='ltr'>atque</span> <span class='ocrx_word' id='word_1_280' title='bbox 1344 3024 1377 3062; x_wconf 89' lang='lat' dir='ltr'>a</span> <span class='ocrx_word' id='word_1_281' title='bbox 1405 3008 1804 3063; x_wconf 89' lang='lat' dir='ltr'>sacratissimo</span> 
     </span>
    </p>
   </div>
   <div class='ocr_carea' id='block_1_45' title="bbox 146 3096 1803 3173">
    <p class='ocr_par' dir='ltr' id='par_1_45' title="bbox 146 3096 1803 3173">
     <span class='ocr_line' id='line_1_45' title="bbox 146 3096 1803 3173; baseline -0.004 -15"><span class='ocrx_word' id='word_1_282' title='bbox 146 3115 392 3173; x_wconf 83' lang='lat' dir='ltr'>corpore</span> <span class='ocrx_word' id='word_1_283' title='bbox 420 3103 480 3155; x_wconf 87' lang='lat' dir='ltr'>et</span> <span class='ocrx_word' id='word_1_284' title='bbox 509 3097 796 3170; x_wconf 86' lang='lat' dir='ltr'>sanguine</span> <span class='ocrx_word' id='word_1_285' title='bbox 837 3097 939 3152; x_wconf 92' lang='lat' dir='ltr'>Dei</span> <span class='ocrx_word' id='word_1_286' title='bbox 981 3114 1048 3152; x_wconf 92' lang='lat' dir='ltr'>ac</span> <span class='ocrx_word' id='word_1_287' title='bbox 1105 3096 1335 3152; x_wconf 86' lang='lat' dir='ltr'>Domini</span> <span class='ocrx_word' id='word_1_288' title='bbox 1396 3097 1803 3168; x_wconf 82' lang='lat' dir='ltr'>Redemptoris</span> 
     </span>
    </p>
   </div>
   <div class='ocr_carea' id='block_1_46' title="bbox 1915 1876 3561 1953">
    <p class='ocr_par' dir='ltr' id='par_1_46' title="bbox 1915 1876 3561 1953">
     <span class='ocr_line' id='line_1_46' title="bbox 1915 1876 3561 1953; baseline 0.002 -21"><span class='ocrx_word' id='word_1_289' title='bbox 1915 1876 2158 1933; x_wconf 89' lang='lat' dir='ltr'>rabilem</span> <span class='ocrx_word' id='word_1_290' title='bbox 2192 1878 2429 1933; x_wconf 89' lang='lat' dir='ltr'>fratrem</span> <span class='ocrx_word' id='word_1_291' title='bbox 2455 1882 2720 1934; x_wconf 91' lang='lat' dir='ltr'>nostrum</span> <span class='ocrx_word' id='word_1_292' title='bbox 2747 1879 3189 1937; x_wconf 83' lang='lat' dir='ltr'>Atrebatensem</span> <span class='ocrx_word' id='word_1_293' title='bbox 3220 1880 3561 1953; x_wconf 89' lang='lat' dir='ltr'>episcopum</span> 
     </span>
    </p>
   </div>
   <div class='ocr_carea' id='block_1_47' title="bbox 1915 1965 3561 2042">
    <p class='ocr_par' dir='ltr' id='par_1_47' title="bbox 1915 1965 3561 2042">
     <span class='ocr_line' id='line_1_47' title="bbox 1915 1965 3561 2042; baseline 0.002 -20"><span class='ocrx_word' id='word_1_294' title='bbox 1915 1967 1988 2022; x_wconf 90' lang='lat' dir='ltr'>ad</span> <span class='ocrx_word' id='word_1_295' title='bbox 2019 1965 2334 2022; x_wconf 91' lang='lat' dir='ltr'>concilium</span> <span class='ocrx_word' id='word_1_296' title='bbox 2381 1967 2710 2023; x_wconf 84' lang='lat' dir='ltr'>venientem</span> <span class='ocrx_word' id='word_1_297' title='bbox 2759 1968 3006 2039; x_wconf 89' lang='lat' dir='ltr'>cepisse,</span> <span class='ocrx_word' id='word_1_298' title='bbox 3030 1972 3383 2042; x_wconf 90' lang='lat' dir='ltr'>captumque</span> <span class='ocrx_word' id='word_1_299' title='bbox 3425 1968 3561 2026; x_wconf 89' lang='lat' dir='ltr'>reti-</span> 
     </span>
    </p>
   </div>
   <div class='ocr_carea' id='block_1_48' title="bbox 1914 2054 3565 2130">
    <p class='ocr_par' dir='ltr' id='par_1_48' title="bbox 1914 2054 3565 2130">
     <span class='ocr_line' id='line_1_48' title="bbox 1914 2054 3565 2130; baseline 0.003 -20"><span class='ocrx_word' id='word_1_300' title='bbox 1914 2072 2069 2124; x_wconf 90' lang='lat' dir='ltr'>nere,</span> <span class='ocrx_word' id='word_1_301' title='bbox 2094 2072 2162 2111; x_wconf 91' lang='lat' dir='ltr'>ea</span> <span class='ocrx_word' id='word_1_302' title='bbox 2190 2058 2426 2127; x_wconf 89' lang='lat' dir='ltr'>propter</span> <span class='ocrx_word' id='word_1_303' title='bbox 2455 2054 2664 2111; x_wconf 88' lang='lat' dir='ltr'>litteris</span> <span class='ocrx_word' id='word_1_304' title='bbox 2695 2060 2751 2111; x_wconf 92' lang='lat' dir='ltr'>te</span> <span class='ocrx_word' id='word_1_305' title='bbox 2778 2058 3166 2129; x_wconf 59' lang='lat' dir='ltr'>praesentibus</span> <span class='ocrx_word' id='word_1_306' title='bbox 3186 2059 3469 2130; x_wconf 90' lang='lat' dir='ltr'>jubemus</span> <span class='ocrx_word' id='word_1_307' title='bbox 3499 2063 3565 2115; x_wconf 89' lang='lat' dir='ltr'>ut</span> 
     </span>
    </p>
   </div>
   <div class='ocr_carea' id='block_1_49' title="bbox 1913 2143 3563 2218">
    <p class='ocr_par' dir='ltr' id='par_1_49' title="bbox 1913 2143 3563 2218">
     <span class='ocr_line' id='line_1_49' title="bbox 1913 2143 3563 2218; baseline 0.004 -20"><span class='ocrx_word' id='word_1_308' title='bbox 1913 2145 2183 2199; x_wconf 89' lang='lat' dir='ltr'>eumdem</span> <span class='ocrx_word' id='word_1_309' title='bbox 2217 2143 2605 2199; x_wconf 90' lang='lat' dir='ltr'>Guarnerium</span> <span class='ocrx_word' id='word_1_310' title='bbox 2646 2149 2884 2217; x_wconf 91' lang='lat' dir='ltr'>captum</span> <span class='ocrx_word' id='word_1_311' title='bbox 2932 2146 3242 2218; x_wconf 65' lang='lat' dir='ltr'>praesulem</span> <span class='ocrx_word' id='word_1_312' title='bbox 3273 2163 3408 2203; x_wconf 91' lang='lat' dir='ltr'>cum</span> <span class='ocrx_word' id='word_1_313' title='bbox 3437 2147 3563 2204; x_wconf 85' lang='lat' dir='ltr'>suis</span> 
     </span>
    </p>
   </div>
   <div class='ocr_carea' id='block_1_50' title="bbox 1913 2231 3560 2299">
    <p class='ocr_par' dir='ltr' id='par_1_50' title="bbox 1913 2231 3560 2299">
     <span class='ocr_line' id='line_1_50' title="bbox 1913 2231 3560 2299; baseline 0 -10"><span class='ocrx_word' id='word_1_314' title='bbox 1913 2232 2187 2289; x_wconf 90' lang='lat' dir='ltr'>omnibus</span> <span class='ocrx_word' id='word_1_315' title='bbox 2233 2231 2483 2288; x_wconf 90' lang='lat' dir='ltr'>libertati</span> <span class='ocrx_word' id='word_1_316' title='bbox 2525 2232 2828 2288; x_wconf 88' lang='lat' dir='ltr'>restituere</span> <span class='ocrx_word' id='word_1_317' title='bbox 2869 2249 3263 2291; x_wconf 83' lang='lat' dir='ltr'>commoneas.</span> <span class='ocrx_word' id='word_1_318' title='bbox 3297 2235 3459 2299; x_wconf 87' lang='lat' dir='ltr'>Quod</span> <span class='ocrx_word' id='word_1_319' title='bbox 3509 2235 3560 2291; x_wconf 90' lang='lat' dir='ltr'>si</span> 
     </span>
    </p>
   </div>
   <div class='ocr_carea' id='block_1_51' title="bbox 1913 2319 3562 2394">
    <p class='ocr_par' dir='ltr' id='par_1_51' title="bbox 1913 2319 3562 2394">
     <span class='ocr_line' id='line_1_51' title="bbox 1913 2319 3562 2394; baseline 0 -16"><span class='ocrx_word' id='word_1_320' title='bbox 1913 2321 2350 2394; x_wconf 88' lang='lat' dir='ltr'>contempserit,</span> <span class='ocrx_word' id='word_1_321' title='bbox 2372 2321 2633 2393; x_wconf 90' lang='lat' dir='ltr'>quandiu</span> <span class='ocrx_word' id='word_1_322' title='bbox 2678 2319 2845 2375; x_wconf 92' lang='lat' dir='ltr'>illum</span> <span class='ocrx_word' id='word_1_323' title='bbox 2876 2321 3147 2388; x_wconf 90' lang='lat' dir='ltr'>tenuerit,</span> <span class='ocrx_word' id='word_1_324' title='bbox 3178 2326 3236 2378; x_wconf 88' lang='lat' dir='ltr'>et</span> <span class='ocrx_word' id='word_1_325' title='bbox 3276 2322 3471 2394; x_wconf 90' lang='lat' dir='ltr'>ipsum</span> <span class='ocrx_word' id='word_1_326' title='bbox 3503 2326 3562 2378; x_wconf 90' lang='lat' dir='ltr'>et</span> 
     </span>
    </p>
   </div>
   <div class='ocr_carea' id='block_1_52' title="bbox 1912 2408 3249 2482">
    <p class='ocr_par' dir='ltr' id='par_1_52' title="bbox 1912 2408 3249 2482">
     <span class='ocr_line' id='line_1_52' title="bbox 1912 2408 3249 2482; baseline -0.001 -16"><span class='ocrx_word' id='word_1_327' title='bbox 1912 2411 2105 2466; x_wconf 90' lang='lat' dir='ltr'>locum</span> <span class='ocrx_word' id='word_1_328' title='bbox 2133 2426 2307 2466; x_wconf 90' lang='lat' dir='ltr'>suum</span> <span class='ocrx_word' id='word_1_329' title='bbox 2338 2408 2923 2466; x_wconf 81' lang='lat' dir='ltr'>excommunicationi</span> <span class='ocrx_word' id='word_1_330' title='bbox 2949 2409 3249 2482; x_wconf 88' lang='lat' dir='ltr'>subjicias.</span> 
     </span>
    </p>
   </div>
   <div class='ocr_carea' id='block_1_53' title="bbox 2088 2525 3379 2687">
    <p class='ocr_par' dir='ltr' id='par_1_53' title="bbox 2088 2525 3379 2687">
     <span class='ocr_line' id='line_1_53' title="bbox 2088 2525 3379 2687; baseline 0 -16"><span class='ocrx_word' id='word_1_331' title='bbox 2088 2616 2447 2687; x_wconf 79' lang='lat' dir='ltr'>Privilegium</span> <span class='ocrx_word' id='word_1_332' title='bbox 2476 2630 2577 2687; x_wconf 83' lang='lat' dir='ltr'>pro</span> <span class='ocrx_word' id='word_1_333' title='bbox 2612 2525 2940 2671; x_wconf 48' lang='lat' dir='ltr'>$12st</span> <span class='ocrx_word' id='word_1_334' title='bbox 2969 2573 3379 2672; x_wconf 70' lang='lat' dir='ltr'>Silviniacensi.</span> 
     </span>
    </p>
   </div>
   <div class='ocr_carea' id='block_1_54' title="bbox 2538 2703 2933 2776">
    <p class='ocr_par' dir='ltr' id='par_1_54' title="bbox 2538 2703 2933 2776">
     <span class='ocr_line' id='line_1_54' title="bbox 2538 2703 2933 2776; baseline 0 -18"><span class='ocrx_word' id='word_1_335' title='bbox 2538 2704 2725 2776; x_wconf 83' lang='lat' dir='ltr'>(Anno</span> <span class='ocrx_word' id='word_1_336' title='bbox 2752 2703 2933 2775; x_wconf 87' lang='grc'>1095.)</span> 
     </span>
    </p>
   </div>
   <div class='ocr_carea' id='block_1_55' title="bbox 2208 2792 3260 2866">
    <p class='ocr_par' dir='ltr' id='par_1_55' title="bbox 2208 2792 3260 2866">
     <span class='ocr_line' id='line_1_55' title="bbox 2208 2792 3260 2866; baseline 0.002 -19"><span class='ocrx_word' id='word_1_337' title='bbox 2208 2793 2563 2865; x_wconf 76' lang='lat' dir='ltr'>[Bibliotheca</span> <span class='ocrx_word' id='word_1_338' title='bbox 2593 2792 2989 2860; x_wconf 75' lang='lat' dir='ltr'>Cluniacensis,</span> <span class='ocrx_word' id='word_1_339' title='bbox 3021 2809 3079 2865; x_wconf 93' lang='lat' dir='ltr'>p.</span> <span class='ocrx_word' id='word_1_340' title='bbox 3109 2793 3260 2866; x_wconf 89' lang='lat'>309.]</span> 
     </span>
    </p>
   </div>
   <div class='ocr_carea' id='block_1_56' title="bbox 1983 2906 3556 2981">
    <p class='ocr_par' dir='ltr' id='par_1_56' title="bbox 1983 2906 3556 2981">
     <span class='ocr_line' id='line_1_56' title="bbox 1983 2906 3556 2981; baseline 0.001 -17"><span class='ocrx_word' id='word_1_341' title='bbox 1983 2913 2263 2964; x_wconf 67' lang='lat' dir='ltr'>Uasmus</span> <span class='ocrx_word' id='word_1_342' title='bbox 2292 2906 2622 2981; x_wconf 91' lang='lat' dir='ltr'>episcopus,</span> <span class='ocrx_word' id='word_1_343' title='bbox 2642 2924 2844 2963; x_wconf 88' lang='lat' dir='ltr'>servus</span> <span class='ocrx_word' id='word_1_344' title='bbox 2865 2924 3164 2965; x_wconf 87' lang='lat' dir='ltr'>servorum</span> <span class='ocrx_word' id='word_1_345' title='bbox 3185 2908 3305 2979; x_wconf 88' lang='lat' dir='ltr'>Dei,</span> <span class='ocrx_word' id='word_1_346' title='bbox 3330 2907 3467 2965; x_wconf 82' lang='lat' dir='ltr'>filiis</span> <span class='ocrx_word' id='word_1_347' title='bbox 3494 2908 3556 2966; x_wconf 90' lang='lat' dir='ltr'>in</span> 
     </span>
    </p>
   </div>
   <div class='ocr_carea' id='block_1_57' title="bbox 1913 2995 3563 3055">
    <p class='ocr_par' dir='ltr' id='par_1_57' title="bbox 1913 2995 3563 3055">
     <span class='ocr_line' id='line_1_57' title="bbox 1913 2995 3563 3055; baseline 0.002 -3"><span class='ocrx_word' id='word_1_348' title='bbox 1913 2998 2157 3053; x_wconf 92' lang='lat' dir='ltr'>Domino</span> <span class='ocrx_word' id='word_1_349' title='bbox 2186 2996 2553 3052; x_wconf 86' lang='lat' dir='ltr'>charissimis</span> <span class='ocrx_word' id='word_1_350' title='bbox 2590 2995 3026 3053; x_wconf 87' lang='lat' dir='ltr'>Silviniacensis</span> <span class='ocrx_word' id='word_1_351' title='bbox 3068 2997 3315 3054; x_wconf 69' lang='lat' dir='ltr'>cmnobii</span> <span class='ocrx_word' id='word_1_352' title='bbox 3354 3014 3563 3055; x_wconf 90' lang='lat' dir='ltr'>mona-</span> 
     </span>
    </p>
   </div>
   <div class='ocr_carea' id='block_1_58' title="bbox 1914 3084 3357 3157">
    <p class='ocr_par' dir='ltr' id='par_1_58' title="bbox 1914 3084 3357 3157">
     <span class='ocr_line' id='line_1_58' title="bbox 1914 3084 3357 3157; baseline -0.001 -16"><span class='ocrx_word' id='word_1_353' title='bbox 1914 3085 2060 3156; x_wconf 89' lang='lat' dir='ltr'>chis,</span> <span class='ocrx_word' id='word_1_354' title='bbox 2093 3085 2343 3141; x_wconf 87' lang='lat' dir='ltr'>salutem</span> <span class='ocrx_word' id='word_1_355' title='bbox 2374 3090 2431 3140; x_wconf 91' lang='lat' dir='ltr'>et</span> <span class='ocrx_word' id='word_1_356' title='bbox 2461 3084 2841 3157; x_wconf 87' lang='lat' dir='ltr'>apostolicam</span> <span class='ocrx_word' id='word_1_357' title='bbox 2872 3084 3357 3142; x_wconf 88' lang='lat' dir='ltr'>benedictionem.</span> 
     </span>
    </p>
   </div>
   <div class='ocr_carea' id='block_1_59' title="bbox 147 3164 3566 3251">
    <p class='ocr_par' dir='ltr' id='par_1_59' title="bbox 147 3164 3566 3251">
     <span class='ocr_line' id='line_1_59' title="bbox 147 3164 3566 3251; baseline -0.002 -5"><span class='ocrx_word' id='word_1_358' title='bbox 147 3164 337 3246; x_wconf 49' lang='lat' dir='ltr'>nos-tri</span> <span class='ocrx_word' id='word_1_359' title='bbox 360 3188 500 3244; x_wconf 86' lang='lat' dir='ltr'>Jesu</span> <span class='ocrx_word' id='word_1_360' title='bbox 524 3164 737 3242; x_wconf 63' lang='lat' dir='ltr'>Christi</span> <span class='ocrx_word' id='word_1_361' title='bbox 769 3184 995 3241; x_wconf 88' lang='lat' dir='ltr'>alienus</span> <span class='ocrx_word' id='word_1_362' title='bbox 1020 3185 1140 3251; x_wconf 82' lang='lat' dir='ltr'>fiat,</span> <span class='ocrx_word' id='word_1_363' title='bbox 1155 3189 1211 3241; x_wconf 91' lang='lat' dir='ltr'>et</span> <span class='ocrx_word' id='word_1_364' title='bbox 1239 3185 1298 3241; x_wconf 92' lang='lat' dir='ltr'>in</span> <span class='ocrx_word' id='word_1_365' title='bbox 1329 3188 1584 3240; x_wconf 83' lang='lat' dir='ltr'>extremo</span> <span class='ocrx_word' id='word_1_366' title='bbox 1615 3164 1807 3241; x_wconf 84' lang='lat' dir='ltr'>distri-</span> <span class='ocrx_word' id='word_1_367' title='bbox 1834 3164 1878 3230; x_wconf 60' lang='grc' dir='ltr'>(ἶ</span> <span class='ocrx_word' id='word_1_368' title='bbox 1989 3174 2273 3241; x_wconf 71' lang='lat' dir='ltr'>Quoniam</span> <span class='ocrx_word' id='word_1_369' title='bbox 2300 3189 2564 3245; x_wconf 72' lang='grc' dir='ltr'>ΒυΡθΓηεΒ</span> <span class='ocrx_word' id='word_1_370' title='bbox 2595 3172 3014 3228; x_wconf 68' lang='lat' dir='ltr'>benedictionis</span> <span class='ocrx_word' id='word_1_371' title='bbox 3044 3173 3328 3246; x_wconf 79' lang='lat' dir='ltr'>dignitate</span> <span class='ocrx_word' id='word_1_372' title='bbox 3358 3174 3566 3231; x_wconf 70' lang='lat' dir='ltr'>multi-</span> 
     </span>
    </p>
   </div>
   <div class='ocr_carea' id='block_1_60' title="bbox 145 3271 1806 3345">
    <p class='ocr_par' dir='ltr' id='par_1_60' title="bbox 145 3271 1806 3345">
     <span class='ocr_line' id='line_1_60' title="bbox 145 3271 1806 3345; baseline -0.004 -12"><span class='ocrx_word' id='word_1_373' title='bbox 145 3281 255 3333; x_wconf 75' lang='lat' dir='ltr'>ctze</span> <span class='ocrx_word' id='word_1_374' title='bbox 291 3274 499 3331; x_wconf 86' lang='lat' dir='ltr'>ultioni</span> <span class='ocrx_word' id='word_1_375' title='bbox 539 3273 859 3345; x_wconf 86' lang='lat' dir='ltr'>subjaceat.</span> <span class='ocrx_word' id='word_1_376' title='bbox 891 3272 1126 3328; x_wconf 90' lang='lat' dir='ltr'>Cunctis</span> <span class='ocrx_word' id='word_1_377' title='bbox 1167 3276 1359 3327; x_wconf 91' lang='lat' dir='ltr'>autem</span> <span class='ocrx_word' id='word_1_378' title='bbox 1392 3272 1579 3328; x_wconf 91' lang='lat' dir='ltr'>eidem</span> <span class='ocrx_word' id='word_1_379' title='bbox 1610 3271 1806 3328; x_wconf 87' lang='lat' dir='ltr'>Eccle-</span> 
     </span>
    </p>
   </div>
   <div class='ocr_carea' id='block_1_61' title="bbox 146 3360 1805 3436">
    <p class='ocr_par' dir='ltr' id='par_1_61' title="bbox 146 3360 1805 3436">
     <span class='ocr_line' id='line_1_61' title="bbox 146 3360 1805 3436; baseline -0.003 -15"><span class='ocrx_word' id='word_1_380' title='bbox 146 3366 250 3422; x_wconf 64' lang='lat' dir='ltr'>siae</span> <span class='ocrx_word' id='word_1_381' title='bbox 275 3366 445 3436; x_wconf 84' lang='lat' dir='ltr'>justa</span> <span class='ocrx_word' id='word_1_382' title='bbox 495 3362 863 3420; x_wconf 87' lang='lat' dir='ltr'>servantibus</span> <span class='ocrx_word' id='word_1_383' title='bbox 902 3360 980 3417; x_wconf 90' lang='lat' dir='ltr'>sit</span> <span class='ocrx_word' id='word_1_384' title='bbox 1022 3378 1132 3434; x_wconf 85' lang='lat' dir='ltr'>pax</span> <span class='ocrx_word' id='word_1_385' title='bbox 1163 3361 1391 3417; x_wconf 91' lang='lat' dir='ltr'>Domini</span> <span class='ocrx_word' id='word_1_386' title='bbox 1435 3361 1620 3417; x_wconf 89' lang='lat' dir='ltr'>nostri</span> <span class='ocrx_word' id='word_1_387' title='bbox 1666 3360 1805 3417; x_wconf 85' lang='lat' dir='ltr'>Jesu</span> 
     </span>
    </p>
   </div>
   <div class='ocr_carea' id='block_1_62' title="bbox 145 3450 1806 3525">
    <p class='ocr_par' dir='ltr' id='par_1_62' title="bbox 145 3450 1806 3525">
     <span class='ocr_line' id='line_1_62' title="bbox 145 3450 1806 3525; baseline -0.002 -16"><span class='ocrx_word' id='word_1_388' title='bbox 145 3453 386 3520; x_wconf 85' lang='lat' dir='ltr'>Christi,</span> <span class='ocrx_word' id='word_1_389' title='bbox 412 3455 702 3525; x_wconf 86' lang='lat' dir='ltr'>quatenus</span> <span class='ocrx_word' id='word_1_390' title='bbox 729 3454 788 3506; x_wconf 89' lang='lat' dir='ltr'>et</span> <span class='ocrx_word' id='word_1_391' title='bbox 815 3450 910 3506; x_wconf 90' lang='lat' dir='ltr'>hic</span> <span class='ocrx_word' id='word_1_392' title='bbox 938 3450 1193 3506; x_wconf 89' lang='lat' dir='ltr'>fructum</span> <span class='ocrx_word' id='word_1_393' title='bbox 1221 3451 1385 3506; x_wconf 61' lang='lat' dir='ltr'>bona</span> <span class='ocrx_word' id='word_1_394' title='bbox 1408 3450 1652 3506; x_wconf 90' lang='lat' dir='ltr'>actionis</span> <span class='ocrx_word' id='word_1_395' title='bbox 1682 3465 1806 3521; x_wconf 91' lang='lat' dir='ltr'>per-</span> 
     </span>
    </p>
   </div>
   <div class='ocr_carea' id='block_1_63' title="bbox 142 3539 1802 3616">
    <p class='ocr_par' dir='ltr' id='par_1_63' title="bbox 142 3539 1802 3616">
     <span class='ocr_line' id='line_1_63' title="bbox 142 3539 1802 3616; baseline -0.004 -17"><span class='ocrx_word' id='word_1_396' title='bbox 142 3542 396 3616; x_wconf 88' lang='lat' dir='ltr'>cipiant,</span> <span class='ocrx_word' id='word_1_397' title='bbox 413 3546 472 3597; x_wconf 89' lang='lat' dir='ltr'>et</span> <span class='ocrx_word' id='word_1_398' title='bbox 498 3539 654 3613; x_wconf 90' lang='lat' dir='ltr'>apud</span> <span class='ocrx_word' id='word_1_399' title='bbox 678 3539 1009 3596; x_wconf 89' lang='lat' dir='ltr'>districtum</span> <span class='ocrx_word' id='word_1_400' title='bbox 1034 3540 1291 3611; x_wconf 88' lang='lat' dir='ltr'>judicem</span> <span class='ocrx_word' id='word_1_401' title='bbox 1318 3539 1558 3612; x_wconf 65' lang='lat' dir='ltr'>praemia</span> <span class='ocrx_word' id='word_1_402' title='bbox 1574 3543 1802 3595; x_wconf 68' lang='lat' dir='ltr'>aeterna:</span> 
     </span>
    </p>
   </div>
   <div class='ocr_carea' id='block_1_64' title="bbox 140 3629 899 3704">
    <p class='ocr_par' dir='ltr' id='par_1_64' title="bbox 140 3629 899 3704">
     <span class='ocr_line' id='line_1_64' title="bbox 140 3629 899 3704; baseline -0.005 -17"><span class='ocrx_word' id='word_1_403' title='bbox 140 3631 315 3704; x_wconf 88' lang='lat' dir='ltr'>pacis</span> <span class='ocrx_word' id='word_1_404' title='bbox 343 3629 663 3685; x_wconf 86' lang='lat' dir='ltr'>inveniant.</span> <span class='ocrx_word' id='word_1_405' title='bbox 697 3629 899 3684; x_wconf 87' lang='lat' dir='ltr'>Amen.</span> 
     </span>
    </p>
   </div>
   <div class='ocr_carea' id='block_1_65' title="bbox 214 3716 1801 3788">
    <p class='ocr_par' dir='ltr' id='par_1_65' title="bbox 214 3716 1801 3788">
     <span class='ocr_line' id='line_1_65' title="bbox 214 3716 1801 3788; baseline -0.001 -13"><span class='ocrx_word' id='word_1_406' title='bbox 214 3720 432 3776; x_wconf 87' lang='lat' dir='ltr'>Datum</span> <span class='ocrx_word' id='word_1_407' title='bbox 465 3716 744 3784; x_wconf 89' lang='lat' dir='ltr'>Cluniaci,</span> <span class='ocrx_word' id='word_1_408' title='bbox 780 3733 882 3788; x_wconf 89' lang='lat' dir='ltr'>per</span> <span class='ocrx_word' id='word_1_409' title='bbox 910 3733 1123 3773; x_wconf 89' lang='lat' dir='ltr'>manus</span> <span class='ocrx_word' id='word_1_410' title='bbox 1150 3716 1415 3783; x_wconf 89' lang='lat' dir='ltr'>Joannis,</span> <span class='ocrx_word' id='word_1_411' title='bbox 1448 3720 1659 3773; x_wconf 80' lang='lat' dir='ltr'>sanctae</span> <span class='ocrx_word' id='word_1_412' title='bbox 1692 3717 1801 3773; x_wconf 81' lang='lat' dir='ltr'>Ro-</span> 
     </span>
    </p>
   </div>
   <div class='ocr_carea' id='block_1_66' title="bbox 138 3806 1802 3873">
    <p class='ocr_par' dir='ltr' id='par_1_66' title="bbox 138 3806 1802 3873">
     <span class='ocr_line' id='line_1_66' title="bbox 138 3806 1802 3873; baseline -0.001 -9"><span class='ocrx_word' id='word_1_413' title='bbox 138 3825 337 3865; x_wconf 78' lang='lat' dir='ltr'>manae</span> <span class='ocrx_word' id='word_1_414' title='bbox 398 3807 661 3863; x_wconf 75' lang='lat' dir='ltr'>Ecclesiae</span> <span class='ocrx_word' id='word_1_415' title='bbox 717 3806 951 3862; x_wconf 91' lang='lat' dir='ltr'>diaconi</span> <span class='ocrx_word' id='word_1_416' title='bbox 1008 3806 1345 3873; x_wconf 87' lang='lat' dir='ltr'>cardinalis,</span> <span class='ocrx_word' id='word_1_417' title='bbox 1384 3823 1458 3861; x_wconf 90' lang='lat' dir='ltr'>xv</span> <span class='ocrx_word' id='word_1_418' title='bbox 1512 3806 1802 3862; x_wconf 89' lang='lat' dir='ltr'>Kalendas</span> 
     </span>
    </p>
   </div>
   <div class='ocr_carea' id='block_1_67' title="bbox 130 3895 1802 3964">
    <p class='ocr_par' dir='ltr' id='par_1_67' title="bbox 130 3895 1802 3964">
     <span class='ocr_line' id='line_1_67' title="bbox 130 3895 1802 3964; baseline -0.002 -10"><span class='ocrx_word' id='word_1_419' title='bbox 130 3896 508 3964; x_wconf 84' lang='lat' dir='ltr'>Novembris,</span> <span class='ocrx_word' id='word_1_420' title='bbox 542 3895 864 3951; x_wconf 89' lang='lat' dir='ltr'>indictione</span> <span class='ocrx_word' id='word_1_421' title='bbox 895 3911 979 3963; x_wconf 87' lang='grc' dir='ltr'>ιιι,</span> <span class='ocrx_word' id='word_1_422' title='bbox 1005 3912 1159 3951; x_wconf 90' lang='lat' dir='ltr'>anno</span> <span class='ocrx_word' id='word_1_423' title='bbox 1191 3895 1503 3951; x_wconf 74' lang='lat' dir='ltr'>Dominicaa</span> <span class='ocrx_word' id='word_1_424' title='bbox 1536 3900 1802 3951; x_wconf 89' lang='lat' dir='ltr'>Incarna-</span> 
     </span>
    </p>
   </div>
   <div class='ocr_carea' id='block_1_68' title="bbox 131 3983 1799 4056">
    <p class='ocr_par' dir='ltr' id='par_1_68' title="bbox 131 3983 1799 4056">
     <span class='ocr_line' id='line_1_68' title="bbox 131 3983 1799 4056; baseline -0.002 -14"><span class='ocrx_word' id='word_1_425' title='bbox 131 3985 317 4042; x_wconf 83' lang='lat' dir='ltr'>tionis</span> <span class='ocrx_word' id='word_1_426' title='bbox 347 3984 664 4040; x_wconf 87' lang='lat' dir='ltr'>millesimo</span> <span class='ocrx_word' id='word_1_427' title='bbox 694 3983 1074 4055; x_wconf 88' lang='lat' dir='ltr'>nonagesimo</span> <span class='ocrx_word' id='word_1_428' title='bbox 1095 3987 1274 4048; x_wconf 89' lang='lat' dir='ltr'>sexto,</span> <span class='ocrx_word' id='word_1_429' title='bbox 1300 3983 1673 4056; x_wconf 80' lang='lat' dir='ltr'>pontiﬁcatus</span> <span class='ocrx_word' id='word_1_430' title='bbox 1704 4000 1799 4039; x_wconf 89' lang='lat' dir='ltr'>au-</span> 
     </span>
    </p>
   </div>
   <div class='ocr_carea' id='block_1_69' title="bbox 133 4072 1301 4145">
    <p class='ocr_par' dir='ltr' id='par_1_69' title="bbox 133 4072 1301 4145">
     <span class='ocr_line' id='line_1_69' title="bbox 133 4072 1301 4145; baseline -0.002 -14"><span class='ocrx_word' id='word_1_431' title='bbox 133 4079 259 4131; x_wconf 85' lang='lat' dir='ltr'>tem</span> <span class='ocrx_word' id='word_1_432' title='bbox 291 4072 515 4131; x_wconf 90' lang='lat' dir='ltr'>domini</span> <span class='ocrx_word' id='word_1_433' title='bbox 550 4072 765 4129; x_wconf 88' lang='lat' dir='ltr'>Urbani</span> <span class='ocrx_word' id='word_1_434' title='bbox 802 4072 847 4127; x_wconf 91' lang='lat' dir='ltr'><strong>II</strong></span> <span class='ocrx_word' id='word_1_435' title='bbox 880 4089 1041 4145; x_wconf 70' lang='lat' dir='ltr'>papae</span> <span class='ocrx_word' id='word_1_436' title='bbox 1080 4076 1301 4129; x_wconf 89' lang='lat' dir='ltr'>octavo.</span> 
     </span>
    </p>
   </div>
   <div class='ocr_carea' id='block_1_70' title="bbox 897 4214 1051 4270">
    <p class='ocr_par' dir='ltr' id='par_1_70' title="bbox 897 4214 1051 4270">
     <span class='ocr_line' id='line_1_70' title="bbox 897 4214 1051 4270; baseline -0.013 0"><span class='ocrx_word' id='word_1_437' title='bbox 897 4214 1051 4270; x_wconf 87' lang='lat' dir='ltr'>CLV.</span> 
     </span>
    </p>
   </div>
   <div class='ocr_carea' id='block_1_71' title="bbox 142 4303 1800 4390">
    <p class='ocr_par' dir='ltr' id='par_1_71' title="bbox 142 4303 1800 4390">
     <span class='ocr_line' id='line_1_71' title="bbox 142 4303 1800 4390; baseline -0.004 -25"><span class='ocrx_word' id='word_1_438' title='bbox 142 4308 355 4390; x_wconf 47' lang='lat' dir='ltr'>Urbani</span> <span class='ocrx_word' id='word_1_439' title='bbox 385 4308 437 4390; x_wconf 71' lang='grc' dir='ltr'><strong><em>Ιζ</em></strong></span> <span class='ocrx_word' id='word_1_440' title='bbox 462 4305 694 4378; x_wconf 78' lang='lat' dir='ltr'>epistola</span> <span class='ocrx_word' id='word_1_441' title='bbox 733 4304 817 4386; x_wconf 39' lang='lat' dir='ltr'>ad.</span> <span class='ocrx_word' id='word_1_442' title='bbox 844 4304 1209 4390; x_wconf 61' lang='lat' dir='ltr'>Guarnerium</span> <span class='ocrx_word' id='word_1_443' title='bbox 1253 4303 1319 4357; x_wconf 84' lang='lat' dir='ltr'>de</span> <span class='ocrx_word' id='word_1_444' title='bbox 1365 4303 1703 4390; x_wconf 52' lang='lat' dir='ltr'>Castellion&#39;e.</span> <span class='ocrx_word' id='word_1_445' title='bbox 1734 4335 1800 4345; x_wconf 92' lang='lat'>--</span> 
     </span>
    </p>
   </div>
   <div class='ocr_carea' id='block_1_72' title="bbox 194 4375 1801 4520">
    <p class='ocr_par' dir='ltr' id='par_1_72' title="bbox 194 4375 1801 4520">
     <span class='ocr_line' id='line_1_72' title="bbox 194 4375 1800 4449; baseline -0.002 -15"><span class='ocrx_word' id='word_1_446' title='bbox 194 4380 308 4449; x_wconf 42' lang='grc' dir='ltr'><em>,11ιὶ</em></span> <span class='ocrx_word' id='word_1_447' title='bbox 336 4378 437 4432; x_wconf 78' lang='lat' dir='ltr'>sub</span> <span class='ocrx_word' id='word_1_448' title='bbox 467 4375 1046 4433; x_wconf 60' lang='lat' dir='ltr'>elrcommunicatiomls</span> <span class='ocrx_word' id='word_1_449' title='bbox 1079 4392 1239 4447; x_wconf 69' lang='lat' dir='ltr'>parua</span> <span class='ocrx_word' id='word_1_450' title='bbox 1266 4376 1525 4445; x_wconf 66' lang='lat' dir='ltr'>praecipit</span> <span class='ocrx_word' id='word_1_451' title='bbox 1552 4377 1613 4443; x_wconf 75' lang='lat' dir='ltr'>ut</span> <span class='ocrx_word' id='word_1_452' title='bbox 1641 4375 1800 4430; x_wconf 85' lang='lat' dir='ltr'>Lam-</span> 
     </span>
     <span class='ocr_line' id='line_1_73' title="bbox 214 4447 1801 4520; baseline -0.003 -14"><span class='ocrx_word' id='word_1_453' title='bbox 214 4451 446 4517; x_wconf 83' lang='lat' dir='ltr'>bertum,</span> <span class='ocrx_word' id='word_1_454' title='bbox 480 4449 793 4520; x_wconf 67' lang='lat' dir='ltr'>episcopum</span> <span class='ocrx_word' id='word_1_455' title='bbox 828 4447 1255 4520; x_wconf 79' lang='lat' dir='ltr'>Atrebatensem,</span> <span class='ocrx_word' id='word_1_456' title='bbox 1289 4448 1347 4500; x_wconf 76' lang='lat' dir='ltr'>in</span> <span class='ocrx_word' id='word_1_457' title='bbox 1386 4447 1586 4501; x_wconf 77' lang='lat' dir='ltr'>itinere</span> <span class='ocrx_word' id='word_1_458' title='bbox 1613 4447 1683 4501; x_wconf 85' lang='lat' dir='ltr'>ad</span> <span class='ocrx_word' id='word_1_459' title='bbox 1712 4462 1801 4519; x_wconf 82' lang='lat' dir='ltr'>sy-</span> 
     </span>
    </p>
   </div>
   <div class='ocr_carea' id='block_1_73' title="bbox 208 4518 957 4590">
    <p class='ocr_par' dir='ltr' id='par_1_73' title="bbox 208 4518 957 4590">
     <span class='ocr_line' id='line_1_74' title="bbox 208 4518 957 4590; baseline -0.007 -13"><span class='ocrx_word' id='word_1_460' title='bbox 208 4522 418 4576; x_wconf 83' lang='lat' dir='ltr'>nodum</span> <span class='ocrx_word' id='word_1_461' title='bbox 447 4518 672 4590; x_wconf 60' lang='lat' dir='ltr'>ca&#39;ptum</span> <span class='ocrx_word' id='word_1_462' title='bbox 700 4518 957 4573; x_wconf 72' lang='lat' dir='ltr'>dimittat.</span> 
     </span>
    </p>
   </div>
   <div class='ocr_carea' id='block_1_74' title="bbox 777 4624 1177 4696">
    <p class='ocr_par' dir='ltr' id='par_1_74' title="bbox 777 4624 1177 4696">
     <span class='ocr_line' id='line_1_75' title="bbox 777 4624 1177 4696; baseline 0 -18"><span class='ocrx_word' id='word_1_463' title='bbox 777 4626 962 4695; x_wconf 83' lang='lat' dir='ltr'>(Anno</span> <span class='ocrx_word' id='word_1_464' title='bbox 994 4624 1177 4696; x_wconf 85' lang='grc'>1095.)</span> 
     </span>
    </p>
   </div>
   <div class='ocr_carea' id='block_1_75' title="bbox 573 4730 1372 4805">
    <p class='ocr_par' dir='ltr' id='par_1_75' title="bbox 573 4730 1372 4805">
     <span class='ocr_line' id='line_1_76' title="bbox 573 4730 1372 4805; baseline 0.001 -19"><span class='ocrx_word' id='word_1_465' title='bbox 573 4731 802 4801; x_wconf 50' lang='lat' dir='ltr'>[Massa</span> <span class='ocrx_word' id='word_1_466' title='bbox 837 4731 1041 4787; x_wconf 81' lang='lat' dir='ltr'>Concil.</span> <span class='ocrx_word' id='word_1_467' title='bbox 1078 4731 1189 4801; x_wconf 85' lang='lat' dir='ltr'>XX,</span> <span class='ocrx_word' id='word_1_468' title='bbox 1222 4730 1372 4805; x_wconf 82' lang='lat'>695.]</span> 
     </span>
    </p>
   </div>
   <div class='ocr_carea' id='block_1_76' title="bbox 204 4855 1802 4930">
    <p class='ocr_par' dir='ltr' id='par_1_76' title="bbox 204 4855 1802 4930">
     <span class='ocr_line' id='line_1_77' title="bbox 204 4855 1802 4930; baseline -0.002 -14"><span class='ocrx_word' id='word_1_469' title='bbox 204 4859 492 4916; x_wconf 66' lang='lat' dir='ltr'>Unsxrws</span> <span class='ocrx_word' id='word_1_470' title='bbox 522 4856 856 4930; x_wconf 89' lang='lat' dir='ltr'>episc0pus,</span> <span class='ocrx_word' id='word_1_471' title='bbox 889 4873 1092 4913; x_wconf 88' lang='lat' dir='ltr'>servus</span> <span class='ocrx_word' id='word_1_472' title='bbox 1122 4873 1421 4912; x_wconf 87' lang='lat' dir='ltr'>servorum</span> <span class='ocrx_word' id='word_1_473' title='bbox 1444 4856 1566 4925; x_wconf 85' lang='lat' dir='ltr'>Dei,</span> <span class='ocrx_word' id='word_1_474' title='bbox 1590 4855 1802 4913; x_wconf 91' lang='lat' dir='ltr'>dilecto</span> 
     </span>
    </p>
   </div>
   <div class='ocr_carea' id='block_1_77' title="bbox 132 4944 1801 5019">
    <p class='ocr_par' dir='ltr' id='par_1_77' title="bbox 132 4944 1801 5019">
     <span class='ocr_line' id='line_1_78' title="bbox 132 4944 1801 5019; baseline -0.001 -16"><span class='ocrx_word' id='word_1_475' title='bbox 132 4948 257 5004; x_wconf 81' lang='lat' dir='ltr'>filio</span> <span class='ocrx_word' id='word_1_476' title='bbox 285 4949 666 5012; x_wconf 75' lang='lat' dir='ltr'>GUARNEBIO,</span> <span class='ocrx_word' id='word_1_477' title='bbox 701 4944 997 5001; x_wconf 86' lang='lat' dir='ltr'>Pontionis</span> <span class='ocrx_word' id='word_1_478' title='bbox 1029 4945 1168 5016; x_wconf 84' lang='lat' dir='ltr'>ﬁlio,</span> <span class='ocrx_word' id='word_1_479' title='bbox 1200 4944 1449 5000; x_wconf 89' lang='lat' dir='ltr'>salutem</span> <span class='ocrx_word' id='word_1_480' title='bbox 1478 4950 1534 5001; x_wconf 88' lang='lat' dir='ltr'>et</span> <span class='ocrx_word' id='word_1_481' title='bbox 1564 4952 1801 5019; x_wconf 86' lang='lat' dir='ltr'>aposto-</span> 
     </span>
    </p>
   </div>
   <div class='ocr_carea' id='block_1_78' title="bbox 133 5033 1254 5099">
    <p class='ocr_par' dir='ltr' id='par_1_78' title="bbox 133 5033 1254 5099">
     <span class='ocr_line' id='line_1_79' title="bbox 133 5033 1254 5099; baseline -0.003 -7"><span class='ocrx_word' id='word_1_482' title='bbox 133 5038 311 5095; x_wconf 82' lang='lat' dir='ltr'>licam</span> <span class='ocrx_word' id='word_1_483' title='bbox 347 5033 844 5099; x_wconf 87' lang='lat' dir='ltr'>benedictionem,</span> <span class='ocrx_word' id='word_1_484' title='bbox 872 5034 919 5090; x_wconf 89' lang='lat' dir='ltr'>si</span> <span class='ocrx_word' id='word_1_485' title='bbox 951 5034 1254 5090; x_wconf 89' lang='lat' dir='ltr'>obedierit.</span> 
     </span>
    </p>
   </div>
   <div class='ocr_carea' id='block_1_79' title="bbox 207 5123 1802 5197">
    <p class='ocr_par' dir='ltr' id='par_1_79' title="bbox 207 5123 1802 5197">
     <span class='ocr_line' id='line_1_80' title="bbox 207 5123 1802 5197; baseline 0 -16"><span class='ocrx_word' id='word_1_486' title='bbox 207 5123 629 5183; x_wconf 71' lang='lat' dir='ltr'>V’enerabilem</span> <span class='ocrx_word' id='word_1_487' title='bbox 662 5123 897 5179; x_wconf 88' lang='lat' dir='ltr'>fratrem</span> <span class='ocrx_word' id='word_1_488' title='bbox 925 5128 1190 5179; x_wconf 87' lang='lat' dir='ltr'>nostrum</span> <span class='ocrx_word' id='word_1_489' title='bbox 1212 5124 1650 5180; x_wconf 85' lang='lat' dir='ltr'>Atrebatensem</span> <span class='ocrx_word' id='word_1_490' title='bbox 1681 5124 1802 5197; x_wconf 91' lang='lat' dir='ltr'>epi-</span> 
     </span>
    </p>
   </div>
   <div class='ocr_carea' id='block_1_80' title="bbox 130 5211 1804 5291">
    <p class='ocr_par' dir='ltr' id='par_1_80' title="bbox 130 5211 1804 5291">
     <span class='ocr_line' id='line_1_81' title="bbox 130 5211 1804 5291; baseline -0.003 -17"><span class='ocrx_word' id='word_1_491' title='bbox 130 5233 385 5291; x_wconf 86' lang='lat' dir='ltr'>scopum</span> <span class='ocrx_word' id='word_1_492' title='bbox 418 5215 496 5271; x_wconf 89' lang='lat' dir='ltr'>ad</span> <span class='ocrx_word' id='word_1_493' title='bbox 530 5211 846 5268; x_wconf 89' lang='lat' dir='ltr'>concilium</span> <span class='ocrx_word' id='word_1_494' title='bbox 885 5213 1209 5269; x_wconf 89' lang='lat' dir='ltr'>venientem</span> <span class='ocrx_word' id='word_1_495' title='bbox 1240 5216 1296 5269; x_wconf 90' lang='lat' dir='ltr'>te</span> <span class='ocrx_word' id='word_1_496' title='bbox 1324 5214 1550 5286; x_wconf 87' lang='lat' dir='ltr'>cepisse</span> <span class='ocrx_word' id='word_1_497' title='bbox 1579 5214 1804 5270; x_wconf 87' lang='lat' dir='ltr'>audivi-</span> 
     </span>
    </p>
   </div>
   <div class='ocr_carea' id='block_1_81' title="bbox 128 5300 1802 5373">
    <p class='ocr_par' dir='ltr' id='par_1_81' title="bbox 128 5300 1802 5373">
     <span class='ocr_line' id='line_1_82' title="bbox 128 5300 1802 5373; baseline -0.003 -9"><span class='ocrx_word' id='word_1_498' title='bbox 128 5323 289 5373; x_wconf 86' lang='lat' dir='ltr'>mus,</span> <span class='ocrx_word' id='word_1_499' title='bbox 319 5309 383 5361; x_wconf 88' lang='lat' dir='ltr'>et</span> <span class='ocrx_word' id='word_1_500' title='bbox 412 5319 529 5359; x_wconf 87' lang='lat' dir='ltr'>cur</span> <span class='ocrx_word' id='word_1_501' title='bbox 557 5300 784 5372; x_wconf 88' lang='lat' dir='ltr'>ceperis</span> <span class='ocrx_word' id='word_1_502' title='bbox 816 5300 1135 5373; x_wconf 89' lang='lat' dir='ltr'>plurimum</span> <span class='ocrx_word' id='word_1_503' title='bbox 1167 5301 1472 5358; x_wconf 88' lang='lat' dir='ltr'>miramur.</span> <span class='ocrx_word' id='word_1_504' title='bbox 1500 5303 1617 5358; x_wconf 83' lang='lat' dir='ltr'>Rex</span> <span class='ocrx_word' id='word_1_505' title='bbox 1646 5303 1802 5360; x_wconf 90' lang='lat' dir='ltr'>enim</span> 
     </span>
    </p>
   </div>
   <div class='ocr_carea' id='block_1_82' title="bbox 126 5389 1803 5453">
    <p class='ocr_par' dir='ltr' id='par_1_82' title="bbox 126 5389 1803 5453">
     <span class='ocr_line' id='line_1_83' title="bbox 126 5389 1803 5453; baseline -0.002 0"><span class='ocrx_word' id='word_1_506' title='bbox 126 5397 507 5453; x_wconf 84' lang='lat' dir='ltr'>Francorum</span> <span class='ocrx_word' id='word_1_507' title='bbox 571 5405 692 5445; x_wconf 91' lang='lat' dir='ltr'>non</span> <span class='ocrx_word' id='word_1_508' title='bbox 750 5389 938 5446; x_wconf 90' lang='lat' dir='ltr'>solum</span> <span class='ocrx_word' id='word_1_509' title='bbox 996 5390 1191 5447; x_wconf 90' lang='lat' dir='ltr'>venire</span> <span class='ocrx_word' id='word_1_510' title='bbox 1221 5391 1292 5446; x_wconf 91' lang='lat' dir='ltr'>ad</span> <span class='ocrx_word' id='word_1_511' title='bbox 1322 5407 1430 5448; x_wconf 91' lang='lat' dir='ltr'>nos</span> <span class='ocrx_word' id='word_1_512' title='bbox 1487 5391 1633 5447; x_wconf 90' lang='lat' dir='ltr'>alios</span> <span class='ocrx_word' id='word_1_513' title='bbox 1687 5409 1803 5449; x_wconf 91' lang='lat' dir='ltr'>non</span> 
     </span>
    </p>
   </div>
   <div class='ocr_carea' id='block_1_83' title="bbox 116 5478 1806 5562">
    <p class='ocr_par' dir='ltr' id='par_1_83' title="bbox 116 5478 1806 5562">
     <span class='ocr_line' id='line_1_84' title="bbox 116 5478 1806 5562; baseline -0.004 -18"><span class='ocrx_word' id='word_1_514' title='bbox 116 5484 432 5562; x_wconf 80' lang='lat' dir='ltr'>prohibet,</span> <span class='ocrx_word' id='word_1_515' title='bbox 465 5492 681 5535; x_wconf 88' lang='lat' dir='ltr'>verum</span> <span class='ocrx_word' id='word_1_516' title='bbox 708 5478 882 5534; x_wconf 89' lang='lat' dir='ltr'>etiam</span> <span class='ocrx_word' id='word_1_517' title='bbox 906 5479 1182 5536; x_wconf 90' lang='lat' dir='ltr'>omnibus</span> <span class='ocrx_word' id='word_1_518' title='bbox 1213 5496 1331 5534; x_wconf 65' lang='lat' dir='ltr'>suae</span> <span class='ocrx_word' id='word_1_519' title='bbox 1357 5481 1664 5553; x_wconf 88' lang='lat' dir='ltr'>potestatis</span> <span class='ocrx_word' id='word_1_520' title='bbox 1689 5482 1806 5555; x_wconf 87' lang='lat' dir='ltr'>epi-</span> 
     </span>
    </p>
   </div>
   <div class='ocr_carea' id='block_1_84' title="bbox 110 5564 1802 5658">
    <p class='ocr_par' dir='ltr' id='par_1_84' title="bbox 110 5564 1802 5658">
     <span class='ocr_line' id='line_1_85' title="bbox 110 5564 1802 5658; baseline -0.002 -25"><span class='ocrx_word' id='word_1_521' title='bbox 110 5575 322 5658; x_wconf 67' lang='grc' dir='ltr'>οοορὶε</span> <span class='ocrx_word' id='word_1_522' title='bbox 352 5575 419 5639; x_wconf 85' lang='lat' dir='ltr'>et</span> <span class='ocrx_word' id='word_1_523' title='bbox 450 5564 783 5631; x_wconf 74' lang='lat' dir='ltr'>abbatibus</span> <span class='ocrx_word' id='word_1_524' title='bbox 819 5567 1013 5628; x_wconf 87' lang='lat' dir='ltr'>venire</span> <span class='ocrx_word' id='word_1_525' title='bbox 1042 5568 1116 5629; x_wconf 87' lang='lat' dir='ltr'>ad</span> <span class='ocrx_word' id='word_1_526' title='bbox 1147 5567 1459 5631; x_wconf 87' lang='lat' dir='ltr'>concilium</span> <span class='ocrx_word' id='word_1_527' title='bbox 1504 5569 1802 5630; x_wconf 85' lang='lat' dir='ltr'>licentiam</span> 
     </span>
    </p>
   </div>
   <div class='ocr_carea' id='block_1_85' title="bbox 1916 3260 3560 3335">
    <p class='ocr_par' dir='ltr' id='par_1_85' title="bbox 1916 3260 3560 3335">
     <span class='ocr_line' id='line_1_86' title="bbox 1916 3260 3560 3335; baseline 0.001 -16"><span class='ocrx_word' id='word_1_528' title='bbox 1916 3264 2091 3319; x_wconf 89' lang='lat' dir='ltr'>moda</span> <span class='ocrx_word' id='word_1_529' title='bbox 2117 3266 2311 3318; x_wconf 87' lang='lat' dir='ltr'>actum</span> <span class='ocrx_word' id='word_1_530' title='bbox 2342 3265 2430 3317; x_wconf 87' lang='lat' dir='ltr'>est</span> <span class='ocrx_word' id='word_1_531' title='bbox 2459 3265 2525 3316; x_wconf 91' lang='lat' dir='ltr'>ut</span> <span class='ocrx_word' id='word_1_532' title='bbox 2553 3277 2658 3317; x_wconf 91' lang='lat' dir='ltr'>nos</span> <span class='ocrx_word' id='word_1_533' title='bbox 2688 3260 2800 3332; x_wconf 89' lang='lat' dir='ltr'>ipsi</span> <span class='ocrx_word' id='word_1_534' title='bbox 2830 3260 3254 3318; x_wconf 84' lang='lat' dir='ltr'>monasterium</span> <span class='ocrx_word' id='word_1_535' title='bbox 3277 3267 3560 3335; x_wconf 89' lang='lat' dir='ltr'>vestrum,</span> 
     </span>
    </p>
   </div>
   <div class='ocr_carea' id='block_1_86' title="bbox 1915 3350 3561 3423">
    <p class='ocr_par' dir='ltr' id='par_1_86' title="bbox 1915 3350 3561 3423">
     <span class='ocr_line' id='line_1_87' title="bbox 1915 3350 3561 3423; baseline 0 -15"><span class='ocrx_word' id='word_1_536' title='bbox 1915 3357 1973 3409; x_wconf 89' lang='lat' dir='ltr'>et</span> <span class='ocrx_word' id='word_1_537' title='bbox 2002 3352 2152 3408; x_wconf 89' lang='lat' dir='ltr'>beati</span> <span class='ocrx_word' id='word_1_538' title='bbox 2194 3350 2387 3423; x_wconf 88' lang='lat' dir='ltr'>Majoli</span> <span class='ocrx_word' id='word_1_539' title='bbox 2424 3365 2636 3421; x_wconf 89' lang='lat' dir='ltr'>corpus</span> <span class='ocrx_word' id='word_1_540' title='bbox 2683 3350 2837 3405; x_wconf 87' lang='lat' dir='ltr'>intra</span> <span class='ocrx_word' id='word_1_541' title='bbox 2883 3350 3187 3406; x_wconf 89' lang='lat' dir='ltr'>ecclesiam</span> <span class='ocrx_word' id='word_1_542' title='bbox 3246 3351 3319 3407; x_wconf 91' lang='lat' dir='ltr'>ad</span> <span class='ocrx_word' id='word_1_543' title='bbox 3366 3350 3561 3408; x_wconf 89' lang='lat' dir='ltr'>locum</span> 
     </span>
    </p>
   </div>
   <div class='ocr_carea' id='block_1_87' title="bbox 1915 3436 3560 3511">
    <p class='ocr_par' dir='ltr' id='par_1_87' title="bbox 1915 3436 3560 3511">
     <span class='ocr_line' id='line_1_88' title="bbox 1915 3436 3560 3511; baseline 0 -15"><span class='ocrx_word' id='word_1_544' title='bbox 1915 3441 2095 3497; x_wconf 90' lang='lat' dir='ltr'>alium</span> <span class='ocrx_word' id='word_1_545' title='bbox 2143 3440 2458 3495; x_wconf 89' lang='lat' dir='ltr'>transferre</span> <span class='ocrx_word' id='word_1_546' title='bbox 2509 3436 2919 3507; x_wconf 90' lang='lat' dir='ltr'>meruerimus,</span> <span class='ocrx_word' id='word_1_547' title='bbox 2961 3437 3208 3511; x_wconf 91' lang='lat' dir='ltr'>dignum</span> <span class='ocrx_word' id='word_1_548' title='bbox 3258 3439 3560 3508; x_wconf 85' lang='lat' dir='ltr'>duximus,</span> 
     </span>
    </p>
   </div>
   <div class='ocr_carea' id='block_1_88' title="bbox 1914 3526 3562 3599">
    <p class='ocr_par' dir='ltr' id='par_1_88' title="bbox 1914 3526 3562 3599">
     <span class='ocr_line' id='line_1_89' title="bbox 1914 3526 3562 3599; baseline -0.001 -13"><span class='ocrx_word' id='word_1_549' title='bbox 1914 3545 2047 3586; x_wconf 88' lang='lat' dir='ltr'>cum</span> <span class='ocrx_word' id='word_1_550' title='bbox 2078 3526 2477 3583; x_wconf 86' lang='lat' dir='ltr'>Cluniacensis</span> <span class='ocrx_word' id='word_1_551' title='bbox 2517 3526 2785 3595; x_wconf 77' lang='lat' dir='ltr'>ccenobii,</span> <span class='ocrx_word' id='word_1_552' title='bbox 2819 3526 2911 3581; x_wconf 93' lang='lat' dir='ltr'>cui</span> <span class='ocrx_word' id='word_1_553' title='bbox 2960 3529 3245 3599; x_wconf 89' lang='lat' dir='ltr'>tanquam</span> <span class='ocrx_word' id='word_1_554' title='bbox 3292 3528 3562 3584; x_wconf 85' lang='lat' dir='ltr'>membra</span> 
     </span>
    </p>
   </div>
   <div class='ocr_carea' id='block_1_89' title="bbox 1913 3611 3558 3687">
    <p class='ocr_par' dir='ltr' id='par_1_89' title="bbox 1913 3611 3558 3687">
     <span class='ocr_line' id='line_1_90' title="bbox 1913 3611 3558 3687; baseline 0 -16"><span class='ocrx_word' id='word_1_555' title='bbox 1913 3614 2087 3686; x_wconf 90' lang='lat' dir='ltr'>capiti</span> <span class='ocrx_word' id='word_1_556' title='bbox 2138 3612 2515 3686; x_wconf 89' lang='lat' dir='ltr'>singulariter</span> <span class='ocrx_word' id='word_1_557' title='bbox 2552 3611 2868 3680; x_wconf 68' lang='lat' dir='ltr'>inbaaretis,</span> <span class='ocrx_word' id='word_1_558' title='bbox 2892 3611 3199 3671; x_wconf 89' lang='lat' dir='ltr'>dilectione</span> <span class='ocrx_word' id='word_1_559' title='bbox 3245 3614 3558 3687; x_wconf 67' lang='lat' dir='ltr'>praecipua,</span> 
     </span>
    </p>
   </div>
   <div class='ocr_carea' id='block_1_90' title="bbox 1912 3701 3560 3775">
    <p class='ocr_par' dir='ltr' id='par_1_90' title="bbox 1912 3701 3560 3775">
     <span class='ocr_line' id='line_1_91' title="bbox 1912 3701 3560 3775; baseline 0.001 -16"><span class='ocrx_word' id='word_1_560' title='bbox 1912 3710 2037 3759; x_wconf 89' lang='lat' dir='ltr'>tum</span> <span class='ocrx_word' id='word_1_561' title='bbox 2095 3701 2390 3775; x_wconf 88' lang='lat' dir='ltr'>religionis</span> <span class='ocrx_word' id='word_1_562' title='bbox 2448 3705 2652 3757; x_wconf 83' lang='lat' dir='ltr'>vestrae</span> <span class='ocrx_word' id='word_1_563' title='bbox 2706 3701 3045 3770; x_wconf 89' lang='lat' dir='ltr'>reverentia,</span> <span class='ocrx_word' id='word_1_564' title='bbox 3100 3719 3201 3759; x_wconf 90' lang='lat' dir='ltr'>vos</span> <span class='ocrx_word' id='word_1_565' title='bbox 3251 3707 3310 3760; x_wconf 92' lang='lat' dir='ltr'>et</span> <span class='ocrx_word' id='word_1_566' title='bbox 3364 3703 3560 3760; x_wconf 90' lang='lat' dir='ltr'>locum</span> 
     </span>
    </p>
   </div>
   <div class='ocr_carea' id='block_1_91' title="bbox 1908 3790 3559 3865">
    <p class='ocr_par' dir='ltr' id='par_1_91' title="bbox 1908 3790 3559 3865">
     <span class='ocr_line' id='line_1_92' title="bbox 1908 3790 3559 3865; baseline 0.001 -17"><span class='ocrx_word' id='word_1_567' title='bbox 1908 3796 2168 3850; x_wconf 86' lang='lat' dir='ltr'>vestrum</span> <span class='ocrx_word' id='word_1_568' title='bbox 2227 3790 2540 3865; x_wconf 87' lang='lat' dir='ltr'>specialius</span> <span class='ocrx_word' id='word_1_569' title='bbox 2598 3790 2755 3846; x_wconf 92' lang='lat' dir='ltr'>sedis</span> <span class='ocrx_word' id='word_1_570' title='bbox 2815 3790 3144 3865; x_wconf 84' lang='lat' dir='ltr'>apostolicae</span> <span class='ocrx_word' id='word_1_571' title='bbox 3200 3793 3559 3865; x_wconf 89' lang='lat' dir='ltr'>protectione</span> 
     </span>
    </p>
   </div>
   <div class='ocr_carea' id='block_1_92' title="bbox 1911 3881 3560 3954">
    <p class='ocr_par' dir='ltr' id='par_1_92' title="bbox 1911 3881 3560 3954">
     <span class='ocr_line' id='line_1_93' title="bbox 1911 3881 3560 3954; baseline 0 -15"><span class='ocrx_word' id='word_1_572' title='bbox 1911 3883 2160 3939; x_wconf 90' lang='lat' dir='ltr'>munire.</span> <span class='ocrx_word' id='word_1_573' title='bbox 2190 3882 2509 3954; x_wconf 88' lang='lat' dir='ltr'>Eapropter</span> <span class='ocrx_word' id='word_1_574' title='bbox 2537 3883 2818 3953; x_wconf 69' lang='lat' dir='ltr'>praesente</span> <span class='ocrx_word' id='word_1_575' title='bbox 2842 3881 3131 3937; x_wconf 87' lang='lat' dir='ltr'>confratre</span> <span class='ocrx_word' id='word_1_576' title='bbox 3161 3885 3358 3938; x_wconf 91' lang='lat' dir='ltr'>nostro</span> <span class='ocrx_word' id='word_1_577' title='bbox 3387 3898 3560 3939; x_wconf 86' lang='lat' dir='ltr'>vene-</span> 
     </span>
    </p>
   </div>
   <div class='ocr_carea' id='block_1_93' title="bbox 1910 3968 3560 4042">
    <p class='ocr_par' dir='ltr' id='par_1_93' title="bbox 1910 3968 3560 4042">
     <span class='ocr_line' id='line_1_94' title="bbox 1910 3968 3560 4042; baseline 0 -15"><span class='ocrx_word' id='word_1_578' title='bbox 1910 3971 2081 4027; x_wconf 89' lang='lat' dir='ltr'>rabili</span> <span class='ocrx_word' id='word_1_579' title='bbox 2115 3969 2412 4037; x_wconf 89' lang='lat' dir='ltr'>Duramio,</span> <span class='ocrx_word' id='word_1_580' title='bbox 2440 3968 2787 4025; x_wconf 88' lang='lat' dir='ltr'>Arvernensi</span> <span class='ocrx_word' id='word_1_581' title='bbox 2817 3969 3112 4042; x_wconf 87' lang='lat' dir='ltr'>episcopo,</span> <span class='ocrx_word' id='word_1_582' title='bbox 3145 3970 3560 4027; x_wconf 90' lang='lat' dir='ltr'>constituimus</span> 
     </span>
    </p>
   </div>
   <div class='ocr_carea' id='block_1_94' title="bbox 1911 4057 3560 4133">
    <p class='ocr_par' dir='ltr' id='par_1_94' title="bbox 1911 4057 3560 4133">
     <span class='ocr_line' id='line_1_95' title="bbox 1911 4057 3560 4133; baseline -0.001 -17"><span class='ocrx_word' id='word_1_583' title='bbox 1911 4077 1984 4116; x_wconf 91' lang='lat' dir='ltr'>ne</span> <span class='ocrx_word' id='word_1_584' title='bbox 2013 4077 2116 4133; x_wconf 93' lang='lat' dir='ltr'>pro</span> <span class='ocrx_word' id='word_1_585' title='bbox 2149 4058 2445 4115; x_wconf 90' lang='lat' dir='ltr'>communi</span> <span class='ocrx_word' id='word_1_586' title='bbox 2489 4057 2774 4130; x_wconf 69' lang='lat' dir='ltr'>parochiaa</span> <span class='ocrx_word' id='word_1_587' title='bbox 2818 4059 3440 4130; x_wconf 84' lang='lat' dir='ltr'>excommunicatione,</span> <span class='ocrx_word' id='word_1_588' title='bbox 3469 4060 3560 4118; x_wconf 91' lang='lat' dir='ltr'>vel</span> 
     </span>
    </p>
   </div>
   <div class='ocr_carea' id='block_1_95' title="bbox 1908 4146 3559 4220">
    <p class='ocr_par' dir='ltr' id='par_1_95' title="bbox 1908 4146 3559 4220">
     <span class='ocr_line' id='line_1_96' title="bbox 1908 4146 3559 4220; baseline 0.001 -16"><span class='ocrx_word' id='word_1_589' title='bbox 1908 4148 2336 4214; x_wconf 89' lang='lat' dir='ltr'>interdictione,</span> <span class='ocrx_word' id='word_1_590' title='bbox 2370 4146 2487 4207; x_wconf 90' lang='lat' dir='ltr'>ullo</span> <span class='ocrx_word' id='word_1_591' title='bbox 2517 4163 2779 4219; x_wconf 90' lang='lat' dir='ltr'>unquam</span> <span class='ocrx_word' id='word_1_592' title='bbox 2812 4150 3074 4220; x_wconf 90' lang='lat' dir='ltr'>tempore</span> <span class='ocrx_word' id='word_1_593' title='bbox 3102 4148 3432 4204; x_wconf 87' lang='lat' dir='ltr'>coenobium</span> <span class='ocrx_word' id='word_1_594' title='bbox 3462 4165 3559 4206; x_wconf 88' lang='lat' dir='ltr'>ve-</span> 
     </span>
    </p>
   </div>
   <div class='ocr_carea' id='block_1_96' title="bbox 1910 4234 3561 4307">
    <p class='ocr_par' dir='ltr' id='par_1_96' title="bbox 1910 4234 3561 4307">
     <span class='ocr_line' id='line_1_97' title="bbox 1910 4234 3561 4307; baseline 0 -14"><span class='ocrx_word' id='word_1_595' title='bbox 1910 4242 2101 4293; x_wconf 90' lang='lat' dir='ltr'>strum</span> <span class='ocrx_word' id='word_1_596' title='bbox 2135 4234 2559 4292; x_wconf 89' lang='lat' dir='ltr'>interdictionis</span> <span class='ocrx_word' id='word_1_597' title='bbox 2590 4235 2838 4307; x_wconf 86' lang='lat' dir='ltr'>alicujus</span> <span class='ocrx_word' id='word_1_598' title='bbox 2860 4236 3155 4307; x_wconf 88' lang='lat' dir='ltr'>jacturam</span> <span class='ocrx_word' id='word_1_599' title='bbox 3188 4237 3424 4307; x_wconf 70' lang='lat' dir='ltr'>sentiat,</span> <span class='ocrx_word' id='word_1_600' title='bbox 3455 4254 3561 4293; x_wconf 90' lang='lat' dir='ltr'>nec</span> 
     </span>
    </p>
   </div>
   <div class='ocr_carea' id='block_1_97' title="bbox 1910 4322 3559 4393">
    <p class='ocr_par' dir='ltr' id='par_1_97' title="bbox 1910 4322 3559 4393">
     <span class='ocr_line' id='line_1_98' title="bbox 1910 4322 3559 4393; baseline -0.001 -11"><span class='ocrx_word' id='word_1_601' title='bbox 1910 4326 2013 4382; x_wconf 92' lang='lat' dir='ltr'>ulli</span> <span class='ocrx_word' id='word_1_602' title='bbox 2045 4326 2363 4381; x_wconf 88' lang='lat' dir='ltr'>viventium</span> <span class='ocrx_word' id='word_1_603' title='bbox 2398 4322 2643 4380; x_wconf 88' lang='lat' dir='ltr'>facultas</span> <span class='ocrx_word' id='word_1_604' title='bbox 2682 4324 2756 4379; x_wconf 90' lang='lat' dir='ltr'>sit</span> <span class='ocrx_word' id='word_1_605' title='bbox 2786 4324 2940 4380; x_wconf 88' lang='lat' dir='ltr'>infra</span> <span class='ocrx_word' id='word_1_606' title='bbox 2977 4325 3420 4393; x_wconf 88' lang='lat' dir='ltr'>monasterium,</span> <span class='ocrx_word' id='word_1_607' title='bbox 3456 4341 3559 4381; x_wconf 89' lang='lat' dir='ltr'>seu</span> 
     </span>
    </p>
   </div>
   <div class='ocr_carea' id='block_1_98' title="bbox 1908 4411 3559 4485">
    <p class='ocr_par' dir='ltr' id='par_1_98' title="bbox 1908 4411 3559 4485">
     <span class='ocr_line' id='line_1_99' title="bbox 1908 4411 3559 4485; baseline -0.001 -15"><span class='ocrx_word' id='word_1_608' title='bbox 1908 4415 2056 4470; x_wconf 64' lang='lat' dir='ltr'>villae</span> <span class='ocrx_word' id='word_1_609' title='bbox 2079 4414 2401 4485; x_wconf 87' lang='lat' dir='ltr'>adjacentis</span> <span class='ocrx_word' id='word_1_610' title='bbox 2431 4413 2741 4480; x_wconf 91' lang='lat' dir='ltr'>ambitum,</span> <span class='ocrx_word' id='word_1_611' title='bbox 2771 4417 2872 4468; x_wconf 88' lang='lat' dir='ltr'>aut</span> <span class='ocrx_word' id='word_1_612' title='bbox 2900 4411 3190 4468; x_wconf 87' lang='lat' dir='ltr'>assultum</span> <span class='ocrx_word' id='word_1_613' title='bbox 3221 4413 3427 4479; x_wconf 87' lang='lat' dir='ltr'>facere,</span> <span class='ocrx_word' id='word_1_614' title='bbox 3455 4418 3559 4468; x_wconf 89' lang='lat' dir='ltr'>aut</span> 
     </span>
    </p>
   </div>
   <div class='ocr_carea' id='block_1_99' title="bbox 1831 4501 3556 4596">
    <p class='ocr_par' dir='ltr' id='par_1_99' title="bbox 1831 4501 3556 4596">
     <span class='ocr_line' id='line_1_100' title="bbox 1831 4501 3556 4596; baseline -0.001 -37"><span class='ocrx_word' id='word_1_615' title='bbox 1831 4531 1878 4596; x_wconf 69' lang='grc' dir='ltr'>Β</span> <span class='ocrx_word' id='word_1_616' title='bbox 1911 4503 2233 4596; x_wconf 87' lang='lat' dir='ltr'>quemlibet</span> <span class='ocrx_word' id='word_1_617' title='bbox 2282 4502 2597 4596; x_wconf 75' lang='lat' dir='ltr'>hominem</span> <span class='ocrx_word' id='word_1_618' title='bbox 2633 4517 2835 4596; x_wconf 83' lang='lat' dir='ltr'>capere</span> <span class='ocrx_word' id='word_1_619' title='bbox 2853 4501 3556 4596; x_wconf 41' lang='lat' dir='ltr'>_vel-depraadari._Unde</span> 
     </span>
    </p>
   </div>
   <div class='ocr_carea' id='block_1_100' title="bbox 1909 4589 3554 4665">
    <p class='ocr_par' dir='ltr' id='par_1_100' title="bbox 1909 4589 3554 4665">
     <span class='ocr_line' id='line_1_101' title="bbox 1909 4589 3554 4665; baseline -0.002 -15"><span class='ocrx_word' id='word_1_620' title='bbox 1909 4594 2084 4650; x_wconf 87' lang='lat' dir='ltr'>etiam</span> <span class='ocrx_word' id='word_1_621' title='bbox 2116 4592 2413 4665; x_wconf 87' lang='lat' dir='ltr'>egregium</span> <span class='ocrx_word' id='word_1_622' title='bbox 2455 4589 2701 4646; x_wconf 90' lang='lat' dir='ltr'>militem</span> <span class='ocrx_word' id='word_1_623' title='bbox 2739 4589 3263 4646; x_wconf 90' lang='lat' dir='ltr'>Archimbauldum</span> <span class='ocrx_word' id='word_1_624' title='bbox 3292 4590 3403 4645; x_wconf 91' lang='lat' dir='ltr'>sub</span> <span class='ocrx_word' id='word_1_625' title='bbox 3431 4606 3554 4646; x_wconf 86' lang='lat' dir='ltr'>ma-</span> 
     </span>
    </p>
   </div>
   <div class='ocr_carea' id='block_1_101' title="bbox 1910 4677 3556 4755">
    <p class='ocr_par' dir='ltr' id='par_1_101' title="bbox 1910 4677 3556 4755">
     <span class='ocr_line' id='line_1_102' title="bbox 1910 4677 3556 4755; baseline -0.004 -16"><span class='ocrx_word' id='word_1_626' title='bbox 1910 4701 2023 4739; x_wconf 91' lang='lat' dir='ltr'>nus</span> <span class='ocrx_word' id='word_1_627' title='bbox 2048 4680 2290 4755; x_wconf 71' lang='lat' dir='ltr'>propria:</span> <span class='ocrx_word' id='word_1_628' title='bbox 2321 4679 2697 4753; x_wconf 88' lang='lat' dir='ltr'>stipulatione</span> <span class='ocrx_word' id='word_1_629' title='bbox 2728 4679 2787 4734; x_wconf 90' lang='lat' dir='ltr'>in</span> <span class='ocrx_word' id='word_1_630' title='bbox 2817 4695 3059 4735; x_wconf 89' lang='lat' dir='ltr'>manum</span> <span class='ocrx_word' id='word_1_631' title='bbox 3094 4682 3356 4735; x_wconf 89' lang='lat' dir='ltr'>nostram</span> <span class='ocrx_word' id='word_1_632' title='bbox 3386 4677 3556 4751; x_wconf 87' lang='lat' dir='ltr'>polli-</span> 
     </span>
    </p>
   </div>
   <div class='ocr_carea' id='block_1_102' title="bbox 1911 4767 3561 4844">
    <p class='ocr_par' dir='ltr' id='par_1_102' title="bbox 1911 4767 3561 4844">
     <span class='ocr_line' id='line_1_103' title="bbox 1911 4767 3561 4844; baseline -0.002 -15"><span class='ocrx_word' id='word_1_633' title='bbox 1911 4772 2047 4841; x_wconf 90' lang='lat' dir='ltr'>ceri,</span> <span class='ocrx_word' id='word_1_634' title='bbox 2081 4787 2261 4844; x_wconf 89' lang='lat' dir='ltr'>supra</span> <span class='ocrx_word' id='word_1_635' title='bbox 2289 4769 2549 4842; x_wconf 90' lang='lat' dir='ltr'>parentis</span> <span class='ocrx_word' id='word_1_636' title='bbox 2597 4768 2816 4842; x_wconf 90' lang='lat' dir='ltr'>proprii</span> <span class='ocrx_word' id='word_1_637' title='bbox 2862 4768 3163 4824; x_wconf 89' lang='lat' dir='ltr'>tumulum</span> <span class='ocrx_word' id='word_1_638' title='bbox 3192 4767 3459 4839; x_wconf 75' lang='lat' dir='ltr'>fecimus,</span> <span class='ocrx_word' id='word_1_639' title='bbox 3496 4774 3561 4825; x_wconf 91' lang='lat' dir='ltr'>ut</span> 
     </span>
    </p>
   </div>
   <div class='ocr_carea' id='block_1_103' title="bbox 1910 4855 3560 4931">
    <p class='ocr_par' dir='ltr' id='par_1_103' title="bbox 1910 4855 3560 4931">
     <span class='ocr_line' id='line_1_104' title="bbox 1910 4855 3560 4931; baseline -0.003 -13"><span class='ocrx_word' id='word_1_640' title='bbox 1910 4861 2181 4918; x_wconf 89' lang='lat' dir='ltr'>universa</span> <span class='ocrx_word' id='word_1_641' title='bbox 2210 4875 2338 4930; x_wconf 81' lang='lat' dir='ltr'>quae</span> <span class='ocrx_word' id='word_1_642' title='bbox 2371 4862 2538 4931; x_wconf 89' lang='lat' dir='ltr'>pater</span> <span class='ocrx_word' id='word_1_643' title='bbox 2565 4861 2667 4912; x_wconf 89' lang='lat' dir='ltr'>aut</span> <span class='ocrx_word' id='word_1_644' title='bbox 2694 4856 2781 4913; x_wconf 90' lang='lat' dir='ltr'>avi</span> <span class='ocrx_word' id='word_1_645' title='bbox 2813 4857 2941 4927; x_wconf 87' lang='lat' dir='ltr'>ejus</span> <span class='ocrx_word' id='word_1_646' title='bbox 2979 4855 3105 4913; x_wconf 91' lang='lat' dir='ltr'>loco</span> <span class='ocrx_word' id='word_1_647' title='bbox 3135 4860 3323 4913; x_wconf 88' lang='lat' dir='ltr'>vestro</span> <span class='ocrx_word' id='word_1_648' title='bbox 3354 4861 3560 4914; x_wconf 90' lang='lat' dir='ltr'>contu-</span> 
     </span>
    </p>
   </div>
   <div class='ocr_carea' id='block_1_104' title="bbox 1911 4946 3562 5019">
    <p class='ocr_par' dir='ltr' id='par_1_104' title="bbox 1911 4946 3562 5019">
     <span class='ocr_line' id='line_1_105' title="bbox 1911 4946 3562 5019; baseline -0.001 -14"><span class='ocrx_word' id='word_1_649' title='bbox 1911 4952 2117 5016; x_wconf 89' lang='lat' dir='ltr'>lerant,</span> <span class='ocrx_word' id='word_1_650' title='bbox 2150 4951 2270 5003; x_wconf 91' lang='lat' dir='ltr'>tam</span> <span class='ocrx_word' id='word_1_651' title='bbox 2304 4947 2360 5002; x_wconf 93' lang='lat' dir='ltr'>in</span> <span class='ocrx_word' id='word_1_652' title='bbox 2406 4947 2581 5002; x_wconf 89' lang='lat' dir='ltr'>rebus</span> <span class='ocrx_word' id='word_1_653' title='bbox 2637 4963 2815 5019; x_wconf 90' lang='lat' dir='ltr'>quam</span> <span class='ocrx_word' id='word_1_654' title='bbox 2862 4946 2921 5001; x_wconf 89' lang='lat' dir='ltr'>in</span> <span class='ocrx_word' id='word_1_655' title='bbox 2971 4946 3446 5004; x_wconf 88' lang='lat' dir='ltr'>immunitabitus</span> <span class='ocrx_word' id='word_1_656' title='bbox 3503 4950 3562 5003; x_wconf 87' lang='lat' dir='ltr'>et</span> 
     </span>
    </p>
   </div>
   <div class='ocr_carea' id='block_1_105' title="bbox 1911 5035 3562 5110">
    <p class='ocr_par' dir='ltr' id='par_1_105' title="bbox 1911 5035 3562 5110">
     <span class='ocr_line' id='line_1_106' title="bbox 1911 5035 3562 5110; baseline -0.002 -15"><span class='ocrx_word' id='word_1_657' title='bbox 1911 5036 2458 5103; x_wconf 89' lang='lat' dir='ltr'>consuetudinibus,</span> <span class='ocrx_word' id='word_1_658' title='bbox 2490 5035 2651 5092; x_wconf 91' lang='lat' dir='ltr'>omni</span> <span class='ocrx_word' id='word_1_659' title='bbox 2697 5036 2825 5092; x_wconf 68' lang='lat' dir='ltr'>vitae</span> <span class='ocrx_word' id='word_1_660' title='bbox 2884 5053 3003 5092; x_wconf 74' lang='lat' dir='ltr'>suae</span> <span class='ocrx_word' id='word_1_661' title='bbox 3061 5040 3324 5110; x_wconf 88' lang='lat' dir='ltr'>tempore</span> <span class='ocrx_word' id='word_1_662' title='bbox 3351 5037 3562 5094; x_wconf 89' lang='lat' dir='ltr'>debeat</span> 
     </span>
    </p>
   </div>
   <div class='ocr_carea' id='block_1_106' title="bbox 1911 5128 2550 5192">
    <p class='ocr_par' dir='ltr' id='par_1_106' title="bbox 1911 5128 2550 5192">
     <span class='ocr_line' id='line_1_107' title="bbox 1911 5128 2550 5192; baseline -0.006 -8"><span class='ocrx_word' id='word_1_663' title='bbox 1911 5128 2134 5184; x_wconf 88' lang='lat' dir='ltr'>illibata</span> <span class='ocrx_word' id='word_1_664' title='bbox 2162 5141 2410 5192; x_wconf 85' lang='lat' dir='ltr'>servare,</span> <span class='ocrx_word' id='word_1_665' title='bbox 2442 5129 2550 5181; x_wconf 90' lang='lat' dir='ltr'>etc.</span> 
     </span>
    </p>
   </div>
   <div class='ocr_carea' id='block_1_107' title="bbox 1983 5212 3559 5287">
    <p class='ocr_par' dir='ltr' id='par_1_107' title="bbox 1983 5212 3559 5287">
     <span class='ocr_line' id='line_1_108' title="bbox 1983 5212 3559 5287; baseline -0.003 -16"><span class='ocrx_word' id='word_1_666' title='bbox 1983 5221 2194 5273; x_wconf 90' lang='lat' dir='ltr'>Datum</span> <span class='ocrx_word' id='word_1_667' title='bbox 2233 5214 2386 5287; x_wconf 91' lang='lat' dir='ltr'>apud</span> <span class='ocrx_word' id='word_1_668' title='bbox 2432 5212 2836 5282; x_wconf 88' lang='lat' dir='ltr'>Monticulum,</span> <span class='ocrx_word' id='word_1_669' title='bbox 2870 5231 2974 5287; x_wconf 89' lang='lat' dir='ltr'>per</span> <span class='ocrx_word' id='word_1_670' title='bbox 3020 5231 3262 5271; x_wconf 92' lang='lat' dir='ltr'>manum</span> <span class='ocrx_word' id='word_1_671' title='bbox 3292 5213 3559 5277; x_wconf 87' lang='lat' dir='ltr'>Joannis,</span> 
     </span>
    </p>
   </div>
   <div class='ocr_carea' id='block_1_108' title="bbox 1913 5298 3561 5370">
    <p class='ocr_par' dir='ltr' id='par_1_108' title="bbox 1913 5298 3561 5370">
     <span class='ocr_line' id='line_1_109' title="bbox 1913 5298 3561 5370; baseline -0.006 -7"><span class='ocrx_word' id='word_1_672' title='bbox 1913 5309 2125 5363; x_wconf 63' lang='lat' dir='ltr'>sancta</span> <span class='ocrx_word' id='word_1_673' title='bbox 2167 5305 2439 5360; x_wconf 61' lang='lat' dir='ltr'>Romanis</span> <span class='ocrx_word' id='word_1_674' title='bbox 2486 5301 2756 5358; x_wconf 57' lang='lat' dir='ltr'>Ecclesiae</span> <span class='ocrx_word' id='word_1_675' title='bbox 2801 5302 3031 5360; x_wconf 88' lang='lat' dir='ltr'>diaconi</span> <span class='ocrx_word' id='word_1_676' title='bbox 3080 5301 3417 5370; x_wconf 80' lang='lat' dir='ltr'>cardinalis,</span> <span class='ocrx_word' id='word_1_677' title='bbox 3450 5298 3561 5355; x_wconf 92' lang='lat' dir='ltr'>Idi-</span> 
     </span>
    </p>
   </div>
   <div class='ocr_carea' id='block_1_109' title="bbox 1913 5388 3561 5459">
    <p class='ocr_par' dir='ltr' id='par_1_109' title="bbox 1913 5388 3561 5459">
     <span class='ocr_line' id='line_1_110' title="bbox 1913 5388 3561 5459; baseline -0.007 -7"><span class='ocrx_word' id='word_1_678' title='bbox 1913 5396 2025 5452; x_wconf 89' lang='lat' dir='ltr'>bus</span> <span class='ocrx_word' id='word_1_679' title='bbox 2054 5393 2419 5459; x_wconf 88' lang='lat' dir='ltr'>Novembris,</span> <span class='ocrx_word' id='word_1_680' title='bbox 2451 5391 2654 5446; x_wconf 90' lang='lat' dir='ltr'>indict.</span> <span class='ocrx_word' id='word_1_681' title='bbox 2687 5408 2773 5459; x_wconf 85' lang='grc' dir='ltr'>ιιι,</span> <span class='ocrx_word' id='word_1_682' title='bbox 2806 5408 2958 5447; x_wconf 91' lang='lat' dir='ltr'>anno</span> <span class='ocrx_word' id='word_1_683' title='bbox 3006 5389 3317 5447; x_wconf 63' lang='lat' dir='ltr'>Dominicis</span> <span class='ocrx_word' id='word_1_684' title='bbox 3366 5388 3561 5445; x_wconf 85' lang='lat' dir='ltr'>lncar-</span> 
     </span>
    </p>
   </div>
   <div class='ocr_carea' id='block_1_110' title="bbox 1914 5477 3558 5555">
    <p class='ocr_par' dir='ltr' id='par_1_110' title="bbox 1914 5477 3558 5555">
     <span class='ocr_line' id='line_1_111' title="bbox 1914 5477 3558 5555; baseline -0.007 -14"><span class='ocrx_word' id='word_1_685' title='bbox 1914 5482 2167 5541; x_wconf 88' lang='lat' dir='ltr'>nationis</span> <span class='ocrx_word' id='word_1_686' title='bbox 2223 5480 2380 5550; x_wconf 85' lang='grc'><strong>1097,</strong></span> <span class='ocrx_word' id='word_1_687' title='bbox 2440 5478 2812 5555; x_wconf 79' lang='lat' dir='ltr'>pontificatus</span> <span class='ocrx_word' id='word_1_688' title='bbox 2876 5484 3074 5539; x_wconf 89' lang='lat' dir='ltr'>autem</span> <span class='ocrx_word' id='word_1_689' title='bbox 3131 5477 3330 5536; x_wconf 87' lang='lat' dir='ltr'>domni</span> <span class='ocrx_word' id='word_1_690' title='bbox 3396 5487 3558 5553; x_wconf 61' lang='lat' dir='ltr'>papa</span> 
     </span>
    </p>
   </div>
   <div class='ocr_carea' id='block_1_111' title="bbox 1912 5570 2304 5639">
    <p class='ocr_par' dir='ltr' id='par_1_111' title="bbox 1912 5570 2304 5639">
     <span class='ocr_line' id='line_1_112' title="bbox 1912 5570 2304 5639; baseline -0.01 -4"><span class='ocrx_word' id='word_1_691' title='bbox 1912 5571 2131 5639; x_wconf 80' lang='lat' dir='ltr'>Urbani</span> <span class='ocrx_word' id='word_1_692' title='bbox 2157 5570 2304 5631; x_wconf 88' lang='lat' dir='ltr'>VIII.</span> 
     </span>
    </p>
   </div>
   <div class='ocr_carea' id='block_1_112' title="bbox 3846 104 3861 539">
    <p class='ocr_par' dir='ltr' id='par_1_112' title="bbox 3846 104 3861 539">
     <span class='ocr_line' id='line_1_113' title="bbox 3846 104 3861 539; baseline 0 -110"><span class='ocrx_word' id='word_1_693' title='bbox 3846 104 3861 539; x_wconf 61' lang='grc' dir='ltr'>ξ</span> 
     </span>
    </p>
   </div>
  </div>
