3928 6208
1695 330 1762 390 Β.
1813 330 2008 390 ΕΒΒΑ

2155 329 2200 388 ll
2253 332 2342 388 PA
2357 331 2500 388 Prii.
3663 331 3763 400 432

1092 463 1326 522 CLVIII.
2065 463 2121 529 Α
2152 477 2364 517 manus
2412 460 2680 530 Joannis,
2714 461 2772 515 S.
2806 459 2870 515 lt.
2910 460 2968 516 Ε.
3001 456 3229 514 diacdni
3279 457 3603 530 cardinalis,
3633 479 3764 520 anno

389 555 658 624 Deﬁnitio
687 568 814 624 qua:
854 552 967 627 fuit
1018 552 1572 627 intchotho/rcdum
1607 553 2052 627 Alllagaloncnscm
2161 550 2475 606 Dominica‘.
2540 549 2963 606 Incarnationis
3039 547 3351 605 millesimo
3422 551 3766 624 nonagesimo

463 627 775 710 cplziscointm
803 624 1111 710 ct'Pctrum
1149 625 1513 680 Aniuncnscm
1559 624 1806 678 abbatum
1838 625 1892 678 in
1925 639 2050 676 ανη-
2161 639 2387 710 quinto,
2422 638 2740 696 indictione
2771 639 2962 704 tertia,
2996 655 3148 694 anno
3179 638 3545 710 pontiﬁcatus
3572 639 3767 702 domini

389 336 500 392 431

463 695 595 753 cilia
627 695 1065 752 Claromontano.
2166 695 2386 784 ﬁrbani'
2411 745 2571 802 papa
2604 729 2649 784 Π
2682 733 2902 784 octavo.

1023 803 1212 873 (Anno
1245 802 1430 872 1095.)
3039 859 3054 872 ν

818 891 1024 916 συηη.-
1084 890 1267 916 manu
1323 889 1412 916 vv
1465 887 1634 916 (una
2895 859 3076 916 CLIX.

818 891 1045 962 {MAN51,
1083 890 1287 946 Concil.
1323 889 1434 956 XX,
1465 887 1634 957 910.]
2761 952 2770 961 ,
2855 951 2864 961 _
2895 887 3076 960 “'“f‘j
3178 948 3188 960 ,
3655 951 3684 962 η

1768 995 1779 1006 .
1829 995 1839 1006 .
2269 951 2431 1005 Bulla
2459 952 2891 1022 conﬁrmationis
2927 949 3346 1020 pruulcgtorum
3382 953 3683 1005 monasterii

462 999 607 1053 Cum
639 998 792 1053 apud
825 997 1271 1053 Claromontem.
1309 998 1700 1050 Arvernorum
1733 999 2024 1050 cwntatem
2776 1021 3188 1053 ρηιρ.·...-η,.η...;.-

509 1015 607 1053 um
639 998 792 1070 apud
825 997 1271 1061 Claromontem,
1309 998 1700 1050 Arvernorum
1733 997 2008 1050 civitaten

2560 997 2572 1022 ’
2776 997 3207 1076 ϐσιεςίἦίαεθηὲῗδ.

403 1065 693 1143 dominus
723 1103 874 1158 papa
921 1085 1192 1141 Urbanus
1245 1085 1294 1140 ll
1344 1085 1402 1139 in
1453 1085 1698 1140 concilio
1751 1065 2050 1162 resideret:

397 1175 846 1232 consedentibus
879 1173 937 1229 in
976 1173 1180 1250 eodem
1215 1173 1458 1230 concilio
1507 1173 1867 1228 diversarum
1916 1189 2050 1245 pro-

396 1264 718 1318 vinciarum
739 1264 1109 1335 primatibus.
1125 1261 1600 1334 archiepiscopis,
1624 1262 2049 1334 abbatibusque

392 1351 869 1424 quamplurimis,
921 1351 1162 1406 veniens
1215 1357 1349 1406 ante
1391 1349 1778 1404 venerabilem
1838 1367 2048 1422 papam

391 1440 794 1506 Gothofridus,
857 1439 1289 1510 Magalonensis
1346 1439 1678 1510 eplSCOpUS,
1731 1437 2046 1493 clamorem

393 1530 528 1584 fecit
557 1546 735 1600 super
775 1529 982 1583 abbate
1028 1527 1195 1582 Petro
1245 1531 1301 1582 et
1351 1527 1655 1581 monachis
1699 1525 2048 1582 Anianensis

395 1617 756 1681 monasterii,
781 1617 934 1688 quod
968 1614 1385 1670 monachorum
1410 1619 1464 1668 et
1489 1614 1717 1669 abbatis
1739 1615 2049 1670 ordinatio-

396 1723 500 1760 nes
529 1709 586 1760 et
617 1705 1086 1759 consecrationes
1107 1701 1483 1758 ecclesiarum
1515 1702 1749 1757 aliunde
1776 1720 1949 1775 quam
1973 1703 2044 1757 ab

395 1792 654 1848 Ecclesia
685 1791 1080 1864 Magalonensi
1114 1797 1435 1863 qumrercnt
1467 1797 1566 1846 aut
1611 1793 1956 1863 acciperent,
1990 1800 2045 1848 et

395 1883 551 1954 quod
582 1887 784 1938 contra
815 1882 900 1936 fas
933 1882 1384 1953 praesumptione
1430 1880 1633 1934 illicita
1667 1883 1774 1935 sub
1806 1883 2046 1937 obtentu

401 1970 687 2043 privilegii
718 1969 1060 2042 poenitentia
1089 1969 1266 2023 dandi
1291 1971 1952 2042 excommunicandique
1983 1989 2048 2029 ac

397 2059 737 2116 absolvendi
763 2075 863 2113 seu
890 2057 1296 2113 reconciliandi
1319 2057 1400 2111 vel
1425 2057 1644 2114 alienos
1667 2059 2050 2130 parochianos

399 2149 788 2220 undecunque
820 2146 1038 2219 passim
1062 2145 1374 2218 recipiendi
1401 2147 1468 2200 ad
1494 2147 1853 2219 sepulturam
1889 2149 2048 2204 inau-

399 2239 522 2292 dito
545 2253 704 2292 more
729 2235 1026 2291 licentiam
1062 2235 1442 2289 vindicarent.
1463 2236 1623 2298 Quod
1657 2243 1954 2292 narratum
1986 2239 2045 2294 in

397 2325 644 2382 concilio
668 2325 832 2379 valde
853 2321 1153 2395 displicuit
1173 2323 1468 2378 omnibus.
1490 2323 1712 2379 Placuit
1733 2332 1923 2380 autem
1949 2328 2048 2382 do-

396 2415 557 2469 mino
591 2430 750 2484 papae
784 2412 1016 2468 Urbano
1048 2418 1103 2466 et
1134 2412 1402 2466 universo
1444 2417 1644 2468 sancto
1689 2413 1930 2488 collegio
1984 2419 2048 2470 ut

397 2503 511 2559 tale
556 2501 922 2574 privilegium
975 2506 1305 2555 cessaretur
1351 2506 1408 2555 et
1454 2501 1848 2570 abraderetur,
1882 2509 1938 2558 et
1983 2511 2048 2559 ut

397 2593 580 2647 abbas
637 2589 985 2646 Anianensis
1047 2590 1248 2643 Petrus
1289 2589 1344 2644 in
1384 2589 1574 2643 medio
1631 2591 1858 2646 concilii
1913 2599 2047 2650 ante

399 2679 875 2751 Magalonensem
925 2677 1264 2748 episcopum
1311 2677 1551 2733 veniens
1581 2677 1640 2733 in
1686 2695 1865 2736 manu
1918 2684 2046 2754 ejus

398 2766 789 2824 obedientiam
819 2766 1076 2820 debitam
1109 2765 1473 2836 promitteret
1502 2767 1768 2822 Ecclesia
1794 2771 2044 2842 Megalo-

399 2855 566 2912 nensi
589 2855 662 2909 de
681 2853 1150 2909 ordinationibus
1170 2858 1227 2907 et
1245 2855 1781 2914 consecrationibus
1802 2866 1858 2914 et
1879 2860 2046 2931 judi-

397 2943 717 3010 ciis,salvis
745 2947 939 2996 tamen
966 2940 1285 3012 privilegiis
1315 2941 1664 3000 Anianensis
1687 2949 2042 3018 monasterii,

397 3033 752 3106 inquantum
786 3031 1112 3087 secundum
1143 3046 1394 3086 canones
1433 3047 1535 3102 pro
1566 3032 1753 3092 salute
1779 3039 1836 3091 et
1864 3039 2042 3092 stabi-

393 3121 556 3177 litate
580 3121 766 3192 ipsius
789 3119 1123 3174 monasterii
1149 3120 1466 3174 coustituta
1482 3121 1727 3177 fuerant.
1745 3126 1929 3188 Quam
1951 3127 2046 3184 de-

2781 1138 2970 1208 (Anno
3003 1135 3184 1205 1095.)

2570 1235 2823 1305 [BALUZ.,
2869 1231 3110 1288 Miscell.
3146 1232 3216 1300 ΙΙ,
3254 1233 3394 1302 175.]

2230 1352 2504 1406 L’aassus
2549 1348 2882 1421 episc0pus,
2915 1365 3116 1404 servus
3161 1363 3461 1404 servorum
3507 1347 3623 1415 Dei,
3647 1347 3768 1404 dile-

2157 1441 2268 1495 ctis
2299 1440 2436 1494 liliis
2465 1436 2907 1493 tlelsiniacensis
2937 1437 3182 1492 coenobii
3225 1435 3524 1494 monachis
3552 1434 3768 1496 salutem

2157 1535 2214 1584 et
2245 1528 2626 1600 apostolicam
2659 1526 3146 1580 benedictionem.
3532 1550 3540 1555 -

2229 1619 2308 1670 Ad
2343 1617 2450 1670 hoc
2485 1632 2589 1670 nos
2620 1614 2966 1686 disponente
2993 1613 3238 1669 Domino
3270 1614 3330 1669 in
3361 1613 3670 1686 apostolicis
3695 1629 3768 1669 ss-

2157 1705 2248 1759 dis
2278 1703 2579 1759 servitium
2631 1707 2926 1774 promotos
2977 1702 3358 1774 agnoscimus
3405 1707 3470 1757 ut
3509 1703 3629 1774 ejus
3656 1701 3768 1758 ﬁliis

2156 1792 2438 1848 auxilium
2484 1791 2933 1864 implorantibus
2974 1791 3291 1846 efﬁcaciter
3335 1789 3629 1852 subvenire
3653 1796 3704 1848 et
3725 1790 3768 1846 ei

2159 1881 2492 1936 obedirntes
2524 1879 2669 1934 tueri
2703 1896 2765 1934 ac
2799 1887 3096 1951 protegere
3125 1883 3300 1951 prout
3330 1878 3603 1936 Dominus
3630 1879 3767 1935 dede-

2159 1971 2231 2024 rit
2279 1970 2617 2024 debeamus.
2657 1967 2814 2024 Unde
2861 1973 3089 2040 oportet
3130 1973 3188 2024 et
3234 1985 3342 2026 nos
3380 1968 3767 2029 venerabilibus

2157 2057 2299 2112 loris
2351 2075 2591 2112 manum
2643 2057 3016 2128 protectionis
3047 2057 3359 2114 extendere
3405 2061 3460 2114 et
3505 2072 3767 2120 servorum

2157 2147 2254 2202 Dei
2280 2147 2459 2218 quieti
2483 2145 2763 2201 attentius
2785 2144 3104 2218 providere.
3128 2145 3315 2218 Igitur
3344 2149 3460 2204 tam
3486 2163 3584 2220 pro
3609 2151 3769 2202 vestra

2156 2235 2391 2308 speciali
2416 2234 2690 2308 religione
2713 2251 2889 2305 quam
2913 2251 3017 2306 pro
3037 2234 3386 2292 venerabilis
3407 2235 3596 2294 fratris
3616 2233 3769 2291 nostri

2156 2323 2418 2398 Ilugonis
2443 2322 2842 2378 Cluniaccusis
2892 2322 3122 2380 abbatis
3154 2323 3484 2391 dilectione,
3515 2324 3582 2385 ad
3627 2325 3770 2394 cujus

2155 2431 2354 2469 curam
2391 2429 2459 2468 ex
2489 2411 2888 2468 Cluniacensis
2934 2412 3183 2468 cmnobii
3229 2412 3363 2482 jure
3409 2413 3568 2470 locus
3611 2417 3772 2468 vester

2156 2502 2423 2574 pertinet,
2440 2501 2669 2566 vestris,
2687 2499 2788 2556 lilii
2825 2500 2884 2555 in
2906 2499 3134 2556 Christo
3155 2500 3511 2570 charissimi,
3535 2499 3771 2574 precibus

2154 2596 2500 2655 annuentes,
2525 2588 2948 2644 monasterium
2970 2593 3227 2644 vestrum
3257 2589 3559 2662 praesentis
3585 2585 3771 2648 decreti

2155 2679 2494 2735 auctoritate
2513 2677 2848 2750 ,munimus.
2883 2677 3212 2733 Statuimus
3255 2679 3416 2736 enim
3449 2683 3512 2736 ut
3537 2693 3773 2751 quacun-

2154 2786 2268 2841 que
2297 2767 2466 2823 hodie
2495 2771 2751 2822 vestrum
2779 2764 3108 2821 coenobium
3130 2767 3294 2838 juste
3316 2767 3569 2840 possidet
3591 2765 3696 2823 sive
3720 2764 3770 2820 in

2153 2858 2416 2913 futurum
2447 2853 2820 2911 concessione
2858 2854 3221 2926 pontificum,
3253 2853 3597 2912 liberalitate
3636 2853 3768 2927 prin-

2153 2943 2478 3018 cipum,vel
2509 2942 2804 3000 oblatione
2834 2941 3094 2998 ﬁdelium
3129 2944 3292 3015 juste
3323 2949 3496 3015 atque
3521 2943 3765 3000 canonico

2154 3035 2364 3108 poterit
2383 3033 2473 3088 adi
2480 3031 2998 3104 pisci,ﬁrmavobis
3013 3031 3342 3105 vestrisque
3361 3031 3768 3092 successoribus

2154 3139 2386 3194 semper
2413 3126 2470 3176 et
2500 3119 2727 3175 illibata
2757 3123 3158 3191 permaneant,
3181 3119 3242 3176 in
3279 3121 3495 3193 quibus
3517 3121 3632 3176 haec
3659 3135 3769 3192 pro-

396 3191 719 3266 ﬁnitionem
757 3209 908 3263 inter
940 3212 1247 3280 utramque
1287 3207 1600 3264 Ecclesiam
1641 3211 1963 3270 Alexander
1992 3221 2043 3272 II
2073 3191 2118 3260 Ο
2155 3191 2302 3284 priis
2325 3209 2664 3266 nominibus
2684 3209 2962 3264 duximus
2981 3191 3364 3280 exprimenda
3387 3226 3400 3266 :
3426 3209 3484 3266 in
3505 3209 3628 3282 ipso
3644 3191 3771 3265 vide-

395 3317 550 3374 papa
579 3305 749 3354 antea
789 3299 1022 3364 fecerat,
1054 3297 1136 3352 sic
1180 3297 1442 3354 scribens
1469 3314 1480 3351 :
1511 3299 1816 3356 Alexander
1841 3305 2044 3374 cpisco-

393 3406 518 3462 pus,
551 3404 738 3444 servus
765 3402 1046 3444 servorum
1070 3387 1186 3453 Dei,
1210 3386 1394 3442 abbati
1439 3396 1491 3442 et
1527 3391 1795 3444 universae
1822 3409 2042 3464 congre-

2155 3301 2286 3356 licet
2307 3301 2492 3371 burgo
2514 3297 2614 3371 qui
2640 3295 2994 3354 monasterio
3016 3297 3243 3368 adjacet
3274 3299 3502 3356 Sanctae
3522 3296 3700 3357 Maria
3725 3297 3772 3352 et

2154 3389 2352 3446 Sancti
2383 3387 2636 3453 Martini,
2658 3386 2716 3441 in
2746 3402 2894 3459 pago
2926 3385 3232 3442 Ucionensi
3265 3387 3574 3444 ecclesiam
3602 3383 3771 3442 Sancti

393 3479 608 3551 gationi
634 3478 962 3532 Aniancnsis
997 3477 1320 3532 monasterii
1341 3477 1574 3533 salutem
1600 3482 1653 3532 et
1690 3483 2044 3550 apostolicam
2152 3477 2400 3550 Remigii
2445 3477 2516 3532 de
2553 3473 2856 3540 Carniaco,
2887 3474 3084 3530 Sancti
3127 3474 3329 3531 Jacobi
3379 3476 3451 3532 de
3495 3473 3768 3539 Varenuis,

393 3567 838 3624 benedictionem.
866 3567 1118 3621 Pervenit
1163 3565 1233 3620 ad
1277 3581 1376 3621 nos
1405 3568 1626 3637 querela
1652 3567 2044 3638 Magalonensis
2149 3567 2343 3623 Sancti
2373 3563 2655 3633 Quintini,
2679 3563 2877 3620 Sancti
2919 3562 3218 3634 Stephani,
3247 3564 3448 3620 Sancti
3477 3561 3682 3620 Juliani
3710 3561 3770 3616 de

389 3656 626 3728 episcopi
652 3671 817 3726 super
846 3655 1186 3710 intolerabili
1200 3657 1622 3725 praesumptione
1647 3660 1702 3711 et
1730 3659 2040 3716 inobedicn-

384 3747 468 3802 tia
493 3753 690 3812 ucstra,
736 3743 895 3816 quod,
933 3743 1184 3814 quamvis
1233 3743 1532 3797 Romanam
1578 3746 1876 3802 Ecclesiam
1921 3751 2036 3820 cpi-

383 3849 609 3906 scopum
635 3850 761 3889 cum
789 3848 1004 3887 censere
1046 3835 1094 3886 et
1141 3832 1375 3887 tolerare
1419 3836 1794 3902 cogitaveritis,
1826 3838 2039 3893 nullius

382 3925 565 3978 tamen
589 3922 912 3994 episcopalis
941 3920 1263 3975 reverentiae
1290 3920 1548 3975 honorem
1579 3921 1688 3974 sibi
1715 3924 2034 3991 attribuitis,

379 4012 490 4067 imo
517 4015 569 4066 ct
606 4013 917 4080 contemptu
975 4009 1116 4079 ejus,
1148 4008 1350 4062 illicita
1408 4009 1554 4062 vobis
1600 4015 1943 4080 usurpantes,
1975 4017 2036 4070 in

375 4115 570 4170 corpus
601 4099 768 4154 totius
797 4097 1045 4154 Ecclesiae
1073 4097 1316 4166 grauiter
1343 4112 1408 4150 ac
1426 4096 1660 4168 nefande
1688 4097 2030 4171 dctinquitis.

2151 3655 2446 3722 Paleariis,
2486 3655 2709 3709 Sanctae
2751 3651 2944 3708 Maria:
2992 3652 3062 3708 de
3110 3651 3408 3724 Masliaco,
3433 3651 3624 3710 Sancti
3652 3651 3767 3706 Ger-

2149 3745 2305 3800 mani
2357 3739 3073 3806 Brennacum,ecclesiam
3124 3757 3333 3796 novam
3385 3741 3442 3796 in
3495 3735 3766 3798 Luridensi

2146 3851 2316 3908 pago,
2349 3833 2675 3889 cmnobium
2716 3829 2930 3885 Calcidi
2977 3830 3214 3896 montis,
3248 3833 3470 3886 Sanctae
3503 3828 3683 3885 Maria
3707 3825 3768 3883 de

2145 3923 2433 3989 Bevcrias,
2466 3919 2770 3978 ecclesiam
2819 3919 2890 3974 de
2935 3918 3368 3985 Monterevello,
3399 3919 3470 3976 de
3507 3914 3766 3982 Vivcrolo,

2145 4014 2215 4068 de
2244 4013 2421 4079 Batia,
2463 4012 2532 4066 de
2561 4007 2926 4073 Grandirivo,
2949 4007 3020 4062 de
3068 4005 3525 4074 Zalmantanias,
3553 4007 3622 4062 de
3647 4007 3765 4060 Am-

2143 4103 2288 4167 bert,
2339 4101 2411 4156 de
2458 4100 2704 4165 Marcac,
2737 4098 2808 4152 de
2855 4093 3172 4163 Teulerias,
3217 4095 3522 4152 ecclesiam
3569 4095 3766 4150 Sanctis

2143 4192 2336 4246 Mariae
2375 4189 2446 4243 de
2495 4189 2702 4251 Monte,
2737 4184 2936 4241 Sancti
2983 4183 3254 4256 Ferreoli,
3286 4185 3484 4240 Sancti
3514 4181 3690 4256 Eligii,
3715 4179 3766 4234 in

2141 4277 2461 4334 Privatensi
2492 4292 2642 4348 pago
2692 4273 2998 4330 ecclesiam
3029 4272 3255 4328 Sanctae
3304 4272 3564 4338 Florinte,
3593 4264 3766 4341 Sancti

371 4187 515 4242 Nam
551 4185 692 4257 quod
743 4187 1238 4242 excommunicatos
1282 4185 1437 4238 illius
1495 4186 1656 4240 nulla
1713 4191 2034 4249 auctoritate

370 4275 508 4344 fulti
532 4275 826 4346 suscipitis,
859 4281 911 4330 et
958 4273 1097 4346 quod
1142 4275 1260 4344 ejus
1299 4290 1500 4328 manus
1532 4275 1876 4345 impositionc
1902 4296 2028 4336 con-

369 4364 574 4434 tempta
593 4362 966 4421 ordinationes
985 4365 1191 4419 vestras
1211 4361 1282 4416 ad
1303 4361 1527 4416 libitum
1546 4367 1787 4420 vestrum
1805 4367 2032 4425 aliunde
2138 4367 2416 4432 Gervasii,
2450 4363 2754 4420 ecclesiam
2787 4363 2858 4417 de
2888 4360 3171 4431 Abulnac,
3193 4363 3264 4417 de
3295 4359 3681 4425 Burnunculo,
3705 4355 3767 4410 de

363 4453 572 4522 petitis,
597 4453 654 4507 in
685 4453 784 4510 hoc
822 4457 875 4508 ct
913 4453 1190 4508 canonicis
1235 4449 1548 4506 tra-litioni:
1597 4453 1854 4509 instituta
1903 4473 2026 4513 car—
2139 4461 2376 4524 Leuton,
2417 4456 2487 4510 de
2535 4453 2792 4517 Lendan,
2823 4451 2894 4507 de
2925 4449 3100 4518 Clais,
3151 4451 3223 4506 de
3268 4450 3514 4517 Vescon,
3547 4449 3615 4505 de
3657 4444 3764 4502 Οἰτ-

365 4542 646 4612 rumpitis,
695 4550 746 4598 et
803 4541 1050 4612 exemplo
1108 4540 1330 4611 reprobo
1381 4556 1548 4607 grave
1595 4542 1920 4600 scandalum
1972 4549 2031 4604 in
2060 4557 2108 4623 Ι)
2142 4562 2291 4612 mac,
2324 4545 2380 4598 in
2415 4559 2565 4615 pago
2599 4539 2945 4596 Talendensi
2985 4538 3292 4595 ecclesiam
3337 4537 3534 4596 Sancti
3562 4530 3761 4596 Hilarii,

365 4629 612 4684 Ecclesia
666 4631 967 4698 generatis.
1005 4629 1153 4686 Unde
1209 4645 1298 4684 vos
1357 4631 1680 4686 auctoritate
1729 4635 2028 4703 apostolica
2135 4633 2328 4688 Sancti
2381 4629 2681 4696 Martialis,
2706 4628 3011 4685 ecclesiam
3061 4629 3130 4684 de
3175 4627 3441 4694 Cbidrac,
3475 4626 3545 4682 de
3591 4623 3764 4679 monte

2131 4724 2334 4787 Acuta,
2356 4721 2427 4776 de
2461 4719 2726 4786 Plauzac,
2758 4718 2830 4773 de
2861 4717 3028 4784 Ozac,
3051 4717 3124 4773 de
3154 4716 3382 4783 Soletis,
3405 4711 3677 4785 capellam
3703 4707 3764 4762 de

2131 4811 2344 4878 Monte,
2379 4810 2436 4864 in
2480 4824 2626 4881 pago
2658 4806 3022 4862 Todornensi
3053 4805 3362 4861 ecclesiam
3390 4800 3586 4860 Sancti
3612 4794 3758 4868 Lupi,

361 4733 764 4774 commonemus
797 4728 855 4774 ut
899 4718 1012 4773 haec
1043 4723 1095 4773 et
1123 4719 1240 4773 alia
1267 4718 1579 4788 hujus-modi
1601 4722 1823 4790 penitus
1850 4723 2024 4778 relin-

357 4809 583 4878 quentes
607 4811 842 4878 praefato
885 4808 1128 4878 episcopo
1173 4809 1344 4862 vestro
1391 4807 1639 4878 deinceps
1685 4811 1850 4865 totius
1891 4814 2019 4867 sub-

349 4894 606 4964 jcctionis
643 4900 693 4950 et
745 4896 1063 4952 reverentia
1122 4895 1362 4950 debitum
1418 4897 1742 4960 ctchibcalis,
1793 4903 2020 4956 scientes

356 4983 619 5053 quoniam
641 4985 690 5037 si
719 4983 836 5040 tum
865 4985 1086 5055 querela
1125 4985 1352 5041 ulterius
1381 4986 1450 5041 ad
1489 5001 1586 5041 nos
1615 4987 1794 5042 delata
1825 4991 2014 5058 fuerit,

355 5068 665 5125 districtum
684 5073 744 5128 in
762 5088 820 5127 sc
843 5081 1007 5129 temer
1020 5073 1170 5129 ititis
1195 5082 1381 5131 vestrm
1397 5076 1706 5146 pertinacia
1723 5076 2018 5133 vindictam

351 5157 684 5227 provocabit.
734 5161 814 5216 Ne
867 5165 1060 5216 autem
1121 5162 1273 5218 inter
1325 5169 1635 5236 utramque
1695 5164 2013 5222 Ecclesiam

357 5244 834 5320 Magalonensem
865 5253 922 5306 et
941 5251 1327 5308 Anianensem
1355 5253 1747 5309 dissensionis
1773 5257 1875 5308 aut
1903 5253 2016 5308 dis-

349 5337 558 5391 cordia:
593 5339 821 5395 occasio
874 5337 996 5394 ulla
1047 5347 1391 5408 remaneret,
1417 5340 1694 5396 dominus
1726 5358 1877 5413 papa
1907 5341 2012 5397 Ur-

349 5423 542 5481 banus
573 5425 729 5481 hanc
761 5427 1159 5485 definitionem
1191 5429 1366 5486 scribi
1391 5430 1594 5500 jussit,
1616 5429 2014 5502 scriptumque

343 5513 542 5586 sigillo
577 5516 912 5585 apostolicae
939 5518 1095 5574 sedis
1126 5518 1401 5574 ﬁrmavit.

411 5602 630 5666 Datum
663 5606 814 5682 apud
853 5607 1192 5670 Arverniam
1223 5623 1326 5668 χιιι
1353 5604 1482 5666 Kal.
1509 5604 1869 5680 Decembris,
1901 5626 2008 5690 per

2127 4986 2432 5042 ecclesiam
2463 4986 2534 5040 de
2555 4985 2769 5039 Matesc
2809 4999 2941 5038 cum
2967 4981 3228 5038 ecclesiis
3249 4983 3322 5037 ad
3364 4981 3558 5052 ipsum
3587 4975 3758 5032 locum

2125 5074 2438 5148 pertinenti
2449 5073 2641 5138 bus,in
2663 5087 2812 5144 pago
2825 5070 3102 5126 Taluensi
3115 5068 3423 5127 ecclesiam
3435 5067 3758 5148 Sanctorth

2125 5145 2444 5236 Martyrum
2479 5160 2666 5230 Cyrici
2711 5165 2768 5215 et
2809 5159 3024 5216 Julitse.
3057 5158 3252 5215 Sancti
3285 5155 3556 5220 Pardulli,
3585 5145 3756 5206 Sancti

2124 5251 2356 5319 Donati,
2377 5251 2573 5307 Sancti
2599 5249 2870 5316 Victoris,
2903 5246 3211 5304 ecclesiam
3241 5246 3316 5302 de
3344 5240 3619 5314 (lingulis,
3637 5246 3758 5292 cum

2124 5340 2415 5396 universis
2439 5337 2914 5412 possessionibus
2935 5342 2994 5392 et
3023 5333 3383 5410 ap-pendiciis
3403 5346 3618 5388 eorum.
3633 5326 3758 5382 Prae

2121 5434 2280 5486 terea
2309 5428 2680 5485 decernimus
2727 5431 2793 5483 ut
2839 5424 2985 5482 nulli
3027 5424 3265 5482 omnino
3297 5421 3468 5478 liceat
3509 5412 3749 5474 eamdtun

2121 5517 2428 5576 ecclesiam
2460 5521 2674 5575 temere
2703 5517 3043 5590 perturbare
3072 5519 3176 5572 aut
3216 5513 3343 5586 ejus
3373 5502 3748 5585 possessiom

2121 5606 2375 5676 auferre,
2404 5603 2495 5666 vel
2524 5604 2749 5668 ablatas
2797 5605 3066 5678 retinere,
3093 5602 3378 5676 minuere,
3406 5595 3495 5661 vel
3525 5599 3757 5658 tamen-

2128 4898 2320 4954 Sancti
2354 4897 2574 4953 Juliani
2620 4900 2680 4952 et
2724 4895 2948 4950 Sanctae
2982 4895 3175 4950 Mariae
3229 4893 3385 4965 apud
3415 4889 3758 4951 Cauria-cum,
3859 4921 3861 4930 ι
