3928 6208
170 336 266 438 ιιι).

1349 361 1751 429 amarem:
1793 331 1902 423 ar
1934 356 2412 423 PRIVILEGIA.

3452 319 3571 414 :34

171 511 254 571 riis
281 507 705 569 vexationibus
734 503 997 581 fatigare,
1030 501 1129 562 sed
1179 500 1377 562 omnia
1406 500 1635 573 integra
1673 510 1810 554 con-
1841 492 1896 562 Α
1924 495 2080 551 trum
2113 492 2505 552 communiter
2533 488 2591 550 in
2623 489 3049 567 Engolismensi
3081 488 3325 549 ecclesia
3375 489 3569 549 viven-

179 607 462 661 aerventur
493 617 701 657 eorum
734 615 837 671 pro
878 614 1129 672 quorum
1171 590 1593 652 sustentatione
1624 590 1681 643 et
1711 602 1815 659 gu-

181 689 502 750 bernatione
524 704 805 746 concessa
835 691 973 745 sunt
998 684 1205 743 usibus
1234 679 1588 739 omnimodis
1620 676 1815 751 profu-

179 787 330 850 tura;
386 779 555 837 salva
605 782 802 836 tamen
858 777 917 833 in
978 775 1255 833 omnibus
1314 772 1507 827 debila
1537 768 1815 823 abbatum

178 867 640 927 Cluniacensium
684 866 1021 923 reverentia.
1054 862 1209 920 Nulli
1258 862 1432 917 etiam
1468 855 1711 913 facultas
1742 853 1817 907 sit

177 958 524 1031 adiacentem
562 955 915 1012 monasterio
945 956 1196 1023 burgum
1261 950 1548 1015 invadere,
1595 946 1813 1016 deprae-

177 1048 308 1115 dari,
339 1046 431 1103 vel
484 1045 689 1102 noxias
720 1044 946 1117 aliquas
991 1039 1447 1100 consuetudines
1496 1030 1815 1093 exactionis

175 1138 483 1211 imponere.
516 1136 696 1192 Porro
727 1133 1089 1208 sepulturam
1140 1131 1402 1203 ejusdem
1433 1127 1542 1183 loci
1575 1123 1814 1180 omnino

173 1210 408 1284 liberam
427 1242 557 1283 esse
581 1224 975 1291 decernimus,
1010 1228 1071 1278 ut
1093 1239 1293 1278 eorum
1317 1219 1414 1291 qui
1440 1216 1557 1272 illic
1581 1210 1813 1286 sepeliri

172 1315 618 1374 deliberaverint
647 1312 936 1370 devotioni
972 1316 1029 1368 et
1072 1314 1339 1366 extrema:
1362 1304 1665 1368 voluntati,
1700 1299 1814 1356 nisi

172 1405 309 1461 forte
339 1402 830 1460 excommunicati
854 1400 991 1468 sint,
1024 1399 1222 1456 nullus
1253 1397 1520 1454 obsistat.
1558 1395 1622 1449 Et
1652 1390 1812 1465 quia,

167 1493 447 1568 largiente
470 1491 736 1562 Domino,
769 1488 1104 1546 monasterii
1130 1485 1302 1543 vestri
1326 1484 1569 1541 ecclesia
1600 1481 1814 1538 nostris

169 1583 444 1639 manibus
474 1584 563 1637 est
588 1578 1057 1642 consecrata,hoc
1089 1592 1320 1649 quoque
1352 1572 1618 1646 przesenti
1664 1569 1815 1643 capi-

166 1670 286 1729 tulo
317 1669 761 1742 subjungimus,
816 1671 879 1722 ut
933 1684 1036 1740 pro
1088 1665 1242 1720 beati
1301 1663 1451 1718 Petri
1511 1665 1566 1717 et
1605 1664 1814 1716 nostra“:

168 1758 623 1817 consecrationis
656 1755 971 1813 reverentia
994 1753 1191 1810 nullus
1221 1753 1492 1824 deinceps
1516 1751 1724 1807 audeat
1756 1748 1814 1803 in

164 1848 315 1906 idem
349 1845 773 1904 monasterium
826 1840 1450 1900 excommunicationis
1498 1844 1599 1895 aut
1637 1839 1813 1893 inter-
1848 1865 1895 1930 Β

162 1937 438 1994 dictionis
471 1935 728 2009 proferre
785 1931 1156 1998 sententiam,
1217 1935 1506 2003 quatenus
1549 1929 1621 1984 ab
1652 1930 1811 1985 omni

157 2026 381 2084 servitii
412 2022 735 2097 singularis
764 2020 1132 2077 infestatione
1158 2020 1346 2077 securi
1375 2018 1650 2090 omnique
1680 2035 1810 2090 gra-

152 2115 390 2172 vamine
439 2114 750 2170 mundanae
799 2111 1197 2184 oppressionis
1246 2109 1450 2166 remoti
1495 2108 1555 2163 in
1600 2111 1810 2162 sanctae

147 2202 460 2278 religionis
481 2201 883 2261 observatione
904 2200 1091 2257 seduli
1124 2204 1300 2271 atque
1317 2198 1495 2272 quieti
1540 2196 1695 2253 omni
1704 2212 1810 2269 po-

146 2293 294 2350 tenti
323 2291 577 2349 Domino
600 2288 826 2363 plac-ere
855 2289 1036 2345 totius
1085 2288 1298 2344 mentis
1327 2293 1385 2344 et
1415 2287 1620 2343 anima:
1637 2285 1812 2340 virtu-

146 2382 312 2439 tibus
326 2379 638 2436 anheletis.
655 2368 712 2435 Si
738 2396 854 2452 qua
874 2395 1017 2435 sane
1037 2376 1429 2434 ecclesiastica
1447 2374 1811 2431 saecularisve

146 2487 410 2544 persona
440 2468 593 2524 hanc
627 2472 840 2524 nostrae
862 2466 1300 2523 constitutionis
1325 2464 1597 2538 paginam
1618 2463 1811 2519 sciens

145 2565 365 2617 contra
404 2575 536 2615 eam
583 2561 806 2614 temere
833 2554 1027 2613 venire
1047 2553 1374 2622 tentaverit,
1408 2554 1664 2610 secundo
1697 2556 1809 2608 ter-

145 2648 303 2705 tiove
331 2646 696 2703 commonita
717 2645 764 2701 si
788 2663 903 2702 non
925 2643 1320 2701 satisfactione
1347 2659 1603 2715 congrua
1619 2658 1813 2697 emen-

147 2737 406 2803 daverit,
444 2735 751 2809 potestatis
797 2733 1157 2805 honorisque
1182 2732 1269 2788 sui
1294 2732 1576 2804 dignitate
1597 2731 1808 2795 careat,

149 2842 445 2898 namque
488 2842 551 2881 se
599 2823 793 2880 divino
830 2820 1055 2895 judicio
1087 2822 1330 2877 existere
1382 2822 1452 2876 de
1485 2821 1813 2892 perpetrata

147 2915 478 2989 iniquitate
509 2917 839 2986 cognoscat,
890 2916 947 2968 et
995 2928 1028 2967 a
1059 2908 1459 2966 sacratissimo
1491 2924 1729 2979 corpore
1755 2909 1813 2961 et

148 3003 456 3077 sanguine
486 3001 585 3058 Dei
617 3006 674 3058 et
702 2999 932 3057 Domini
992 2997 1398 3071 Redemptoris
1445 2995 1626 3053 nostri
1672 2995 1813 3051 Jesu

148 3090 382 3148 Christi
445 3089 634 3148 aliena
689 3089 811 3156 fiat,
871 3093 1045 3160 atque
1103 3087 1158 3142 in
1228 3092 1483 3142 extremo
1550 3085 1814 3141 examine

148 3179 446 3236 districta:
476 3177 685 3233 ultioni
742 3176 1059 3248 subjaeeat.
1115 3174 1350 3230 Cunctis
1398 3179 1591 3229 autem
1626 3171 1810 3226 cidem

146 3269 288 3326 loco
312 3270 484 3340 justa
513 3264 877 3323 servantibus
934 3264 1011 3320 sit
1063 3280 1174 3336 pax
1202 3262 1429 3319 Domini
1464 3260 1645 3317 noslri
1675 3260 1814 3316 Jesu
1844 3231 1887 3298 C

148 3356 407 3423 Christi,
442 3359 734 3429 quatenus
772 3360 828 3410 et
848 3353 941 3409 hic
960 3354 1213 3409 fructum
1232 3353 1393 3407 bona:
1416 3351 1661 3407 actionis
1694 3365 1818 3420 per-

147 3448 388 3521 cipiant
419 3449 476 3501 et
507 3444 659 3518 apud
684 3443 1014 3500 districtum
1039 3441 1299 3513 judicem
1331 3441 1567 3513 praemia
1596 3443 1818 3493 aeternas

150 3538 331 3612 pacis
362 3534 682 3590 inveniant.
701 3532 903 3599 Amen,
938 3547 1129 3597 amen,
1163 3547 1354 3586 amen.

237 3628 455 3683 Datum
488 3622 643 3694 apud
676 3620 957 3693 oppidum
987 3620 1179 3675 Sancti
1229 3617 1379 3673 Flori
1438 3635 1541 3689 per
1580 3632 1821 3671 manum

151 3713 443 3779 Joannis,
471 3715 683 3767 sancta:
698 3707 1248 3765 RomanzeEcclesiae
1286 3707 1510 3762 diaconi
1558 3705 1822 3761 cardina-

150 3804 261 3869 lis,
298 3801 620 3858 indictione
667 3816 751 3866 ιιι,
781 3816 859 3854 νιι
882 3798 1019 3853 Idus
1054 3795 1406 3863 Decembris,
1440 3812 1591 3851 anno
1623 3792 1823 3849 Domi-

156 3893 315 3951 nica:
338 3888 765 3947 Incarnationis
788 3887 944 3955 1095,
970 3886 1344 3959 pontificatus
1374 3890 1570 3941 autem
1602 3882 1823 3939 domini

157 3979 397 4040 Urbani
430 3979 476 4035 ΙΙ
506 3994 668 4052 papae
698 3992 817 4031 vni.

928 4107 1080 4163 CLX.

167 4204 388 4264 Urbani
431 4202 489 4257 II
532 4212 695 4271 papae
726 4198 955 4271 epistola
977 4196 1047 4271 ad
1066 4196 1352 4271 canonicos
1374 4196 1824 4271 Engolismenscs,

242 4292 359 4347 qua
407 4267 787 4347 prwpeéiturie
809 4268 1109 4347 detinuere
1137 4267 1555 4323 attributicnmn
1599 4269 1730 4338 ipsis
1760 4268 1828 4323 ab

243 4341 749 4414 Hdcniarcfactam
770 4341 1073 4409 conﬁrmat.

806 4446 992 4517 (Anno
1024 4444 1208 4513 1095.)

607 4552 838 4624 [ΜΑΝ81,
872 4552 1074 4607 Concil.
1107 4549 1219 4615 XX,
1259 4549 1407 4621 919.]

249 4690 528 4747 URBANUS
560 4686 895 4759 episcopus,
925 4700 1126 4741 servus
1146 4700 1446 4739 servorum
1467 4685 1583 4751 Dei,
1608 4682 1839 4741 dilectis

173 4774 815 4851 ﬁliisEngolismensis
859 4772 1123 4830 Ecclesia:
1155 4772 1453 4829 canonicis
1502 4772 1751 4829 salutem
1784 4781 1841 4830 et

122 4862 570 4945 .-§postolicam
613 4862 1097 4919 benedictionem.

148 4936 195 4995 vi
252 4938 450 5025 ’chii
477 4951 666 5011 nostri
691 4968 796 5008 nos
816 4950 1082 5007 hortatur
1103 4949 1417 5006 auctoritas
1439 4967 1540 5022 pro
1561 4951 1842 5007 Ecclesia-

183 5023 504 5119 ruuifstatu
533 5039 823 5100 sollicitos
852 5056 998 5105 esse,
1028 5043 1226 5110 etquae
1272 5042 1422 5093 recte
1451 5043 1668 5094 statuta
1709 5043 1847 5094 sunt

184 5131 656 5193 stabilirelllam
676 5128 857 5201 igitur
878 5128 1353 5183 constitutionem
1372 5144 1549 5198 quam
1574 5128 1842 5183 venerab.

99 5238 114 5247 ’
186 5224 373 5281 frater
403 5224 607 5277 noster
635 5217 958 5273 Ademarus
989 5215 1299 5288 episcopus
1359 5215 1427 5270 de
1469 5216 1849 5288 prmpositura

186 5312 295 5368 illa
343 5306 679 5371 constituit,
732 5322 856 5377 quae
915 5311 1003 5361 est
1066 5304 1123 5359 in
1165 5304 1300 5359 villa
1331 5303 1557 5359 Juliaco
1606 5304 1663 5358 in
1701 5320 1847 5376 pago

186 5396 608 5462 Sanctonensi,
624 5410 734 5450 nos
758 5393 1081 5449 litterarum
1106 5392 1481 5465 praesentium
1510 5391 1851 5447 auctoritate

182 5480 962 5547 ﬂrmamus.Constituimus
980 5482 1136 5538 enim
1161 5484 1227 5536 ut
1246 5481 1629 5553 praepositum
1646 5480 1850 5535 eadem

179 5578 355 5638 nulla
369 5589 649 5648 unquam
669 5569 978 5626 venalitatc
1004 5568 1559 5639 distrahatur,nulla
1588 5586 1849 5640 unquam

183 5668 278 5727 vel
309 5657 852 5735 consanguinitatis
878 5658 964 5715 vel
996 5657 1385 5716 successionis
1417 5656 1716 5713 occasione
1748 5656 1856 5712 fra-

1927 583 2078 640 tium
2110 584 2518 658 gubernationi
2548 589 2605 639 et
2636 583 2812 639 victui
2847 581 3245 648 subtrahatur,
3278 581 3358 636 ita
3378 586 3441 637 ut
3471 598 3574 637 nec

1925 674 2333 747 episcoporum
2382 673 2918 745 Engolismensium
2979 671 3150 727 alicui
3201 670 3371 726 liceat
3419 669 3609 726 illius‘

1924 761 2093 829 villae,
2128 780 2226 819 seu
2256 763 2647 836 praepositum
2682 763 2944 818 redditus
2976 761 3031 817 in
3058 778 3201 816 usus
3224 759 3367 816 alios
3389 759 3570 814 vindi-

1924 868 2073 919 care,
2110 853 2211 908 sed
2257 858 2373 907 tam
2429 852 2559 925 ipsa
2591 869 2766 925 quam
2823 856 3027 906 caetera
3057 868 3184 922 quae
3208 850 3369 921 juste
3403 848 3576 904 hodie

1924 940 2255 1012 possidetis,
2289 947 2346 996 et
2375 959 2735 1013 quazcunque
2759 939 2843 995 vel
2862 940 2931 994 de
2949 939 3185 995 amissis
3212 954 3571 1010 recuperare,

1921 1029 2008 1085 vel
2042 1029 2275 1086 aliunde
2324 1030 2579 1103 legitime
2613 1030 2872 1102 poteritis
2924 1028 3246 1101 acquirere,
3279 1028 3445 1083 vobis
3474 1044 3571 1081 ve-

1922 1118 2177 1191 strisque
2208 1119 2645 1176 successoribus
2677 1118 2743 1181 in
2768 1118 3062 1173 communi
3086 1118 3202 1173 vita
3224 1134 3570 1189 permanen-

1920 1207 2080 1263 tibus
2114 1209 2335 1279 integra
2358 1226 2587 1280 semper
2606 1212 2660 1263 et
2684 1207 2905 1263 illibata
2928 1211 3325 1279 permaneant.
3355 1206 3407 1261 Si
3433 1205 3567 1278 quis

1922 1314 2055 1353 vero
2077 1298 2476 1353 constitutioni
2500 1298 2635 1352 huic
2675 1303 2729 1353 et
2760 1299 2989 1352 decreto
3015 1300 3223 1350 nostra:
3248 1294 3567 1350 auctorita-

1920 1385 1996 1441 tis
2027 1386 2397 1457 pertinaciter
2424 1386 2707 1442 contraire
2741 1385 3062 1450 tentaverit,
3098 1402 3198 1456 per
3226 1383 3568 1437 convenien-

1923 1480 2010 1530 tes
2044 1474 2307 1531 inducias
2364 1477 2643 1544 monitus,
2697 1476 2809 1529 nisi
2870 1474 3265 1529 satisfactione
3314 1489 3571 1544 congrua

1923 1565 2333 1631 emendaverit,
2369 1567 2551 1620 sancti
2605 1564 2856 1635 Spiritus
2910 1563 3102 1637 gladio
3134 1568 3190 1618 et
3238 1558 3569 1634 apostolicae

1924 1652 2305 1709 districtionis
2338 1654 2556 1709 ultione
2589 1653 2891 1725 plectatur.

1995 1743 2139 1797 Data
2171 1743 2324 1815 apud
2356 1743 2853 1799 Clarummontem
2902 1740 3193 1797 Arvernire
3252 1757 3309 1795 ιιι
3367 1738 3565 1795 Kalen.

1923 1829 2193 1886 Decemb.
2248 1849 2346 1903 per
2382 1848 2621 1887 manum
2647 1831 2991 1895 Joannis,S.
3019 1831 3085 1886 R.
3118 1832 3159 1885 E
3190 1830 3419 1886 diaconi
3442 1847 3570 1886 car—

1924 1919 2067 1987 din.,
2119 1920 2317 1976 indict.
2372 1936 2454 1988 ιιι,
2507 1939 2641 1977 ann.
2692 1926 2851 1976 Dom.
2912 1920 3051 1977 4096
3103 1920 3307 1993 [1095],
3358 1920 3565 1992 pontif.

1922 2010 2139 2065 domini
2163 2010 2376 2066 Urbani
2412 2011 2457 2065 ΙΙ
2490 2011 2594 2066 ΡΡ.
2630 2028 2747 2065 γιιι.

2649 2181 2833 2237 CLXI.

1925 2292 2171 2349 Urbanus
2199 2295 2250 2350 ΙΙ
2270 2310 2419 2366 papa
2453 2295 2775 2366 monasterii
2800 2293 3183 2366 Aabechz’ensis
3208 2293 3569 2364 possessiones

2448 2372 2498 2419 et
2546 2365 2684 2435 jura
2729 2365 3033 2433 conﬁrmat.

2541 2509 2727 2577 (Anno
2761 2506 2941 2579 1095.)

2243 2650 2400 2718 [δαιι.
2438 2652 2643 2707 Christ.
2680 2651 2771 2719 III,
2797 2651 3099 2717 Instrum.,
3136 2650 3247 2721 17.]

1990 2823 2269 2880 ΗΒΒΑΝυε
2298 2821 2627 2895 episcopus,
2662 2837 2863 2876 servus
2896 2838 3194 2877 servorum
3225 2819 3568 2889 Dei,dilecto

1923 2912 2041 2969 tilio
2055 2912 2533 2979 Roeaaio,abbati
2555 2911 2889 2966 monasterii
2914 2911 3066 2983 quod
3084 2912 3263 2966 situm
3286 2915 3377 2967 est
3400 2911 3460 2967 in
3474 2927 3571 2982 pa-

1922 3001 2122 3058 rochia
2140 3000 2560 3065 Cameracensi,
2595 3000 2651 3054 in
2684 3000 3017 3071 insulaquae
3032 3001 3245 3055 dicitur
3261 2999 3562 3067 Abbatias,

1921 3090 2169 3147 salutem
2201 3093 2258 3144 et
2287 3088 2660 3160 apostolicam
2688 3089 3170 3144 benedictionem.

1995 3177 2178 3234 Ofﬁcii
2213 3178 2394 3232 nostri
2440 3195 2544 3233 nos
2578 3178 2841 3232 hortatur
2884 3178 3222 3245 auctoritas,
3256 3192 3383 3247 qum
3414 3180 3567 3232 recte

1926 3272 2145 3323 statuta
2165 3271 2322 3334 sunt,
2356 3266 2634 3321 stabilire.
2668 3267 3075 3331 Quamobrem,
3111 3265 3453 3321 charissima
3483 3262 3565 3319 ﬁli

1927 3355 2157 3428 Rogeri,
2188 3354 2306 3409 tuis
2368 3354 2747 3423 petitionibus
2799 3354 3129 3425 apostolicae
3190 3354 3571 3426 benignitatis

1927 3461 2098 3501 aures
2136 3442 2505 3509 inclinantes,
2541 3443 2961 3499 monasterium
2980 3443 3362 3500 sanctissimae
3389 3444 3576 3500 Trini-

1929 3534 2088 3600 tatis,
2109 3532 2225 3596 cui,
2262 3536 2495 3587 auctore
2528 3532 2659 3597 Deo,
2694 3532 2992 3603 praesides,
3027 3532 3330 3604 praesentis
3360 3532 3570 3588 decreti

1931 3621 2274 3679 auctoritate
2323 3621 2644 3687 munimus,
2678 3625 2734 3674 et
2766 3638 3128 3693 quaecunque
3158 3623 3312 3679 bona
3339 3640 3577 3680 venera-

1932 3711 2066 3767 bilis
2097 3711 2386 3765 confrater
2416 3715 2611 3765 noster
2657 3711 2949 3765 Gcrardus
2980 3713 3415 3770 Cameracensis
3452 3714 3579 3787 epi-

1933 3817 2165 3873 scopus,
2202 3800 2371 3870 cujus
2406 3798 2685 3853 nimirum
2720 3800 3033 3855 donatione
3063 3800 3227 3857 locus
3254 3802 3380 3874 ipse
3410 3803 3581 3858 insti-

1933 3894 2097 3945 tutus
2145 3905 2272 3943 esse
2330 3888 2723 3959 cognoscitur,
2756 3888 2996 3960 praefato
3048 3892 3404 3947 monasterio
3430 3901 3578 3947 ean-

1936 3979 2116 4034 tulit:
2178 3994 2541 4050 quaecunque
2598 3983 2871 4049 praeterea
2945 3980 3193 4050 quilibet
3252 3980 3455 4037 fideles
3510 3981 3582 4037 de

1938 4084 2045 4123 suo
2068 4069 2202 4137 jure
2232 4073 2647 4122 concesserunt
2702 4068 2928 4141 integra
2987 4084 3220 4141 semper
3273 4074 3334 4126 et
3360 4070 3584 4126 illibata

1938 4172 2173 4213 manere
2204 4156 2519 4228 apostolica
2547 4156 2892 4211 auctoritate
2947 4159 3269 4213 sancimus.
3319 4159 3581 4215 Decrevi-

1938 4264 2072 4303 mus
2090 4246 2283 4316 itaque
2298 4250 2363 4299 ut
2383 4244 2526 4299 nulli
2553 4246 2791 4300 omnino
2813 4246 3117 4302 hominum
3133 4248 3583 4304 liceateumdem

1938 4335 2131 4391 locum
2162 4340 2378 4389 temere
2410 4334 2861 4405 perturbare,vel
2892 4336 3021 4405 ejus
3051 4336 3453 4407 possessiones
3482 4354 3584 4391 au-

1942 4426 2110 4489 ferre,
2166 4423 2448 4489 minuere,
2511 4422 2599 4477 vel
2663 4423 2988 4480 temerariis
3019 4424 3424 4481 vexationibus
3455 4425 3581 4479 fati-

1941 4529 2078 4587 gare
2124 4531 2137 4579 ;
2190 4512 2287 4568 sed
2323 4512 2520 4567 omnia
2550 4513 2775 4583 integra
2805 4518 3222 4569 conserventur
3249 4524 3453 4569 eorum
3484 4530 3590 4586 pro

1867 4601 1910 4663 D
1940 4616 2191 4674 quorum
2251 4601 2674 4655 sustentatione
2719 4617 2786 4655 ac
2842 4601 3264 4672 gubernatione
3312 4610 3591 4657 concessa

1949 4694 2088 4745 sunt
2117 4689 2324 4743 usibus
2355 4689 2708 4755 omnimpdis
2739 4689 3062 4760 profutura.
3096 4690 3374 4761 Quisquis
3394 4695 3591 4745 autem

1947 4778 2139 4835 locum
2164 4777 2359 4849 ipsum
2379 4794 2483 4848 pro
2505 4777 2685 4832 divini
2715 4777 2945 4833 timoris
2966 4777 3398 4841 reverentia,vel
3421 4779 3597 4835 rebus

1952 4866 2078 4922 suis
2123 4866 2326 4933 ditare,
2359 4870 2679 4938 protegere,
2712 4866 2801 4921 vel
2850 4883 2954 4938 pro
3002 4882 3109 4922 sua
3140 4868 3414 4926 facultate
3442 4868 3598 4926 exal-

1952 4960 2075 5011 tare
2126 4953 2435 5022 studuerit,
2468 4956 2887 5027 omnipotentis
2917 4957 3016 5012 Dei
3049 4957 3511 5015 misericordiam
3542 4964 3602 5014 et

1955 5043 2352 5117 apostolorum
2384 5044 2511 5114 ejus
2534 5046 2786 5116 gratiam
2847 5052 3260 5119 consequatur.
3322 5048 3431 5113 Qui
3466 5065 3601 5103 vero

1956 5137 2159 5189 contra
2192 5130 2369 5200 hujus
2427 5127 2609 5188 nostri
2669 5134 2883 5189 decreti
2940 5138 3199 5192 tenorem
3231 5137 3606 5209 pertinaciter

1957 5237 2127 5292 agerc
2159 5210 2505 5289 tentaverit,‘
2534 5221 2720 5277 Sancti
2750 5221 3002 5294 Spiritus
3053 5224 3248 5297 gladio
3301 5225 3602 5296 plectatur.

2032 5314 2238 5363 Datum
2254 5310 2410 5380 apud
2428 5309 2925 5385 Clarummontem
2944 5313 3234 5369 Arverniaa
3248 5330 3350 5383 per
3365 5324 3607 5367 manum

1957 5396 2225 5464 Joannis,
2259 5403 2477 5453 sancta
2524 5399 2796 5466 Romanae
2826 5399 3093 5456 Ecclesiae
3137 5400 3367 5456 diaconi
3420 5396 3611 5453 cardi-

1960 5485 2133 5554 nalis,
2168 5504 2223 5541 ιιι
2258 5485 2381 5541 Kal.
2406 5487 2762 5553 Decembris,
2797 5487 2997 5544 indict.
3024 5504 3110 5556 ιιι,
3142 5504 3293 5543 anno
3324 5484 3611 5542 Dominic.

1963 5573 2389 5631 Incarnationis
2424 5576 2560 5631 1095
2599 5593 2613 5643 ;
2642 5577 3020 5647 pontiﬁcatus
3049 5579 3244 5631 autem
3275 5573 3475 5631 domui
3510 5571 3615 5626 Ur-

1963 5660 2105 5717 bani
2136 5661 2184 5716 II
2216 5678 2377 5734 papae
2410 5679 2561 5718 anno
2589 5680 2708 5721 νιιι.
