3928 6208
361 379 480 447 435

1086 520 1295 577 CLXII.

361 608 712 679 Conﬁrmatio
768 611 824 665 5.
874 611 1124 682 Dionysii
1171 611 1235 665 de
1292 611 1551 677 Nogcnto,
1608 623 1705 678 per
1755 607 2012 663 domuum

823 683 1102 738 Urbanum
1131 684 1180 736 II
1220 697 1421 752 papam
1450 682 1616 749 facta.

985 772 1171 840 (Anno
1205 769 1388 836 4095.)

646 859 1003 929 [Bibliotheca
1052 858 1448 919 Clunz’acensis,
1492 873 1547 926 p.
1577 856 1727 923 5511.]

437 963 714 1019 URBANUS
745 964 1076 1035 epiSCOpus,
1110 978 1309 1016 servus
1342 977 1640 1015 servorum
1701 960 1822 1025 Dei,
1884 959 2014 1014 uni-

364 1068 542 1108 versae
575 1052 1002 1125 congregationi
1050 1049 1384 1106 monasterii
1438 1050 1496 1103 S.
1550 1048 1808 1120 Dionysii
1859 1048 2014 1120 quod

369 1139 548 1196 situm
578 1145 668 1196 est
697 1141 845 1196 inter
877 1141 1092 1194 ﬂumen
1117 1140 1309 1210 lgunaa
1338 1144 1718 1208 castrumque
1749 1136 2012 1208 Nogenti,

368 1229 616 1285 salutem
648 1235 705 1284 et
733 1229 1110 1301 apostolicam
1143 1227 1630 1283 benedictionem.

438 1317 599 1374 Sicut
624 1317 1041 1372 irrationabilia
1074 1316 1448 1389 poscentibus
1494 1315 1690 1386 negari
1725 1315 1895 1370 debet
1925 1332 2016 1369 as-

368 1423 598 1474 census,
633 1405 893 1476 sicjusta
917 1404 1239 1476 petentium
1273 1405 1421 1458 votis
1447 1404 1702 1475 benigna
1732 1403 2015 1458 debemus

365 1495 702 1550 assensione
753 1510 1115 1549 concurrere.
1174 1493 1391 1547 Idcirco
1443 1491 1632 1546 dilecti
1685 1491 1786 1544 filii
1838 1491 2013 1544 nostri

365 1583 625 1638 Gaufridi
683 1582 916 1637 comitis
971 1582 1041 1634 de
1101 1580 1474 1644 Mauritania,
1508 1585 1565 1633 et
1595 1580 1722 1648 ejus
1752 1579 2019 1651 conjugis

366 1670 644 1726 Beatricis
657 1670 944 1725 devotioni
961 1667 1237 1722 duximus
1251 1669 1650 1722 abnuendum.
1663 1669 1712 1721 ls
1728 1668 2018 1738 siquidem

370 1775 566 1815 comes
590 1759 650 1814 Β.
694 1757 949 1830 Dionysii
975 1757 1248 1828 martyris
1272 1756 1688 1810 monasterium
1716 1756 1773 1810 in
1805 1758 2018 1811 Carno-

369 1847 521 1904 tensi
544 1846 990 1918 parochiainter
1031 1848 1225 1917 Igunze
1260 1845 1498 1899 ﬂuvium
1534 1849 1589 1899 et
1620 1849 1877 1900 castrum
1910 1846 2020 1899 No-

373 1935 530 2009 genti
580 1937 652 1991 ab
709 1952 812 1990 avo
866 1952 972 1990 suo
1031 1933 1308 1990 Gaufrido
1351 1933 1682 2001 fundatum,
1716 1939 1773 1988 et
1801 1938 2023 2005 apatre

375 2042 483 2081 suo
509 2025 753 2080 Rotroco
807 2041 877 2079 ex
927 2028 1089 2096 parte
1121 2022 1492 2088 aediﬁcatum,
1538 2040 1644 2078 sua
1672 2023 1909 2078 tandem
1943 2023 2024 2076 in-

376 2114 594 2171 stantia
624 2113 1074 2177 consummavit,
1107 2119 1583 2167 consummatum
1616 2116 1673 2166 et
1701 2113 1875 2167 rebus
1899 2112 2022 2166 suis

374 2203 676 2268 donatum,
710 2201 1106 2258 annuentibus
1138 2199 1569 2256 venerabilibus
1599 2201 1740 2256 viris
1757 2200 2022 2256 Richerio

369 2289 698 2346 Senonensi
754 2289 1213 2360 archiepiSOOpo,
1273 2293 1331 2347 et,
1370 2288 1651 2344 Gaui‘rido
1683 2290 2022 2344 Carnotensi

370 2377 665 2450 episcopo,
721 2375 1194 2432 collaudantibus
1254 2381 1311 2431 et
1365 2376 1871 2431 subscribentibus
1902 2381 2022 2431 tam

369 2481 546 2522 uxore
567 2467 696 2536 ejus
714 2481 894 2537 supra
916 2463 1215 2519 nominata
1248 2463 1524 2529 Beatrice,
1559 2481 1734 2535 quam
1757 2465 1874 2520 ﬁlio
1908 2466 2024 2521 Ro-

363 2558 552 2622 troco,
587 2553 808 2609 sanctis
838 2551 1117 2624 apostolis
1175 2553 1344 2608 Petro
1394 2557 1450 2607 et
1482 2553 1656 2606 Paulo
1706 2557 1762 2608 et
1791 2552 2021 2608 Clunia-

366 2642 524 2698 censi
549 2641 812 2698 cmnobio
856 2641 965 2697 sub
1005 2640 1476 2696 reverendissimi
1530 2641 1806 2696 confratis
1838 2643 2021 2697 nostri

367 2729 632 2802 Hugonis
654 2729 884 2784 abbatis
904 2728 1211 2800 prtesentia
1232 2728 1550 2794 obtulit.Qu
1561 2745 1651 2784 am
1667 2729 2020 2784 oblationem

370 2821 574 2874 nostra
593 2816 1035 2889 postulaverunt
1059 2817 1402 2871 auctoritate
1436 2818 1678 2871 ﬁrmari.
1714 2817 2022 2889 Nosigitur

371 2911 495 2962 tam
525 2905 832 2978 praefatum
865 2904 1016 2958 beati
1050 2904 1308 2976 Dionysii
1359 2906 1806 2973 monasterium,
1844 2923 2018 2978 quam

375 2994 575 3050 omnia
604 2994 675 3049 ad
708 2992 762 3046 id
797 2992 1168 3064 pertinentia,
1229 2993 1337 3047 sub
1377 2994 1512 3064 jure
1542 2997 1598 3048 et
1638 2993 2019 3066 dispositione

1661 383 1732 447 B.
1777 379 2072 448 URBANI
2115 380 2170 446 ῙῙ
2213 380 2466 445 ΡΑΡιΕ.

2039 517 2094 584 Α
2124 516 2334 587 torius,
2381 519 2537 571 terra
2586 513 2764 571 unius
2795 512 2992 571 aratri.
3027 515 3090 570 In
3135 511 3394 570 Morisim
3422 512 3557 570 villa
3585 515 3743 572 unius

3636 383 3744 446 436

2123 605 2298 660 aratri
2332 608 2503 659 terra.
2541 609 2601 658 In
2637 605 2820 659 fracta
2844 603 2990 659 valle
3016 603 3215 659 decem
3239 602 3537 676 agripenni
3563 605 3743 674 vineae,

2123 692 2479 749 molendium
2514 694 2583 747 de
2643 693 2922 748 Ruitaria.
2985 694 3164 748 Terra
3214 693 3282 747 de
3331 693 3742 762 Bremuncurte,

2121 788 2278 838 terra
2309 781 2564 837 Bonnaci
2620 799 2754 836 cum
2812 781 3172 836 mediatoriis
3231 797 3450 836 earum.
3513 783 3746 837 Piscaria

2124 871 2181 925 in
2215 871 2418 942 logniaa
2443 870 2615 926 fluvio
2644 871 2838 925 avado
2865 869 3208 925 Bellivilaris
3241 885 3426 940 usque
3456 870 3524 924 ad
3555 887 3745 942 aquam

2125 975 2250 1030 qua:
2282 959 2499 1012 dicitur
2525 958 2724 1024 Edera,
2758 957 3042 1013 medietas
3073 957 3322 1012 Bebanis
3352 956 3518 1025 villa,
3550 963 3604 1014 et
3623 959 3748 1014 silva

2125 1063 2250 1118 qua:
2283 1047 2496 1102 dicitur
2519 1047 2891 1120 Ostenganis.
2926 1046 3164 1101 Decima
3183 1045 3394 1101 telonei
3413 1046 3745 1102 Mauritania:

2126 1136 2322 1190 castri.
2358 1135 2595 1190 Tolonei
2630 1151 2864 1207 quoque
2897 1135 3124 1190 decima
3155 1134 3396 1207 Nogenti
3438 1135 3630 1190 castri.
3653 1136 3746 1192 De-

2126 1223 2278 1277 cima
2326 1224 2500 1278 etiam
2527 1223 2795 1277 Pasnadii
2820 1221 2999 1288 silvze,
3034 1238 3160 1293 quze
3194 1221 3532 1276 nominatur
3560 1222 3744 1278 Resno.

2127 1312 2269 1366 Item
2303 1311 2545 1366 ecclesia
2565 1313 2624 1366 S.
2649 1310 2948 1383 Stephani,
2993 1314 3048 1365 et
3077 1311 3135 1365 8.
3169 1309 3412 1365 Joannis
3442 1309 3498 1364 in
3529 1311 3746 1383 Nogenti

2127 1404 2335 1455 castro.
2371 1400 2428 1454 S.
2464 1399 2740 1464 Hilarius,
2795 1401 2857 1454 S.
2908 1399 3183 1463 Joannes,
3233 1399 3291 1454 S.
3329 1399 3667 1471 Stephanus,
3695 1401 3743 1455 8.

2129 1490 2310 1544 Maria
2344 1489 2399 1542 in
2434 1494 2625 1544 castro
2657 1488 2904 1543 Noiomi.
2940 1489 2998 1542 8.
3052 1487 3339 1542 Martinus
3392 1488 3462 1542 de
3509 1488 3745 1561 Magone,

2127 1582 2181 1631 S.
2213 1577 2462 1632 Albinus
2484 1578 2553 1631 de
2575 1577 2791 1647 Campo
2814 1561 3085 1642 rotundo,
3117 1577 3174 1632 S.
3201 1575 3451 1630 Albinus
3482 1577 3550 1631 de
3573 1575 3748 1632 Codri-

2130 1665 2297 1729 cello,
2330 1671 2384 1719 S.
2420 1665 2601 1720 Maria
2646 1665 2982 1736 Magdalene
3015 1665 3084 1718 de
3117 1665 3404 1731 Ferraria,
3432 1669 3487 1717 8.
3523 1664 3746 1719 Hilarius

2129 1755 2199 1807 de
2233 1753 2558 1808 Belenvilla.
2621 1753 2678 1807 8.
2739 1755 2990 1808 Joannes
3018 1753 3091 1808 de
3146 1752 3448 1818 Petraﬁxa,
3481 1757 3534 1806 8.
3570 1753 3747 1808 Petrus

2131 1843 2201 1898 de
2231 1842 2578 1914 Aponviller,
2626 1846 2680 1896 8.
2716 1841 3058 1897 Anastasius
3110 1841 3181 1896 de
3214 1840 3525 1909 Ronviller,
3559 1842 3612 1895 S.
3643 1841 3747 1897 Sal-

2131 1936 2292 1987 vator
2320 1932 2390 1986 de
2421 1931 2636 2003 Campo
2669 1931 2936 1995 rotundo,
2987 1935 3043 1984 8.
3089 1931 3299 1986 Petrus
3330 1930 3401 1985 de
3434 1929 3744 1997 Boscnileto,

2132 2021 2189 2074 8.
2225 2019 2510 2074 Martinus
2567 2021 2637 2074 de
2695 2018 2966 2088 Unverre,
3001 2020 3059 2073 8.
3117 2019 3408 2074 Leobinus
3464 2020 3532 2074 de
3564 2018 3744 2084 Flacci,

2132 2107 2376 2163 ecclesia
2397 2108 2640 2164 Oratorii
2672 2125 2805 2162 cum
2832 2107 3192 2180 appendiciis
3222 2111 3281 2162 et
3313 2107 3552 2164 decimis
3580 2107 3748 2163 omni-

2133 2197 2263 2252 bus.
2299 2197 2425 2251 HtBC
2455 2197 2744 2252 habentur
2803 2197 2860 2250 in
2893 2196 3228 2268 episcopatu
3295 2197 3641 2252 Carnotensi.
3695 2195 3744 2250 In

2133 2285 2551 2341 Cenomanensi
2596 2285 2932 2356 episcopatu
2965 2284 3270 2339 ecclesiam
3305 2286 3364 2340 8.
3397 2285 3545 2340 Petri
3575 2285 3638 2340 de
3663 2288 3745 2339 Ce-

2133 2379 2285 2440 tone,
2318 2374 2622 2429 ecclesiam
2677 2374 2734 2427 8.
2798 2373 3021 2440 Ull'acii,
3083 2373 3140 2428 8.
3195 2373 3401 2429 Petrus
3431 2375 3500 2429 de
3532 2373 3744 2438 Mauvis,

2131 2468 2185 2517 8.
2223 2463 2515 2533 Prejectus
2565 2463 2635 2516 de
2668 2461 2900 2527 Vileris,
2933 2465 2988 2515 8.
3025 2460 3284 2516 Hilarius
3335 2462 3436 2534 qui
3489 2466 3574 2518 est
3603 2462 3748 2532 juxta

2131 2555 2402 2607 Sanctam
2433 2555 2775 2618 Ceronnam,
2800 2551 2858 2606 S.
2894 2549 3077 2605 Maria
3096 2550 3166 2605 de
3188 2554 3356 2618 Bure,
3404 2551 3461 2606 S.
3494 2550 3747 2606 Martinus

2131 2642 2200 2696 de
2233 2639 2474 2705 Loiseel,
2508 2641 2565 2695 S.
2601 2640 2929 2694 Germanus
2960 2639 3030 2693 de
3085 2638 3320 2704 Loisilz,
3355 2640 3412 2694 S.
3465 2639 3652 2705 Maria,
3694 2638 3746 2690 8.

2128 2730 2403 2797 Joannes,
2436 2729 2495 2784 8.
2530 2727 2882 2784 Macutusde
2909 2727 3354 2794 Matiritania,S.
3381 2725 3747 2783 Audoenusde

2129 2817 2354 2880 Tesval,
2413 2818 2470 2871 8.
2533 2816 2842 2872 Gervasius
2903 2815 2973 2870 de
3030 2816 3206 2882 Feris,
3241 2819 3301 2870 S.
3346 2817 3646 2872 Audoenus
3691 2815 3747 2868 de

2128 2905 2429 2970 Verreriis,
2461 2910 2515 2960 8.
2548 2905 2833 2961 Martinus
2889 2905 2960 2960 de
3006 2903 3220 2970 Beloto,
3273 2907 3332 2960 S.
3371 2905 3643 2960 Martinus
3691 2903 3747 2956 de

2129 2995 2362 3058 Bersiis,
2399 2994 2457 3049 S.
2519 2993 2808 3050 Martinus
2867 2994 2938 3049 de
2993 2993 3301 3065 Jamagiis,
3357 2998 3411 3050 8.
3474 2993 3663 3049 Petrus
3689 2991 3747 3046 de

371 3081 848 3140 Cluniacensium
883 3081 1129 3136 fratrum
1181 3085 1459 3152 perpetuo
1509 3099 1847 3154 permanere
1881 3101 2016 3138 san-

371 3173 577 3229 cimus.
615 3169 1018 3242 Praecipientes
1049 3175 1104 3225 et
1136 3171 1244 3224 sub
1277 3169 1642 3226 districtione
1673 3172 2016 3227 anathema-

2128 3084 2383 3139 Brueria.
2417 3084 2696 3139 Przeterea
2752 3098 3112 3154 quaecunque
3142 3087 3405 3138 vestrum
3448 3080 3745 3138 coenobium

2127 3172 2297 3227 hodie
2330 3173 2492 3242 juste
2539 3171 2819 3244 possidet,
2849 3170 2966 3225 sive
2997 3170 3055 3225 in
3114 3171 3382 3227 futurum
3409 3173 3562 3243 juste
3589 3185 3744 3224 cano-

363 3260 442 3317 tis
471 3259 984 3324 interdicentes,ne
1013 3259 1146 3330 quis
1169 3275 1431 3330 unquam
1455 3260 1728 3315 eumdem
1761 3259 1954 3316 locum
1987 3279 2020 3316 a
2050 3248 2093 3314 C
2132 3262 2372 3332 niceque
2403 3261 2614 3333 poterit
2669 3259 2934 3332 adipisci,
2996 3261 3166 3315 firma
3219 3261 3405 3328 vobis,
3454 3259 3744 3329 vestrisque

364 3347 763 3405 Cluniacensis
806 3347 1051 3403 cmnobii
1110 3349 1333 3402 unitate
1388 3348 1714 3404 subtrahat.
1776 3352 2019 3421 Aposto-
2131 3350 2570 3406 successoribus
2621 3354 2678 3405 et
2706 3349 2933 3405 illibata
2972 3354 3368 3421 permaneant.
3398 3347 3742 3404 Decernimus

367 3439 482 3494 lica
541 3437 719 3494 etiam
777 3435 1119 3492 auctoritate
1172 3436 1490 3492 statuimus
1545 3442 1610 3491 ut
1659 3455 2022 3509 quaecunque
2129 3455 2265 3512 ergo
2300 3443 2361 3493 ut
2388 3437 2530 3493 nulli
2564 3438 2824 3494 omnimo
2845 3437 3155 3492 hominum
3186 3437 3360 3493 liceat
3398 3438 3547 3493 idem
3577 3451 3741 3492 como-

365 3528 540 3594 dona,
571 3541 956 3598 quascunque
977 3525 1381 3596 possessiones
1404 3525 1625 3596 praefati
1657 3527 1901 3582 comites
1931 3527 2020 3582 vel
2130 3527 2290 3582 bium
2319 3532 2534 3582 temere
2567 3527 2896 3599 pertubare,
2931 3530 3032 3581 aut
3061 3527 3188 3596 ejus
3220 3527 3615 3598 possessiones
3657 3541 3742 3577 au-

367 3616 469 3671 alii
502 3614 753 3687 quilibet
784 3614 988 3670 ﬁdeles
1037 3615 1106 3669 de
1151 3631 1258 3669 suo
1281 3616 1416 3685 jure
1448 3615 1634 3670 eidem
1666 3616 2019 3671 monasterio
2130 3617 2296 3684 ferre,
2328 3616 2414 3672 vel
2453 3615 2678 3670 ablatas
2709 3615 2977 3680 retinere,
3015 3615 3300 3681 minuere,
3334 3613 3420 3669 vel
3455 3610 3744 3669 temerariis

367 3702 758 3768 contulerunt,
814 3705 924 3758 sub
954 3702 1283 3774 apostolicae
1339 3703 1493 3759 sedis
1552 3693 1737 3759 tutela
1796 3706 2020 3776 integra
2127 3706 2527 3760 vexationibus
2587 3704 2846 3775 fatigare,
2903 3702 3003 3757 sed
3049 3701 3246 3757 omnia
3281 3704 3505 3775 integra
3541 3717 3744 3756 conser-

366 3808 598 3865 semper
633 3796 690 3847 et
716 3790 939 3847 illibata
969 3796 1368 3863 permaneant.
1393 3792 1569 3847 Vicus
1591 3792 1811 3848 scilicet
1841 3812 2020 3867 supra
2127 3798 2337 3850 ventur
2357 3810 2579 3858 eorum,
2616 3810 2718 3864 pro
2742 3808 2992 3863 quorum
3018 3792 3442 3848 sustentatione
3473 3809 3536 3846 ac
3563 3790 3745 3863 guber-

369 3884 703 3936 memoratie
727 3879 1000 3948 adjacens
1023 3880 1277 3936 ecclesiae
1293 3897 1427 3935 cum
1452 3880 1648 3935 decem
1677 3883 1832 3951 prati
1867 3884 2016 3954 agri-

365 3967 594 4042 penuis,
628 3971 686 4022 et
733 3970 855 4022 tota
890 3968 948 4023 in
975 3969 1222 4024 circuitu
1257 3967 1515 4024 ecclesiae
1549 3973 1702 4024 terra
1734 3987 1920 4040 usque
1945 3972 2016 4025 ad

366 4058 635 4114 Roduam
669 4055 930 4124 ﬂuvium,
963 4063 1020 4113 et
1069 4074 1248 4130 super
1279 4058 1474 4128 ipsum
1507 4057 1625 4111 duo
1659 4057 2014 4114 molendina.

364 4147 546 4202 Terra
589 4145 906 4202 Burchardi
935 4163 1068 4202 cum
1101 4147 1306 4202 broilo.
1339 4146 1516 4200 Terra
1544 4146 1614 4201 de
1645 4145 1917 4212 Belseria,
1948 4149 2018 4203 de

361 4234 606 4291 Asconis
635 4233 790 4290 villa.
823 4234 1082 4291 Ecclesia
1135 4237 1194 4290 8.
1256 4233 1459 4288 Hilarii
1513 4251 1646 4290 cum
1689 4235 1933 4291 decimis
1963 4241 2018 4292 et

365 4323 733 4397 appendiciis
786 4325 910 4380 suis
967 4324 1264 4380 omnibus.
1301 4321 1559 4378 Ecclesia
1589 4324 1646 4378 8.
1681 4323 1912 4379 Leobini
1947 4325 2017 4379 de

364 4413 643 4482 Flaciaco,
693 4415 752 4469 S.
788 4413 1023 4469 Leobini
1057 4413 1126 4467 de
1158 4409 1378 4474 Bracle,
1413 4412 1471 4465 S.
1505 4411 1706 4466 Hilarii
1740 4413 1810 4468 de
1839 4414 2016 4469 Beba-

363 4502 622 4570 nisuilla,
658 4503 718 4558 S.
757 4501 950 4556 Albini
1006 4501 1077 4555 de
1137 4498 1513 4567 Coldreciolo,
1574 4504 1629 4555 8.
1693 4501 1886 4557 Mariae
1947 4505 2018 4559 de

2129 3883 2359 3938 natione
2389 3897 2666 3937 concessa
2690 3885 2832 3934 sunt
2852 3880 3056 3935 usibus
3073 3879 3429 3936 omnimodis
3454 3879 3744 3952 profutura.

2128 3971 2290 4027 salva
2333 3971 2616 4027 canonica
2663 3968 3035 4024 Carnotensis
3065 3968 3320 4041 episcopi
3355 3967 3674 4024 reverentia.
3698 3961 3744 4017 Si

2128 4079 2243 4132 qua
2270 4076 2408 4116 sane
2441 4060 2500 4114 in
2533 4060 2794 4113 futurum
2827 4057 3225 4114 ecclesiastica
3256 4056 3613 4113 saecularisve
3637 4068 3744 4125 per-

2127 4166 2272 4204 sona
2301 4149 2478 4218 hujus
2537 4146 2748 4202 decreti
2807 4147 3080 4218 paginam
3140 4147 3333 4202 sciens
3387 4148 3583 4202 contra
3631 4155 3740 4196 eam

2124 4243 2340 4294 temere
2365 4235 2559 4291 venire
2589 4235 2918 4302 tentaverit,
2951 4235 3206 4290 secundo
3249 4234 3486 4290 tertiove
3515 4244 3744 4287 commo-

2127 4326 2268 4393 nita,
2285 4325 2331 4380 si
2365 4342 2479 4379 non
2506 4323 2905 4379 satisfactione
2935 4339 3193 4395 congrua
3222 4320 3625 4386 emendaverit,
3659 4332 3744 4389 po-

2126 4415 2352 4470 testatis
2400 4413 2753 4484 honorisque
2797 4412 2888 4467 sui
2935 4411 3218 4484 dignitate
3247 4417 3459 4476 careat,
3495 4419 3742 4476 reamque

2128 4521 2189 4558 se
2212 4501 2643 4572 divinojudicio
2695 4500 2939 4556 existere
2986 4501 3056 4556 de
3112 4506 3440 4573 perpetrata
3469 4494 3744 4570 iniquitate

364 4590 659 4664 Margone,
706 4590 766 4645 8.
796 4588 946 4676 Petri
978 4588 1048 4642 de
1081 4587 1377 4676 Bruyeria,
1411 4588 1468 4642 8.
1504 4588 1737 4644 Martini
1775 4591 1846 4645 de
1878 4597 2018 4648 Ber-
2051 4612 2095 4676 D
2127 4599 2457 4664 cognoscat,
2491 4595 2547 4646 et
2577 4607 2610 4644 a
2659 4589 3056 4645 sacratissimo
3101 4606 3338 4662 corpore
3371 4606 3436 4645 ac
3487 4582 3742 4676 sanguine

364 4681 530 4754 duys.
557 4677 893 4735 EcclesiasS.
917 4675 1162 4730 Joannis
1209 4675 1279 4730 de
1302 4675 1665 4745 Mauritania,
1688 4683 1742 4733 8.
1779 4680 2015 4746 Macuti,

363 4771 499 4825 etS.
535 4765 832 4824 Germani.
860 4762 1120 4820 Ecclesia
1136 4765 1194 4819 S.
1223 4763 1414 4819 Albini
1439 4765 1507 4821 de
1525 4767 1740 4839 Campo
1767 4771 2015 4824 rotundo

359 4873 497 4913 cum
524 4861 647 4912 tota
666 4853 902 4926 Nigella:
927 4857 1082 4907 terra
1100 4857 1156 4908 et
1187 4855 1548 4924 appendiciis
1581 4857 1704 4911 suis
1738 4859 2015 4914 omnibus

364 4960 543 5015 super
586 4944 758 4997 Eram
783 4940 1109 4997 ﬂuviolum.
1145 4941 1207 4997 In
1240 4941 1363 4997 loco
1395 4944 1494 5014 qui
1526 4945 1737 5001 dicitur
1768 4947 2016 5003 Vivariis

361 5035 520 5087 terra
546 5029 741 5086 omnis
799 5030 955 5085 culta
1011 5035 1070 5085 et
1127 5030 1365 5098 inculta,
1415 5035 1702 5105 exquisita
1731 5040 1786 5091 et
1818 5037 2012 5108 inqui-

363 5119 564 5188 renda,
599 5134 733 5174 cum
767 5117 970 5190 pratis,
1023 5119 1207 5185 silvis,
1259 5125 1315 5175 et
1346 5137 1645 5177 servorum
1678 5124 1871 5190 rebus,
1900 5126 2013 5178 ibi-

363 5223 498 5281 que,
530 5211 587 5264 et
645 5207 704 5261 in
764 5206 1043 5263 comitatu
1099 5209 1464 5265 Mauritaniae
1513 5213 1891 5267 morantium.
1948 5215 2011 5268 In

361 5295 786 5354 Cenomanensi
817 5295 1151 5368 episcopatu
1211 5295 1455 5353 ecclesia
1503 5298 1561 5352 S.
1597 5297 1746 5352 Petri
1799 5299 1870 5354 de
1909 5299 2008 5354 Ge.

358 5389 515 5454 tone,
549 5384 738 5442 saltus
782 5385 1283 5441 consuetudinarii
1317 5389 1436 5440 tam
1463 5385 1535 5440 ad
1560 5402 1703 5440 usus
1734 5385 2008 5455 ecclesiae,

359 5491 537 5548 quam
569 5474 642 5529 ad
674 5490 820 5528 usus
853 5474 1268 5530 monachorum
1311 5478 1368 5529 et
1398 5473 1703 5528 hominum
1741 5491 2008 5542 suorum,

358 5567 568 5634 praeter
601 5561 820 5617 saltum
846 5561 1202 5618 Perticuli.ln
1235 5559 1773 5617 omnibussaltibus
1796 5581 2012 5634 pascua

355 5666 664 5724 porcorum
688 5651 1028 5708 monasterii
1052 5652 1253 5722 gratis.
1274 5651 1336 5705 In
1362 5649 1485 5704 loco
1513 5649 1610 5719 qui
1636 5649 1850 5707 dicitur
1868 5653 2006 5708 Ora~

2131 4681 2223 4737 Dei
2240 4698 2304 4736 ac
2320 4680 2549 4735 Domini
2571 4679 2976 4750 Redemptoris
2990 4679 3173 4734 nostri
3194 4679 3329 4734 Jesu
3357 4676 3565 4733 Christi
3580 4671 3745 4728 aliena

2128 4771 2246 4834 fiat,
2277 4775 2449 4841 atque
2511 4769 2567 4822 in
2599 4772 2857 4823 extremo
2914 4767 3180 4822 examine
3237 4765 3509 4822 districta?
3564 4754 3742 4816 ultioni

2127 4859 2444 4928 subjaceat.
2481 4857 2718 4911 Cunctis
2749 4862 2945 4911 autem
2977 4857 3166 4911 eidem
3189 4855 3446 4911 coenobio
3470 4855 3622 4923 justa
3649 4861 3746 4900 ser-

2123 4947 2415 5013 vantibus,
2453 4947 2529 5000 sit
2561 4963 2670 5017 pax
2707 4944 2928 5000 Domini
2966 4946 3145 5000 nostri
3177 4945 3315 5001 Jesu
3349 4941 3575 5005 Christi,
3619 4949 3739 5008 qua-

2124 5040 2296 5090 tenus
2326 5039 2381 5088 et
2415 5034 2506 5088 hic
2537 5035 2790 5089 fructum
2837 5034 2996 5088 bonze
3055 5032 3298 5088 actionis
3345 5029 3667 5106 percipiant,
3694 5024 3740 5074 et

2124 5123 2273 5194 apud
2309 5123 2639 5178 districtum
2669 5121 2928 5192 judicem
2965 5122 3199 5194 prmmia
3236 5127 3455 5178 reternae
3489 5114 3634 5190 pacis
3663 5111 3734 5164 in-

2123 5211 2374 5266 veniant.
2409 5214 2612 5265 Amen.

2832 5298 3066 5355 CLXIII.

2232 5389 2438 5444 Urbani
2466 5389 2514 5443 11
2533 5403 2696 5460 papa:
2719 5389 2944 5460 epistola
2973 5389 3044 5444 ad
3066 5389 3361 5458 Guigonem
3384 5385 3638 5444 comitem.

2752 5479 2937 5550 (Anno
2968 5477 3156 5546 4095.)

2302 5566 2384 5631 [D.
2444 5565 2734 5634 Bouous'r,
2790 5567 3028 5635 Recueil,
3083 5571 3122 5620 t.
3156 5565 3296 5633 XIV,
3330 5581 3385 5636 p.
3435 5558 3576 5628 761.]

2192 5654 2469 5710 Uasasus
2499 5655 2829 5728 episcopus,
2894 5672 3093 5712 servus
3126 5669 3422 5712 servorum
3468 5645 3578 5713 Dei,
3609 5641 3724 5700 GU"
