3928 6208
154 288 303 371 υτ

1371 289 1771 358 EPISTOLE
1812 290 1914 354 ET
1956 290 2426 359 PRIVILEGIA.

3475 294 3595 369 438

200 443 322 487 com
354 424 585 497 comiti,
620 422 775 485 clero
806 427 863 485 et
891 423 1107 502 pepulo
1125 422 1847 501 Gratianopolitano,salu-
1873 424 1930 494 Α
1959 425 2129 484 datis.
2162 426 2358 501 Neque
2414 444 2517 486 vos
2567 425 2745 490 lateat
2792 430 3209 491 Gualcherium
3244 430 3603 493 anathemati

200 522 308 577 tem
340 521 398 575 et
427 515 813 591 apostolicam
845 516 1330 574 benedictionem.

264 606 575 675 Querelam
605 606 955 663 venerabilis
1005 606 1315 663 confratris
1361 605 1545 662 nostri
1588 606 1848 679 Hugonis

194 698 367 756 vestri
388 696 653 771 episcopi
685 697 757 753 de
786 696 1237 753 Salmoriaeensi
1270 712 1418 768 pago
1441 697 1569 768 jam
1601 695 1701 751 diu
1732 695 1850 766 agi-

194 793 396 845 tatam.
429 785 662 842 concilii
679 786 833 858 quod
866 786 1021 858 apud
1041 785 1539 841 Clarummontem
1556 784 1845 840 civitatem

194 875 482 934 Arvernis:
515 873 963 940 celebravimus,
987 873 1331 930 auctoritate
1375 873 1654 929 noveritis
1703 873 1847 928 deﬁ-

194 966 399 1022 nitam.
461 963 611 1031 Quia
665 962 818 1018 enim
880 963 1172 1019 confrater
1223 966 1421 1019 noster
1497 960 1848 1018 Viennensis

194 1052 671 1126 archiepiscopus
700 1050 888 1107 Guido
915 1068 1065 1124 saepe
1095 1055 1152 1107 et
1181 1051 1401 1107 nostris
1433 1050 1847 1106 litterisetviva

190 1142 377 1199 nostri
407 1141 529 1197 oris
558 1157 694 1195 voce
723 1140 1137 1205 commonitus,
1171 1140 1240 1195 de
1272 1140 1473 1195 eadem
1507 1157 1684 1196 causa
1718 1139 1853 1195 obe-

189 1232 315 1287 dire
344 1228 720 1301 contempsit,
752 1227 1227 1284 etinvestituram
1242 1245 1419 1300 quam
1451 1228 1636 1283 eidem
1656 1230 1846 1284 vestro

188 1319 468 1393 episcopo
508 1314 815 1373 Placentiae
866 1316 1142 1387 fecimus,
1193 1316 1431 1388 exsequi
1480 1316 1687 1383 noluit,
1741 1333 1847 1371 nos

189 1407 630 1481 possessionem
661 1403 822 1460 illam
856 1422 1034 1477 quam
1080 1409 1137 1460 et
1167 1404 1321 1460 idem
1377 1404 1554 1460 frater
1602 1405 1767 1477 Hugo
1792 1409 1849 1459 et

187 1493 461 1552 nonnulli
494 1511 735 1551 suorum
768 1498 1206 1549 antecessorum
1240 1494 1572 1566 possedisse
1604 1510 1849 1549 noscun-

186 1589 305 1652 tur,
340 1583 680 1655 supradieto
730 1582 889 1637 fratri
944 1587 1145 1637 nostro
1189 1586 1247 1638 et
1301 1581 1846 1654 GratianOpolitanaa

187 1670 463 1729 Ecclesiae
497 1669 888 1735 restituimus,
939 1673 995 1723 et
1050 1669 1313 1739 quandiu
1362 1669 1704 1725 Viennensis
1757 1686 1847 1724 ar-

185 1759 602 1832 chiepiscopus
631 1758 768 1813 huic
798 1757 1121 1813 deﬁnitioni
1150 1757 1387 1858 obedire
1410 1757 1847 1829 contempserit,
1881 1793 1928 1858 Β

186 1853 310 1904 tam
344 1848 542 1920 ipsum
577 1862 756 1919 quam
789 1843 1393 1917 Gratianopolitanam
1428 1844 1744 1901 Ecclesiam
1777 1845 1849 1900 ab

186 1940 316 2009 ejus
346 1935 684 1992 obedientia
713 1934 1137 1990 subtraximus.
1170 1934 1456 1989 Omnibus
1477 1934 1725 1989 etiamin
1753 1950 1847 1989 eo-

184 2026 322 2082 dem
357 2041 507 2097 pago
527 2022 1034 2079 eommorantibus
1066 2027 1185 2077 tam
1225 2021 1450 2076 clericis
1468 2038 1643 2093 quam
1662 2020 1845 2088 laicis,

183 2130 258 2169 ne
290 2110 606 2168 Viennensi
630 2110 1070 2181 archiepiscopo
1103 2110 1381 2164 obediant
1417 2109 1847 2178 interdicimus,

183 2203 373 2258 donec
395 2205 502 2256 aut
511 2200 699 2272 judici
709 2215 806 2256 um
838 2198 996 2271 quod
1018 2199 1235 2252 factum
1256 2204 1346 2253 est
1363 2203 1733 2269 exsequatur,
1747 2202 1849 2254 aut

180 2289 427 2363 querela
457 2289 578 2344 hmo
611 2294 744 2344 ante
765 2304 871 2343 nos
905 2287 1186 2342 canonico
1210 2287 1435 2357 judicio
1466 2286 1849 2341 interutrum-

179 2396 298 2454 que
330 2378 734 2449 comprobata,
767 2373 1075 2431 certiorem
1109 2374 1282 2430 ﬁnem
1315 2373 1580 2446 accipiat.

248 2468 402 2524 Data
463 2484 523 2522 III
572 2463 701 2521 Kal.
761 2463 1101 2520 Decembris
1145 2464 1299 2535 apud
1344 2462 1840 2519 Clarummontem

179 2554 500 2615 Arverniae.

894 2667 1126 2723 CLXIV.

184 2761 415 2821 Urbani
470 2757 734 2832 synodica
788 2757 859 2814 ad
1166 2757 1535 2830 populumque
1592 2758 1839 2816 Camera-

894 2845 922 2884 ε
1111 2869 1125 2882 .

894 2845 1125 2884 censeam.

807 2936 995 3003 (Anno
1028 2933 1211 3005 1095.)

620 3042 851 3115 [Massa
885 3040 1089 3097 Concil.
1112 3040 1226 3108 XX,
1260 3045 1292 3096 9
1307 3042 1408 3112 l7.]

1957 533 2085 574 esse
2117 519 2469 590 subjectum,
2504 520 2551 576 si
2584 537 2646 577 se
2689 521 2935 579 ulterius
2981 522 3051 579 de
3084 522 3352 580 Ecclesiae
3402 529 3605 581 vestras

1957 606 2290 679 praelatione
2321 609 2564 681 profana
2594 612 3051 683 praisumptione
3074 612 3461 669 intromittere
3486 618 3610 669 ten-

1956 695 2185 752 taverit.
2220 697 2278 753 Si
2311 699 2444 769 quis
2472 698 2650 771 igitur
2678 700 2952 773 deinceps
2973 701 3067 757 his
3097 701 3465 757 decretorum
3515 718 3614 758 no-

1957 788 2215 840 strorum
2248 788 2550 858 praeceptis
2580 789 2868 845 contraire
2911 790 3367 862 praesumpserit,
3417 790 3611 846 omni-

1956 873 2209 945 potentis
2262 874 2384 936 Dei.
2418 881 2475 931 et
2522 876 2919 947 apostolorum
2969 880 3098 950 ejus
3147 879 3609 952 indignationem

1956 961 2208 1018 inveniet
2222 967 2278 1018 et
2295 962 2536 1019 ultionis
2562 966 2893 1036 apostolica:
2907 966 3099 1038 gladio
3120 967 3377 1023 ferietur.
3394 968 3610 1023 Omnes

1955 1054 2150 1106 autem
2183 1050 2283 1123 qui
2341 1051 2685 1108 Gualcherio
2745 1054 3083 1110 ﬁdelitatem
3134 1056 3502 1127 juraverunt,
3535 1056 3607 1111 ab

1955 1139 2217 1209 ejusdem
2250 1141 2598 1195 sacramenti
2631 1142 2865 1199 vinculo
2903 1144 3223 1216 apostolica
3263 1144 3606 1201 auctoritate

1956 1226 2332 1284 absolvimus.

2027 1316 2171 1371 Data
2196 1316 2351 1388 apud
2380 1317 2714 1373 Arverniam
2737 1336 2777 1373 ιι
2810 1319 2933 1376 Kal.
2970 1320 3318 1375 Decembris.

2105 1530 2313 1586 Urbani
2342 1532 2390 1586 II
2419 1441 3064 1603 derretumcgzizrimatu
3096 1530 3462 1602 Lugrlunensz'.

2583 1630 2771 1709 (Anno
2800 1639 2981 1703 1095.)

2382 1725 2608 1796 [Massa
2643 1726 2844 1783 Concil.
2878 1727 2998 1793 XX,
3030 1727 3181 1798 828.]

2032 1848 2311 1904 URBANUS
2325 1849 2657 1921 episcopus,
2687 1867 2887 1906 servus
2903 1868 3200 1907 servorum
3231 1851 3352 1918 Dei,
3375 1869 3608 1909 venera-

1959 1936 2063 1991 bili
2124 1938 2288 1994 tratri
2349 1938 2598 2005 Hueom,
2654 1940 3026 2013 Lugdunensi
3075 1938 3510 2014 archiepiscopo
3550 1944 3607 1997 et

1958 2024 2216 2096 primati,
2248 2026 2493 2098 ejusque
2516 2027 2952 2084 successoribus
2965 2028 3239 2085 canonice
3268 2046 3606 2101 promoven-

1956 2113 2047 2168 dis
2079 2114 2134 2168 in
2170 2118 2536 2186 perpetuum.

2028 2202 2107 2256 Ex
2138 2201 2466 2273 apostolicae
2499 2202 2654 2258 sedis
2671 2201 2863 2257 debito
2884 2207 2941 2258 et
2957 2207 3293 2260 sanctorum
3315 2221 3605 2261 canonum

1956 2289 2300 2345 auctoritate
2324 2289 2704 2361 impellimur,
2738 2289 2799 2345 in
2831 2289 3107 2345 omnibus
3153 2291 3371 2363 ubique
3422 2296 3604 2349 terra-

1954 2394 2085 2432 rum
2115 2376 2416 2446 Ecclesiis,
2452 2394 2625 2450 prave
2671 2383 2798 2433 acta
2834 2378 3141 2449 corrigere,
3188 2384 3342 2435 recte
3385 2384 3606 2437 statuta

1953 2468 2202 2523 ﬁrmare.
2242 2467 2402 2522 Unde
2434 2484 2566 2522 cum
2592 2483 2698 2522 nos
2731 2467 2788 2521 in
2821 2465 3141 2522 Galliarum
3185 2472 3379 2539 partes
3408 2469 3605 2525 venire

1951 2572 2217 2628 supernae
2242 2554 2644 2628 dispositionis
2688 2555 2948 2628 dignatio
2995 2555 3400 2624 concessisset,
3449 2574 3601 2614 curae

1952 2645 2120 2701 nobis
2152 2645 2261 2700 fuit
2293 2646 2445 2716 apud
2479 2645 2974 2700 Clarummontem
3004 2644 3291 2700 Arvernis:
3330 2646 3601 2719 generale

1951 2733 2261 2790 concilium
2292 2750 2627 2789 convocare.
2655 2733 2737 2788 lbi
2770 2733 2921 2788 inter
2950 2733 3065 2791 alia
3086 2750 3214 2805 quae
3243 2735 3314 2789 ad
3347 2737 3595 2807 synoda-

1947 2822 2060 2878 lem
2094 2823 2454 2878 audientiam
2477 2821 2843 2879 discutienda
2854 2821 3073 2895 perlata
3085 2826 3243 2894 sunt,
3263 2823 3597 2880 fraternitas

1948 2917 2051 2968 tua
2079 2913 2150 2968 de
2183 2912 2436 2984 primatu
2460 2917 2675 2967 sanctae
2689 2911 3100 2984 Lugdunensis
3112 2911 3379 2968 Ecclesiae
3396 2929 3597 2984 quere-

1947 3000 2064 3056 lam
2088 3000 2375 3072 exposuit,
2409 2999 2611 3055 multis
2634 3001 2760 3071 jam
2791 3004 2925 3055 ante
2942 2999 3394 3071 provincialibus
3409 3000 3598 3057 conci-

1949 3087 2047 3143 liis
2081 3089 2381 3161 agitatam.
2397 3088 2565 3143 Lecta
2577 3088 2785 3143 suntin
2800 3089 3001 3143 eodem
3032 3104 3309 3143 concessu
3324 3090 3599 3144 eumdem

256 3180 543 3236 URBANUS
574 3175 1439 3249 episcopus,servusservorum
1470 3174 1592 3239 Dei,
1618 3174 1840 3230 univer—
1869 3153 1911 3220 Ο
1949 3177 2269 3249 primatum
2303 3177 2623 3232 astruentia
2656 3176 2927 3232 Romana:
2961 3179 3017 3231 et
3046 3174 3376 3247 apostolicae
3396 3181 3600 3232 aucto-

176 3270 268 3326 sis
303 3269 364 3323 in
415 3266 568 3323 clero
628 3270 685 3321 et
732 3263 947 3337 populo
1010 3263 1413 3319 Cameracensi
1475 3262 1722 3320 salutem
1784 3266 1843 3319 et

176 3355 571 3431 apostolicam
595 3352 1077 3410 benedictionem.

257 3446 324 3501 In
359 3442 605 3499 concilio
637 3441 793 3513 apud
825 3440 1323 3497 Clarummontem
1356 3439 1646 3495 Arverniae
1703 3440 1844 3495 cele-

181 3534 359 3590 brato
392 3548 528 3587 cum
560 3546 665 3602 pro
696 3528 975 3585 electione
993 3527 1185 3583 dilecti
1220 3526 1521 3582 tiliinostri
1554 3528 1843 3583 Manassis

177 3627 243 3679 et.
273 3622 419 3677 item
452 3618 784 3676 Gualcherii
814 3635 849 3673 a
875 3617 1040 3672 vobis
1073 3617 1223 3672 facta
1252 3616 1492 3688 quaestio
1522 3616 1742 3682 habita,
1789 3621 1846 3672 et

181 3707 462 3782 diligenti
496 3706 705 3762 fuisset
731 3705 1172 3778 investigatione
1200 3709 1467 3772 tractata,
1503 3706 1690 3776 patuit
1720 3706 1843 3760 Ma-

182 3814 429 3855 nassem
461 3795 700 3868 quidem
733 3812 767 3849 a
808 3794 972 3850 vobis
1024 3793 1302 3849 canonice
1351 3793 1623 3862 electum,
1676 3793 1846 3849 Gual-

183 3886 459 3944 eberium
489 3900 625 3940 vero
655 3887 858 3939 contra
888 3887 1225 3938 sanctorum
1259 3898 1551 3937 canonum
1600 3882 1847 3937 auctori-

184 3981 376 4033 tatem
411 3974 471 4029 in
501 3976 758 4029 vestram
799 3988 861 4027 se
909 3970 1217 4026 ecclesiam
1260 3969 1590 4027 intrusisse.
1642 3972 1846 4027 Totius

187 4063 375 4139 igitur
405 4059 638 4119 concilii
661 4059 889 4131 judicio
912 4056 1559 4132 placuitGualcherium
1587 4059 1844 4130 quidem,

188 4159 481 4223 tanquam
499 4149 828 4204 invasorem
843 4165 877 4205 a
905 4152 1097 4203 vestra
1116 4146 1369 4203 Ecclesia
1384 4147 1845 4219 propellendum,

188 4242 530 4299 Manassem
572 4253 706 4293 vero
761 4234 1028 4292 electioni
1089 4252 1209 4291 sua:
1237 4239 1293 4290 et
1337 4235 1603 4290 Ecclesia:
1647 4240 1847 4291 vestra:

188 4326 649 4387 restituendum.
683 4324 1063 4382 Gualcherius
1095 4324 1310 4395 itaque,
1347 4340 1464 4379 sua;
1487 4324 1849 4379 conscientiae

189 4417 564 4483 maleﬁdeus,
597 4418 655 4470 et
676 4413 923 4484 justitize
976 4411 1325 4468 sententiam
1375 4410 1578 4467 audire
1628 4428 1851 4484 perme-

1952 3265 2144 3321 ritatis
2177 3264 2493 3337 privilegia.
2529 3266 2674 3320 Cum
2708 3265 2887 3336 igitur
2912 3264 3219 3320 Richerius
3248 3264 3602 3320 Senonensis

1954 3352 2434 3425 archiepiscopus
2452 3370 2557 3425 pro
2575 3370 2752 3409 causa
2776 3351 2885 3407 hac
2918 3352 3012 3407 die
3042 3351 3221 3408 altero
3255 3353 3606 3425 respondere

1952 3446 2278 3513 praeceptus
2295 3445 2470 3506 esset,
2507 3439 2849 3511 nullamque
2874 3440 3268 3495 excusationis
3317 3441 3603 3497 rationem

1952 3529 2278 3603 legitimam
2313 3529 2681 3598 reddidisset,
2708 3528 2928 3600 placuit
2955 3532 3151 3584 tamen
3184 3528 3352 3584 nobis
3382 3546 3603 3601 exape-

1953 3618 2170 3674 stolicae
2190 3617 2658 3673 mansuetudinis
2672 3616 3052 3688 abundantia,
3071 3617 3142 3672 ad
3160 3616 3603 3673 deliberandum

1954 3708 2023 3763 de
2051 3706 2410 3777 subjectione
2440 3706 2569 3770 hac,
2589 3706 2648 3761 in
2676 3704 2829 3760 diem
2850 3704 3087 3760 tertium
3120 3705 3387 3761 inducias
3408 3704 3603 3761 indul-

1952 3812 2105 3869 gere.
2139 3795 2332 3850 Tertio
2396 3795 2590 3866 itaque
2644 3794 2757 3860 die,
2791 3810 2924 3848 cum
2984 3810 3044 3849 se
3097 3793 3192 3849 ille
3250 3794 3463 3866 partim
3497 3811 3601 3866 pro

1954 3883 2167 3955 negotii
2182 3882 2538 3955 gravamine,
2547 3883 2759 3954 partim
2776 3898 2880 3954 pro
2894 3882 3258 3954 aegritudinis
3275 3883 3599 3952 occasione,

1955 3971 2218 4046 synodali
2252 3971 2555 4026 conventui
2590 3969 2996 4037 subtraxisset,
3032 3986 3133 4042 per
3161 3969 3383 4043 legatos
3408 3971 3603 4043 requi-

1956 4061 2126 4128 situs,
2161 4064 2217 4116 et
2248 4059 2481 4113 obedire
2514 4075 2785 4124 renuens,
2821 4058 3013 4113 adhuc
3046 4058 3409 4115 deliberandi
3433 4059 3606 4115 indu-

1957 4150 2075 4204 cias
2103 4148 2419 4220 ﬁagitabat.
2455 4147 2822 4202 Deﬁnitionis
2868 4147 3045 4203 etiam
3088 4148 3214 4219 jam
3262 4148 3606 4204 imminente

1958 4236 2265 4302 sententia,
2296 4252 2528 4290 rursum
2562 4236 2633 4289 ab
2665 4235 3020 4290 Senonensis
3043 4234 3300 4290 ecclesia:
3332 4236 3606 4309 suifraga-

1958 4326 2084 4381 neis
2115 4325 2170 4379 in
2206 4325 2357 4379 diem
2395 4323 2665 4387 alterum,
2698 4327 2763 4376 ut
2793 4339 2927 4377 eum
2962 4321 3310 4377 familiarius
3337 4323 3605 4377 conveni-

1958 4417 2107 4482 rent,
2140 4412 2384 4467 indurim
2425 4412 2743 4483 impetratre
2775 4416 2933 4479 sunt;
2966 4427 3035 4466 ea
3066 4409 3343 4464 nimirum
3384 4407 3607 4481 pollici-

186 4514 388 4574 tuens,
421 4502 669 4562 concilio
694 4520 756 4559 se
785 4500 1094 4558 subtraxit.
1114 4499 1308 4557 Tertio
1340 4500 1520 4573 igitur
1548 4506 1848 4557 evocatum
1881 4521 1925 4584 D
1956 4502 2172 4557 tatione
2194 4500 2518 4572 prmmissa,
2556 4506 2617 4554 ut
2648 4499 2695 4553 si
2729 4500 2904 4554 etiam
2929 4498 3025 4554 ille
3057 4503 3195 4554 tunc
3236 4497 3610 4569 pertinaciter

193 4613 333 4653 cum
378 4593 625 4650 omnino
676 4589 1148 4663 subterfugisset,
1200 4606 1305 4644 nos
1335 4590 1463 4660 ejus
1511 4589 1709 4662 fugam
1745 4607 1846 4662 pro

189 4682 565 4741 confessione
594 4680 896 4745 habentes,
929 4679 1250 4735 secundum
1285 4677 1671 4734 universalem
1713 4697 1849 4734 con-

192 4773 311 4830 cilii
341 4769 700 4829 sententiam
734 4785 803 4823 ex
822 4772 1157 4824 sanctorum
1190 4784 1479 4823 canonum
1507 4767 1851 4824 auctoritate

193 4860 487 4935 prolatam
519 4859 593 4914 ab
621 4856 781 4914 omni
812 4856 1124 4928 episcopali
1150 4856 1350 4911 ordine
1373 4857 1775 4927 deposuimus,
1795 4861 1852 4912 et

194 4952 533 5008 Manassem
565 4944 836 5002 electioni
871 4962 989 5000 suae
1029 4950 1085 5000 et
1113 4949 1316 5000 vestrae
1366 4944 1631 5000 Ecclesiae
1685 4944 1851 5000 resti-

194 5039 445 5107 tuimus,
478 5034 951 5093 collaudantibus
983 5037 1039 5089 et
1059 5033 1571 5089 corroborantibus
1589 5040 1707 5089 tam
1732 5051 1851 5090 me-

194 5126 551 5201 tropolitano
584 5128 774 5179 vestro
805 5122 1073 5177 Remeusi
1106 5121 1366 5176 antistite
1415 5138 1593 5192 quam
1642 5129 1699 5177 et
1726 5123 1853 5177 uni-

191 5216 380 5272 versis
411 5212 681 5284 ejusdem
713 5210 1052 5281 metropolis
1091 5209 1496 5280 sutfraganeis.
1558 5210 1723 5265 Nunc
1749 5228 1852 5266 vos

192 5299 815 5376 litterisprzesentibus
835 5314 1297 5366 commonemus,
1331 5302 1387 5353 et
1417 5297 1734 5370 apostolica
1748 5317 1852 5355 au-

191 5392 466 5448 ctoritate
486 5387 884 5461 praecipimus,
911 5403 981 5441 ne
1012 5384 1426 5465 Gualcherium
1452 5384 1695 5441 ulterius
1717 5387 1854 5443 reei-

188 5497 326 5555 pere
358 5476 762 5553 praesumatis,
797 5476 1063 5532 Manasse
1094 5478 1288 5531 autem
1336 5479 1621 5545 tanquam
1664 5480 1854 5531 vestro

183 5587 320 5628 vere
352 5564 652 5625 catholico
682 5565 955 5636 episcopo
978 5561 1368 5619 obedientiam
1382 5561 1853 5635 pleniusimpen-

1958 4590 2323 4654 reniteretur,
2359 4588 2467 4660 ipsi
2490 4593 2684 4643 tamen
2704 4587 3026 4643 deﬁnitioni
3054 4586 3281 4643 concilii
3313 4586 3608 4641 unanimi-

1959 4683 2048 4733 ter
2077 4677 2396 4745 obedirent,

2033 4766 2206 4821 Porro
2236 4766 2329 4820 die
2353 4766 2477 4836 jam
2510 4770 2670 4820 sexto
2724 4763 2955 4819 concilii
3023 4762 3271 4829 evoluto,
3326 4780 3458 4819 cum
3512 4762 3610 4818 ille

1960 4855 2149 4909 adhuc
2183 4854 2449 4909 inducias
2479 4854 2794 4926 expetendo
2826 4852 3142 4921 resisteret,
3189 4869 3257 4907 ex
3303 4852 3486 4907 totius
3517 4870 3612 4925 sy-

1962 4943 2318 4998 noditavore
2350 4946 2406 4997 et
2447 4942 2672 5012 judicio
2732 4940 3024 4997 sancitum
3070 4945 3159 4996 est
3213 4945 3611 4998 Senonenscm

1961 5031 2469 5101 archiepisc0pum
2504 5030 2878 5103 Lugdunensi
2903 5034 3187 5103 tanquam
3220 5030 3454 5102 primati
3479 5030 3615 5085 sub-

1954 5120 2268 5191 jectionem
2302 5118 2811 5189 obedientiamque
2827 5117 3213 5189 debere,quia
3234 5120 3291 5173 et
3322 5115 3614 5187 catalogo-

1963 5226 2094 5264 rum
2122 5206 2461 5275 auctoritas,
2494 5212 2551 5262 et
2572 5206 2729 5262 sedis
2757 5205 3087 5278 apostolicae
3119 5205 3377 5277 idipsum
3419 5207 3616 5258 eonte-

1962 5297 2232 5355 stabatur
2262 5295 2603 5351 auctoritas.
2629 5295 2729 5350 Cui
2751 5296 3005 5367 profecto
3026 5292 3321 5350 sententiae
3340 5309 3401 5346 se
3423 5288 3613 5345 humi-

1964 5386 2097 5442 liter
2127 5385 2485 5451 obedituros,
2535 5384 2885 5439 Senonensis
2932 5381 3199 5439 Ecclesiae
3257 5376 3612 5450 suifraganei

1964 5473 2198 5546 propria
2226 5473 2478 5544 quisque
2502 5489 2639 5528 voce
2670 5472 2966 5542 professus
2994 5474 3102 5525 est.
3139 5469 3400 5541 Idipsum
3432 5464 3610 5521 etiam

1963 5564 2036 5618 de
2094 5561 2546 5631 Rothomagensi
2594 5559 2850 5615 Ecclesia
2907 5558 3317 5615 conﬁrmatum
3374 5558 3480 5611 est.
3530 5556 3610 5605 De
