3928 6208
405 398 528 461 489

407 625 535 681 sine
565 621 951 693 refragatione
982 621 1293 686 obedierat,
1324 620 1484 676 nulla
1505 623 1630 692 jam
1664 621 1908 692 quaestio
1930 637 2050 675 mo-

403 713 670 769 vehatur.
704 711 804 765 Die
821 727 953 766 vero
976 709 1206 766 concilii
1239 716 1455 775 octavo,
1489 715 1589 764 tua
1621 710 1830 764 iterum
1856 710 2054 764 frater-

403 801 560 858 nitas
617 802 824 870 questa
878 802 966 853 est
1013 799 1410 854 Senonensem
1469 798 1975 868 archiepiscopum
2023 814 2056 851 a

406 888 615 961 legatis
645 886 784 956 tuis,
817 888 1091 959 Aganone
1123 885 1340 941 scilicet
1357 886 1629 941 fEduensi
1661 891 1717 940 et
1747 886 2054 942 Lamberto

405 976 772 1035 Atrebatensi
824 975 1113 1047 episcopis
1159 974 1548 1041 admonitum,
1607 973 1828 1028 nullam
1863 974 2054 1029 adhuc

407 1064 785 1138 Lugdunensi
816 1062 1082 1118 Ecclesiae
1104 1078 1205 1133 pro
1237 1061 1490 1133 primatu
1516 1063 1898 1118 reverentiam
1928 1079 2055 1134 pro-

407 1153 577 1209 ﬁteri.
621 1154 938 1224 Eapropter
993 1167 1121 1221 nos,
1152 1154 1271 1205 toto
1329 1152 1727 1206 consentiente
1787 1150 2052 1218 concilio,

409 1241 573 1316 pallii
604 1256 778 1296 usum
801 1243 857 1293 et
887 1239 1385 1311 sutfraganeorum
1417 1240 1828 1306 obedientiam,
1875 1240 2057 1294 donec

409 1331 535 1404 ipse
548 1328 1156 1396 obediret,Senonensi
1175 1328 1610 1400 archiepiscopo
1624 1327 2053 1384 interdiximus.

413 1421 474 1474 In
509 1418 1038 1490 Rothomagensem
1073 1434 1326 1489 quoque,
1387 1417 1485 1488 qui
1520 1417 1740 1483 aberat,
1790 1417 2055 1471 eamdem

411 1507 760 1564 sententiam
793 1505 1260 1578 promulgamus,
1308 1506 1418 1560 nisi
1479 1505 1629 1559 infra
1679 1509 1795 1560 tres
1826 1522 2057 1560 menses

414 1600 547 1670 post
565 1595 916 1651 sententiam
949 1593 1572 1666 cognitam,siquidem
1603 1594 1729 1648 viva
1752 1611 1887 1648 voce
1941 1611 2056 1649 non

415 1688 631 1757 posset,
664 1683 1086 1753 subjectionem
1121 1681 1379 1737 debitam
1414 1682 1627 1754 scripto
1669 1682 2052 1753 polliceretur.

415 1773 605 1846 Ipsius
634 1771 834 1843 itaque
865 1771 1272 1845 suifraganeis,
1309 1772 1406 1842 qui
1442 1775 1754 1842 praesentes
1793 1771 2056 1840 aderant,

1705 398 1776 460 B.
1823 397 2116 462 URBANI
2157 396 2216 460 ῙΙ
2256 396 2511 462 ΡΑΡλΕ.

403 529 729 593 Turonensi
759 529 937 601 enim,
972 527 1109 603 quia
1140 531 1264 602 jam
1296 548 1329 587 a
1359 533 1657 588 retroactis
1691 532 2053 604 temporibus
2080 535 2136 602 Α

3670 399 3772 462 440

2231 623 2590 692 Pri-vilegium
2618 637 2717 694 pro
2741 621 2971 678 ecclesia
3003 621 3056 676 S.
3089 619 3273 677 Jacobi
3304 619 3711 693 Compostele

2785 713 2970 781 (Anno
3004 709 3186 781 1095.)

2439 799 2697 869 [Fconez,
2731 801 2945 871 Espaﬁa
2970 799 3233 870 Sagrada,
3267 798 3382 867 XX,
3415 801 3527 870 21.]

2235 886 2508 943 Unamus
2540 888 2868 960 episcOpus,
2902 905 3105 943 servus
3133 904 3430 943 servorum
3464 888 3556 943 Dei
3587 888 3768 945 dilecto

2166 975 2328 1029 fratri
2362 981 2712 1045 DALMACHIO,
2745 976 3209 1048 Compostellano
3247 977 3536 1049 episcopo,
3559 978 3772 1050 ejusque

2165 1065 2602 1120 successoribus
2633 1067 2910 1122 canonice
2927 1067 3337 1138 promovendis
3360 1065 3416 1120 in
3435 1071 3770 1139 perpetuum.

2237 1153 2508 1208 Veterum
2541 1154 2908 1226 synodalium
2940 1159 2995 1209 et
3035 1160 3331 1227 gestorum
3385 1154 3772 1227 pontiﬁcalium

2166 1241 2346 1297 series
2376 1243 2683 1297 conﬁtetur
2730 1260 2960 1315 semper
3011 1244 3133 1298 sedi
3193 1242 3515 1316 apostolica:
3567 1243 3773 1299 licuisse

2166 1333 2230 1384 ut
2259 1334 2315 1384 et
2347 1347 2448 1401 pro
2480 1332 2758 1403 temporis
2788 1333 3010 1388 ratione
3067 1334 3378 1404 conjuncta
3424 1332 3768 1404 disjungeret,

2165 1422 2221 1472 et
2250 1419 2545 1488 disjuncta
2574 1422 2972 1492 conjungeret,
3006 1426 3061 1476 et
3093 1421 3258 1476 sedes
3276 1419 3512 1476 sedibus
3541 1437 3771 1475 commu-

2162 1509 2328 1562 taret.
2365 1508 2479 1563 Hac
2511 1508 2691 1582 igitur
2721 1509 3166 1582 praecedentium
3193 1509 3431 1563 Patrum
3465 1509 3772 1564 auctoritate

2167 1595 2401 1660 ﬁrmati,
2437 1597 2566 1663 tibi,
2601 1598 2777 1653 frater
2805 1597 2861 1651 in
2888 1597 3119 1651 Christo
3143 1596 3484 1652 charissima
3531 1596 3768 1663 Dalmati,

2164 1683 2398 1756 tuisque
2429 1686 2884 1752 successoribus,
2910 1685 3121 1740 decreti
3141 1685 3444 1757 praesentis
3470 1685 3774 1740 auctoritate

2165 1773 2670 1844 concedimus'pro
2703 1775 2764 1828 Β.
2826 1773 3071 1846 apostoli
3128 1774 3333 1829 Jacobi
3383 1773 3695 1838 reverentia,
3723 1778 3774 1826 ut

413 1861 763 1919 sententiam
795 1863 1054 1914 nostram
1089 1860 1284 1914 debita
1313 1859 1640 1914 humilitate
1687 1859 2054 1930 suscipienti-
2088 1897 2136 1961 Β
2167 1860 2320 1914 sicut
2348 1861 2718 1933 episcopatus
2767 1862 3103 1916 cathedram
3154 1862 3600 1933 prmdecessores
3625 1861 3770 1916 vestri

411 1951 526 2006 bus
558 1967 624 2006 ac
676 1948 1065 2004 obedientiam
1122 1948 1620 2020 promittentibus,
1680 1948 1763 2003 sic
1820 1949 2057 2004 tandem

416 2037 826 2112 Lugdunensis
856 2037 1118 2092 Ecclesia:
1150 2036 1382 2108 querela
1413 2037 1713 2102 diuturna,
1765 2042 2058 2091 annuente

415 2128 684 2196 Domino,
711 2127 1022 2182 terminata
1052 2130 1159 2180 est.
1212 2126 1318 2179 Per
1349 2124 1652 2196 praesentis
1706 2123 1886 2196 igitur
1940 2126 2056 2197 pri-

415 2216 608 2289 vilegii
639 2216 935 2288 paginam,
964 2213 1333 2286 Lugdunensi
1385 2213 1650 2268 Ecclesiae
1683 2217 1794 2268 tuae
1843 2214 2058 2285 prima-

416 2309 542 2362 tum
563 2321 739 2377 super
768 2309 1019 2375 quatuor
1043 2302 1372 2375 provincias
1404 2303 1849 2369 conﬁrmamus,
1883 2307 1937 2358 et
1959 2320 2060 2375 per

415 2411 542 2452 eam
575 2394 682 2449 tibi
740 2393 977 2464 tuisque
1033 2391 1493 2457 successoribus,
1547 2390 1638 2446 his
1696 2394 1924 2446 tantum
1958 2391 2058 2462 qui

413 2499 480 2540 eo
528 2482 729 2539 ordine
775 2497 958 2553 eoque
1006 2484 1203 2536 tenore
1256 2479 1420 2534 electi
1478 2479 1565 2534 vel
1629 2480 1877 2550 promoti
1938 2479 2058 2534 fue-

413 2573 551 2639 rint,
586 2571 685 2644 qui
711 2586 814 2643 per
843 2573 1056 2625 sanctae
1087 2568 1382 2623 memoria:
1405 2567 1664 2639 Gregorii
1698 2572 1799 2620 VII
1829 2567 2059 2639 privile-

411 2661 573 2734 gium
605 2657 1012 2732 praedecessori
1063 2661 1163 2711 tuo
1213 2656 1463 2711 Gibuino
1495 2657 1764 2727 praeﬁxus
1813 2661 1870 2711 et
1919 2673 2057 2727 prae-

410 2749 670 2821 scriptus
700 2750 808 2802 est.
864 2745 1228 2800 Provinciam
1279 2749 1473 2799 autem
1532 2744 1662 2799 illas
1695 2761 1839 2815 quas
1897 2745 2060 2801 vobis

413 2838 852 2900 conﬁrmamus,
873 2833 1124 2889 dicimus
1148 2833 1619 2905 Lugdunensem,
1636 2833 2060 2906 Rothomagen-

411 2943 558 2993 sem,
585 2926 985 2980 Turonensem
1019 2927 1075 2977 et.
1107 2923 1522 2991 Senonensem,
1547 2925 1611 2976 ut
1660 2922 1745 2975 ha:
1794 2922 2060 2979 videlicet

409 3013 719 3088 provincia
733 3011 1084 3083 condignam
1105 3010 1483 3083 Lugdunensi
1503 3010 1766 3066 Ecclesiae
1785 3011 2055 3066 obedien-

409 3104 555 3159 tiam
588 3101 835 3169 solvant,
867 3104 924 3155 et
953 3100 1233 3154 honorem
1267 3115 1438 3171 quem
1475 3100 1718 3154 Romani
1754 3099 2057 3171 pontiﬁces

411 3191 775 3248 reddendum
805 3204 932 3246 esse
964 3188 1198 3260 scriptis
1243 3187 1492 3260 propriis
1536 3188 1923 3259 praeﬁxerunt,
1957 3189 2055 3243 de-

2166 1947 2224 2003 in
2260 1951 2402 2004 urbe
2434 1967 2560 2020 qua:
2591 1949 2693 2004 Ilia
2725 1951 2836 2019 (39)
2859 1948 3539 2015 diciturhabuerunt,ita
3566 1948 3771 2020 perenni

2167 2037 2440 2109 deinceps
2470 2041 2725 2108 tempore
2758 2037 2816 2092 in
2846 2054 2913 2092 ea
2942 2053 3068 2108 qua:
3099 2035 3485 2109 Compostella
3503 2035 3716 2103 dicitur,
3730 2041 3775 2091 et

2167 2125 2471 2181 ecclesiam
2505 2125 2762 2181 continet
2792 2125 2849 2180 in
2883 2143 3001 2198 qua
3029 2125 3092 2180 B.
3127 2125 3327 2182 Jacobi
3361 2141 3565 2197 corpus
3587 2124 3775 2196 requie-

2167 2231 2325 2270 scere
2355 2215 2628 2283 creditur,
2662 2215 2875 2271 habere
2907 2214 3185 2270 debeatis.
3217 2214 3499 2270 Universa
3546 2230 3669 2286 ergo
3711 2213 3769 2267 ad

2169 2304 2414 2375 praefatae
2448 2303 2563 2358 Iliae
2613 2303 2866 2358 civitatis
2921 2303 3214 2358 dimcesim
3274 2302 3632 2375 pertinentia,
3683 2301 3772 2355 tibi

2167 2392 2402 2464 tuisque
2459 2393 2900 2448 successoribus
2955 2392 3182 2464 integra
3235 2407 3467 2463 semper
3496 2395 3551 2446 et
3578 2388 3770 2444 illibata

2170 2497 2510 2552 permanere
2541 2481 2924 2536 decrevimus.
2985 2481 3067 2535 Ad
3101 2479 3221 2534 hac
3271 2497 3376 2551 pro
3433 2477 3692 2551 singulari
3723 2482 3771 2530 Β.

2169 2569 2368 2624 Jacobi
2392 2570 2695 2626 devotione
2717 2568 3092 2624 concedimus
3122 2571 3187 2622 ut
3234 2571 3355 2623 tam
3404 2571 3467 2622 tu
3517 2583 3677 2639 quam
3703 2564 3771 2618 tui

2169 2657 2443 2730 deinceps
2469 2673 2854 2723 successores,
2887 2655 3036 2712 nulli
3069 2659 3277 2728 praeter
3308 2657 3562 2712 Romano
3591 2657 3775 2710 metro-

2169 2746 2425 2817 politano
2457 2747 2700 2818 subjecti
2733 2747 2887 2814 sint;
2922 2750 2978 2801 et
3007 2762 3210 2802 omnes
3242 2746 3344 2818 qui
3377 2745 3480 2800 tibi
3511 2746 3565 2799 in
3603 2743 3774 2798 eadem

2169 2836 2303 2890 sede
2334 2835 2741 2903 successerint,
2785 2852 2887 2908 per
2934 2851 3176 2889 manum
3229 2835 3473 2890 Romani
3523 2829 3776 2906 pontiﬁcis

2169 2928 2448 2994 tanquam
2481 2922 2764 2994 speciales
2792 2924 3063 2978 Romanae
3095 2921 3252 2978 sedis
3283 2921 3620 2994 suﬁ‘raganei
3659 2936 3774 2974 con-

2169 3017 2484 3066 secrentur.
2521 3011 2800 3067 Praeterea
2828 3027 3103 3066 mansuro
3126 3010 3184 3064 in
3217 3014 3559 3082 perpetuum
3582 3009 3775 3064 decreto

2167 3099 2467 3154 sancimus
2498 3104 2563 3154 ut
2596 3099 2882 3171 quidquid
2912 3099 3196 3155 hactenus
3217 3101 3382 3171 juste
3430 3097 3576 3154 beati
3603 3093 3774 3152 Jacobi

2166 3188 2420 3243 ecclesia:
2435 3189 2800 3243 testamentis
2815 3188 3107 3260 regalibus
3122 3187 3321 3242 oblatu
3332 3205 3387 3242 m
3401 3192 3504 3255 est,
3521 3182 3772 3258 quidquid

411 3283 541 3336 vote
571 3278 1014 3350 humiliterque,
1049 3277 1205 3332 salva
1234 3277 1292 3331 in
1327 3276 1602 3332 omnibus
1634 3276 1789 3332 sedis
1822 3281 2051 3348 aposto-
2084 3262 2126 3329 C
2165 3275 3393 3349 catalogislegitimiscontinetur,quidquid
3408 3273 3776 3347 parochiarum

416 3369 540 3426 licae
572 3369 891 3425 reverentia
921 3372 976 3422 et
1008 3366 1368 3422 auctoritate.
1401 3366 1457 3419 Si
1507 3382 1624 3436 qua
1656 3382 1795 3420 sane
1843 3366 1900 3419 in
1935 3382 2058 3420 cra-

417 3459 638 3515 stinum
665 3455 1058 3513 ecclesiastica
1088 3454 1450 3510 saecularisve
1468 3470 1732 3525 persona,
1753 3454 1932 3524 hujus
1950 3454 2062 3525 pri-

416 3547 611 3620 vilegii
627 3546 902 3620 paginam
921 3545 1130 3610 sciens,
1158 3548 1356 3599 contra
1386 3559 1514 3597 eam
1527 3542 1720 3606 venire
1733 3542 2057 3610 tentaverit,

419 3636 674 3693 secundo
703 3633 942 3690 tertiove
982 3632 1354 3698 commonita,
1403 3630 1449 3686 si
1500 3648 1613 3686 non
1665 3631 2060 3686 satisfactione

415 3742 675 3799 congrua
703 3721 1116 3786 emendaverit,
1140 3719 1441 3792 potestatis
1473 3718 1828 3790 honorisque
1859 3719 1950 3773 sui
1980 3718 2062 3773 di-

415 3814 634 3888 gnitate
664 3815 877 3876 careat,
910 3826 1185 3881 reamque
1235 3824 1296 3864 se
1326 3807 1522 3862 divino
1545 3807 1768 3876 judicio
1817 3807 2060 3862 existere

413 3903 485 3958 de
515 3899 1159 3974 perpetratainiquitate
1172 3898 1576 3968 cognoscat,et
1599 3912 1631 3948 a
1659 3896 2058 3951 sacratissimo

412 4006 651 4063 corpore
681 4005 746 4044 ac
776 3988 1061 4061 sanguine
1119 3985 1219 4042 Dei
1253 3989 1308 4040 et
1363 3983 1592 4038 Domini
1647 3983 2053 4055 Redemptoris

410 4079 594 4137 nostri
624 4079 764 4136 Jesu
785 4078 996 4134 Christi
1031 4075 1223 4132 aliena
1251 4074 1371 4138 ﬁat,
1406 4075 1580 4142 atque
1630 4075 1885 4125 extremo
1933 4087 2058 4127 exa-

411 4169 570 4224 mine
599 4167 874 4224 districtze
933 4166 1140 4222 ultioni
1203 4162 1523 4230 subjaceat.
1576 4158 1812 4214 Cunctis
1863 4165 2054 4216 autem

407 4257 596 4315 eidem
616 4256 880 4314 Ecclesiae
905 4257 1069 4327 justa
1121 4249 1489 4307 servantibus
1539 4249 1615 4302 sit
1672 4265 1782 4319 pax
1827 4248 2055 4304 Domini

408 4348 590 4404 nostri
621 4347 761 4404 Jesu
776 4344 1014 4414 Christi,
1040 4344 1330 4413 quatenus
1357 4336 1520 4392 ethic
1535 4337 1789 4392 fructum
1811 4338 2057 4393 actionis

409 4437 752 4511 percipiant,
811 4440 867 4491 et
918 4432 1072 4504 apud
1133 4427 1465 4483 districtum
1510 4426 1769 4497 judicem
1821 4427 2058 4498 praemia

410 4531 636 4584 aeternae
668 4525 831 4598 pacis
862 4520 1182 4577 inveniant.
1216 4517 1420 4570 Amen.

2171 3365 2406 3420 Iriensis
2438 3365 2712 3420 cathedra
2733 3365 2894 3435 juste
2935 3364 3211 3420 habuisse
3264 3363 3644 3437 cognoscitur,
3689 3356 3774 3412 tibi

2169 3455 2404 3526 tuisque
2425 3453 2701 3526 legitimis
2714 3452 3152 3509 successoribus
3164 3451 3564 3525 Compostella:
3587 3462 3775 3522 perma-

2171 3543 2442 3598 nentibus
2473 3544 2709 3597 ﬁrmum
2731 3558 2962 3612 semper
2982 3541 3393 3614 integrumque
3414 3541 3676 3596 servetur.
3694 3535 3776 3588 Ve-

2170 3637 2352 3687 stram
2387 3633 2455 3686 de
2478 3637 2681 3685 caetero
2714 3631 2989 3685 condecet
3019 3630 3411 3696 sanctitatem,
3445 3631 3646 3683 sanctae
3684 3624 3774 3678 llo-

2171 3737 2352 3775 manae
2402 3718 2663 3774 Ecclesiae
2715 3719 2948 3774 decreta
2978 3718 3033 3772 in
3084 3717 3360 3773 omnibus
3409 3717 3710 3776 observare,
3733 3713 3776 3763 et

2168 3811 2246 3864 ita
2274 3809 2547 3864 virtutem
2579 3807 2708 3863 luce
2756 3808 3005 3864 interius
3055 3807 3426 3878 exteriusque
3475 3804 3698 3876 fulgere,
3726 3800 3776 3852 ut

2165 3898 2400 3952 videant
2457 3913 2661 3952 omnes
2719 3901 2911 3951 vestra
2967 3897 3123 3950 bona
3179 3911 3373 3966 opera,
3407 3897 3462 3949 et
3491 3888 3776 3964 gloriﬁcent

2165 3987 2393 4042 Patrem
2425 3990 2684 4041 vestrum
2716 3985 2814 4056 qui
2849 3984 2907 4038 in
2937 3983 3095 4038 caelis
3126 3987 3231 4038 est.

2237 4076 2388 4130 Sane
2419 4075 2465 4130 si
2491 4074 2622 4145 quis
2651 4074 2712 4128 in
2730 4072 3050 4130 crastinum
3073 4069 3543 4143 archiepiscopus
3564 4073 3654 4122 aut
3675 4060 3771 4133 epi-

2167 4181 2396 4235 sc0pus,
2433 4164 2750 4235 imperator
2781 4166 2879 4218 aut
2905 4178 3022 4228 rex,
3052 4160 3322 4233 princeps
3356 4163 3456 4215 aut
3486 4159 3615 4223 dux,
3647 4148 3776 4207 mar-

2166 4253 2316 4319 chio,
2359 4269 2575 4317 comes,
2634 4251 2975 4318 vicecomes,
3028 4250 3210 4321 judex
3269 4253 3371 4304 aut
3419 4239 3777 4302 ecclesiastica

2166 4341 2436 4414 qualibet
2466 4339 2831 4395 sacularisve
2863 4355 3128 4410 persona,
3161 4337 3341 4408 hujus
3381 4333 3586 4391 decreti
3636 4327 3776 4402 pagi-

2166 4447 2300 4486 nam
2331 4430 2541 4496 sciens,
2577 4432 2778 4484 contra
2807 4444 2935 4482 eam
2967 4432 3182 4482 temere
3235 4425 3430 4480 venire
3479 4415 3776 4480 tentaverit,

2164 4519 2420 4575 secundo
2450 4519 2687 4573 tertiove
2717 4515 3133 4586 commonitus,
3166 4515 3215 4570 si
3252 4532 3364 4570 non
3411 4506 3775 4569 satisfactione

481 4589 880 4671 Interfuerunt
895 4613 1090 4664 autem
1121 4602 1443 4660 deﬁnitioni
1477 4603 1613 4658 huic
1637 4603 2052 4677 archiepiscopi
2089 4625 2133 4689 Β
2163 4625 2420 4681 congrua
2449 4606 2860 4673 emendaverit,
2894 4605 3202 4677 potestatis
3233 4602 3580 4684 honorisque
3607 4594 3687 4689 3-“,
3708 4589 3776 4645 di.

411 4704 772 4761 diversarum
805 4695 1235 4772 provinciarum
1267 4708 1510 4747 numero
1561 4692 1887 4760 duodecim,
1922 4710 2054 4749 eum

410 4791 700 4867 episcopis
752 4786 1065 4859 octoginta,
1130 4781 1438 4857 abbatibus
1501 4782 1839 4854 nonaginta,
1897 4787 2054 4840 eteo

409 4881 690 4954 amplius.
1390 4920 1397 4934 -.
1818 4946 1820 4948 _

480 4972 694 5025 Datum
727 4965 882 5038 apud
930 4961 1424 5038 Clarummontem
1460 4959 1752 5015 Arverniae
1791 4967 1907 5032 'per
1937 4977 2056 5016 ma-

409 5074 554 5114 num
584 5037 850 5119 Joannis,
909 5055 1122 5107 sancta:
1180 5037 1449 5124 Romanis
1509 5049 1772 5104 Ecclesiae
1827 5049 2055 5104 diaconi

410 5143 746 5210 cardinalis,
781 5142 1054 5198 Kalendis
1085 5125 1440 5217 Decembris,
1500 5138 1818 5220 ivndictiqpe'
1864 5137 2052 5205 tertia,

409 5251 563 5292 anno
581 5231 893 5290 Dominicis
909 5227 1327 5286 lncarnationis
1342 5203 2055 5296 milleSimohnoiiiigesimo

410 5327 638 5400 quinto,
672 5321 1049 5394 pontiﬁcatus
1080 5323 1274 5375 autem
1305 5315 1527 5372 domini
1560 5313 1774 5368 Urbani
1817 5314 2054 5368 secundi

409 5433 570 5489 papae
603 5426 756 5470 anno
789 5413 1010 5465 octavo.

2165 4698 2382 4770 gnitate
2413 4699 2627 4763 careat,
2658 4710 2942 4765 reumque
2970 4711 3032 4748 se
3064 4693 3259 4748 divino
3291 4690 3512 4764 judicio
3560 4683 3773 4770 existere

2165 4769 2236 4842 de
2263 4783 2914 4857 perpetratainiquitate
2929 4784 3334 4854 cognoscat,et
3365 4796 3397 4834 a
3412 4769 3774 4834 sacratissimo

2164 4891 2401 4946 corpore
2457 4888 2523 4927 ac
2579 4871 2862 4942 sanguine
2915 4870 3011 4925 Dei
3043 4874 3100 4925 et
3137 4868 3366 4925 Domini
3427 4861 3602 4920 nostri
3653 4858 3773 4946 Jegu

2163 4940 2376 5017 Christi
2407 4959 2631 5015 alienus
2663 4940 2786 5024 ﬁat,
2817 4963 2991 5030 atque
3025 4958 3082 5012 in
3115 4961 3369 5013 extremo
3417 4947 3664 5010 examine
3698 4940 3772 4996 di-

2163 5051 2373 5104 strictae
2407 5047 2614 5103 ultioni
2644 5047 2961 5118 subjaceat.
2987 5047 3224 5102 Cunctis
3248 5049 3437 5101 autem
3467 5041 3580 5096 haec
3599 5035 3771 5091 obser-

2161 5139 2455 5205 vantibus,
2489 5141 2543 5191 et
2569 5135 2866 5208 praefatam
2889 5136 2952 5190 B.
2986 5133 3498 5190 Jacobiecclesiam
3529 5133 3772 5181 veneran-

2165 5229 2343 5292 tibus,
2380 5226 2453 5281 sit
2487 5242 2593 5297 pax
2627 5224 2852 5279 Domini
2887 5225 3066 5278 nostri
3093 5224 3232 5280 Jesu
3252 5220 3480 5289 Christi,
3509 5213 3769 5297 Quatenllft

2164 5321 2221 5371 et
2250 5290 2341 5371 hic
2378 5290 2630 5368 fructum
2666 5314 2827 5367 bonae
2877 5312 3122 5368 actionis
3171 5290 3608 5394 percipiant,:et
3635 5290 3766 5394 εξρυξί

2164 5404 2495 5459 districtum
2520 5401 2778 5473 judicem
2797 5401 3037 5472 praemia
3051 5383 3281 5457 aeternae
3315 5383 3764 5472 pacisinveniant.

2162 5494 2365 5561 Amen,
2399 5508 2593 5559 amen,
2627 5504 2819 5545 amen.

479 5608 591 5681 (39)
623 5604 850 5663 Passim
882 5607 986 5662 Ilia
1014 5606 1098 5662 vel
1130 5605 1281 5660 Hilia
1338 5597 1634 5664 scribitur,
1694 5612 1820 5667 quae
1878 5599 1990 5653 Ινίίι
2032 5598 2183 5656 sicut
2213 5602 2268 5654 et
2298 5600 2552 5663 Irienses,
2583 5595 2671 5652 vel
2717 5599 2918 5668 portus
2961 5598 3233 5666 Irienses),
3268 5595 3325 5650 in
3369 5591 3560 5648 eodem
3599 5576 3764 5639 codice

408 5679 767 5739 nominatur.
