3928 6208
156 377 254 443 ιιι

1280 364 1688 432 ΕΡῙΞΤΟῙμΕ
1729 361 1843 427 ET‘
1871 359 2346 427 PRIVILEGIA.

3397 357 3516 421 ﬂ!

216 511 407 569 Datum
436 505 587 579 apud
616 502 904 562 Privatam
936 501 1042 577 (40)
1072 501 1350 577 oppidum
1382 517 1486 575 per
1514 516 1756 557 manum
1785 496 1843 565 Α
1869 496 2049 553 Nonis
2097 493 2452 563 Decembris,
2497 491 2816 551 indictione
2860 509 2949 561 ιη,
3000 510 3153 551 anno
3202 493 3513 552 Dominica

158 599 389 664 Joannis,
421 600 625 654 sancta
654 596 929 652 Romana
950 592 1217 650 Ecclesia
1249 591 1475 649 diaconi
1501 588 1762 647 cardina-

159 689 236 757 lis,
264 686 430 745 Nonis
465 683 810 752 Decembris,
852 680 1169 739 indictione
1214 681 1405 752 tertia,
1458 696 1610 735 anno
1651 679 1760 735 Do-

159 776 355 833 minica
376 770 791 831 Incarnationis
822 771 962 827 1095
991 771 1123 843 (41),
1157 770 1532 843 pontiﬁcatus
1562 771 1760 824 autem

157 864 346 922 domini
369 862 582 921 Urbani
609 862 850 919 secundi
880 877 1042 935 papa
1070 876 1192 917 VIII.

806 984 1075 1041 CLXVII.

157 1074 335 1134 Urbani
357 1077 410 1132 II
447 1074 673 1142 epistola
721 1074 791 1129 ad
830 1075 1111 1142 Hugonem
1157 1072 1570 1129 Cluniaan
1596 1073 1762 1127 abba-

212 1155 323 1202 tem.
345 1176 410 1188 --
441 1144 887 1201 Ctuniacensibus
917 1146 1197 1216 monachis
1226 1146 1546 1216 facultatem
1572 1144 1767 1199 tribuit

211 1218 399 1273 altaria
415 1219 467 1273 et
495 1216 732 1272 decimas
768 1215 1040 1271 retinendi
1077 1232 1196 1287 qua
1229 1215 1415 1287 pretio
1455 1231 1766 1287 comparas-

208 1293 311 1343 sent
337 1292 385 1343 et
406 1288 644 1344 decimas
673 1303 703 1342 e
727 1304 901 1342 manu
928 1286 1197 1342 [uicorum
1244 1286 1559 1343 retrahendi
1598 1289 1647 1341 si
1692 1302 1767 1341 se-

207 1359 427 1415 cundum
446 1360 621 1416 Deum
647 1360 774 1429 ﬁeri
797 1360 983 1430 possit.

738 1446 924 1517 (Anno
955 1446 1136 1516 1095.)

420 1535 509 1607 [D.
542 1535 837 1604 Bouova'r,
869 1536 1106 1603 Recueil,
1140 1535 1287 1604 XIV,
1315 1536 1465 1607 716.]

208 1652 467 1713 Uamsus
496 1656 832 1729 episcopus,
869 1672 1072 1712 servus
1103 1673 1402 1713 servorum
1434 1657 1556 1726 Dei,
1589 1675 1765 1714 vene-

150 1742 294 1799 rabili
319 1743 477 1800 fratri
508 1744 764 1811 Hucom,
804 1743 1169 1801 Cluniacensi
1220 1746 1437 1815 abbati,
1470 1751 1527 1802 et
1574 1747 1765 1803 fratri-

1867 584 2290 642 lncarnationis
2323 584 2479 650 1095,
2504 584 2878 657 pontiﬁcatus
2903 600 3034 641 vero
3065 583 3265 640 domui
3299 584 3517 642 Urbani

1870 673 1914 731 Il
1946 691 2107 748 papa
2139 691 2259 732 vm.

2554 762 2839 820 CLXVIII.

1870 852 2127 925 Diploma
2148 852 2383 927 Urbani
2410 854 2459 908 II
2481 869 2658 927 papa,
2695 870 2798 925 quo
2826 855 3122 927 privilegia
3160 864 3212 911 et
3241 856 3380 913 bona
3409 872 3519 914 om-

2092 925 2189 979 nia
2216 925 2494 995 prioratus
2524 925 2962 981 Marcim'acensis
2989 925 3295 997 cbnﬁrmat.

2493 1014 2681 1085 (Anno
2714 1014 2897 1085 1095.)

2036 1102 2396 1173 [Bibliotheca
2418 1103 2814 1170 Cluniacensis,
2841 1104 3127 1177 Append.,
3162 1121 3217 1178 p.
3247 1104 3362 1178 86.]

1945 1208 2243 1275 Uaemus,
2278 1225 2478 1264 servus
2521 1226 2818 1265 servorum
2869 1210 2989 1277 Dei,
3046 1209 3520 1269 Marciniasensis

1875 1297 2687 1354 canobiisanctimonialibus
2738 1299 2986 1355 salutem
3040 1305 3096 1356 et
3135 1300 3518 1374 apostolicam

1873 1387 2353 1443 benedictionem.

1945 1476 2027 1531 Ad
2058 1475 2168 1531 hoc
2200 1493 2324 1545 nos,
2350 1476 2692 1550 disponente
2726 1476 2995 1546 Domino,
3020 1480 3079 1535 in
3095 1478 3421 1551 apostolica
3436 1497 3523 1537 se-

1875 1563 1966 1620 dis
1980 1565 2278 1622 servitium
2302 1570 2598 1639 promotos
2616 1568 3082 1641 agnoscimus,ut
3094 1570 3221 1639 ejus
3237 1568 3522 1625 auxilium

1874 1654 2328 1727 implorantibus
2358 1655 2668 1711 efﬁcaciter
2688 1655 3077 1725 subvenire,et
3108 1656 3156 1713 ei
3190 1658 3524 1715 obedientes

1875 1743 2025 1798 tueri
2057 1761 2122 1799 ac
2154 1749 2474 1817 protegere,
2508 1749 2680 1817 prout
2710 1745 2993 1801 Dominus
3026 1747 3268 1814 dederit,
3311 1746 3523 1803 debea-

150 1832 243 1889 bus
268 1832 372 1889 sub
397 1834 524 1905 ejus
554 1833 844 1905 regimine
865 1834 1223 1902 constitutis,
1248 1834 1498 1892 salutem
1529 1841 1587 1891 et
1604 1852 1769 1908 apos-
1800 1868 1848 1933 Β
1877 1832 2198 1887 mus.Unde
2221 1837 2445 1900 oportet
2466 1849 2572 1887 nos
2603 1833 3033 1890 venerabilibus
3052 1833 3194 1889 locis
3217 1836 3525 1907 protectio-

151 1919 354 1977 tolicam
381 1920 872 1978 benedictionem.

208 2008 355 2066 Sedis
378 2008 712 2081 apostolica
734 2010 1066 2084 benignitas
1089 2011 1245 2067 omni
1270 2028 1499 2085 semper
1516 2017 1772 2085 tempore

150 2096 415 2153 consuevit
428 2096 527 2153 Dei
541 2113 747 2153 servos
770 2099 1051 2171 tanquam
1076 2102 1262 2153 mater
1280 2096 1431 2156 ﬁlios
1448 2099 1768 2170 confovere,

149 2186 271 2241 etin
298 2185 834 2259 perturbationibus
856 2186 1065 2260 positis
1097 2187 1512 2244 consolationis
1530 2206 1772 2246 manum

150 2272 428 2331 clementer
471 2275 864 2347 alacriterque
910 2275 1222 2349 porrigere.
1257 2276 1405 2341 Quia
1445 2276 1627 2350 igitur
1670 2295 1774 2352 per

150 2362 532 2436 omnipotentis
590 2363 688 2420 Dei
737 2366 988 2437 gratiam
1030 2366 1154 2435 jam
1196 2363 1296 2421 diu
1338 2365 1510 2439 longe
1543 2365 1772 2440 lateque

150 2450 397 2524 religione
440 2452 742 2525 pracipua
796 2453 1099 2521 ﬂoruistis,
1159 2458 1215 2509 et
1270 2453 1433 2509 bona
1482 2456 1773 2527 opinionis

151 2540 300 2596 odore
317 2540 609 2614 plurimos
640 2541 993 2613 aspersistis,
1010 2542 1253 2612 dignum
1276 2542 1447 2598 nobis
1477 2550 1567 2599 est
1593 2543 1774 2616 quieti

149 2631 325 2685 vestra
352 2630 409 2686 in
439 2634 745 2703 posterum
779 2629 1097 2702 providere,
1125 2634 1183 2686 et
1199 2636 1398 2686 contra
1428 2633 1773 2689 aemulorum

152 2715 533 2775 insectationes
569 2718 928 2775 monasterio
958 2723 1170 2789 vestro,
1203 2724 1323 2775 tam
1372 2722 1545 2794 capiti
1596 2738 1773 2795 quam

151 2806 705 2881 membris,clypeum
722 2806 1051 2879 apostolica
1062 2809 1339 2881 proiectio
1349 2809 1439 2866 nis
1461 2826 1770 2882 opponere.

150 2895 427 2952 Prasentis
458 2896 668 2967 itaque
719 2895 931 2952 decreti
976 2896 1317 2954 auctoritate
1364 2898 1665 2955 sancimus
1711 2903 1776 2954 ut

150 2981 272 3038 nulli
288 2983 559 3058 deinceps
575 2983 983 3058 episcoporum
1002 2984 1251 3042 facultas
1274 2987 1349 3042 sit
1370 3004 1472 3059 pro
1490 2987 1775 3044 altaribus

149 3074 198 3125 et
220 3072 462 3129 ecclesiis
488 3075 618 3130 sive
642 3072 886 3130 decimis
912 3090 1061 3146 quas
1090 3079 1223 3130 ante
1250 3073 1558 3132 interdicta
1580 3080 1778 3133 nostra

146 3158 223 3216 vel
249 3178 399 3235 papa
421 3161 693 3235 Gregorii
715 3161 878 3218 vobis
894 3162 1126 3235 cognita
1146 3164 1620 3236 possedistis,seu
1644 3170 1777 3238 post

1881 1920 1973 1977 nis
2006 1936 2246 1976 manum
2294 1921 2606 1994 porrigere,
2640 1926 2698 1977 et
2748 1922 2863 1979 Deo
2916 1922 3294 1979 servientium
3345 1924 3526 1997 quieti

1881 2009 2158 2065 attentius
2190 2009 2508 2082 providere.
2544 2010 2729 2083 Igitur
2766 2016 2886 2067 tam
2915 2030 3018 2084 pro
3066 2018 3259 2069 vestra
3290 2012 3526 2086 speciali

1882 2097 2159 2170 religione
2173 2116 2348 2171 quam
2368 2116 2471 2171 pro
2489 2100 2838 2155 venerabilis
2853 2100 3047 2157 fratris
3063 2102 3245 2157 nostri
3262 2101 3528 2175 Hugonis

1881 2185 2282 2242 Cluniacensis
2311 2188 2539 2243 abbatis
2573 2188 2898 2257 dilectione,
2920 2189 2992 2245 ad
3027 2192 3197 2261 cujus
3228 2206 3430 2246 curam
3461 2205 3530 2246 ex

1881 2272 2282 2330 Cluniacensis
2335 2276 2580 2331 coenobii
2622 2277 2757 2349 jure
2800 2277 2964 2333 locus
3020 2282 3210 2333 vester
3254 2279 3526 2350 pertinet,

1881 2363 2111 2430 vestris,
2154 2363 2281 2418 ﬁlia
2313 2364 2371 2418 in
2421 2363 2649 2420 Christo
2697 2364 3077 2433 charissima,
3111 2366 3385 2438 precibus
3424 2383 3527 2422 an-

1883 2457 2151 2515 nuentes,
2194 2452 2616 2509 monasterium
2658 2458 2916 2509 vestrum
2964 2455 3266 2527 praesentis
3315 2454 3531 2510 decreti

1883 2541 2224 2597 auctoritate
2239 2541 2895 2599 munimus.Statuimus
2926 2543 3083 2599 enim
3112 2546 3175 2600 ut
3196 2542 3533 2616 quicunque

1881 2629 2054 2685 hodie
2072 2631 2224 2686 idem
2246 2631 2570 2687 coenobium
2577 2631 2737 2704 juste
2760 2631 3165 2705 possidet,sive
3183 2632 3241 2686 in
3266 2630 3532 2688 futurum

1883 2720 2259 2775 concessione
2325 2722 2692 2793 pontiﬁcum,
2766 2720 3111 2777 liberalitate
3178 2720 3531 2806 principum,

1885 2806 2178 2865 oblatione
2213 2808 2471 2865 ﬁdelium
2498 2811 2659 2882 juste
2690 2814 2863 2883 atque
2893 2810 3169 2867 canonice
3199 2811 3387 2883 possit
3410 2810 3533 2866 adi-

1884 2896 2049 2969 pisci,
2079 2899 2237 2954 vocis
2285 2898 2442 2954 etiis
2475 2899 2574 2971 qui
2626 2903 2758 2972 post
2803 2916 2905 2955 vos
2956 2898 3011 2954 in
3063 2897 3188 2955 loco
3234 2900 3437 2955 eodem
3469 2915 3536 2955 ac

1886 2985 2163 3059 religione
2197 2988 2605 3054 successerint,
2634 2987 2802 3043 ﬁrma
2832 3004 3064 3060 semper
3083 2991 3141 3043 et
3162 2987 3388 3045 illibata
3404 3004 3535 3060 per-

1886 3077 2253 3133 maneant.ln
2272 3076 2619 3147 quibushac
2635 3076 2886 3149 propriis
2903 3076 3242 3132 nominibus
3261 3076 3537 3132 duximus

1886 3164 2281 3237 exprimenda.
2314 3166 2378 3220 In
2409 3164 2744 3237 episcopatu
2766 3164 3264 3237 Augustodinensi
3293 3163 3538 3220 ecclesia

150 3249 526 3323 episcoporum
549 3251 931 3307 concessione
950 3252 1302 3323 acquisistis,
1324 3269 1637 3326 gravamen
1668 3254 1774 3310 ali-
1804 3229 1849 3298 θ·
1887 3253 1957 3307 de
1980 3252 2288 3322 Varennis,
2332 3254 2402 3309 de
2432 3253 2640 3310 Briano
2672 3257 2729 3308 et
2762 3253 2835 3308 de
2883 3252 3134 3322 Sarorio,
3170 3253 3240 3308 de
3268 3244 3534 3326 Begiaco,

151 3338 289 3408 quod
329 3343 429 3395 aut
480 3338 821 3395 molestiam
873 3340 1176 3413 irrogare;
1209 3342 1309 3397 sed
1367 3341 1518 3399 sicut
1573 3359 1777 3399 eorum

150 3426 524 3497 permissione,
561 3428 831 3499 quadam
864 3443 933 3483 ex
964 3431 1147 3500 parte,
1163 3430 1430 3501 quadam
1453 3446 1523 3485 ex
1553 3430 1778 3505 integro

149 3511 434 3584 habuistis,
473 3517 563 3573 ita
619 3519 687 3572 ut
740 3516 801 3571 in
858 3516 1124 3572 futurum
1182 3519 1514 3591 perenniter
1570 3519 1780 3577 habea-

144 3601 210 3658 tis
236 3605 385 3678 (H').
409 3607 688 3679 Ipsarum
736 3608 966 3678 queque
997 3622 1142 3677 quas
1194 3623 1309 3663 non
1340 3608 1568 3664 habetis
1597 3608 1778 3665 eccle-

145 3690 342 3749 siarum
371 3694 796 3765 decimas,qua
828 3710 863 3749 a
892 3693 1059 3750 laicis
1089 3694 1445 3766 obtinentur,
1480 3697 1528 3752 si
1571 3712 1778 3752 secun-

144 3778 270 3837 dum
322 3787 504 3840 Deum
575 3799 775 3838 eorum
834 3782 1107 3855 potestati
1173 3784 1517 3841 subtrahere
1576 3790 1778 3843 vestra

144 3868 420 3942 religionis
446 3871 775 3928 reverentia
804 3871 1159 3944 potuerit,ad
1188 3876 1443 3928 vestram
1475 3878 1533 3929 et
1563 3892 1779 3947 paupe-

141 3971 257 4013 rum
291 3960 778 4032 gubernationem
826 3959 993 4015 vobis
1052 3958 1222 4016 liceat
1271 3962 1591 4034 possidere.
1653 3963 1780 4019 Hac

142 4046 319 4103 omnia
346 4052 411 4105 ut
439 4048 688 4105 omnino
715 4049 886 4103 ﬁrma
908 4052 965 4104 et
994 4047 1279 4104 immobili
1313 4050 1629 4106 stabilitate
1656 4069 1780 4125 per-

141 4132 352 4205 sistant,
375 4135 799 4209 omnipotentis
820 4136 1032 4205 Patris,
1056 4142 1112 4192 et
1142 4137 1269 4193 Filii
1301 4144 1357 4195 et
1378 4138 1629 4211 Spiritus
1650 4158 1781 4197 san-

139 4221 207 4276 cti
235 4228 513 4294 potestate
549 4228 610 4281 et
641 4224 959 4297 apostolica
975 4227 1316 4283 auctoritate
1337 4228 1775 4286 conﬁrmamus.

138 4308 191 4365 Si
218 4312 345 4383 quis
370 4330 521 4371 vero
542 4314 757 4370 decreti
781 4314 961 4385 hujus
974 4319 1171 4371 tenore
1186 4315 1782 4389 agnito,pertinaciter

137 4398 435 4459 eiobviare
464 4404 932 4476 prasumpserit,
983 4404 1247 4475 ejusdem
1306 4404 1496 4461 Patris
1552 4410 1609 4461 et
1654 4405 1782 4462 Filii

140 4489 646 4564 apostolorumque
697 4492 828 4563 ejus
874 4492 1340 4565 indignationem
1390 4492 1665 4563 inveniat,
1726 4500 1783 4551 et

1887 3342 1959 3397 de
2002 3341 2387 3409 Camboliaco,
2435 3340 2737 3397 ecclesiam
2779 3342 2837 3396 S.
2871 3340 3097 3408 Nicetii,
3151 3344 3206 3395 S.
3266 3338 3442 3408 Fidei,
3474 3336 3533 3397 S.

1887 3429 2248 3495 Christofori,
2279 3431 2337 3486 S.
2373 3429 2728 3501 Lcodegarii,
2755 3429 2814 3485 S.
2847 3427 3037 3484 Maria
3060 3446 3127 3484 ex
3149 3428 3360 3502 oppido
3381 3428 3538 3484 Sem-

1889 3537 2078 3588 muro,
2113 3536 2243 3574 cum
2289 3517 2531 3574 decimis
2579 3522 2635 3573 et
2674 3511 3019 3574 cmmeteriis
3059 3518 3183 3573 suis
3217 3535 3230 3573 :
3267 3520 3537 3590 quartam

1889 3612 2113 3681 partem
2144 3606 2399 3664 ecclesia
2446 3607 2505 3662 S.
2540 3605 2774 3661 Martini
2827 3611 2989 3661 extra
3036 3606 3436 3663 Semmurum.
3473 3610 3537 3661 In

1889 3696 2227 3769 episcopatu
2286 3695 2692 3751 Matisconensi
2738 3694 3039 3750 ecclesiam
3089 3694 3147 3751 S.
3207 3690 3428 3750 Jacobi.
3475 3692 3539 3750 In

1888 3784 2264 3858 Lugdunensi
2290 3783 2659 3839 medietatem
2690 3781 2837 3837 villa
2854 3781 3114 3851 Vitriaci,
3147 3781 3449 3838 ecclesiam
3477 3778 3537 3838 S.

1889 3873 2140 3940 Martini,
2173 3872 2479 3929 ecclesiam
2510 3877 2566 3926 S.
2602 3869 2923 3938 Reveriani,
2958 3870 3112 3943 apud
3153 3869 3537 3936 Brianonum,

1889 3962 2197 4019 ecclesiam
2225 3961 2284 4017 S.
2318 3958 2875 4033 Romani,capellam
2910 3959 2981 4015 de
3021 3958 3294 4029 Celerius,
3321 3962 3540 4015 terram

1890 4051 2152 4125 Hugonis
2178 4050 2462 4121 Letbaldi,
2495 4066 2629 4105 cum
2654 4048 2786 4105 aliis
2809 4049 3161 4121 quibusdam
3183 4048 3336 4121 apud
3354 4048 3543 4105 Casio-

1890 4146 2037 4196 tum.
2073 4141 2133 4195 ln
2166 4140 2503 4213 episcopatu
2533 4137 2898 4206 Arvernensi,
2952 4137 3258 4193 ecclesiam
3302 4137 3356 4191 8.
3390 4134 3543 4192 Petri

1890 4230 1961 4285 de
1992 4229 2267 4296 Lodda,S.
2302 4226 2589 4284 Vincentii
2621 4227 2692 4282 de
2744 4226 2996 4282 Lodessa
3040 4243 3172 4280 cum
3213 4224 3457 4281 decimis
3488 4228 3545 4281 et

1891 4316 2244 4385 cmmiteriis,
2277 4315 2568 4373 S.Nicolai
2600 4315 2668 4371 ad
2694 4317 2837 4371 Tres
2868 4315 3167 4371 Fontes.ln
3202 4314 3541 4385 episcopatu

1891 4406 2088 4462 Diensi
2120 4407 2273 4480 apud
2306 4406 2587 4479 oppidum
2642 4420 2743 4460 seu
2798 4403 3156 4459 territorium
3207 4401 3278 4456 de
3326 4399 3538 4471 Orello,

1890 4492 2164 4550 ecclesias
2213 4498 2481 4567 quatuor.
2519 4492 2579 4548 In
2617 4491 2926 4548 Valentino
2971 4490 3310 4563 episcopatu
3360 4487 3540 4545 eccle-

139 4579 307 4634 sancti
334 4580 605 4654 Spiritus
637 4579 831 4655 gladio
864 4581 1143 4649 feriatur;
1177 4582 1406 4638 cunctis
1440 4586 1635 4638 autem
1677 4598 1780 4641 vos
1813 4596 1859 4662 ι)
1890 4583 2035 4641 siam
2084 4584 2142 4639 S.
2177 4582 2455 4656 Stephani
2498 4582 2568 4637 de
2614 4579 2897 4637 Balmam.
2934 4579 2996 4635 In
3042 4578 3321 4633 comitatu
3369 4577 3541 4632 Bear-

140 4679 200 4720 ac
224 4672 409 4727 vestra
436 4669 770 4727 foventibus
800 4669 1225 4737 misericordia,
1258 4686 1369 4742 pax
1400 4675 1456 4726 et
1487 4669 1675 4743 gratia
1706 4674 1777 4728 ab

135 4754 367 4814 Auctore
397 4759 671 4815 omnium
702 4760 763 4814 in
796 4761 1078 4832 perpetua
1109 4758 1320 4815 sacula
1351 4759 1698 4816 conferatur.

200 4846 402 4903 Datum
461 4848 622 4921 apud
678 4847 968 4905 Brivatam
1015 4848 1319 4920 oppidum,
1375 4866 1479 4922 per
1532 4865 1777 4907 manum

134 4930 365 4991 Joannis
381 4939 597 4993 sancta
614 4935 885 4992 Romana
910 4935 1177 4992 Ecclesia
1195 4937 1422 4993 diaconi
1442 4936 1776 5008 cardinalis,

200 5072 309 5144 (£0)
337 5076 654 5137 Privatim
682 5076 815 5133 aliis
844 5077 1077 5145 dicitur,
1110 5078 1170 5134 in
1208 5078 1547 5135 Vavariensi
1578 5079 1775 5136 Gallia

140 5144 363 5221 tractu,_
394 5146 739 5221 non__longe
769 5165 804 5204 a
833 5148 1135 5221 Rhodano.

204 5208 408 5292 (illia
436 5208 735 5276 codicibus
763 5236 909 5292 quos
946 5219 1337 5292 mihividere
1365 5219 1551 5287 licuit,
1585 5238 1778 5276 annus

142 5280 270 5339 1116
292 5280 558 5359 scriptus
591 5280 1057 5359 :corruptissime
1075 5291 1179 5346 abs
1203 5291 1399 5357 dubio,
1434 5280 1565 5346 cum
1601 5292 1780 5348 Urba-

142 5368 245 5408 nus
264 5362 411 5436 ante
439 5375 579 5414 ann.
613 5362 749 5417 1100
778 5361 1088 5417 defunctus
1119 5361 1214 5436 sit.
1250 5362 1463 5436 Inversi
1494 5379 1630 5436 ergo
1665 5379 1777 5417 nu-

142 5433 279 5504 meri
324 5444 395 5483 cx
425 5445 656 5504 prorsa,
706 5438 764 5488 et
807 5449 923 5489 non
971 5450 1049 5499 vr,
1098 5433 1201 5489 sed
1246 5451 1300 5498 v,
1336 5433 1663 5504 addend'us,
1713 5439 1780 5490 ut

141 5499 214 5551 sit
259 5510 396 5554 ann.
433 5499 758 5576 74095,;qui
799 5504 961 5560 solus
1005 5521 1077 5560 ex
1122 5503 1415 5576 adiunctis
1471 5504 1776 5571 evincitur,

141 5581 341 5644 nempe
368 5585 441 5625 ex
470 5572 689 5644 ctrincil.w
702 5573 1168 5644 Claromontano,
1199 5572 1270 5630 ex
1299 5575 1499 5631 indict.
1536 5594 1598 5632 ιιι
1628 5580 1686 5632 et
1709 5591 1779 5631 ex

141 5641 332 5696 octavo
381 5642 757 5713 pontiﬁcatus
804 5646 951 5716 ejus,
1000 5646 1100 5717 qui
1149 5641 1301 5702 anno
1352 5647 1510 5713 1088,
1561 5646 1653 5705 die
1710 5648 1775 5701 12

436 5867 473 5888 κ.

1888 4671 2080 4739 densi,
2111 4670 2417 4727 ecclesiam
2450 4671 2508 4726 S.
2544 4668 2724 4736 Fidei,
2748 4668 2901 4741 apud
2929 4665 3125 4722 villam
3158 4682 3282 4737 qua
3328 4664 3544 4720 dicitur

1888 4761 2194 4816 Furcas.In
2226 4759 2562 4832 episcopatu
2587 4755 2932 4813 Pictaviensi
2977 4754 3252 4811 ecclesias
3277 4754 3446 4809 duas.
3480 4754 3543 4809 In

1888 4848 2274 4905 Sanctonensi
2324 4845 2631 4904 ecclesiam
2682 4844 2753 4902 de
2783 4846 3065 4901 Montoso.
3111 4843 3174 4900 In
3220 4841 3542 4910 Leodiensi,

1886 4937 2022 4994 villa
2055 4955 2181 5010 qua
2194 4937 2409 4993 dicitur
2426 4934 2693 5008 Argules,
2721 4952 2857 4991 cum
2910 4932 3158 4992 ecclesia
3186 4937 3245 4990 et
3273 4932 3542 4992 decimis.

1888 5079 2079 5136 Martii
2110 5078 2446 5134 cathedram
2476 5078 2761 5135 ascendit.

1957 5150 2097 5220 (Δι’)
2138 5149 2429 5205 Nimirum
2477 5148 2729 5206 recentis
2789 5146 3019 5220 concilii
3067 5146 3546 5220 Placentinipca-

1887 5212 2039 5276 none
2067 5212 2101 5275 2
2134 5220 2422 5276 sancitum
2453 5230 2596 5287 erat,
2633 5219 2993 5292 quidquidin
3024 5219 3208 5292 sacris
3234 5212 3543 5292 ordinibus

1888 5292 1972 5347 vel
2026 5293 2082 5347 in
2137 5292 2546 5348 ecclesiasticis
2577 5286 2912 5357 rebus,'vel
2939 5289 3075 5345 data
3115 5289 3202 5344 vel
3253 5286 3546 5360 promissa

1889 5364 2158 5436 pecunia,
2187 5364 2540 5436 acquisitum
2571 5356 2919 5436 e_st,_irritum
2949 5364 3168 5436 esseet
3196 5356 3391 5414 nullas
3434 5373 3542 5436 un-

1887 5427 2067 5505 quam
2104 5427 2255 5490 vires
2276 5427 2565 5491 ’obtinere.
2598 5433 2755 5505 Inde
2775 5430 3246 5505 perturbationes
3295 5427 3543 5505 quasab

1888 5499 2573 5582 episcopispatiebantur
2586 5499 3030 5582 Cluniacenses,
3056 5499 3394 5582 quibusque

1889 5522 2083 5577 episco
2130 5522 2573 5578 ispauenantur
2592 5522 3030 5569 wuniacenses,
3056 5522 3394 5582 quibusque
3420 5522 3536 5580 uig-

1889 5592 2031 5657 num
2064 5522 2228 5630 £11“.
2260 5576 2523 5634 Urbanus
2554 5573 2820 5647 clypeum
2854 5572 3183 5649 apostolica
3224 5574 3536 5645 protectio-

1890 5662 1985 5703 ms
2020 5662 2329 5720 opponere.
