3928 6208
128 356 231 422 ωε

1289 361 1412 426 ΕΡ]
1423 362 1699 427 STOLE
1740 362 1841 428 ET
1883 363 2362 431 PRIVILEGIA.

3409 365 3530 430 446

125 492 249 550 dum
275 491 379 550 Dei
406 491 686 552 timorem
708 498 765 552 et
784 493 937 553 beati
969 493 1263 552 Benedicti
1295 494 1557 571 regulam
1579 496 1761 570 elege-
1793 497 1851 567 Α
1879 497 2017 555 ﬁliis
2048 499 2222 567 clero,
2246 498 2461 569 ordini,
2495 497 2785 557 militibus
2816 504 2873 557 et
2903 497 3056 573 plebi
3091 498 3289 558 Remis
3335 501 3527 559 consi-

124 583 247 639 rint.
274 582 440 639 Unde
474 584 592 640 sub
621 584 875 641 districti
921 584 1314 642 anathematis
1364 584 1772 642 interdictione

120 672 411 728 sancimus
442 688 519 727 ne
549 672 654 728 ulli
686 674 925 730 omnino
947 691 1205 747 persona
1226 673 1473 730 facultas
1502 674 1578 730 sit
1608 690 1770 747 regu-

116 759 217 816 lari
245 761 481 818 abbatis
510 761 783 818 electioni
826 762 1109 819 obsistere
1157 768 1260 819 aut
1303 779 1406 835 pro
1454 779 1523 818 ea
1552 781 1770 819 munus

113 848 415 921 quodlibet
470 850 723 923 exigere,
793 854 860 907 ut
919 850 1107 924 ipsius
1165 852 1506 908 monasterii
1564 853 1771 909 fratres

120 937 267 995 omni
298 939 645 1010 gravamine
675 941 985 996 mundana
1018 939 1417 1012 oppressionis
1459 945 1679 997 remoto
1710 941 1770 996 in

122 1032 323 1083 sancta
356 1026 663 1099 religionis
690 1028 1093 1084 observatione
1136 1027 1323 1083 seduli
1366 1033 1540 1100 atque
1589 1028 1769 1101 quieti

118 1115 504 1187 omnipotenti
562 1120 674 1172 Deo
733 1116 959 1189 placere
1007 1117 1144 1173 totis
1200 1117 1416 1173 mentis
1464 1122 1521 1173 et
1563 1116 1771 1173 anima

113 1202 430 1260 virtutibus
486 1203 781 1260 anhelent.
847 1205 905 1261 Si
959 1223 1078 1277 qua
1133 1221 1275 1262 sane
1332 1206 1390 1261 in
1449 1206 1772 1263 crastinum

113 1291 512 1349 ecclesiastica
540 1292 905 1350 sacularisve
929 1310 1180 1366 persona
1210 1293 1363 1350 hanc
1394 1298 1604 1350 nostra
1636 1310 1772 1350 con-

111 1379 438 1437 stitutionis
470 1380 744 1455 paginam
776 1382 970 1438 sciens
1017 1388 1223 1439 contra
1269 1400 1399 1438 eam
1444 1388 1661 1440 temere
1694 1383 1775 1439 ire

110 1470 449 1536 tentaverit,
509 1471 767 1526 secundo
824 1471 1064 1528 tertiove
1136 1472 1495 1528 commonita
1550 1472 1597 1527 si
1657 1490 1773 1529 non

107 1574 373 1630 congrua
403 1557 804 1613 satisfactione
834 1560 1569 1632 emendaverit,potestatis
1599 1561 1776 1616 hono-

106 1648 309 1719 risque
339 1646 438 1702 sui
469 1645 755 1718 dignitate
785 1652 1282 1719 careat,reamque
1313 1666 1375 1705 se
1407 1649 1775 1720 divinojudi-

103 1734 186 1791 cio
220 1735 487 1790 existere
518 1734 590 1791 de
620 1739 954 1807 perpetrata
1001 1735 1311 1809 iniquitate
1352 1746 1686 1809 cognoscat,
1720 1742 1777 1792 et

104 1823 522 1879 sacratissimo
574 1840 814 1897 corpore
861 1841 927 1880 ac
983 1814 1270 1897 sanguine
1318 1825 1419 1881 Dei
1457 1831 1514 1881 et
1543 1826 1772 1881 Domini

107 1912 532 1985 Redemptoris
562 1912 747 1968 nostri
770 1911 908 1968 Jesu
934 1912 1147 1968 Christi
1169 1913 1360 1969 aliena
1390 1914 1491 1969 ﬁat
1520 1918 1696 1986 atque
1719 1908 1777 1970 in

102 2005 375 2056 extremo
406 2000 678 2056 examine
708 2000 986 2057 districta
1031 2001 1238 2056 ultioni
1270 2002 1591 2073 subjaceat.
1625 2004 1775 2058 Cun-

95 2089 206 2145 ctis
260 2090 468 2144 autem
517 2088 708 2143 eidem
765 2087 887 2145 loco
930 2089 1099 2159 justa
1154 2090 1529 2145 servantibus
1563 2089 1637 2145 sit
1667 2108 1777 2162 pax

95 2176 344 2232 Domini
379 2175 566 2232 nostri
612 2176 751 2233 Jesu
802 2176 1036 2242 Christi,
1073 2182 1364 2250 quatenus
1395 2184 1451 2233 et
1496 2179 1589 2235 hic
1624 2180 1774 2234 fruc-

93 2270 228 2321 tum
285 2266 458 2321 bona
506 2265 754 2321 actionis
801 2266 1131 2338 percipiant
1161 2271 1219 2322 et
1253 2268 1410 2339 apud
1443 2268 1776 2323 districtum

89 2355 376 2424 judieem
424 2354 667 2427 pramia
710 2358 936 2410 aterna
985 2354 1148 2427 pacis
1206 2356 1521 2412 inveniant.
1569 2358 1776 2425 Amen,

99 2459 314 2511 amen,
351 2458 549 2498 amen.

174 2531 411 2587 Datum
452 2529 762 2598 Lemovici,
816 2548 919 2603 per
964 2548 1206 2588 manum
1254 2532 1521 2599 Joannis,
1563 2538 1777 2590 sancta

102 2621 400 2676 Romana
430 2618 699 2676 Ecclesia
733 2620 961 2676 diaconi
996 2620 1334 2688 cardinalis,
1366 2639 1420 2677 ιν
1450 2621 1643 2677 Nonas
1680 2621 1776 2677 Ja-

102 2707 337 2775 nuarii,
371 2706 690 2765 indictione
719 2714 945 2781 quarta,
990 2710 1306 2765 Dominica
1355 2710 1779 2767 incarnationis

104 2799 282 2861 1096,
316 2796 701 2870 pontificatus
749 2802 945 2854 autem
995 2798 1197 2854 domni
1246 2798 1461 2854 Urbani
1494 2816 1654 2871 papa
1685 2816 1777 2855 se-

108 2885 305 2943 cundi
339 2902 495 2941 anno
516 2903 638 2941 VIII.

186 2975 355 3031 Bene
381 2973 588 3030 valete.

111 3136 337 3209 Urbani
373 3136 682 3209 "cpistola
731 3135 800 3190 ad
845 3138 1217 3209 .suﬂ'raganeos
1265 3138 1512 3193 Ecclesia
1563 3138 1781 3193 Remen-

181 3207 291 3262 sis.
321 3236 392 3247 —
422 3207 550 3261 ιιιοε
578 3208 828 3263 hortatur
856 3207 1475 3276 utManassijnlocum
1523 3209 1781 3265 Rainoldi

183 3278 590 3350 archiepiscopi
612 3278 887 3334 demortui
912 3279 1157 3350 suffecto,
1185 3279 1454 3336 obedient.

754 3350 940 3419 (Anno
973 3350 1154 3419 1096.)

374 3422 630 3492 [ΒΑιυΖ.,
661 3422 905 3490 Misccll.,
932 3422 1072 3487 edit,
1106 3422 1244 3477 Luc.
1279 3422 1348 3492 ll,
1383 3423 1529 3493 138.]

188 3508 476 3565 Unsanus
506 3508 1049 3582 episcopus,servus
1071 3526 1368 3566 servorum
1393 3510 1777 3575 Dei,dilcctis-

110 3597 287 3655 simis
340 3598 736 3653 confratribus
786 3602 843 3653 et
890 3598 1403 3655 consacerdotibus
1475 3599 1779 3656 Remensis

109 3685 391 3743 Ecclesia
443 3687 856 3759 sutl'raganeis,
901 3687 1151 3744 salutem
1183 3692 1241 3743 et
1271 3687 1651 3760 apostolicam
1686 3688 1773 3744 be.

112 3774 541 3833 nedictionem.

187 3864 481 3920 Defuncto
505 3864 821 3920 venerabili
853 3865 1142 3921 confratre
1175 3871 1392 3933 nostro,
1416 3870 1619 3921 vestra
1654 3883 1778 3923 me-

112 3951 369 4025 tropolis
383 3951 893 4025 archiepiscopo,ej
903 3954 1106 4010 usdem
1121 3952 1387 4009 Ecclesia
1401 3954 1778 4026 praepositum

112 4042 435 4097 Manassen
463 4041 762 4096 communi
788 4040 920 4097 cleri
945 4041 1249 4114 plebisque
1269 4058 1556 4098 consensu
1580 4059 1782 4100 secun-

116 4130 263 4187 dum
295 4129 458 4185 sedis
484 4128 811 4201 apostolica
834 4130 1067 4185 decreta
1087 4131 1469 4202 cognovimus
1498 4131 1569 4186 ad
1592 4130 1780 4203 ipsius

118 4217 467 4289 metropolis
498 4218 757 4290 regimen
808 4234 935 4274 esse
984 4224 1340 4290 provectum.
1373 4219 1506 4282 Qua
1561 4218 1783 4276 scilicet

115 4306 586 4380 provectio.quia
609 4307 829 4362 sanctis
850 4307 1080 4363 videtur
1099 4308 1406 4364 convenire
1432 4308 1777 4377 canonibus,

116 4414 233 4453 non
267 4398 439 4469 grata
470 4393 642 4451 nobis
666 4411 793 4451 esse
814 4413 929 4451 non
952 4400 1161 4468 potest.
1194 4397 1334 4452 Eam
1378 4396 1559 4469 igitur
1589 4401 1779 4453 aucto~

116 4484 313 4541 ritatis
361 4486 574 4540 nostra
630 4484 885 4556 pondere
934 4487 1373 4552 continuantes,
1406 4484 1776 4542 dilectionem

1879 589 2193 657 stentibus,
2226 589 2475 646 salutem
2506 594 2565 645 et
2594 588 2973 662 apostolicam
3006 589 3490 646 benedictionem.

1948 679 2283 734 Ati'ectionis
2313 679 2551 751 quidem
2585 682 2795 735 nostra
2825 678 3181 744 viscera,tilii
3220 678 3277 732 in
3303 678 3531 734 Christo

1880 765 2576 839 charissimi,angustinta
2606 766 2916 839 sunt,quia
2941 782 3043 822 vos
3071 766 3323 840 pastoris
3372 766 3531 822 solli-

1880 854 2156 920 citudine,
2189 873 2293 911 nos
2324 872 2457 912 vero
2491 855 2798 911 confratris
2827 860 2881 909 et
2914 854 3239 928 coepiscopi
3267 854 3535 911 Rainoldi

1880 942 2090 997 solatio
2115 944 2382 1000 novimus
2414 944 2746 999 destitutos.
2779 944 2885 1000 Sed
2922 944 2980 999 in
3012 942 3389 999 tribulatione
3426 943 3536 999 hac

1880 1047 1983 1103 per
2003 1032 2418 1105 omnipotentis
2447 1032 2542 1087 Dei
2561 1031 2811 1106 gratiam
2832 1032 3137 1088 charitatis
3156 1036 3366 1088 nostra
3390 1049 3535 1104 pra-

1882 1120 2078 1176 cordia
2109 1120 2592 1193 dilatantur,quia
2621 1138 2719 1177 eos
2751 1120 3144 1177 sollicitudine
3174 1120 3532 1185 debita,atl‘e-

1882 1210 2068 1263 ctione
2100 1209 2369 1277 sollicita,
2402 1208 2528 1265 sine
2557 1210 2713 1277 dolo,
2745 1210 2869 1266 sine
2904 1210 3186 1282 pravitate
3215 1211 3285 1266 de
3329 1213 3533 1265 vestra

1882 1297 2148 1353 Ecclesia
2164 1297 2300 1351 ﬁliis
2314 1302 2603 1369 pastorem
2625 1298 2870 1369 elegisse
2891 1297 3539 1370 cpmperimus.Asserit

1882 1390 2077 1441 autem
2128 1386 2249 1458 spei
2299 1391 2499 1441 vestra
2558 1386 2829 1441 fiduciam
2890 1386 3299 1441 unanimitatis
3330 1391 3535 1441 vestra

1883 1474 2498 1531 consensus.Ubienim
2515 1474 3532 1547 universorumpostulatiocongruit,

1882 1565 2150 1620 dubitare
2167 1582 2272 1620 nos
2288 1582 2659 1637 nequaquam
2674 1569 2901 1636 oportet
2916 1566 2991 1619 ibi
3008 1564 3319 1619 Dominum
3331 1564 3536 1618 Jesum

1883 1658 1941 1708 et
1970 1652 2285 1709 voluntatis
2316 1658 2613 1709 auctorem
2633 1657 2689 1707 ct
2713 1652 3007 1724 petitionis
3030 1651 3314 1705 arbitrum
3340 1650 3461 1704 fore
3481 1653 3539 1704 et

1884 1742 2271 1797 ordinationis
2303 1741 2605 1813 praesulem
2638 1746 2695 1795 et
2726 1740 3062 1810 largitorem
3110 1739 3330 1810 gratia.
3362 1739 3537 1794 Bonis

1883 1844 2019 1901 ergo
2051 1830 2265 1885 studiis
2304 1829 2509 1884 vestris
2543 1829 2814 1902 ampliori
2844 1827 3143 1885 devotione
3176 1827 3540 1900 congratula-

1890 1933 2043 1985 mur,
2075 1923 2131 1972 et
2162 1918 2312 1989 quod
2346 1919 2669 1973 secundum
2724 1917 3055 1990 apostolica
3106 1916 3261 1972 sedis
3307 1916 3539 1972 decreta

1880 2004 2039 2074 juste
2071 2012 2385 2077 sancteque
2410 2006 2688 2079 capietis,
2726 2023 2831 2061 nos
2862 2022 2963 2077 per
2994 2005 3414 2077 omnipotentis
3435 2004 3537 2061 Dei

1886 2093 2132 2167 gratiam
2161 2095 2316 2150 sedis
2347 2095 2675 2167 apostolica
2707 2094 3029 2151 assertione
3061 2094 3390 2149 firmamus.
3421 2093 3538 2151 Vos

1888 2182 2177 2253 siquidem
2212 2183 2270 2237 in
2296 2183 2622 2255 apostolica
2647 2183 2803 2239 sedis
2826 2182 3153 2238 libertatem
3178 2183 3540 2238 consurrexi-

1886 2271 2014 2338 stis,
2050 2277 2112 2325 ut
2140 2271 2290 2325 sicut
2319 2276 2493 2342 caput
2524 2270 2680 2343 regni
2712 2269 3067 2337 existitis,ita
3096 2271 3268 2325 etiam
3304 2270 3540 2344 religio-

1886 2360 1978 2415 nis
2004 2364 2060 2414 et
2090 2359 2455 2415 auctoritatis
2486 2358 2784 2415 catholica
2809 2358 2869 2413 in
2892 2360 3095 2414 eodem
3128 2375 3304 2431 regno
3328 2359 3540 2431 princi-

1887 2449 2050 2520 pium
2083 2448 2349 2504 existitis.
2383 2447 2539 2503 Nihil
2572 2449 2767 2520 itaque
2814 2463 2991 2519 super
3045 2464 3148 2502 vos
3198 2447 3537 2519 iniquorum

1885 2538 2059 2593 verba
2089 2537 2611 2609 pravaleant,nihil
2640 2541 2881 2592 terrena
2913 2536 3172 2607 pravitas
3199 2534 3541 2591 intentionis

1887 2626 2336 2690 obfuscet.Quod
2356 2626 2509 2681 enim
2532 2625 2903 2698 omnipotens
2920 2624 3204 2680 Dominus
3226 2622 3539 2696 aspirando

1887 2714 2182 2786 pravenit,
2216 2731 2317 2786 per
2347 2715 2555 2770 merita
2602 2718 2660 2769 et
2706 2729 2908 2785 preces
2954 2713 3133 2768 beata
3180 2718 3238 2768 et
3274 2710 3538 2784 gloriosa

1887 2819 2119 2875 semper
2148 2802 2392 2875 virginis
2419 2802 2610 2859 Maria
2642 2801 2947 2874 sanctique
2979 2800 3166 2857 Patris
3214 2799 3389 2856 vestri
3430 2800 3538 2855 Pte-

1887 2892 2051 2965 migii
2100 2893 2429 2963 adjuvando
2478 2897 2854 2963 prosecutum
2904 2892 3026 2946 fore
3068 2889 3438 2945 confidimus.
3477 2890 3541 2945 ln

1887 2981 2013 3053 ipso
2044 2981 2222 3054 igitur
2251 2982 2611 3037 conﬁdentes
2635 2981 2790 3053 quod
2816 2978 3163 3052 simpliciter
3187 2983 3243 3035 et
3267 2978 3393 3035 sine
3418 2995 3544 3051 pra-

1886 3070 2061 3125 vitate
2107 3071 2404 3142 [ctepistis]
2454 3070 2725 3143 prosequi
2775 3071 3102 3141 procurate.
3132 3068 3330 3138 Neque
3384 3066 3543 3122 enim

1887 3158 2054 3214 vobis
2082 3158 2141 3213 in
2167 3162 2326 3230 parte
2341 3158 2446 3213 hac
2472 3157 2799 3231 apostolica
2812 3155 2968 3212 sedis
2986 3155 3288 3210 brachium
3312 3158 3544 3209 contra-

1808 3229 1851 3297 C
1886 3246 2021 3303 hetu
2032 3229 2292 3301 r.Nullus
2309 3247 2364 3301 in
2378 3246 2487 3302 hoc
2509 3229 2739 3318 negotio
2763 3244 3101 3300 idololatria
3119 3244 3287 3297 fucus
3302 3242 3546 3297 interve-

1888 3334 2212 3400 niat,nulla
2241 3333 2587 3402 mina,nulli
2622 3338 2871 3388 terrores
2903 3330 3265 3386 nobilitatem
3286 3333 3542 3386 vestram

1888 3425 1960 3480 ab
1992 3423 2100 3479 hac
2130 3423 2396 3479 libertate
2443 3423 2803 3487 dimoveant;
2839 3437 2912 3475 ne
2944 3421 3110 3485 l'orte,
3161 3419 3317 3490 quod
3348 3418 3539 3474 absit!

1888 3530 2019 3568 cum
2104 3512 2310 3584 spiritu
2388 3510 2696 3584 cmperitis,
2779 3525 2952 3564 carne
3023 3507 3537 3563 consummemini.

1887 3600 2154 3656 Ecclesia
2213 3604 2416 3656 vestra
2477 3596 2862 3670 suifraganeis
2922 3594 3288 3651 auctoritatis
3328 3599 3540 3651 nostra

1888 3689 2107 3760 scripta
2135 3688 2456 3744 direximus
2495 3693 2561 3742 ut
2609 3687 2668 3741 in
2719 3684 2900 3740 electo
2931 3684 3087 3757 quod
3120 3682 3213 3738 sui
3242 3687 3333 3739 est
3361 3682 3540 3738 oﬂicii

1890 3776 2051 3832 nulla
2066 3777 2360 3850 negligant
2376 3775 2679 3832 occasione
2696 3773 3174 3845 complere.0uod
3200 3773 3250 3827 si
3274 3771 3540 3828 fortassis

1887 3865 1971 3921 illi
2004 3883 2064 3922 se
2095 3865 2312 3937 aliqua,
2344 3865 2499 3937 quod
2533 3881 2645 3919 non
2678 3864 3056 3930 arbitramur,
3081 3860 3366 3933 pravitate
3397 3859 3538 3915 sub-

1888 3954 2298 4021 traxerint,vos
2327 3970 2463 4012 eum
2491 3957 2751 4025 tempore
2771 3966 3030 4023 congruo
3052 3954 3249 4004 nostro
3266 3963 3542 4019 conspec-

1887 4050 1970 4101 tut
2003 4044 2448 4117 prasentabitis.
2483 4042 2653 4099 Novit
2702 4042 2859 4097 enim
2913 4039 3065 4097 beati
3113 4039 3267 4096 Petri
3298 4038 3540 4094 libertas

1888 4138 1946 4189 et
1991 4134 2176 4206 gratia
2222 4133 2285 4189 in
2338 4149 2401 4188 se
2447 4129 2877 4189 conlidentibus
2920 4147 3032 4186 non
3082 4129 3302 4184 deesse.
3336 4127 3417 4183 De
3445 4126 3540 4182 di-

1888 4221 2132 4278 lectione
2158 4226 2215 4277 et
2244 4221 2578 4300 obcd'ientia
2606 4236 2744 4293 erga
2774 4235 2901 4275 eam
2950 4217 3227 4273 vivaciter
3257 4215 3540 4272 exhiben-

1888 4312 1963 4366 da
2009 4327 2108 4366 vos
2175 4310 2495 4366 corhortari
2547 4310 2744 4364 minus
2798 4307 3196 4363 necessarium
3241 4304 3536 4360 duximus.

1888 4400 2085 4471 Neque
2114 4399 2272 4454 enim
2304 4397 2663 4470 ambigimus
2688 4397 2843 4469 quod
2894 4395 2990 4467 qui
3031 4398 3255 4448 tantam
3286 4392 3449 4447 vobis
3479 4391 3541 4447 in

1886 4489 2015 4560 ejus
2075 4488 2357 4544 electione
2433 4486 2906 4550 unanimitatem,
2967 4487 3197 4539 tantum
3249 4478 3539 4549 studium,

114 4578 376 4631 vestram
434 4571 649 4660 litteris
704 4574 1090 4646 prasentibus
1146 4573 1525 4630 exhortamur
1577 4590 1648 4629 ne
1704 4574 1778 4629 ab
1806 4581 2107 4660 Dtantam
2159 4574 2527 4649 flagrantiam
2591 4572 2892 4646 aspiravit,
2950 4572 3075 4660 ipse
3138 4568 3314 4660 etiam
3376 4583 3540 4660 men:

115 4663 387 4735 ejusdem
418 4659 584 4717 electi
614 4678 865 4734 persona
894 4664 1048 4734 quod
1084 4663 1261 4719 vestri
1314 4661 1490 4718 officii
1538 4662 1779 4717 interest
1806 4656 1845 4660 _
1886 4669 1975 4722 tes
2030 4668 2256 4721 vestras
2305 4664 2377 4719 ad
2426 4662 2815 4736 diligendum,
2877 4660 2949 4715 ad
3011 4657 3422 4723 obediendum,
3466 4656 3539 4711 ad

116 4748 595 4808 dissimulatione
642 4750 906 4821 qualibet
955 4751 1336 4814 subtrahatis,
1387 4751 1488 4806 sed
1538 4750 1776 4807 omnino

118 4838 370 4911 satagite
386 4839 617 4910 utquod
650 4838 1128 4911 beneincceptum
1158 4837 1554 4910 est,largiente
1581 4838 1778 4894 Domi-

117 4926 436 4995 no,melius
457 4926 840 4999 compleatur,
866 4946 935 4984 ne
952 4928 1176 4984 diutius
1198 4931 1360 4983 tanta
1380 4926 1636 4984 Ecclesia
1659 4928 1780 4983 ofﬁ-

117 5017 342 5072 ciorum
374 5014 803 5088 episcopalium
834 5014 1339 5073 administratione
1370 5015 1647 5087 privetur.

189 5104 338 5161 Data
364 5103 666 5177 Andegavi
689 5119 791 5160 vni
815 5104 952 5160 Idus
982 5102 1301 5160 Februarii.

122 5267 361 5331 (Iterum,
392 5262 670 5335 ordinem,
702 5193 1222 5335 mili?e%\;giebcm
1252 5265 1566 5319 Remensem
1596 5264 1780 5319 hortu-

192 5345 282 5392 ίαν
334 5340 399 5393 ut
456 5334 707 5391 Monaesi
753 5334 918 5391 electo
963 5334 1367 5406 archiepiscopo
1429 5335 1596 5405 ﬁdem
1637 5350 1785 5407 prac-

191 5412 353 5465 sicut.

599 5547 602 5548 ν
756 5478 942 5548 (Anno
973 5478 1158 5545 1096.)

569 5546 801 5615 [ΒΑιυΖ.
829 5548 1055 5604 Misce”.
1092 5549 1164 5616 Il,
1198 5546 1346 5615 439.]

189 5626 471 5699 URBANUS
504 5637 819 5709 episcopus
850 5654 1050 5694 servus
1082 5652 1382 5693 servorum
1420 5636 1516 5694 Dei
1559 5635 1785 5692 dilectis

1886 4754 2251 4810 serviendum
2306 4752 2512 4808 ardore
2562 4750 2653 4807 sui
2711 4749 2955 4821 spiritus
3019 4744 3355 4802 illustrabit.
3413 4748 3542 4816 Ipse

1884 4860 1987 4899 vos
2017 4860 2125 4898 sua
2154 4842 2342 4915 gratia
2392 4839 2717 4906 benedicat,
2753 4838 2878 4909 ipse
2927 4835 3278 4900 corroboret,
3309 4836 3368 4889 et
3406 4849 3539 4904 pas-

1888 4937 2072 4988 torem
2106 4935 2162 4987 et
2192 4946 2426 5003 gregem
2460 4929 2529 4983 ad
2562 4931 2787 4983 atcrna
2819 4923 3151 4980 refectionis
3189 4938 3406 4995 pascua
3452 4920 3539 4977 in-

1888 5021 2015 5077 trod
2027 5038 2057 5075 u
2066 5026 2176 5076 cat.

1961 5109 2107 5164 Data
2134 5105 2427 5179 Andegavi
2458 5121 2555 5160 vni
2593 5104 2729 5159 ldus
2768 5101 3088 5160 Februarii.
