3928 6208
415 390 530 452 447

1091 516 1378 582 CLXXIII.

409 614 651 674 Μαγιαεεί
716 614 881 673 electo
947 612 1348 686 archiepiscopo
1390 609 1669 686 immensi
1701 607 2054 686 gratulatur,

482 687 654 744 Monet
685 709 713 737 «
743 689 926 743 caveat
951 680 1175 758 prorsus
1204 689 1255 740 et
1278 680 1470 754 'vigilet
1497 698 1565 738 ne
1593 682 1761 758 regiae
1786 680 2060 758 stipes-biga

483 760 724 887 puafibet
753 751 1122 815 inconstantia
1145 751 1492 829 subjiciatur.
1531 776 1556 802 ››
1580 753 1924 825 Adjutorium
1939 751 2055 822 pol-

509 847 588 887 ice-
613 848 697 886 ur.

1035 919 1221 989 (Anno
1255 914 1435 982 1096.)

849 1010 1104 1080 [BALuz.,
1136 1002 1435 1069 MiscetLII,
1477 999 1614 1071 I39.)

481 1106 761 1163 UBBANUS
790 1098 1116 1172 episcopus,
1151 1109 1352 1148 servus
1388 1103 1687 1146 servorum
1720 1085 2058 1153 Dei,dilecto

410 1195 528 1252 filio
561 1176 842 1254 MANASSI,
877 1181 1251 1242 Remensium
1280 1180 1486 1245 electo,
1518 1176 1769 1232 salutem
1800 1181 1855 1230 et
1887 1191 2056 1246 apos-

407 1284 578 1340 licam
610 1277 1095 1339 benedictionem,

475 1367 872 1442 Omnipotenti
905 1365 1020 1421 Deo
1049 1361 1267 1435 gratias
1299 1357 1529 1431 agimus
1562 1354 1701 1427 quia
1748 1369 2058 1425 personam

405 1467 590 1527 tuam,
624 1441 695 1515 de
724 1458 892 1526 cujus
923 1452 1212 1524 probitate
1247 1447 1568 1519 plurimum
1598 1441 2058 1505 conﬁdimus,ad

405 1547 713 1607 Remensis
741 1543 1008 1602 Ecclesiae
1043 1539 1304 1612 regimen
1343 1534 1585 1591 electam
1619 1533 1746 1588 sine
1778 1531 2060 1602 pravitate

404 1634 974 1710 cognovimuannc
988 1629 1166 1701 igitur
1177 1624 1543 1681 dilectionem
1558 1626 1718 1677 tuam
1731 1617 2059 1692 apostolica;

406 1706 606 1802 gratia
649 1722 861 1779 litteris
907 1718 1235 1780 visitantes,
1281 1713 1588 1769 hortamur
1620 1714 1682 1765 ut
1711 1710 1866 1764 bona
1893 1706 2060 1762 initia

406 1794 646 1874 studeas
660 1811 906 1886 provecti
918 1810 1026 1864 bus
1041 1804 1380 1861 melioribus
1397 1797 1857 1856 exaltare.Nullaa
1882 1794 2060 1866 igitur

407 1906 601 1968 minas,
636 1885 782 1958 nulli
812 1904 1060 1954 terrores
1110 1892 1477 1966 prudentiam
1527 1895 1692 1943 tuam
1732 1885 2056 1957 impediant

406 1994 550 2068 quin
608 1993 666 2046 in
715 1993 903 2061 empta
944 1981 1319 2056 simplicitate
1347 1997 1412 2035 ac
1444 1979 1706 2034 libertate
1748 1974 2047 2047 persistas.

407 2062 550 2140 (lava
584 2095 823 2154 prorsus
864 2080 920 2132 et
966 2072 1143 2146 vigila
1172 2087 1242 2126 ne
1271 2068 1439 2141 regia
1480 2065 1764 2154 superbiaa
1797 2062 2058 2154 qualibet

407 2168 799 2229 inconstantia
827 2160 1180 2235 subjiciaris,
1231 2175 1301 2214 ne
1351 2173 1486 2212 curn
1533 2153 1741 2226 spiritu
1798 2148 2053 2222 cmperis,

408 2276 578 2316 carne
607 2253 1054 2313 consummeris.
1088 2250 1166 2305 De
1196 2245 1525 2319 apostolicae
1574 2242 1732 2298 sedis
1765 2238 2056 2310 adjutorio

407 2349 468 2405 in
501 2346 662 2404 nullo
695 2343 950 2407 diffidas,
983 2339 1123 2411 quia
1151 2338 1199 2392 si
1231 2336 1288 2390 in
1323 2336 1450 2407 ejus
1482 2332 1747 2387 libertate
1787 2343 2055 2402 perman-

412 2437 579 2502 seris,
613 2434 741 2506 ejus
773 2447 874 2503 per
904 2428 1101 2485 omnia
1131 2424 1367 2482 auxiliis
1395 2420 1698 2478 munieris.

481 2526 624 2580 Data
650 2517 943 2592 Andegavi
973 2534 1071 2572 VIII
1105 2517 1240 2571 Idus
1273 2509 1592 2569 Februarii.

1097 2602 1377 2660 CLXXIV.

413 2702 618 2761 Urbani
687 2699 737 2754 ΙΙ
803 2697 1028 2767 epistola
1089 2693 1157 2748 ad
1213 2685 2062 2767 _Phil_ippam_Catalauacnscni

479 2774 808 2843 episcopum.
829 2759 905 2807 ”-
934 2763 1281 2821 Commendat
1310 2763 1364 2816 ei
1376 2759 1441 2815 τι
1466 2759 1636 2830 [ralri
1681 2759 1799 2825 ejus
1840 2759 2061 2824 Ilugom'

481 2842 667 2888 mmiti
697 2839 1009 2888 Campaniae
1062 2833 1350 2888 monachos
1379 2832 1433 2887 S.
1475 2830 1655 2887 Viloni
1688 2826 2056 2888 Virdunensis,

481 2839 667 2898 comiti
697 2839 1009 2910 Campaniae
1062 2839 1350 2890 monachos
1379 2839 1433 2887 δ.
1477 2839 1652 2887 Vitam
1689 2839 2056 2893 Vzrdunenszs,

482 2915 550 2968 ab
579 2912 804 2968 ecclesia
831 2907 1105 2963 S.Nicolai
1132 2907 1191 2960 in
1222 2904 1372 2960 Silva
1405 2900 1619 2972 Lugolli
1644 2915 1746 2971 per
1770 2895 2061 2969 parochia-

481 3000 577 3040 nos
603 2984 718 3053 ejus
747 2983 958 3052 cjectos.

1040 3067 1225 3137 (Anno
1259 3063 1441 3132 1096.)

674 3160 840 3231 [Dom
875 3159 1164 3220 Bouounr,
1197 3153 1433 3216 Recueil,
1468 3149 1614 3216 XIV,
1645 3148 1796 3218 719.]

1729 384 1801 449 B.
1849 381 2143 449 URBANI
2190 383 2242 446 lI
2288 382 2537 448 PAPIE.

2079 518 2136 585 Α
2164 515 2284 575 tilio
2313 517 2544 586 Num,
2575 513 2769 576 abbati
2800 477 3140 575 monasterii
3171 513 3371 574 Sancti
3405 511 3652 588 Nieolai,
3671 518 3809 592 quod

3711 385 3816 449 M0

2170 623 2338 665 secus
2368 609 2739 682 Andegavum
2771 609 2952 665 situm
2973 613 3082 676 est,
3106 607 3354 680 ejusque
3386 608 3812 666 successoribus

2167 698 2514 771 regulariter
2542 697 2992 754 substituendis.
3631 768 3633 770 η

2243 787 2547 859 Religiosis
2605 785 2909 842 desideriis
2969 785 3214 858 dignum
3287 788 3380 840 est
3447 784 3806 842 favorabilem

2168 875 2423 947 prwbere
2454 878 2901 942 consensum,ut
2922 872 3108 930 ﬁdelis
3132 872 3370 928 donatio
3403 872 3682 929 ccelorum
3700 890 3808 929 sor-

2169 963 2350 1019 tiatur
2377 964 2666 1019 efi'ectum.
2698 963 2834 1018 Tuae
2865 962 3044 1033 igitur
3073 961 3424 1029 devotionis,
3460 977 3526 1016 ac
3559 960 3807 1018 Fulconis

2167 1052 2382 1125 egregii
2416 1052 2860 1125 Andegavorum
2891 1050 3122 1106 comitis
3155 1049 3455 1122 precibus,
3492 1065 3688 1105 aurem
3718 1066 3804 1107 ac-

2169 1142 2628 1206 commodantes,
2679 1139 2838 1196 Beati
2886 1139 3104 1197 Nicolai
3162 1137 3612 1207 monasterium,
3647 1139 3804 1220 qupd,

2169 1229 2512 1300 disponente
2542 1228 2809 1293 Domino,
2835 1229 3051 1283 nostris
3084 1227 3363 1283 manibus
3385 1242 3800 1296 consecremus,

2169 1317 2470 1389 praesentis
2502 1317 2714 1372 decreti
2749 1316 3094 1372 auctoritate
3135 1315 3465 1370 munimus.
3500 1315 3803 1372 Statuimus

2171 1410 2232 1461 ut
2263 1423 2329 1462 ea
2358 1423 2489 1478 quae
2519 1405 2832 1478 praedictus
2856 1420 3049 1461 comes
3076 1404 3133 1459 in
3154 1403 3345 1476 ipsius
3378 1402 3645 1460 Ecclesia:
3667 1405 3804 1459 dedi-

2169 1495 2393 1550 catione
2427 1495 2641 1550 nostris
2671 1493 3172 1549 exhortationibus
3204 1509 3309 1564 per
3339 1496 3574 1548 nostras
3613 1509 3800 1548 manus

2169 1583 2375 1640 obtulit
2401 1587 2629 1639 tantum
2662 1581 2885 1638 scilicet
2913 1586 3076 1636 terrae
3103 1581 3160 1636 in
3184 1580 3513 1646 Silvacane,
3538 1585 3800 1652 quantum

2167 1672 2355 1726 tribus
2382 1671 2648 1727 sufﬁcere
2679 1670 2905 1732 debeat,
2955 1673 3011 1724 et
3056 1673 3210 1724 terra
3264 1669 3338 1724 de
3391 1668 3610 1736 Avallo,
3644 1681 3798 1740 quam

2167 1759 2322 1814 idem
2398 1775 2594 1814 comes
2661 1757 3007 1813 Guillelmus
3063 1755 3509 1815 Aurelianensis
3565 1758 3798 1824 dederat,

2087 1884 2132 1948 Β
2167 1847 2453 1947 quidquid
2483 1847 2658 1902 etiam
2695 1846 3086 1901 immunitatis
3120 1863 3220 1902 seu
3254 1847 3595 1903 donationis
3623 1846 3688 1902 de
3707 1863 3796 1902 suo

2154 1937 2308 2007 jure,
2321 1936 2503 2008 ipsius
2515 1937 2970 2007 praedecessores
2987 1935 3228 1990 comites
3249 1934 3548 1991 Joffredus
3568 1939 3623 1990 et
3641 1934 3793 1991 Fulco

2163 2025 2351 2081 eidem
2383 2025 2658 2092 ecclesiae,
2693 2023 3091 2092 contulerunt,
3133 2027 3190 2080 et
3231 2040 3601 2096 quaecunque
3644 2023 3792 2079 hodie

2155 2115 2319 2185 juste
2349 2112 2754 2186 possidet,sive
2783 2113 2839 2167 in
2865 2113 3127 2168 futurum
3155 2113 3317 2184 juste
3348 2117 3527 2186 atque
3547 2111 3795 2169 canonice

2165 2201 2377 2276 poterit
2407 2202 2675 2274 adipisci,
2699 2202 2871 2257 firma
2900 2201 3004 2257 tibi
3036 2202 3274 2274 tuisque
3306 2199 3736 2259 successoribus
3750 2205 3795 2256 et

2166 2292 2390 2348 illibata
2419 2291 2887 2363 permaneant.ln
2903 2289 3118 2362 quibus
3137 2290 3257 2346 haec
3271 2290 3529 2364 propriis
3550 2289 3796 2346 duximus

2166 2379 2504 2437 nominibus
2535 2381 2915 2452 exprimenda
2957 2397 2969 2435 :
3022 2378 3343 2435 Ecclesiam
3378 2379 3452 2435 de
3479 2381 3694 2446 Ariaco,
3737 2379 3796 2432 de

2166 2471 2381 2526 Sancta
2410 2469 2672 2536 Comma,
2708 2470 2780 2524 de
2819 2467 3101 2535 Castillio,
3135 2469 3415 2541 Segregio
3463 2469 3535 2524 de
3583 2465 3796 2530 Bulleio,

2167 2560 2237 2615 de
2266 2559 2500 2626 Paucio,
2533 2558 2602 2612 de
2633 2557 2892 2622 Aracaio,
2923 2557 2993 2612 de
3021 2555 3320 2629 Cupollio;
3356 2561 3417 2612 in
3452 2571 3598 2630 pago
3637 2552 3795 2612 Picta-

2167 2647 2352 2703 viensi
2400 2645 2676 2702 ecclesias
2726 2645 2796 2700 de
2845 2645 3252 2714 Monasterolo,
3314 2646 3388 2702 de
3443 2645 3693 2710 Alaneio,
3737 2643 3795 2697 de

2169 2735 2430 2802 Rilliaco,
2464 2736 2535 2790 de
2566 2733 2899 2800 Borchiaco,
2934 2734 3004 2789 de
3041 2733 3371 2802 Pusanviis;
3405 2735 3465 2790 in
3488 2734 3793 2806 episcopatu

2169 2824 2591 2881 Cenomanensi
2623 2823 2898 2879 ecclesias
2927 2823 2998 2878 de
3030 2822 3318 2894 Geprona,
3344 2824 3415 2880 de
3447 2822 3790 2886 Patroniaco;

2170 2915 2229 2969 in
2256 2913 2594 2986 episcopatu
2627 2912 2824 2968 Sancti
2858 2912 3111 2969 Machuti
3142 2911 3451 2968 ecclesiam
3483 2910 3670 2968 Sancti
3703 2907 3792 2964 Pa-

2168 3003 2348 3070 terni;
2381 3004 2440 3058 in
2471 3001 2907 3058 Naunotonensi
2939 3000 3246 3057 ecclesiam
3270 3002 3470 3058 Sancti
3506 2997 3786 3063 Lamberti,

2169 3091 2450 3164 capellam
2483 3092 2552 3147 de
2585 3089 2899 3158 Donacelli,
2950 3090 3020 3145 de
3069 3089 3526 3163 Cornioquense,
3561 3090 3628 3144 de
3675 3087 3790 3142 Pru-

2171 3181 2407 3254 gniaco;
2441 3181 2498 3234 in
2529 3178 2756 3252 Anglia,
2787 3179 2845 3234 in
2873 3178 3211 3252 epiSCOpatu
3254 3178 3600 3235 Lincobensi
3638 3173 3791 3232 eccle-

481 3254 756 3341 Unws
785 3245 1114 3341 esseesse.
1380 3255 1677 3340 servorum
1720 3233 2056 3341 oscinem:
2088 3254 2131 3321 ο
2169 3233 2420 3326 sisi;
2448 3233 2757 3341 esse;
2789 3233 2860 3324 δε
2890 3233 3658 3339 assesasses.
3685 3278 3788 3335 qu.

411 3339 544 3396 fatri
574 3339 870 3400 Pmupro,
904 3331 1314 3390 Catalaunensi
1363 3328 1655 3402 episcopo,
1708 3323 1957 3381 salutem
2003 3326 2060 3377 et

411 3426 794 3502 apostolicam
825 3420 1309 3480 benedictionem.

480 3518 678 3573 Frater
706 3512 817 3569 iste
832 3511 983 3568 lator
998 3508 1372 3582 praesentium
1396 3506 1550 3579 apud
1575 3521 1680 3560 nos
1702 3504 2059 3574 conquestus

410 3610 501 3664 est
527 3609 586 3661 et
616 3621 678 3660 se
707 3607 766 3658 et
794 3602 1000 3657 fratres
1032 3615 1171 3654 suos
1223 3615 1256 3653 a
1295 3595 1649 3669 quibusdam
1689 3589 2059 3664 parochianis

410 3695 550 3764 tuis,
580 3698 702 3748 tam
733 3689 957 3746 clericis
987 3703 1160 3760 quam
1193 3685 1442 3750 laicis,in
1475 3682 1719 3740 ecclesia
1748 3677 2056 3744 S.Nicolai,

411 3785 748 3842 constructa
777 3779 834 3833 in
866 3777 1012 3832 silva
1040 3793 1167 3848 quae
1198 3775 1410 3831 dicitur
1431 3769 1890 3846 Lugolli,multis
1911 3768 2062 3840 inju-

412 3873 518 3928 riis
546 3871 803 3933 aii‘ectos,
835 3870 890 3920 et
920 3882 1118 3920 eorum
1154 3865 1404 3938 priorem
1456 3863 1528 3917 de
1577 3861 1777 3916 eadem
1816 3857 2062 3914 ecclesia

412 3952 809 4016 exturbatum.
843 3955 1229 4018 Quamobrem
1261 3950 1558 4008 dilectioni
1605 3953 1720 4004 tuae
1749 3946 2062 4020 pressantis

414 4047 632 4119 scripta
661 4043 829 4117 dirigi
840 4042 1396 4115 mns,prmcipientes
1420 4043 1483 4094 ut
1501 4038 1734 4094 eosdem
1763 4034 2064 4108 parochia-

415 4153 522 4192 nos
551 4140 684 4190 tuos
715 4149 892 4205 super
921 4131 1264 4204 hujusmodi
1311 4127 1544 4199 injuriis
1593 4123 1737 4197 ipsis
1782 4123 2061 4179 fratribus

415 4225 770 4286 satisfacere,
803 4227 858 4278 et
889 4223 945 4277 in
981 4227 1278 4295 posterum
1331 4231 1560 4272 cessare
1603 4211 1940 4286 compellas.
1983 4212 2063 4268 De

413 4319 617 4372 caetero
648 4313 820 4369 etiam
850 4327 1125 4383 rogamus
1178 4312 1242 4363 ut
1289 4307 1497 4360 fratres
1539 4303 1700 4374 ipsos
1733 4318 1834 4375 pro
1867 4318 2065 4357 amore

414 4405 475 4461 B.
511 4403 660 4459 Petri
700 4406 758 4457 et
807 4405 1002 4457 nostro
1051 4399 1160 4454 sub
1211 4395 1438 4450 alarum
1471 4399 1703 4447 tuarum
1737 4389 2064 4446 munimine

413 4492 650 4558 tuearis,
685 4494 742 4544 et
770 4506 869 4544 eos
900 4489 1010 4544 sub
1037 4483 1419 4557 disposxtione
1450 4477 1796 4536 venerabilis
1834 4477 2062 4534 Rodnlﬁ

412 4577 804 4636 Virdunensis
833 4576 1062 4631 abbatis
1108 4571 1304 4644 quiete
1327 4573 1384 4625 et
1407 4567 1695 4624 stabiliter
1723 4566 1902 4623 facias
1934 4582 2065 4639 per-

412 4683 670 4725 manere.
706 4667 963 4722 Fratrem
992 4676 1224 4735 quoque
1254 4663 1422 4714 tuum
1454 4661 1757 4730 Hugonem
1788 4654 2061 4712 comitem

410 4754 805 4830 [Trecensem]
845 4757 967 4808 tam
1016 4768 1116 4823 per
1165 4765 1271 4804 nos
1318 4762 1494 4819 quam
1542 4762 1646 4818 per
1691 4750 1746 4801 te
1793 4747 2061 4818 rogatum

409 4845 707 4910 volumus,
739 4847 807 4898 ut
833 4840 1099 4897 eumdem
1134 4837 1327 4893 locum
1362 4853 1464 4910 pro
1493 4838 1701 4891 animis
1729 4851 1847 4890 suae
1875 4834 2063 4890 salute

412 4938 648 4990 tueatur
677 4935 735 4988 et
758 4933 1042 5003 protegat,
1057 4933 1113 4983 et
1135 4926 1501 4982 infestatores
1531 4916 1660 4996 ejus
1683 4923 1922 4980 brachio
1942 4940 2060 4979 sua:

415 5021 721 5094 potestatis
753 5021 1032 5074 coerceat.

486 5109 632 5164 Data
661 5107 1008 5179 Andegavis,
1041 5124 1077 5160 v
1107 5107 1244 5162 ldus
1267 5103 1585 5162 Februarii.

1107 5195 1364 5251 CLXXV.

415 5285 782 5356 Privilegium
809 5283 881 5338 ab
916 5283 1127 5340 Urbano
1155 5284 1207 5340 ll
1234 5280 1662 5356 monasteries.
1692 5280 1909 5356 Nicolai
1934 5295 2061 5334 con-

486 5352 714 5423 cessam,
741 5355 894 5411 salva
939 5357 1172 5428 episwpi
1217 5355 1616 5424 Andegavensis
1665 5352 1934 5406 canonica
1978 5366 2061 5405 re-

487 5430 751 5486 verentia.

1039 5499 1224 5570 (Anno
1258 5497 1442 5564 1096.)

516 5589 724 5662 [Ps'rm
760 5586 1013 5645 Theodori
1039 5587 1440 5654 Pwnitentialc,
1474 5587 1593 5637 tom
1626 5580 1692 5648 II,
1727 5598 1781 5652 p.
1815 5581 1966 5652 612.]

490 5679 766 5738 Uasmus
796 5679 1345 5751 episcopus,servus
1372 5686 1670 5731 servorum
1702 5669 1824 5743 Dei,
1855 5670 2066 5726 dilecto

2167 3361 2239 3415 ad
2271 3376 2400 3415 eam
2449 3357 2740 3430 pertinent
2797 3358 2870 3412 de
2930 3355 3326 3430 Guilguenna;
3376 3356 3437 3412 in
3485 3356 3788 3428 episcopatu

2167 3446 2536 3504 Costronensi
2586 3445 2893 3502 ecclesiam
2943 3446 3013 3501 de
3059 3445 3506 3513 Quircheberia;
3540 3444 3596 3498 in
3643 3436 3788 3496 Gual-

2168 3537 2260 3604 lis,
2311 3537 2369 3591 in
2421 3535 2758 3608 episcopatu
2806 3535 2878 3591 de
2925 3533 3373 3606 Glumnorgant,
3409 3529 3698 3589 ecclesiam
3735 3525 3790 3580 de

2168 3625 2422 3682 Caillone
2480 3640 2613 3680 cum
2669 3623 3029 3696 appendiciis
3083 3628 3139 3677 et
3195 3621 3664 3695 possessionibus
3709 3631 3788 3671 ea-

2170 3732 2322 3772 rum.
3617 3758 3620 3760 γ

2239 3805 2436 3876 Ipsum
2471 3803 2667 3873 itaque
2699 3799 2892 3856 locum
2927 3795 3715 3867 visitandum,honorandum
3736 3805 3787 3847 ac

2168 3892 2591 3967 protegendum
2606 3889 2891 3945 universis
2919 3889 3190 3946 ﬁdelibus
3203 3887 3786 3953 commendamus,pro

2168 3983 2340 4053 cujus
2373 3979 2696 4037 devotionis
2712 3977 3505 4051 beneﬁcio,etomnipotentis
3526 3971 3622 4030 Dei
3641 3971 3786 4027 mise-

2169 4070 2501 4134 ricordia,et
2529 4065 3028 4139 SS.apostolorum
3062 4067 3408 4124 auctoritate
3444 4065 3678 4121 fidentes
3705 4071 3788 4130 per

2169 4158 2323 4216 beati
2356 4155 2655 4213 Michaelis
2686 4154 2912 4221 merita,
2939 4154 3149 4227 judicii
3180 4171 3283 4227 pro
3315 4153 3564 4228 peccatis
3596 4141 3786 4217 accepti

2171 4253 2396 4321 partem
2429 4245 2740 4318 septimam
2772 4243 2889 4300 illis
2922 4242 3404 4316 rcmittimus,qui
3431 4242 3490 4297 in
3513 4232 3788 4296 dedicatio-

2172 4337 2260 4393 nis
2301 4336 2394 4391 die
2446 4333 2641 4389 animo
2687 4334 2890 4389 devoto
2941 4333 3054 4388 huc
3103 4332 3408 4388 convenire
3458 4323 3786 4385 curaverint;

2171 4443 2238 4482 eo
2265 4425 2545 4480 nimirum
2579 4430 2796 4490 ten-ore,
2830 4439 2894 4477 ιιι
2923 4421 3014 4478 die
3045 4422 3171 4494 ipso
3220 4435 3503 4495 pauperes
3551 4415 3717 4472 abbas
3745 4411 3789 4495 et

2173 4513 2444 4570 monachi
2479 4515 2801 4584 pascant,et
2830 4511 2923 4567 die
2951 4511 3129 4567 altero
3161 4494 3420 4582 psalmos
3442 4494 3788 4564 cum‘lita‘niis

2093 4626 2142 4692 ο
2173 4607 2396 4692 septem
2427 4601 2486 4657 in
2519 4604 2806 4658 conventu
2838 4601 3228 4668 decantent,et
3262 4600 3504 4656 missam
3525 4587 3789 4692 publica?
3868 4619 3869 4626 η

2172 4672 2486 4762 celebrent,
2519 4706 2667 4764 quos
2700 4689 2953 4762 profecto
2979 4706 3183 4746 omnes
3215 4689 3406 4746 eundo
3436 4689 3493 4742 et
3523 4672 3788 4740 redeundo

2172 4781 2243 4837 ab
2257 4779 2548 4836 adversari
2558 4779 2605 4834 is
2621 4780 3027 4850 cujuscunque
3041 4795 3278 4834 securos
3291 4791 3417 4834 esse
3426 4767 3783 4848 praecipimus.

2170 4871 2255 4926 Ad
2308 4869 2430 4925 haec
2483 4867 2824 4941 adjicientes
2874 4866 3236 4923 decrevimus
3287 4870 3352 4922 ut
3399 4860 3538 4919 nulli
3576 4850 3783 4941 omnin?

2170 4959 2478 5016 hominum
2497 4938 2667 5014 liceat
2688 4957 2746 5013 id
2768 4955 3098 5012 coenobium
3122 4961 3337 5012 temere
3355 4938 3782 5033 perturbatam".t

2171 5050 2299 5120 ejus
2326 5047 2728 5121 possessiones
2759 5046 3008 5114 auferre,
3041 5045 3130 5101 vel
3161 5045 3387 5101 ablatas
3415 5038 3666 5104 retinere,
3695 5040 3781 5121 ml:

2173 5152 2372 5203 nuere,
2407 5136 2497 5192 vel
2547 5134 2876 5191 temerariis
2934 5133 3337 5190 vexationibus
3387 5129 3639 5198 fatigare;
3693 5109 3775 5170 εδδ

2171 5225 2371 5283 omnia
2413 5225 2636 5296 integra
2684 5226 3097 5279 conserventur
3157 5240 3357 5279 eorum
3409 5233 3509 5292 pro
3561 5212 3776 5296 quoﬁum

2172 5315 2596 5372 sustentatione
2626 5317 2681 5370 et
2713 5312 3135 5385 gubernatione
3155 5325 3430 5368 concessa
3447 5288 3777 5380 ευηινυείδυῗ

2173 5403 2525 5460 omnimodis
2557 5401 2878 5475 profutura,
2915 5400 3077 5458 salva
3105 5392 3529 5474 Andegavensis
3556 5385 3776 5459 θρίωορι

2174 5492 2454 5550 canonica
2483 5490 2824 5548 reverentia.
3717 5549 3726 5560 '

2246 5585 2456 5637 Datum
2491 5579 2645 5652 apud
2690 5576 3058 5635 Sableulium
3120 5593 3225 5652 per
3269 5585 3500 5633 manum
3545 5563 3772 5652 Joannlﬁi

2176 5673 2389 5729 sanctae
2446 5671 2718 5727 Romanae
2768 5665 3035 5726 Ecclesiae
3087 5645 3316 5725 diaconi
3365 5645 3771 5718 caudicali-‘3,"VI
