  <div class='ocr_page' id='page_1' title='image "/cluster/home/n/w/nwhite01/storage/ocr_20150623/151/uva.x000829795/248.png"; bbox 0 0 3928 6208; ppageno 0'>
   <div class='ocr_carea' id='block_1_1' title="bbox 134 268 234 327">
    <p class='ocr_par' dir='ltr' id='par_1_1' title="bbox 134 268 234 327">
     <span class='ocr_line' id='line_1_1' title="bbox 134 268 234 327; baseline -0.01 -1"><span class='ocrx_word' id='word_1_1' title='bbox 134 268 234 327; x_wconf 69' lang='lat' dir='ltr'>HQ</span> 
     </span>
    </p>
   </div>
   <div class='ocr_carea' id='block_1_2' title="bbox 1297 256 2358 323">
    <p class='ocr_par' dir='ltr' id='par_1_2' title="bbox 1297 256 2358 323">
     <span class='ocr_line' id='line_1_2' title="bbox 1297 256 2358 323; baseline -0.001 -1"><span class='ocrx_word' id='word_1_2' title='bbox 1297 257 1702 323; x_wconf 69' lang='lat' dir='ltr'>EPISTOL/E</span> <span class='ocrx_word' id='word_1_3' title='bbox 1747 256 1841 320; x_wconf 79' lang='lat' dir='ltr'>ET</span> <span class='ocrx_word' id='word_1_4' title='bbox 1885 258 2358 322; x_wconf 80' lang='lat' dir='ltr'>PRIVILEGIA.</span> 
     </span>
    </p>
   </div>
   <div class='ocr_carea' id='block_1_3' title="bbox 3401 265 3520 326">
    <p class='ocr_par' dir='ltr' id='par_1_3' title="bbox 3401 265 3520 326">
     <span class='ocr_line' id='line_1_3' title="bbox 3401 265 3520 326; baseline 0.008 -1"><span class='ocrx_word' id='word_1_5' title='bbox 3401 265 3520 326; x_wconf 73' lang='grc' dir='ltr'>4ὅο</span> 
     </span>
    </p>
   </div>
   <div class='ocr_carea' id='block_1_4' title="bbox 150 361 3520 468">
    <p class='ocr_par' dir='ltr' id='par_1_4' title="bbox 150 361 3520 468">
     <span class='ocr_line' id='line_1_4' title="bbox 150 361 3520 468; baseline 0.001 -16"><span class='ocrx_word' id='word_1_6' title='bbox 150 397 368 454; x_wconf 78' lang='lat' dir='ltr'>Kalend.</span> <span class='ocrx_word' id='word_1_7' title='bbox 401 396 533 468; x_wconf 56' lang='grc' dir='ltr'>(Ω),</span> <span class='ocrx_word' id='word_1_8' title='bbox 564 395 769 452; x_wconf 75' lang='grc' dir='ltr'>Ξηάίοῐ.</span> <span class='ocrx_word' id='word_1_9' title='bbox 801 409 879 466; x_wconf 78' lang='grc' dir='ltr'>ιν,</span> <span class='ocrx_word' id='word_1_10' title='bbox 905 411 1058 451; x_wconf 88' lang='lat' dir='ltr'>anno</span> <span class='ocrx_word' id='word_1_11' title='bbox 1091 394 1316 451; x_wconf 89' lang='lat' dir='ltr'>Domini</span> <span class='ocrx_word' id='word_1_12' title='bbox 1358 395 1508 460; x_wconf 77' lang='lat'>1096,</span> <span class='ocrx_word' id='word_1_13' title='bbox 1542 393 1767 468; x_wconf 87' lang='lat' dir='ltr'>pontiﬁ-</span> <span class='ocrx_word' id='word_1_14' title='bbox 1793 392 1850 461; x_wconf 78' lang='grc' dir='ltr'><strong>Α</strong></span> <span class='ocrx_word' id='word_1_15' title='bbox 1881 393 2140 449; x_wconf 73' lang='lat' dir='ltr'>studiose</span> <span class='ocrx_word' id='word_1_16' title='bbox 2171 393 2521 461; x_wconf 81' lang='lat' dir='ltr'>notavimus,</span> <span class='ocrx_word' id='word_1_17' title='bbox 2556 394 2774 451; x_wconf 78' lang='lat' dir='ltr'>nostris</span> <span class='ocrx_word' id='word_1_18' title='bbox 2802 396 3220 454; x_wconf 90' lang='lat' dir='ltr'>cardinalibus.</span> <span class='ocrx_word' id='word_1_19' title='bbox 3255 361 3520 455; x_wconf 83' lang='lat' dir='ltr'>Teuzone</span> 
     </span>
    </p>
   </div>
   <div class='ocr_carea' id='block_1_5' title="bbox 145 484 1438 556">
    <p class='ocr_par' dir='ltr' id='par_1_5' title="bbox 145 484 1438 556">
     <span class='ocr_line' id='line_1_5' title="bbox 145 484 1438 556; baseline -0.005 -12"><span class='ocrx_word' id='word_1_20' title='bbox 145 492 293 544; x_wconf 81' lang='lat' dir='ltr'>catus</span> <span class='ocrx_word' id='word_1_21' title='bbox 321 489 516 544; x_wconf 82' lang='lat' dir='ltr'>autem</span> <span class='ocrx_word' id='word_1_22' title='bbox 550 484 768 542; x_wconf 82' lang='lat' dir='ltr'>demini</span> <span class='ocrx_word' id='word_1_23' title='bbox 800 484 1017 542; x_wconf 87' lang='lat' dir='ltr'>Urbani</span> <span class='ocrx_word' id='word_1_24' title='bbox 1050 486 1094 542; x_wconf 89' lang='lat' dir='ltr'><strong>Il</strong></span> <span class='ocrx_word' id='word_1_25' title='bbox 1124 501 1284 556; x_wconf 64' lang='lat' dir='ltr'>papae</span> <span class='ocrx_word' id='word_1_26' title='bbox 1316 498 1438 540; x_wconf 85' lang='lat' dir='ltr'>vm.</span> 
     </span>
    </p>
   </div>
   <div class='ocr_carea' id='block_1_6' title="bbox 779 591 1076 647">
    <p class='ocr_par' dir='ltr' id='par_1_6' title="bbox 779 591 1076 647">
     <span class='ocr_line' id='line_1_6' title="bbox 779 591 1076 647; baseline -0.003 0"><span class='ocrx_word' id='word_1_27' title='bbox 779 591 1076 647; x_wconf 81' lang='lat' dir='ltr'>CLXXVI.</span> 
     </span>
    </p>
   </div>
   <div class='ocr_carea' id='block_1_7' title="bbox 145 680 1772 763">
    <p class='ocr_par' dir='ltr' id='par_1_7' title="bbox 145 680 1772 763">
     <span class='ocr_line' id='line_1_7' title="bbox 145 680 1772 763; baseline -0.003 -25"><span class='ocrx_word' id='word_1_28' title='bbox 145 682 331 739; x_wconf 66' lang='lat' dir='ltr'>Urbani</span> <span class='ocrx_word' id='word_1_29' title='bbox 385 683 440 738; x_wconf 89' lang='lat' dir='ltr'><strong>II</strong></span> <span class='ocrx_word' id='word_1_30' title='bbox 491 682 720 753; x_wconf 79' lang='lat' dir='ltr'>epistola</span> <span class='ocrx_word' id='word_1_31' title='bbox 777 682 846 735; x_wconf 82' lang='lat' dir='ltr'>ad</span> <span class='ocrx_word' id='word_1_32' title='bbox 913 682 1286 763; x_wconf 70' lang='lat' dir='ltr'>suﬂ‘raganeos</span> <span class='ocrx_word' id='word_1_33' title='bbox 1356 680 1608 736; x_wconf 73' lang='lat' dir='ltr'>Ecclesiae</span> <span class='ocrx_word' id='word_1_34' title='bbox 1669 680 1772 733; x_wconf 83' lang='lat' dir='ltr'>Re-</span> 
     </span>
    </p>
   </div>
   <div class='ocr_carea' id='block_1_8' title="bbox 828 768 1047 808">
    <p class='ocr_par' dir='ltr' id='par_1_8' title="bbox 828 768 1047 808">
     <span class='ocr_line' id='line_1_8' title="bbox 828 768 1047 808; baseline -0.005 0"><span class='ocrx_word' id='word_1_35' title='bbox 828 768 1047 808; x_wconf 72' lang='lat' dir='ltr'>meum.</span> 
     </span>
    </p>
   </div>
   <div class='ocr_carea' id='block_1_9' title="bbox 740 842 1145 912">
    <p class='ocr_par' dir='ltr' id='par_1_9' title="bbox 740 842 1145 912">
     <span class='ocr_line' id='line_1_9' title="bbox 740 842 1145 912; baseline -0.002 -15"><span class='ocrx_word' id='word_1_36' title='bbox 740 843 928 912; x_wconf 86' lang='lat' dir='ltr'>(Anno</span> <span class='ocrx_word' id='word_1_37' title='bbox 963 842 1145 910; x_wconf 85' lang='grc'>1096.)</span> 
     </span>
    </p>
   </div>
   <div class='ocr_carea' id='block_1_10' title="bbox 536 928 1344 1003">
    <p class='ocr_par' dir='ltr' id='par_1_10' title="bbox 536 928 1344 1003">
     <span class='ocr_line' id='line_1_10' title="bbox 536 928 1344 1003; baseline -0.002 -18"><span class='ocrx_word' id='word_1_38' title='bbox 536 928 794 1003; x_wconf 75' lang='grc' dir='ltr'>[ΒΑιυΖ.,</span> <span class='ocrx_word' id='word_1_39' title='bbox 828 931 1056 988; x_wconf 68' lang='lat' dir='ltr'>Misce“.</span> <span class='ocrx_word' id='word_1_40' title='bbox 1091 929 1163 999; x_wconf 88' lang='lat' dir='ltr'><strong>II,</strong></span> <span class='ocrx_word' id='word_1_41' title='bbox 1197 930 1344 999; x_wconf 75' lang='lat'>139.]</span> 
     </span>
    </p>
   </div>
   <div class='ocr_carea' id='block_1_11' title="bbox 200 1016 1771 1091">
    <p class='ocr_par' dir='ltr' id='par_1_11' title="bbox 200 1016 1771 1091">
     <span class='ocr_line' id='line_1_11' title="bbox 200 1016 1771 1091; baseline -0.002 -17"><span class='ocrx_word' id='word_1_42' title='bbox 200 1018 467 1077; x_wconf 65' lang='lat' dir='ltr'>Uasaxvs</span> <span class='ocrx_word' id='word_1_43' title='bbox 486 1020 828 1091; x_wconf 87' lang='lat' dir='ltr'>episcopus,</span> <span class='ocrx_word' id='word_1_44' title='bbox 851 1035 1054 1075; x_wconf 89' lang='lat' dir='ltr'>servu</span> <span class='ocrx_word' id='word_1_45' title='bbox 1076 1035 1373 1074; x_wconf 87' lang='lat' dir='ltr'>servorum</span> <span class='ocrx_word' id='word_1_46' title='bbox 1398 1017 1520 1088; x_wconf 86' lang='lat' dir='ltr'>Dei,</span> <span class='ocrx_word' id='word_1_47' title='bbox 1543 1016 1771 1072; x_wconf 84' lang='lat' dir='ltr'>dilectis</span> 
     </span>
    </p>
   </div>
   <div class='ocr_carea' id='block_1_12' title="bbox 136 1105 1768 1179">
    <p class='ocr_par' dir='ltr' id='par_1_12' title="bbox 136 1105 1768 1179">
     <span class='ocr_line' id='line_1_12' title="bbox 136 1105 1768 1179; baseline -0.001 -17"><span class='ocrx_word' id='word_1_48' title='bbox 136 1108 394 1164; x_wconf 81' lang='lat' dir='ltr'>fratribus</span> <span class='ocrx_word' id='word_1_49' title='bbox 471 1111 532 1162; x_wconf 89' lang='lat' dir='ltr'>et</span> <span class='ocrx_word' id='word_1_50' title='bbox 608 1107 972 1179; x_wconf 78' lang='lat' dir='ltr'>coepiscopis</span> <span class='ocrx_word' id='word_1_51' title='bbox 1040 1107 1264 1163; x_wconf 79' lang='lat' dir='ltr'>Hueom</span> <span class='ocrx_word' id='word_1_52' title='bbox 1339 1105 1768 1171; x_wconf 86' lang='lat' dir='ltr'>Suessionensi,</span> 
     </span>
    </p>
   </div>
   <div class='ocr_carea' id='block_1_13' title="bbox 137 1194 1767 1263">
    <p class='ocr_par' dir='ltr' id='par_1_13' title="bbox 137 1194 1767 1263">
     <span class='ocr_line' id='line_1_13' title="bbox 137 1194 1767 1263; baseline -0.002 -11"><span class='ocrx_word' id='word_1_53' title='bbox 137 1197 426 1252; x_wconf 67' lang='lat' dir='ltr'>Lmeswro</span> <span class='ocrx_word' id='word_1_54' title='bbox 505 1196 876 1252; x_wconf 82' lang='lat' dir='ltr'>Atrebatensi</span> <span class='ocrx_word' id='word_1_55' title='bbox 907 1239 920 1263; x_wconf 96' lang='lat'>,</span> <span class='ocrx_word' id='word_1_56' title='bbox 984 1196 1255 1251; x_wconf 78' lang='lat' dir='ltr'>PHILIPPO</span> <span class='ocrx_word' id='word_1_57' title='bbox 1312 1194 1719 1251; x_wconf 87' lang='lat' dir='ltr'>Catalaunensi</span> <span class='ocrx_word' id='word_1_58' title='bbox 1755 1237 1767 1261; x_wconf 97' lang='lat'>,</span> 
     </span>
    </p>
   </div>
   <div class='ocr_carea' id='block_1_14' title="bbox 131 1283 1769 1357">
    <p class='ocr_par' dir='ltr' id='par_1_14' title="bbox 131 1283 1769 1357">
     <span class='ocr_line' id='line_1_14' title="bbox 131 1283 1769 1357; baseline 0 -18"><span class='ocrx_word' id='word_1_59' title='bbox 131 1289 385 1342; x_wconf 68' lang='lat' dir='ltr'>Gsuaoo</span> <span class='ocrx_word' id='word_1_60' title='bbox 414 1285 762 1352; x_wconf 83' lang='lat' dir='ltr'>Morinensi,</span> <span class='ocrx_word' id='word_1_61' title='bbox 796 1284 1136 1357; x_wconf 79' lang='lat' dir='ltr'>caeterisque</span> <span class='ocrx_word' id='word_1_62' title='bbox 1169 1284 1472 1340; x_wconf 67' lang='lat' dir='ltr'>Remensis</span> <span class='ocrx_word' id='word_1_63' title='bbox 1502 1283 1769 1339; x_wconf 82' lang='lat' dir='ltr'>Ecclesiae</span> 
     </span>
    </p>
   </div>
   <div class='ocr_carea' id='block_1_15' title="bbox 132 1372 1769 1447">
    <p class='ocr_par' dir='ltr' id='par_1_15' title="bbox 132 1372 1769 1447">
     <span class='ocr_line' id='line_1_15' title="bbox 132 1372 1769 1447; baseline -0.001 -19"><span class='ocrx_word' id='word_1_64' title='bbox 132 1374 505 1447; x_wconf 84' lang='lat' dir='ltr'>sull&#39;raganeis</span> <span class='ocrx_word' id='word_1_65' title='bbox 538 1417 553 1442; x_wconf 93' lang='lat'>,</span> <span class='ocrx_word' id='word_1_66' title='bbox 589 1372 840 1431; x_wconf 76' lang='lat' dir='ltr'>salutem</span> <span class='ocrx_word' id='word_1_67' title='bbox 873 1378 930 1429; x_wconf 88' lang='lat' dir='ltr'>et</span> <span class='ocrx_word' id='word_1_68' title='bbox 978 1372 1357 1446; x_wconf 78' lang='lat' dir='ltr'>apostolicam</span> <span class='ocrx_word' id='word_1_69' title='bbox 1418 1372 1769 1428; x_wconf 85' lang='lat' dir='ltr'>benedictio-</span> 
     </span>
    </p>
   </div>
   <div class='ocr_carea' id='block_1_16' title="bbox 133 1479 269 1519">
    <p class='ocr_par' dir='ltr' id='par_1_16' title="bbox 133 1479 269 1519">
     <span class='ocr_line' id='line_1_16' title="bbox 133 1479 269 1519; baseline 0 -2"><span class='ocrx_word' id='word_1_70' title='bbox 133 1479 247 1519; x_wconf 83' lang='lat' dir='ltr'>nem</span> <span class='ocrx_word' id='word_1_71' title='bbox 255 1505 269 1517; x_wconf 90' lang='lat'>.</span> 
     </span>
    </p>
   </div>
   <div class='ocr_carea' id='block_1_17' title="bbox 189 1551 1770 1622">
    <p class='ocr_par' dir='ltr' id='par_1_17' title="bbox 189 1551 1770 1622">
     <span class='ocr_line' id='line_1_17' title="bbox 189 1551 1770 1622; baseline -0.001 -16"><span class='ocrx_word' id='word_1_72' title='bbox 189 1551 543 1622; x_wconf 85' lang='lat' dir='ltr'>Seripsimus</span> <span class='ocrx_word' id='word_1_73' title='bbox 572 1568 761 1622; x_wconf 87' lang='lat' dir='ltr'>nuper</span> <span class='ocrx_word' id='word_1_74' title='bbox 781 1551 1127 1606; x_wconf 74' lang='lat' dir='ltr'>fraternitati</span> <span class='ocrx_word' id='word_1_75' title='bbox 1161 1556 1387 1618; x_wconf 79' lang='lat' dir='ltr'>vestrae,</span> <span class='ocrx_word' id='word_1_76' title='bbox 1419 1555 1475 1606; x_wconf 88' lang='lat' dir='ltr'>et</span> <span class='ocrx_word' id='word_1_77' title='bbox 1503 1567 1634 1606; x_wconf 89' lang='lat' dir='ltr'>ecce</span> <span class='ocrx_word' id='word_1_78' title='bbox 1662 1551 1770 1605; x_wconf 90' lang='lat' dir='ltr'>ite-</span> 
     </span>
    </p>
   </div>
   <div class='ocr_carea' id='block_1_18' title="bbox 133 1639 1768 1711">
    <p class='ocr_par' dir='ltr' id='par_1_18' title="bbox 133 1639 1768 1711">
     <span class='ocr_line' id='line_1_18' title="bbox 133 1639 1768 1711; baseline 0 -17"><span class='ocrx_word' id='word_1_79' title='bbox 133 1656 244 1696; x_wconf 85' lang='lat' dir='ltr'>rum</span> <span class='ocrx_word' id='word_1_80' title='bbox 273 1640 616 1707; x_wconf 83' lang='lat' dir='ltr'>scribimus,</span> <span class='ocrx_word' id='word_1_81' title='bbox 653 1657 724 1695; x_wconf 91' lang='lat' dir='ltr'>ne</span> <span class='ocrx_word' id='word_1_82' title='bbox 777 1639 1095 1711; x_wconf 85' lang='lat' dir='ltr'>cujuslibet</span> <span class='ocrx_word' id='word_1_83' title='bbox 1151 1640 1474 1696; x_wconf 80' lang='lat' dir='ltr'>occasionis</span> <span class='ocrx_word' id='word_1_84' title='bbox 1529 1641 1768 1694; x_wconf 87' lang='lat' dir='ltr'>obtentu</span> 
     </span>
    </p>
   </div>
   <div class='ocr_carea' id='block_1_19' title="bbox 129 1728 1769 1799">
    <p class='ocr_par' dir='ltr' id='par_1_19' title="bbox 129 1728 1769 1799">
     <span class='ocr_line' id='line_1_19' title="bbox 129 1728 1769 1799; baseline 0 -16"><span class='ocrx_word' id='word_1_85' title='bbox 129 1728 422 1785; x_wconf 82' lang='lat' dir='ltr'>veneralibi</span> <span class='ocrx_word' id='word_1_86' title='bbox 454 1728 744 1784; x_wconf 85' lang='lat' dir='ltr'>confratri</span> <span class='ocrx_word' id='word_1_87' title='bbox 775 1733 974 1783; x_wconf 87' lang='lat' dir='ltr'>nostro</span> <span class='ocrx_word' id='word_1_88' title='bbox 1006 1729 1255 1783; x_wconf 81' lang='lat' dir='ltr'>Manassi</span> <span class='ocrx_word' id='word_1_89' title='bbox 1289 1729 1348 1783; x_wconf 90' lang='lat' dir='ltr'>in</span> <span class='ocrx_word' id='word_1_90' title='bbox 1381 1728 1769 1799; x_wconf 87' lang='lat' dir='ltr'>archiepisco—</span> 
     </span>
    </p>
   </div>
   <div class='ocr_carea' id='block_1_20' title="bbox 135 1815 1773 1889">
    <p class='ocr_par' dir='ltr' id='par_1_20' title="bbox 135 1815 1773 1889">
     <span class='ocr_line' id='line_1_20' title="bbox 135 1815 1773 1889; baseline 0.001 -19"><span class='ocrx_word' id='word_1_91' title='bbox 135 1834 255 1887; x_wconf 89' lang='lat' dir='ltr'>pum</span> <span class='ocrx_word' id='word_1_92' title='bbox 281 1821 484 1874; x_wconf 87' lang='lat' dir='ltr'>vestrae</span> <span class='ocrx_word' id='word_1_93' title='bbox 523 1815 871 1888; x_wconf 83' lang='lat' dir='ltr'>metrOpolis</span> <span class='ocrx_word' id='word_1_94' title='bbox 904 1833 1004 1887; x_wconf 88' lang='lat' dir='ltr'>per</span> <span class='ocrx_word' id='word_1_95' title='bbox 1034 1816 1289 1871; x_wconf 77' lang='lat' dir='ltr'>divinam</span> <span class='ocrx_word' id='word_1_96' title='bbox 1321 1817 1564 1889; x_wconf 82' lang='lat' dir='ltr'>gratiam</span> <span class='ocrx_word' id='word_1_97' title='bbox 1595 1815 1773 1872; x_wconf 87' lang='lat' dir='ltr'>electo</span> 
     </span>
    </p>
   </div>
   <div class='ocr_carea' id='block_1_21' title="bbox 132 1905 1771 1976">
    <p class='ocr_par' dir='ltr' id='par_1_21' title="bbox 132 1905 1771 1976">
     <span class='ocr_line' id='line_1_21' title="bbox 132 1905 1771 1976; baseline 0 -16"><span class='ocrx_word' id='word_1_98' title='bbox 132 1907 266 1976; x_wconf 86' lang='lat' dir='ltr'>quod</span> <span class='ocrx_word' id='word_1_99' title='bbox 296 1906 473 1963; x_wconf 83' lang='lat' dir='ltr'>vestri</span> <span class='ocrx_word' id='word_1_100' title='bbox 507 1905 698 1961; x_wconf 83' lang='lat' dir='ltr'>ofﬁcii</span> <span class='ocrx_word' id='word_1_101' title='bbox 718 1905 999 1960; x_wconf 88' lang='lat' dir='ltr'>interesse</span> <span class='ocrx_word' id='word_1_102' title='bbox 1021 1905 1373 1976; x_wconf 86' lang='lat' dir='ltr'>cognoscitis</span> <span class='ocrx_word' id='word_1_103' title='bbox 1388 1905 1771 1962; x_wconf 89' lang='lat' dir='ltr'>subtrahatis.</span> 
     </span>
    </p>
   </div>
   <div class='ocr_carea' id='block_1_22' title="bbox 135 1992 1775 2064">
    <p class='ocr_par' dir='ltr' id='par_1_22' title="bbox 135 1992 1775 2064">
     <span class='ocr_line' id='line_1_22' title="bbox 135 1992 1775 2064; baseline -0.001 -13"><span class='ocrx_word' id='word_1_104' title='bbox 135 1995 228 2051; x_wconf 84' lang='lat' dir='ltr'>Per</span> <span class='ocrx_word' id='word_1_105' title='bbox 253 1993 654 2051; x_wconf 81' lang='lat' dir='ltr'>obedientiam</span> <span class='ocrx_word' id='word_1_106' title='bbox 687 1992 868 2064; x_wconf 86' lang='lat' dir='ltr'>igitur</span> <span class='ocrx_word' id='word_1_107' title='bbox 899 2010 1076 2064; x_wconf 88' lang='lat' dir='ltr'>quam</span> <span class='ocrx_word' id='word_1_108' title='bbox 1133 1993 1256 2049; x_wconf 87' lang='lat' dir='ltr'>sedi</span> <span class='ocrx_word' id='word_1_109' title='bbox 1290 1993 1617 2064; x_wconf 83' lang='lat' dir='ltr'>apostolicae</span> <span class='ocrx_word' id='word_1_110' title='bbox 1675 2010 1775 2049; x_wconf 91' lang='lat' dir='ltr'>vos</span> 
     </span>
    </p>
   </div>
   <div class='ocr_carea' id='block_1_23' title="bbox 134 2080 1775 2154">
    <p class='ocr_par' dir='ltr' id='par_1_23' title="bbox 134 2080 1775 2154">
     <span class='ocr_line' id='line_1_23' title="bbox 134 2080 1775 2154; baseline 0.001 -18"><span class='ocrx_word' id='word_1_111' title='bbox 134 2083 320 2138; x_wconf 87' lang='lat' dir='ltr'>debere</span> <span class='ocrx_word' id='word_1_112' title='bbox 345 2099 460 2138; x_wconf 89' lang='lat' dir='ltr'>non</span> <span class='ocrx_word' id='word_1_113' title='bbox 495 2081 790 2154; x_wconf 82' lang='lat' dir='ltr'>ignoratis</span> <span class='ocrx_word' id='word_1_114' title='bbox 820 2080 1114 2138; x_wconf 89' lang='lat' dir='ltr'>dilectioni</span> <span class='ocrx_word' id='word_1_115' title='bbox 1155 2085 1358 2137; x_wconf 77' lang='lat' dir='ltr'>vestrae</span> <span class='ocrx_word' id='word_1_116' title='bbox 1402 2081 1775 2154; x_wconf 84' lang='lat' dir='ltr'>praecipimus</span> 
     </span>
    </p>
   </div>
   <div class='ocr_carea' id='block_1_24' title="bbox 134 2170 1773 2244">
    <p class='ocr_par' dir='ltr' id='par_1_24' title="bbox 134 2170 1773 2244">
     <span class='ocr_line' id='line_1_24' title="bbox 134 2170 1773 2244; baseline -0.001 -18"><span class='ocrx_word' id='word_1_117' title='bbox 134 2177 189 2226; x_wconf 86' lang='lat' dir='ltr'>ut</span> <span class='ocrx_word' id='word_1_118' title='bbox 215 2189 559 2244; x_wconf 86' lang='lat' dir='ltr'>quocunque</span> <span class='ocrx_word' id='word_1_119' title='bbox 598 2171 660 2225; x_wconf 91' lang='lat' dir='ltr'>in</span> <span class='ocrx_word' id='word_1_120' title='bbox 685 2175 946 2242; x_wconf 87' lang='lat' dir='ltr'>tempore</span> <span class='ocrx_word' id='word_1_121' title='bbox 967 2171 1038 2226; x_wconf 84' lang='lat' dir='ltr'>ad</span> <span class='ocrx_word' id='word_1_122' title='bbox 1064 2170 1488 2226; x_wconf 88' lang='lat' dir='ltr'>ordinationem</span> <span class='ocrx_word' id='word_1_123' title='bbox 1513 2188 1612 2226; x_wconf 90' lang='lat' dir='ltr'>seu</span> <span class='ocrx_word' id='word_1_124' title='bbox 1639 2189 1773 2227; x_wconf 90' lang='lat' dir='ltr'>con-</span> 
     </span>
    </p>
   </div>
   <div class='ocr_carea' id='block_1_25' title="bbox 136 2259 1774 2329">
    <p class='ocr_par' dir='ltr' id='par_1_25' title="bbox 136 2259 1774 2329">
     <span class='ocr_line' id='line_1_25' title="bbox 136 2259 1774 2329; baseline -0.001 -14"><span class='ocrx_word' id='word_1_125' title='bbox 136 2262 496 2318; x_wconf 85' lang='lat' dir='ltr'>secrationem</span> <span class='ocrx_word' id='word_1_126' title='bbox 529 2277 708 2316; x_wconf 87' lang='lat' dir='ltr'>suam</span> <span class='ocrx_word' id='word_1_127' title='bbox 735 2276 836 2316; x_wconf 89' lang='lat' dir='ltr'>vos</span> <span class='ocrx_word' id='word_1_128' title='bbox 869 2259 1253 2329; x_wconf 83' lang='lat' dir='ltr'>advocaverit,</span> <span class='ocrx_word' id='word_1_129' title='bbox 1286 2259 1557 2316; x_wconf 87' lang='lat' dir='ltr'>alacriter</span> <span class='ocrx_word' id='word_1_130' title='bbox 1577 2261 1648 2316; x_wconf 90' lang='lat' dir='ltr'>ad</span> <span class='ocrx_word' id='word_1_131' title='bbox 1667 2260 1774 2316; x_wconf 91' lang='lat' dir='ltr'>hoc</span> 
     </span>
    </p>
   </div>
   <div class='ocr_carea' id='block_1_26' title="bbox 136 2348 1773 2421">
    <p class='ocr_par' dir='ltr' id='par_1_26' title="bbox 136 2348 1773 2421">
     <span class='ocr_line' id='line_1_26' title="bbox 136 2348 1773 2421; baseline 0.001 -18"><span class='ocrx_word' id='word_1_132' title='bbox 136 2349 307 2421; x_wconf 88' lang='lat' dir='ltr'>ipsum</span> <span class='ocrx_word' id='word_1_133' title='bbox 337 2356 394 2407; x_wconf 91' lang='lat' dir='ltr'>et</span> <span class='ocrx_word' id='word_1_134' title='bbox 421 2349 710 2406; x_wconf 89' lang='lat' dir='ltr'>vivaciter</span> <span class='ocrx_word' id='word_1_135' title='bbox 754 2348 1094 2415; x_wconf 84' lang='lat' dir='ltr'>occurratis,</span> <span class='ocrx_word' id='word_1_136' title='bbox 1157 2349 1308 2403; x_wconf 89' lang='lat' dir='ltr'>sicut</span> <span class='ocrx_word' id='word_1_137' title='bbox 1338 2353 1394 2403; x_wconf 88' lang='lat' dir='ltr'>et</span> <span class='ocrx_word' id='word_1_138' title='bbox 1449 2350 1622 2404; x_wconf 83' lang='lat' dir='ltr'>vestri</span> <span class='ocrx_word' id='word_1_139' title='bbox 1683 2366 1773 2404; x_wconf 89' lang='lat' dir='ltr'>or-</span> 
     </span>
    </p>
   </div>
   <div class='ocr_carea' id='block_1_27' title="bbox 139 2438 1774 2513">
    <p class='ocr_par' dir='ltr' id='par_1_27' title="bbox 139 2438 1774 2513">
     <span class='ocr_line' id='line_1_27' title="bbox 139 2438 1774 2513; baseline 0.001 -21"><span class='ocrx_word' id='word_1_140' title='bbox 139 2440 275 2496; x_wconf 90' lang='lat' dir='ltr'>dinis</span> <span class='ocrx_word' id='word_1_141' title='bbox 303 2440 705 2513; x_wconf 83' lang='lat' dir='ltr'>integritatem</span> <span class='ocrx_word' id='word_1_142' title='bbox 741 2443 795 2492; x_wconf 89' lang='lat' dir='ltr'>et</span> <span class='ocrx_word' id='word_1_143' title='bbox 833 2439 1036 2508; x_wconf 79' lang='lat' dir='ltr'>gratiae</span> <span class='ocrx_word' id='word_1_144' title='bbox 1097 2441 1306 2492; x_wconf 76' lang='lat' dir='ltr'>nostrae</span> <span class='ocrx_word' id='word_1_145' title='bbox 1350 2438 1774 2509; x_wconf 88' lang='lat' dir='ltr'>plenitudinem</span> 
     </span>
    </p>
   </div>
   <div class='ocr_carea' id='block_1_28' title="bbox 137 2527 477 2584">
    <p class='ocr_par' dir='ltr' id='par_1_28' title="bbox 137 2527 477 2584">
     <span class='ocr_line' id='line_1_28' title="bbox 137 2527 477 2584; baseline 0.009 -3"><span class='ocrx_word' id='word_1_146' title='bbox 137 2527 477 2584; x_wconf 82' lang='lat' dir='ltr'>desideratis.</span> 
     </span>
    </p>
   </div>
   <div class='ocr_carea' id='block_1_29' title="bbox 202 2615 1180 2674">
    <p class='ocr_par' dir='ltr' id='par_1_29' title="bbox 202 2615 1180 2674">
     <span class='ocr_line' id='line_1_29' title="bbox 202 2615 1180 2674; baseline -0.005 -1"><span class='ocrx_word' id='word_1_147' title='bbox 202 2621 333 2674; x_wconf 87' lang='lat' dir='ltr'>Data</span> <span class='ocrx_word' id='word_1_148' title='bbox 361 2617 626 2674; x_wconf 88' lang='lat' dir='ltr'>Turonis</span> <span class='ocrx_word' id='word_1_149' title='bbox 657 2633 712 2672; x_wconf 80' lang='grc' dir='ltr'>ιν</span> <span class='ocrx_word' id='word_1_150' title='bbox 742 2616 938 2671; x_wconf 87' lang='lat' dir='ltr'>Nonas</span> <span class='ocrx_word' id='word_1_151' title='bbox 969 2615 1180 2670; x_wconf 86' lang='lat' dir='ltr'>Martii.</span> 
     </span>
    </p>
   </div>
   <div class='ocr_carea' id='block_1_30' title="bbox 791 2721 1098 2777">
    <p class='ocr_par' dir='ltr' id='par_1_30' title="bbox 791 2721 1098 2777">
     <span class='ocr_line' id='line_1_30' title="bbox 791 2721 1098 2777; baseline 0 0"><span class='ocrx_word' id='word_1_152' title='bbox 791 2721 1098 2777; x_wconf 82' lang='lat' dir='ltr'><strong>CLXXVII.</strong></span> 
     </span>
    </p>
   </div>
   <div class='ocr_carea' id='block_1_31' title="bbox 147 2811 1776 2884">
    <p class='ocr_par' dir='ltr' id='par_1_31' title="bbox 147 2811 1776 2884">
     <span class='ocr_line' id='line_1_31' title="bbox 147 2811 1776 2884; baseline 0.002 -17"><span class='ocrx_word' id='word_1_153' title='bbox 147 2813 326 2868; x_wconf 79' lang='lat' dir='ltr'>Urbani</span> <span class='ocrx_word' id='word_1_154' title='bbox 356 2816 406 2870; x_wconf 86' lang='grc'><em>11</em></span> <span class='ocrx_word' id='word_1_155' title='bbox 439 2812 679 2884; x_wconf 81' lang='lat' dir='ltr'>epistola</span> <span class='ocrx_word' id='word_1_156' title='bbox 709 2811 777 2865; x_wconf 83' lang='lat' dir='ltr'>ad</span> <span class='ocrx_word' id='word_1_157' title='bbox 814 2811 1020 2865; x_wconf 81' lang='lat' dir='ltr'>clerum</span> <span class='ocrx_word' id='word_1_158' title='bbox 1059 2812 1447 2884; x_wconf 82' lang='lat' dir='ltr'>Turonensem.</span> <span class='ocrx_word' id='word_1_159' title='bbox 1483 2843 1548 2853; x_wconf 92' lang='lat'><strong>—</strong></span> <span class='ocrx_word' id='word_1_160' title='bbox 1593 2815 1776 2870; x_wconf 85' lang='lat' dir='ltr'>Pri-vi-</span> 
     </span>
    </p>
   </div>
   <div class='ocr_carea' id='block_1_32' title="bbox 398 2883 1524 2957">
    <p class='ocr_par' dir='ltr' id='par_1_32' title="bbox 398 2883 1524 2957">
     <span class='ocr_line' id='line_1_32' title="bbox 398 2883 1524 2957; baseline -0.001 -18"><span class='ocrx_word' id='word_1_161' title='bbox 398 2883 551 2957; x_wconf 68' lang='lat' dir='ltr'>legia</span> <span class='ocrx_word' id='word_1_162' title='bbox 589 2883 915 2938; x_wconf 71' lang='lat' dir='ltr'>Turonensis</span> <span class='ocrx_word' id='word_1_163' title='bbox 945 2883 1192 2937; x_wconf 81' lang='lat' dir='ltr'>Ecclesiae</span> <span class='ocrx_word' id='word_1_164' title='bbox 1221 2883 1524 2952; x_wconf 82' lang='lat' dir='ltr'>conﬁrmat.</span> 
     </span>
    </p>
   </div>
   <div class='ocr_carea' id='block_1_33' title="bbox 751 2969 1155 3041">
    <p class='ocr_par' dir='ltr' id='par_1_33' title="bbox 751 2969 1155 3041">
     <span class='ocr_line' id='line_1_33' title="bbox 751 2969 1155 3041; baseline -0.002 -16"><span class='ocrx_word' id='word_1_165' title='bbox 751 2969 938 3031; x_wconf 88' lang='lat' dir='ltr'>(Anno</span> <span class='ocrx_word' id='word_1_166' title='bbox 971 2971 1155 3041; x_wconf 85' lang='grc'>1096.)</span> 
     </span>
    </p>
   </div>
   <div class='ocr_carea' id='block_1_34' title="bbox 545 3059 1344 3128">
    <p class='ocr_par' dir='ltr' id='par_1_34' title="bbox 545 3059 1344 3128">
     <span class='ocr_line' id='line_1_34' title="bbox 545 3059 1344 3128; baseline -0.003 -13"><span class='ocrx_word' id='word_1_167' title='bbox 545 3061 777 3128; x_wconf 55' lang='lat' dir='ltr'>[Manen</span> <span class='ocrx_word' id='word_1_168' title='bbox 813 3060 1020 3114; x_wconf 81' lang='lat' dir='ltr'>Concil.</span> <span class='ocrx_word' id='word_1_169' title='bbox 1053 3059 1165 3127; x_wconf 84' lang='grc' dir='ltr'>ΧΧ,</span> <span class='ocrx_word' id='word_1_170' title='bbox 1197 3060 1344 3126; x_wconf 84' lang='lat'>656.]</span> 
     </span>
    </p>
   </div>
   <div class='ocr_carea' id='block_1_35' title="bbox 202 3122 1848 3224">
    <p class='ocr_par' dir='ltr' id='par_1_35' title="bbox 202 3122 1848 3224">
     <span class='ocr_line' id='line_1_35' title="bbox 202 3122 1848 3224; baseline -0.001 -18"><span class='ocrx_word' id='word_1_171' title='bbox 202 3149 464 3208; x_wconf 74' lang='lat' dir='ltr'>URBANUB</span> <span class='ocrx_word' id='word_1_172' title='bbox 497 3150 836 3224; x_wconf 87' lang='lat' dir='ltr'>episcopus,</span> <span class='ocrx_word' id='word_1_173' title='bbox 871 3165 1076 3204; x_wconf 89' lang='lat' dir='ltr'>servus</span> <span class='ocrx_word' id='word_1_174' title='bbox 1119 3165 1420 3203; x_wconf 87' lang='lat' dir='ltr'>servorum</span> <span class='ocrx_word' id='word_1_175' title='bbox 1483 3149 1601 3215; x_wconf 90' lang='lat' dir='ltr'>Dei,</span> <span class='ocrx_word' id='word_1_176' title='bbox 1644 3148 1773 3204; x_wconf 92' lang='lat' dir='ltr'>uni-</span> <span class='ocrx_word' id='word_1_177' title='bbox 1806 3122 1848 3188; x_wconf 81' lang='lat' dir='ltr'><strong>C</strong></span> 
     </span>
    </p>
   </div>
   <div class='ocr_carea' id='block_1_36' title="bbox 140 3236 1775 3308">
    <p class='ocr_par' dir='ltr' id='par_1_36' title="bbox 140 3236 1775 3308">
     <span class='ocr_line' id='line_1_36' title="bbox 140 3236 1775 3308; baseline 0.001 -17"><span class='ocrx_word' id='word_1_178' title='bbox 140 3240 305 3296; x_wconf 83' lang='lat' dir='ltr'>versis</span> <span class='ocrx_word' id='word_1_179' title='bbox 332 3244 542 3296; x_wconf 63' lang='lat' dir='ltr'>sancta</span> <span class='ocrx_word' id='word_1_180' title='bbox 575 3238 844 3296; x_wconf 80' lang='lat' dir='ltr'>Ecclesiae</span> <span class='ocrx_word' id='word_1_181' title='bbox 877 3237 1014 3293; x_wconf 90' lang='lat' dir='ltr'>ﬁliis</span> <span class='ocrx_word' id='word_1_182' title='bbox 1037 3236 1283 3292; x_wconf 89' lang='lat' dir='ltr'>salutem</span> <span class='ocrx_word' id='word_1_183' title='bbox 1314 3240 1372 3291; x_wconf 90' lang='lat' dir='ltr'>et</span> <span class='ocrx_word' id='word_1_184' title='bbox 1395 3237 1775 3308; x_wconf 86' lang='lat' dir='ltr'>apostolicam</span> 
     </span>
    </p>
   </div>
   <div class='ocr_carea' id='block_1_37' title="bbox 143 3325 612 3385">
    <p class='ocr_par' dir='ltr' id='par_1_37' title="bbox 143 3325 612 3385">
     <span class='ocr_line' id='line_1_37' title="bbox 143 3325 612 3385; baseline 0.002 -5"><span class='ocrx_word' id='word_1_185' title='bbox 143 3325 612 3385; x_wconf 86' lang='lat' dir='ltr'>benedictionem.</span> 
     </span>
    </p>
   </div>
   <div class='ocr_carea' id='block_1_38' title="bbox 202 3413 1775 3486">
    <p class='ocr_par' dir='ltr' id='par_1_38' title="bbox 202 3413 1775 3486">
     <span class='ocr_line' id='line_1_38' title="bbox 202 3413 1775 3486; baseline -0.001 -16"><span class='ocrx_word' id='word_1_186' title='bbox 202 3416 398 3474; x_wconf 85' lang='lat' dir='ltr'>Notum</span> <span class='ocrx_word' id='word_1_187' title='bbox 429 3419 552 3473; x_wconf 89' lang='lat' dir='ltr'>fore</span> <span class='ocrx_word' id='word_1_188' title='bbox 587 3416 859 3471; x_wconf 73' lang='lat' dir='ltr'>volumus</span> <span class='ocrx_word' id='word_1_189' title='bbox 889 3419 1007 3468; x_wconf 89' lang='lat' dir='ltr'>tam</span> <span class='ocrx_word' id='word_1_190' title='bbox 1034 3413 1248 3469; x_wconf 88' lang='lat' dir='ltr'>futuris</span> <span class='ocrx_word' id='word_1_191' title='bbox 1277 3430 1450 3486; x_wconf 90' lang='lat' dir='ltr'>quam</span> <span class='ocrx_word' id='word_1_192' title='bbox 1476 3413 1775 3485; x_wconf 80' lang='lat' dir='ltr'>praesenti-</span> 
     </span>
    </p>
   </div>
   <div class='ocr_carea' id='block_1_39' title="bbox 144 3502 1777 3577">
    <p class='ocr_par' dir='ltr' id='par_1_39' title="bbox 144 3502 1777 3577">
     <span class='ocr_line' id='line_1_39' title="bbox 144 3502 1777 3577; baseline 0 -19"><span class='ocrx_word' id='word_1_193' title='bbox 144 3503 240 3560; x_wconf 86' lang='lat' dir='ltr'>bus</span> <span class='ocrx_word' id='word_1_194' title='bbox 267 3506 538 3577; x_wconf 90' lang='lat' dir='ltr'>quoniam</span> <span class='ocrx_word' id='word_1_195' title='bbox 568 3504 832 3559; x_wconf 84' lang='lat' dir='ltr'>omnium</span> <span class='ocrx_word' id='word_1_196' title='bbox 858 3504 1142 3558; x_wconf 87' lang='lat' dir='ltr'>bonorum</span> <span class='ocrx_word' id='word_1_197' title='bbox 1169 3502 1408 3574; x_wconf 86' lang='lat' dir='ltr'>largitor</span> <span class='ocrx_word' id='word_1_198' title='bbox 1431 3507 1581 3558; x_wconf 89' lang='lat' dir='ltr'>Deus</span> <span class='ocrx_word' id='word_1_199' title='bbox 1610 3503 1777 3558; x_wconf 88' lang='lat' dir='ltr'>devo-</span> 
     </span>
    </p>
   </div>
   <div class='ocr_carea' id='block_1_40' title="bbox 142 3590 1775 3651">
    <p class='ocr_par' dir='ltr' id='par_1_40' title="bbox 142 3590 1775 3651">
     <span class='ocr_line' id='line_1_40' title="bbox 142 3590 1775 3651; baseline 0.001 -5"><span class='ocrx_word' id='word_1_200' title='bbox 142 3592 336 3650; x_wconf 89' lang='lat' dir='ltr'>tionem</span> <span class='ocrx_word' id='word_1_201' title='bbox 358 3600 624 3651; x_wconf 85' lang='lat' dir='ltr'>nostram</span> <span class='ocrx_word' id='word_1_202' title='bbox 650 3593 718 3647; x_wconf 89' lang='lat' dir='ltr'>ad</span> <span class='ocrx_word' id='word_1_203' title='bbox 745 3593 807 3646; x_wconf 91' lang='lat' dir='ltr'>B.</span> <span class='ocrx_word' id='word_1_204' title='bbox 835 3591 1066 3648; x_wconf 85' lang='lat' dir='ltr'>Martini</span> <span class='ocrx_word' id='word_1_205' title='bbox 1093 3590 1390 3646; x_wconf 88' lang='lat' dir='ltr'>tumulum</span> <span class='ocrx_word' id='word_1_206' title='bbox 1418 3591 1775 3648; x_wconf 87' lang='lat' dir='ltr'>visitandum</span> 
     </span>
    </p>
   </div>
   <div class='ocr_carea' id='block_1_41' title="bbox 144 3679 1772 3754">
    <p class='ocr_par' dir='ltr' id='par_1_41' title="bbox 144 3679 1772 3754">
     <span class='ocr_line' id='line_1_41' title="bbox 144 3679 1772 3754; baseline 0.001 -20"><span class='ocrx_word' id='word_1_207' title='bbox 144 3697 237 3736; x_wconf 88' lang='lat' dir='ltr'>sua</span> <span class='ocrx_word' id='word_1_208' title='bbox 260 3682 632 3739; x_wconf 86' lang='lat' dir='ltr'>miseratione</span> <span class='ocrx_word' id='word_1_209' title='bbox 660 3681 946 3754; x_wconf 84' lang='lat' dir='ltr'>perduxit.</span> <span class='ocrx_word' id='word_1_210' title='bbox 981 3679 1126 3746; x_wconf 86' lang='lat' dir='ltr'>Quia</span> <span class='ocrx_word' id='word_1_211' title='bbox 1155 3697 1289 3734; x_wconf 87' lang='lat' dir='ltr'>vero</span> <span class='ocrx_word' id='word_1_212' title='bbox 1315 3679 1375 3735; x_wconf 91' lang='lat' dir='ltr'>in</span> <span class='ocrx_word' id='word_1_213' title='bbox 1417 3681 1680 3751; x_wconf 87' lang='lat' dir='ltr'>ejusdem</span> <span class='ocrx_word' id='word_1_214' title='bbox 1714 3683 1772 3736; x_wconf 90' lang='grc' dir='ltr'><strong>Β.</strong></span> 
     </span>
    </p>
   </div>
   <div class='ocr_carea' id='block_1_42' title="bbox 142 3767 1772 3841">
    <p class='ocr_par' dir='ltr' id='par_1_42' title="bbox 142 3767 1772 3841">
     <span class='ocr_line' id='line_1_42' title="bbox 142 3767 1772 3841; baseline 0.002 -19"><span class='ocrx_word' id='word_1_215' title='bbox 142 3772 464 3828; x_wconf 86' lang='lat' dir='ltr'>conlessoris</span> <span class='ocrx_word' id='word_1_216' title='bbox 511 3770 763 3826; x_wconf 87' lang='lat' dir='ltr'>ecclesia</span> <span class='ocrx_word' id='word_1_217' title='bbox 812 3770 1077 3840; x_wconf 70' lang='lat' dir='ltr'>qumdam</span> <span class='ocrx_word' id='word_1_218' title='bbox 1129 3767 1486 3824; x_wconf 85' lang='lat' dir='ltr'>inoleverant</span> <span class='ocrx_word' id='word_1_219' title='bbox 1540 3786 1669 3841; x_wconf 82' lang='lat' dir='ltr'>quae</span> <span class='ocrx_word' id='word_1_220' title='bbox 1715 3771 1772 3825; x_wconf 90' lang='lat' dir='ltr'>in</span> 
     </span>
    </p>
   </div>
   <div class='ocr_carea' id='block_1_43' title="bbox 146 3857 1773 3932">
    <p class='ocr_par' dir='ltr' id='par_1_43' title="bbox 146 3857 1773 3932">
     <span class='ocr_line' id='line_1_43' title="bbox 146 3857 1773 3932; baseline 0.003 -22"><span class='ocrx_word' id='word_1_221' title='bbox 146 3858 329 3915; x_wconf 88' lang='lat' dir='ltr'>melius</span> <span class='ocrx_word' id='word_1_222' title='bbox 359 3859 757 3932; x_wconf 89' lang='lat' dir='ltr'>promovenda</span> <span class='ocrx_word' id='word_1_223' title='bbox 788 3857 995 3914; x_wconf 81' lang='lat' dir='ltr'>salutis</span> <span class='ocrx_word' id='word_1_224' title='bbox 1026 3857 1172 3912; x_wconf 82' lang='lat' dir='ltr'>falce</span> <span class='ocrx_word' id='word_1_225' title='bbox 1205 3858 1580 3930; x_wconf 81' lang='lat' dir='ltr'>exstirpanda</span> <span class='ocrx_word' id='word_1_226' title='bbox 1617 3858 1773 3915; x_wconf 89' lang='lat' dir='ltr'>vide-</span> 
     </span>
    </p>
   </div>
   <div class='ocr_carea' id='block_1_44' title="bbox 145 3945 1772 4021">
    <p class='ocr_par' dir='ltr' id='par_1_44' title="bbox 145 3945 1772 4021">
     <span class='ocr_line' id='line_1_44' title="bbox 145 3945 1772 4021; baseline 0.004 -23"><span class='ocrx_word' id='word_1_227' title='bbox 145 3945 352 4018; x_wconf 87' lang='lat' dir='ltr'>bantur,</span> <span class='ocrx_word' id='word_1_228' title='bbox 386 3965 492 4004; x_wconf 88' lang='lat' dir='ltr'>nos</span> <span class='ocrx_word' id='word_1_229' title='bbox 527 3964 633 4021; x_wconf 88' lang='lat' dir='ltr'>per</span> <span class='ocrx_word' id='word_1_230' title='bbox 665 3951 890 4019; x_wconf 88' lang='lat' dir='ltr'>septem</span> <span class='ocrx_word' id='word_1_231' title='bbox 924 3946 1050 4001; x_wconf 89' lang='lat' dir='ltr'>dies</span> <span class='ocrx_word' id='word_1_232' title='bbox 1095 3951 1152 4001; x_wconf 91' lang='lat' dir='ltr'>et</span> <span class='ocrx_word' id='word_1_233' title='bbox 1180 3963 1247 4000; x_wconf 91' lang='lat' dir='ltr'>eo</span> <span class='ocrx_word' id='word_1_234' title='bbox 1279 3945 1533 4018; x_wconf 89' lang='lat' dir='ltr'>amplius</span> <span class='ocrx_word' id='word_1_235' title='bbox 1564 3947 1772 4004; x_wconf 90' lang='lat' dir='ltr'>immo-</span> 
     </span>
    </p>
   </div>
   <div class='ocr_carea' id='block_1_45' title="bbox 146 4034 1774 4106">
    <p class='ocr_par' dir='ltr' id='par_1_45' title="bbox 146 4034 1774 4106">
     <span class='ocr_line' id='line_1_45' title="bbox 146 4034 1774 4106; baseline 0.002 -18"><span class='ocrx_word' id='word_1_236' title='bbox 146 4035 256 4101; x_wconf 83' lang='lat' dir='ltr'>rati,</span> <span class='ocrx_word' id='word_1_237' title='bbox 287 4038 638 4093; x_wconf 88' lang='lat' dir='ltr'>medicinam</span> <span class='ocrx_word' id='word_1_238' title='bbox 678 4034 1030 4101; x_wconf 88' lang='lat' dir='ltr'>animarum,</span> <span class='ocrx_word' id='word_1_239' title='bbox 1083 4034 1449 4106; x_wconf 79' lang='lat' dir='ltr'>frequentius</span> <span class='ocrx_word' id='word_1_240' title='bbox 1497 4036 1648 4090; x_wconf 89' lang='lat' dir='ltr'>inter</span> <span class='ocrx_word' id='word_1_241' title='bbox 1676 4053 1774 4092; x_wconf 84' lang='lat' dir='ltr'>eos</span> 
     </span>
    </p>
   </div>
   <div class='ocr_carea' id='block_1_46' title="bbox 146 4121 1771 4195">
    <p class='ocr_par' dir='ltr' id='par_1_46' title="bbox 146 4121 1771 4195">
     <span class='ocr_line' id='line_1_46' title="bbox 146 4121 1771 4195; baseline 0.004 -20"><span class='ocrx_word' id='word_1_242' title='bbox 146 4121 404 4183; x_wconf 83' lang='lat' dir='ltr'>intrantes</span> <span class='ocrx_word' id='word_1_243' title='bbox 434 4129 492 4182; x_wconf 88' lang='lat' dir='ltr'>et</span> <span class='ocrx_word' id='word_1_244' title='bbox 519 4129 803 4181; x_wconf 84' lang='lat' dir='ltr'>exeuntes</span> <span class='ocrx_word' id='word_1_245' title='bbox 835 4123 919 4179; x_wconf 88' lang='lat' dir='ltr'>eis</span> <span class='ocrx_word' id='word_1_246' title='bbox 941 4123 1394 4195; x_wconf 89' lang='lat' dir='ltr'>impertivimus,</span> <span class='ocrx_word' id='word_1_247' title='bbox 1426 4127 1484 4179; x_wconf 90' lang='lat' dir='ltr'>et</span> <span class='ocrx_word' id='word_1_248' title='bbox 1513 4125 1682 4181; x_wconf 90' lang='lat' dir='ltr'>nobis</span> <span class='ocrx_word' id='word_1_249' title='bbox 1713 4125 1771 4181; x_wconf 91' lang='lat' dir='ltr'>in</span> 
     </span>
    </p>
   </div>
   <div class='ocr_carea' id='block_1_47' title="bbox 146 4211 1776 4285">
    <p class='ocr_par' dir='ltr' id='par_1_47' title="bbox 146 4211 1776 4285">
     <span class='ocr_line' id='line_1_47' title="bbox 146 4211 1776 4285; baseline 0.004 -21"><span class='ocrx_word' id='word_1_250' title='bbox 146 4214 393 4271; x_wconf 87' lang='lat' dir='ltr'>omnibus</span> <span class='ocrx_word' id='word_1_251' title='bbox 421 4215 762 4271; x_wconf 89' lang='lat' dir='ltr'>obedientes</span> <span class='ocrx_word' id='word_1_252' title='bbox 795 4217 849 4268; x_wconf 89' lang='lat' dir='ltr'>et</span> <span class='ocrx_word' id='word_1_253' title='bbox 881 4211 1208 4279; x_wconf 88' lang='lat' dir='ltr'>benevolos,</span> <span class='ocrx_word' id='word_1_254' title='bbox 1239 4213 1348 4267; x_wconf 88' lang='lat' dir='ltr'>Deo</span> <span class='ocrx_word' id='word_1_255' title='bbox 1395 4213 1690 4285; x_wconf 86' lang='lat' dir='ltr'>aspirante</span> <span class='ocrx_word' id='word_1_256' title='bbox 1719 4219 1776 4270; x_wconf 91' lang='lat' dir='ltr'>et</span> 
     </span>
    </p>
   </div>
   <div class='ocr_carea' id='block_1_48' title="bbox 145 4297 1770 4375">
    <p class='ocr_par' dir='ltr' id='par_1_48' title="bbox 145 4297 1770 4375">
     <span class='ocr_line' id='line_1_48' title="bbox 145 4297 1770 4375; baseline 0.004 -23"><span class='ocrx_word' id='word_1_257' title='bbox 145 4297 194 4353; x_wconf 90' lang='lat' dir='ltr'>in</span> <span class='ocrx_word' id='word_1_258' title='bbox 220 4300 295 4356; x_wconf 84' lang='lat' dir='ltr'>eis</span> <span class='ocrx_word' id='word_1_259' title='bbox 339 4308 686 4375; x_wconf 81' lang='lat' dir='ltr'>cooperante</span> <span class='ocrx_word' id='word_1_260' title='bbox 744 4301 1073 4371; x_wconf 88' lang='lat' dir='ltr'>nobiscum,</span> <span class='ocrx_word' id='word_1_261' title='bbox 1115 4301 1334 4374; x_wconf 86' lang='lat' dir='ltr'>experti</span> <span class='ocrx_word' id='word_1_262' title='bbox 1388 4319 1615 4357; x_wconf 90' lang='lat' dir='ltr'>sumus.</span> <span class='ocrx_word' id='word_1_263' title='bbox 1660 4304 1770 4359; x_wconf 87' lang='lat' dir='ltr'>Sed</span> 
     </span>
    </p>
   </div>
   <div class='ocr_carea' id='block_1_49' title="bbox 145 4389 1774 4463">
    <p class='ocr_par' dir='ltr' id='par_1_49' title="bbox 145 4389 1774 4463">
     <span class='ocr_line' id='line_1_49' title="bbox 145 4389 1774 4463; baseline 0.004 -21"><span class='ocrx_word' id='word_1_264' title='bbox 145 4391 399 4458; x_wconf 85' lang='lat' dir='ltr'>quoniam</span> <span class='ocrx_word' id='word_1_265' title='bbox 431 4393 500 4448; x_wconf 81' lang='lat' dir='ltr'>ad</span> <span class='ocrx_word' id='word_1_266' title='bbox 533 4396 766 4448; x_wconf 88' lang='lat' dir='ltr'>nostras</span> <span class='ocrx_word' id='word_1_267' title='bbox 796 4407 967 4445; x_wconf 89' lang='lat' dir='ltr'>aures</span> <span class='ocrx_word' id='word_1_268' title='bbox 997 4394 1339 4462; x_wconf 82' lang='lat' dir='ltr'>pervenerat</span> <span class='ocrx_word' id='word_1_269' title='bbox 1367 4392 1519 4462; x_wconf 89' lang='lat' dir='ltr'>quod</span> <span class='ocrx_word' id='word_1_270' title='bbox 1553 4389 1774 4463; x_wconf 86' lang='lat' dir='ltr'>legatos</span> 
     </span>
    </p>
   </div>
   <div class='ocr_carea' id='block_1_50' title="bbox 147 4474 1851 4552">
    <p class='ocr_par' dir='ltr' id='par_1_50' title="bbox 147 4474 1851 4552">
     <span class='ocr_line' id='line_1_50' title="bbox 147 4474 1851 4552; baseline 0.002 -22"><span class='ocrx_word' id='word_1_271' title='bbox 147 4474 394 4535; x_wconf 77' lang='lat' dir='ltr'>Romanae</span> <span class='ocrx_word' id='word_1_272' title='bbox 423 4479 690 4537; x_wconf 84' lang='lat' dir='ltr'>Ecclesiae</span> <span class='ocrx_word' id='word_1_273' title='bbox 716 4479 1014 4552; x_wconf 87' lang='lat' dir='ltr'>suscipere</span> <span class='ocrx_word' id='word_1_274' title='bbox 1038 4495 1170 4534; x_wconf 92' lang='lat' dir='ltr'>cum</span> <span class='ocrx_word' id='word_1_275' title='bbox 1196 4479 1584 4550; x_wconf 90' lang='lat' dir='ltr'>processionis</span> <span class='ocrx_word' id='word_1_276' title='bbox 1614 4481 1772 4535; x_wconf 89' lang='lat' dir='ltr'>heni-</span> <span class='ocrx_word' id='word_1_277' title='bbox 1803 4485 1851 4550; x_wconf 77' lang='grc' dir='ltr'>ι)</span> 
     </span>
    </p>
   </div>
   <div class='ocr_carea' id='block_1_51' title="bbox 145 4565 1775 4642">
    <p class='ocr_par' dir='ltr' id='par_1_51' title="bbox 145 4565 1775 4642">
     <span class='ocr_line' id='line_1_51' title="bbox 145 4565 1775 4642; baseline 0.004 -24"><span class='ocrx_word' id='word_1_278' title='bbox 145 4565 343 4633; x_wconf 82' lang='lat' dir='ltr'>gnitate</span> <span class='ocrx_word' id='word_1_279' title='bbox 369 4569 837 4642; x_wconf 85' lang='lat' dir='ltr'>supersederant,</span> <span class='ocrx_word' id='word_1_280' title='bbox 882 4584 1067 4640; x_wconf 90' lang='lat' dir='ltr'>neque</span> <span class='ocrx_word' id='word_1_281' title='bbox 1116 4567 1294 4622; x_wconf 87' lang='lat' dir='ltr'>etiam</span> <span class='ocrx_word' id='word_1_282' title='bbox 1355 4567 1460 4634; x_wconf 82' lang='lat' dir='ltr'>eis,</span> <span class='ocrx_word' id='word_1_283' title='bbox 1509 4568 1775 4625; x_wconf 86' lang='lat' dir='ltr'>videlicet</span> 
     </span>
    </p>
   </div>
   <div class='ocr_carea' id='block_1_52' title="bbox 146 4651 1771 4728">
    <p class='ocr_par' dir='ltr' id='par_1_52' title="bbox 146 4651 1771 4728">
     <span class='ocr_line' id='line_1_52' title="bbox 146 4651 1771 4728; baseline 0.001 -19"><span class='ocrx_word' id='word_1_284' title='bbox 146 4651 348 4724; x_wconf 79' lang='lat' dir='ltr'>legatis,</span> <span class='ocrx_word' id='word_1_285' title='bbox 382 4657 702 4714; x_wconf 73' lang='lat' dir='ltr'>auctoritas</span> <span class='ocrx_word' id='word_1_286' title='bbox 732 4656 913 4726; x_wconf 89' lang='lat' dir='ltr'>hujus</span> <span class='ocrx_word' id='word_1_287' title='bbox 931 4656 1194 4712; x_wconf 83' lang='lat' dir='ltr'>Ecclesiae</span> <span class='ocrx_word' id='word_1_288' title='bbox 1228 4672 1329 4727; x_wconf 91' lang='lat' dir='ltr'>per</span> <span class='ocrx_word' id='word_1_289' title='bbox 1358 4655 1621 4711; x_wconf 87' lang='lat' dir='ltr'>notitiam</span> <span class='ocrx_word' id='word_1_290' title='bbox 1654 4658 1771 4728; x_wconf 61' lang='lat' dir='ltr'>pri-</span> 
     </span>
    </p>
   </div>
   <div class='ocr_carea' id='block_1_53' title="bbox 145 4739 1771 4817">
    <p class='ocr_par' dir='ltr' id='par_1_53' title="bbox 145 4739 1771 4817">
     <span class='ocr_line' id='line_1_53' title="bbox 145 4739 1771 4817; baseline 0.005 -25"><span class='ocrx_word' id='word_1_291' title='bbox 145 4739 460 4815; x_wconf 76' lang='lat' dir='ltr'>vilegiorum</span> <span class='ocrx_word' id='word_1_292' title='bbox 492 4747 621 4817; x_wconf 85' lang='lat' dir='ltr'>ejus</span> <span class='ocrx_word' id='word_1_293' title='bbox 651 4746 1006 4812; x_wconf 83' lang='lat' dir='ltr'>innotuerat,</span> <span class='ocrx_word' id='word_1_294' title='bbox 1044 4744 1512 4814; x_wconf 87' lang='lat' dir='ltr'>succensuimus,</span> <span class='ocrx_word' id='word_1_295' title='bbox 1544 4749 1601 4800; x_wconf 91' lang='lat' dir='ltr'>et</span> <span class='ocrx_word' id='word_1_296' title='bbox 1643 4761 1771 4817; x_wconf 85' lang='lat' dir='ltr'>gra-</span> 
     </span>
    </p>
   </div>
   <div class='ocr_carea' id='block_1_54' title="bbox 145 4827 1771 4906">
    <p class='ocr_par' dir='ltr' id='par_1_54' title="bbox 145 4827 1771 4906">
     <span class='ocr_line' id='line_1_54' title="bbox 145 4827 1771 4906; baseline 0.002 -23"><span class='ocrx_word' id='word_1_297' title='bbox 145 4827 274 4885; x_wconf 76' lang='lat' dir='ltr'>Viter</span> <span class='ocrx_word' id='word_1_298' title='bbox 298 4849 393 4889; x_wconf 85' lang='lat' dir='ltr'>eos</span> <span class='ocrx_word' id='word_1_299' title='bbox 433 4833 885 4906; x_wconf 86' lang='lat' dir='ltr'>increpavimus,</span> <span class='ocrx_word' id='word_1_300' title='bbox 945 4849 1049 4887; x_wconf 89' lang='lat' dir='ltr'>cur</span> <span class='ocrx_word' id='word_1_301' title='bbox 1089 4837 1312 4887; x_wconf 85' lang='lat' dir='ltr'>tantam</span> <span class='ocrx_word' id='word_1_302' title='bbox 1366 4833 1771 4888; x_wconf 67' lang='lat' dir='ltr'>inohedientia:</span> 
     </span>
    </p>
   </div>
   <div class='ocr_carea' id='block_1_55' title="bbox 146 4916 1776 4993">
    <p class='ocr_par' dir='ltr' id='par_1_55' title="bbox 146 4916 1776 4993">
     <span class='ocr_line' id='line_1_55' title="bbox 146 4916 1776 4993; baseline 0.004 -24"><span class='ocrx_word' id='word_1_303' title='bbox 146 4916 501 4977; x_wconf 76' lang='lat' dir='ltr'>offensionem</span> <span class='ocrx_word' id='word_1_304' title='bbox 577 4922 963 4977; x_wconf 90' lang='lat' dir='ltr'>incurrerent.</span> <span class='ocrx_word' id='word_1_305' title='bbox 1028 4920 1148 4976; x_wconf 87' lang='lat' dir='ltr'>Illis</span> <span class='ocrx_word' id='word_1_306' title='bbox 1219 4921 1416 4993; x_wconf 89' lang='lat' dir='ltr'>itaque</span> <span class='ocrx_word' id='word_1_307' title='bbox 1474 4921 1776 4977; x_wconf 87' lang='lat' dir='ltr'>humiliter</span> 
     </span>
    </p>
   </div>
   <div class='ocr_carea' id='block_1_56' title="bbox 147 5005 1772 5083">
    <p class='ocr_par' dir='ltr' id='par_1_56' title="bbox 147 5005 1772 5083">
     <span class='ocr_line' id='line_1_56' title="bbox 147 5005 1772 5083; baseline 0.006 -27"><span class='ocrx_word' id='word_1_308' title='bbox 147 5005 296 5066; x_wconf 90' lang='lat' dir='ltr'>nobis</span> <span class='ocrx_word' id='word_1_309' title='bbox 321 5010 536 5082; x_wconf 86' lang='lat' dir='ltr'>scripta</span> <span class='ocrx_word' id='word_1_310' title='bbox 565 5016 796 5083; x_wconf 86' lang='lat' dir='ltr'>patrum</span> <span class='ocrx_word' id='word_1_311' title='bbox 828 5014 1164 5066; x_wconf 90' lang='lat' dir='ltr'>nostrorum</span> <span class='ocrx_word' id='word_1_312' title='bbox 1197 5010 1595 5068; x_wconf 81' lang='lat' dir='ltr'>Romanorum</span> <span class='ocrx_word' id='word_1_313' title='bbox 1628 5027 1772 5082; x_wconf 90' lang='lat' dir='ltr'>pon-</span> 
     </span>
    </p>
   </div>
   <div class='ocr_carea' id='block_1_57' title="bbox 148 5091 1772 5171">
    <p class='ocr_par' dir='ltr' id='par_1_57' title="bbox 148 5091 1772 5171">
     <span class='ocr_line' id='line_1_57' title="bbox 148 5091 1772 5171; baseline 0.005 -25"><span class='ocrx_word' id='word_1_314' title='bbox 148 5091 350 5152; x_wconf 86' lang='lat' dir='ltr'>tificum</span> <span class='ocrx_word' id='word_1_315' title='bbox 364 5097 859 5169; x_wconf 81' lang='lat' dir='ltr'>praetendentibus</span> <span class='ocrx_word' id='word_1_316' title='bbox 871 5097 1180 5171; x_wconf 87' lang='lat' dir='ltr'>diligenter</span> <span class='ocrx_word' id='word_1_317' title='bbox 1195 5099 1556 5154; x_wconf 88' lang='lat' dir='ltr'>attendimus</span> <span class='ocrx_word' id='word_1_318' title='bbox 1571 5115 1772 5154; x_wconf 91' lang='lat' dir='ltr'>eorum</span> 
     </span>
    </p>
   </div>
   <div class='ocr_carea' id='block_1_58' title="bbox 149 5181 1770 5259">
    <p class='ocr_par' dir='ltr' id='par_1_58' title="bbox 149 5181 1770 5259">
     <span class='ocr_line' id='line_1_58' title="bbox 149 5181 1770 5259; baseline 0.004 -24"><span class='ocrx_word' id='word_1_319' title='bbox 149 5181 443 5257; x_wconf 83' lang='lat' dir='ltr'>privilegia.</span> <span class='ocrx_word' id='word_1_320' title='bbox 478 5191 545 5241; x_wconf 88' lang='lat' dir='ltr'>Et</span> <span class='ocrx_word' id='word_1_321' title='bbox 574 5187 715 5258; x_wconf 91' lang='lat' dir='ltr'>quia</span> <span class='ocrx_word' id='word_1_322' title='bbox 743 5191 948 5258; x_wconf 82' lang='lat' dir='ltr'>praeter</span> <span class='ocrx_word' id='word_1_323' title='bbox 985 5186 1392 5259; x_wconf 88' lang='lat' dir='ltr'>apostolicum,</span> <span class='ocrx_word' id='word_1_324' title='bbox 1450 5191 1506 5243; x_wconf 89' lang='lat' dir='ltr'>et</span> <span class='ocrx_word' id='word_1_325' title='bbox 1555 5203 1770 5259; x_wconf 89' lang='lat' dir='ltr'>regem,</span> 
     </span>
    </p>
   </div>
   <div class='ocr_carea' id='block_1_59' title="bbox 151 5270 1775 5348">
    <p class='ocr_par' dir='ltr' id='par_1_59' title="bbox 151 5270 1775 5348">
     <span class='ocr_line' id='line_1_59' title="bbox 151 5270 1775 5348; baseline 0.008 -27"><span class='ocrx_word' id='word_1_326' title='bbox 151 5273 200 5321; x_wconf 86' lang='lat' dir='ltr'>et</span> <span class='ocrx_word' id='word_1_327' title='bbox 222 5270 610 5330; x_wconf 83' lang='lat' dir='ltr'>Turonensem</span> <span class='ocrx_word' id='word_1_328' title='bbox 643 5275 1168 5348; x_wconf 82' lang='lat' dir='ltr'>archiepiscOpum,</span> <span class='ocrx_word' id='word_1_329' title='bbox 1205 5275 1385 5332; x_wconf 89' lang='lat' dir='ltr'>semel</span> <span class='ocrx_word' id='word_1_330' title='bbox 1414 5275 1472 5331; x_wconf 92' lang='lat' dir='ltr'>in</span> <span class='ocrx_word' id='word_1_331' title='bbox 1505 5276 1624 5332; x_wconf 87' lang='lat' dir='ltr'>vita</span> <span class='ocrx_word' id='word_1_332' title='bbox 1667 5293 1775 5334; x_wconf 87' lang='lat' dir='ltr'>sua</span> 
     </span>
    </p>
   </div>
   <div class='ocr_carea' id='block_1_60' title="bbox 151 5357 1776 5437">
    <p class='ocr_par' dir='ltr' id='par_1_60' title="bbox 151 5357 1776 5437">
     <span class='ocr_line' id='line_1_60' title="bbox 151 5357 1776 5437; baseline 0.008 -28"><span class='ocrx_word' id='word_1_333' title='bbox 151 5357 422 5417; x_wconf 87' lang='lat' dir='ltr'>neminem</span> <span class='ocrx_word' id='word_1_334' title='bbox 445 5363 517 5418; x_wconf 82' lang='lat' dir='ltr'>ad</span> <span class='ocrx_word' id='word_1_335' title='bbox 531 5362 916 5434; x_wconf 86' lang='lat' dir='ltr'>processionis</span> <span class='ocrx_word' id='word_1_336' title='bbox 929 5365 1363 5437; x_wconf 89' lang='lat' dir='ltr'>susceptionem</span> <span class='ocrx_word' id='word_1_337' title='bbox 1387 5364 1776 5422; x_wconf 86' lang='lat' dir='ltr'>admittebant</span> 
     </span>
    </p>
   </div>
   <div class='ocr_carea' id='block_1_61' title="bbox 213 5535 1078 5618">
    <p class='ocr_par' dir='ltr' id='par_1_61' title="bbox 213 5535 1078 5618">
     <span class='ocr_line' id='line_1_61' title="bbox 213 5535 1078 5618; baseline 0.015 -23"><span class='ocrx_word' id='word_1_338' title='bbox 213 5535 320 5618; x_wconf 76' lang='grc'>(42)</span> <span class='ocrx_word' id='word_1_339' title='bbox 346 5537 588 5600; x_wconf 82' lang='lat' dir='ltr'>Videtur</span> <span class='ocrx_word' id='word_1_340' title='bbox 615 5539 814 5603; x_wconf 77' lang='lat' dir='ltr'>deesse</span> <span class='ocrx_word' id='word_1_341' title='bbox 839 5541 1078 5608; x_wconf 66' lang='lat' dir='ltr'>Martias.</span> 
     </span>
    </p>
   </div>
   <div class='ocr_carea' id='block_1_62' title="bbox 1879 482 3520 562">
    <p class='ocr_par' dir='ltr' id='par_1_62' title="bbox 1879 482 3520 562">
     <span class='ocr_line' id='line_1_62' title="bbox 1879 482 3520 562; baseline 0.004 -25"><span class='ocrx_word' id='word_1_342' title='bbox 1879 482 2130 550; x_wconf 83' lang='lat' dir='ltr'>Alberto,</span> <span class='ocrx_word' id='word_1_343' title='bbox 2163 483 2435 556; x_wconf 82' lang='lat' dir='ltr'>Gregorio</span> <span class='ocrx_word' id='word_1_344' title='bbox 2477 483 2765 556; x_wconf 87' lang='lat' dir='ltr'>Papiensi,</span> <span class='ocrx_word' id='word_1_345' title='bbox 2800 485 3134 559; x_wconf 85' lang='lat' dir='ltr'>Rausgerie,</span> <span class='ocrx_word' id='word_1_346' title='bbox 3172 492 3231 542; x_wconf 91' lang='lat' dir='ltr'>et</span> <span class='ocrx_word' id='word_1_347' title='bbox 3281 489 3520 562; x_wconf 89' lang='lat' dir='ltr'>llugone</span> 
     </span>
    </p>
   </div>
   <div class='ocr_carea' id='block_1_63' title="bbox 1881 572 3520 650">
    <p class='ocr_par' dir='ltr' id='par_1_63' title="bbox 1881 572 3520 650">
     <span class='ocr_line' id='line_1_63' title="bbox 1881 572 3520 650; baseline 0.004 -24"><span class='ocrx_word' id='word_1_348' title='bbox 1881 572 2254 644; x_wconf 89' lang='lat' dir='ltr'>Lugdunensi</span> <span class='ocrx_word' id='word_1_349' title='bbox 2286 573 2554 644; x_wconf 89' lang='lat' dir='ltr'>primate,</span> <span class='ocrx_word' id='word_1_350' title='bbox 2609 579 2665 630; x_wconf 89' lang='lat' dir='ltr'>et</span> <span class='ocrx_word' id='word_1_351' title='bbox 2707 574 2838 628; x_wconf 89' lang='lat' dir='ltr'>aliis</span> <span class='ocrx_word' id='word_1_352' title='bbox 2871 580 2990 630; x_wconf 89' lang='lat' dir='ltr'>tam</span> <span class='ocrx_word' id='word_1_353' title='bbox 3023 576 3311 648; x_wconf 83' lang='lat' dir='ltr'>episcopis</span> <span class='ocrx_word' id='word_1_354' title='bbox 3343 594 3520 650; x_wconf 85' lang='lat' dir='ltr'>quam</span> 
     </span>
    </p>
   </div>
   <div class='ocr_carea' id='block_1_64' title="bbox 1879 659 3525 736">
    <p class='ocr_par' dir='ltr' id='par_1_64' title="bbox 1879 659 3525 736">
     <span class='ocr_line' id='line_1_64' title="bbox 1879 659 3525 736; baseline 0.004 -20"><span class='ocrx_word' id='word_1_355' title='bbox 1879 659 2127 716; x_wconf 88' lang='lat' dir='ltr'>aliarum</span> <span class='ocrx_word' id='word_1_356' title='bbox 2159 661 2511 734; x_wconf 79' lang='lat' dir='ltr'>dignitatum</span> <span class='ocrx_word' id='word_1_357' title='bbox 2534 664 2821 734; x_wconf 88' lang='lat' dir='ltr'>personis,</span> <span class='ocrx_word' id='word_1_358' title='bbox 2847 664 3232 736; x_wconf 66' lang='lat' dir='ltr'>praesentibus</span> <span class='ocrx_word' id='word_1_359' title='bbox 3255 666 3525 722; x_wconf 80' lang='lat' dir='ltr'>Brunone</span> 
     </span>
    </p>
   </div>
   <div class='ocr_carea' id='block_1_65' title="bbox 1880 748 3524 824">
    <p class='ocr_par' dir='ltr' id='par_1_65' title="bbox 1880 748 3524 824">
     <span class='ocr_line' id='line_1_65' title="bbox 1880 748 3524 824; baseline 0.005 -21"><span class='ocrx_word' id='word_1_360' title='bbox 1880 748 2172 821; x_wconf 84' lang='lat' dir='ltr'>Signiensi</span> <span class='ocrx_word' id='word_1_361' title='bbox 2220 751 2512 821; x_wconf 86' lang='lat' dir='ltr'>episcopo,</span> <span class='ocrx_word' id='word_1_362' title='bbox 2563 756 2620 806; x_wconf 93' lang='lat' dir='ltr'>et</span> <span class='ocrx_word' id='word_1_363' title='bbox 2669 752 3031 824; x_wconf 89' lang='lat' dir='ltr'>Ingelramno</span> <span class='ocrx_word' id='word_1_364' title='bbox 3081 754 3524 812; x_wconf 85' lang='lat' dir='ltr'>Suessionensis</span> 
     </span>
    </p>
   </div>
   <div class='ocr_carea' id='block_1_66' title="bbox 1878 837 2591 895">
    <p class='ocr_par' dir='ltr' id='par_1_66' title="bbox 1878 837 2591 895">
     <span class='ocr_line' id='line_1_66' title="bbox 1878 837 2591 895; baseline 0.003 -3"><span class='ocrx_word' id='word_1_365' title='bbox 1878 837 2131 895; x_wconf 81' lang='lat' dir='ltr'>ecclesiae</span> <span class='ocrx_word' id='word_1_366' title='bbox 2163 838 2591 894; x_wconf 90' lang='lat' dir='ltr'>archidiacono.</span> 
     </span>
    </p>
   </div>
   <div class='ocr_carea' id='block_1_67' title="bbox 1952 926 3523 998">
    <p class='ocr_par' dir='ltr' id='par_1_67' title="bbox 1952 926 3523 998">
     <span class='ocr_line' id='line_1_67' title="bbox 1952 926 3523 998; baseline 0.006 -18"><span class='ocrx_word' id='word_1_367' title='bbox 1952 926 2124 981; x_wconf 90' lang='lat' dir='ltr'>Porro</span> <span class='ocrx_word' id='word_1_368' title='bbox 2157 943 2262 981; x_wconf 91' lang='lat' dir='ltr'>nos</span> <span class='ocrx_word' id='word_1_369' title='bbox 2293 931 2459 982; x_wconf 88' lang='lat' dir='ltr'>tanta</span> <span class='ocrx_word' id='word_1_370' title='bbox 2487 928 2830 985; x_wconf 86' lang='lat' dir='ltr'>auctoritate</span> <span class='ocrx_word' id='word_1_371' title='bbox 2863 933 3082 998; x_wconf 85' lang='lat' dir='ltr'>refecti,</span> <span class='ocrx_word' id='word_1_372' title='bbox 3126 949 3327 991; x_wconf 89' lang='lat' dir='ltr'>eorum</span> <span class='ocrx_word' id='word_1_373' title='bbox 3372 935 3523 991; x_wconf 89' lang='lat' dir='ltr'>anti-</span> 
     </span>
    </p>
   </div>
   <div class='ocr_carea' id='block_1_68' title="bbox 1880 1016 3522 1099">
    <p class='ocr_par' dir='ltr' id='par_1_68' title="bbox 1880 1016 3522 1099">
     <span class='ocr_line' id='line_1_68' title="bbox 1880 1016 3522 1099; baseline 0.01 -32"><span class='ocrx_word' id='word_1_374' title='bbox 1880 1031 2055 1085; x_wconf 89' lang='lat' dir='ltr'>quam</span> <span class='ocrx_word' id='word_1_375' title='bbox 2085 1016 2589 1082; x_wconf 89' lang='lat' dir='ltr'>consuetudinem,</span> <span class='ocrx_word' id='word_1_376' title='bbox 2613 1033 2812 1074; x_wconf 90' lang='lat' dir='ltr'>eorum</span> <span class='ocrx_word' id='word_1_377' title='bbox 2847 1020 3080 1093; x_wconf 86' lang='lat' dir='ltr'>scriptis</span> <span class='ocrx_word' id='word_1_378' title='bbox 3112 1024 3522 1099; x_wconf 78' lang='lat' dir='ltr'>suil&#39;ragantes,</span> 
     </span>
    </p>
   </div>
   <div class='ocr_carea' id='block_1_69' title="bbox 1879 1103 3528 1187">
    <p class='ocr_par' dir='ltr' id='par_1_69' title="bbox 1879 1103 3528 1187">
     <span class='ocr_line' id='line_1_69' title="bbox 1879 1103 3528 1187; baseline 0.01 -29"><span class='ocrx_word' id='word_1_379' title='bbox 1879 1103 2221 1159; x_wconf 85' lang='lat' dir='ltr'>auctoritate</span> <span class='ocrx_word' id='word_1_380' title='bbox 2278 1109 2478 1160; x_wconf 83' lang='lat' dir='ltr'>nostra</span> <span class='ocrx_word' id='word_1_381' title='bbox 2530 1109 3032 1165; x_wconf 88' lang='lat' dir='ltr'>corroboravimus</span> <span class='ocrx_word' id='word_1_382' title='bbox 3089 1113 3148 1169; x_wconf 90' lang='lat' dir='ltr'>in</span> <span class='ocrx_word' id='word_1_383' title='bbox 3218 1118 3528 1187; x_wconf 78' lang='lat' dir='ltr'>praesentia</span> 
     </span>
    </p>
   </div>
   <div class='ocr_carea' id='block_1_70' title="bbox 1880 1193 3528 1274">
    <p class='ocr_par' dir='ltr' id='par_1_70' title="bbox 1880 1193 3528 1274">
     <span class='ocr_line' id='line_1_70' title="bbox 1880 1193 3528 1274; baseline 0.01 -28"><span class='ocrx_word' id='word_1_384' title='bbox 1880 1198 2212 1248; x_wconf 90' lang='lat' dir='ltr'>nostrorum</span> <span class='ocrx_word' id='word_1_385' title='bbox 2270 1193 2674 1264; x_wconf 83' lang='lat' dir='ltr'>praedictorum</span> <span class='ocrx_word' id='word_1_386' title='bbox 2737 1199 3000 1253; x_wconf 88' lang='lat' dir='ltr'>fralrum.</span> <span class='ocrx_word' id='word_1_387' title='bbox 3060 1202 3127 1256; x_wconf 89' lang='lat' dir='ltr'>Et</span> <span class='ocrx_word' id='word_1_388' title='bbox 3181 1203 3319 1274; x_wconf 88' lang='lat' dir='ltr'>quia</span> <span class='ocrx_word' id='word_1_389' title='bbox 3370 1205 3528 1262; x_wconf 87' lang='lat' dir='ltr'>ﬁlius</span> 
     </span>
    </p>
   </div>
   <div class='ocr_carea' id='block_1_71' title="bbox 1880 1282 3525 1364">
    <p class='ocr_par' dir='ltr' id='par_1_71' title="bbox 1880 1282 3525 1364">
     <span class='ocr_line' id='line_1_71' title="bbox 1880 1282 3525 1364; baseline 0.009 -28"><span class='ocrx_word' id='word_1_390' title='bbox 1880 1282 2386 1348; x_wconf 87' lang='lat' dir='ltr'>nosterAmastus,</span> <span class='ocrx_word' id='word_1_391' title='bbox 2402 1284 2840 1356; x_wconf 87' lang='lat' dir='ltr'>Burdigalensis</span> <span class='ocrx_word' id='word_1_392' title='bbox 2864 1288 3354 1364; x_wconf 86' lang='lat' dir='ltr'>archiepiscopus,</span> <span class='ocrx_word' id='word_1_393' title='bbox 3372 1311 3525 1349; x_wconf 89' lang='lat' dir='ltr'>unus</span> 
     </span>
    </p>
   </div>
   <div class='ocr_carea' id='block_1_72' title="bbox 1879 1370 3525 1454">
    <p class='ocr_par' dir='ltr' id='par_1_72' title="bbox 1879 1370 3525 1454">
     <span class='ocr_line' id='line_1_72' title="bbox 1879 1370 3525 1454; baseline 0.008 -29"><span class='ocrx_word' id='word_1_394' title='bbox 1879 1374 2005 1426; x_wconf 89' lang='lat' dir='ltr'>erat</span> <span class='ocrx_word' id='word_1_395' title='bbox 2034 1371 2104 1426; x_wconf 91' lang='lat' dir='ltr'>de</span> <span class='ocrx_word' id='word_1_396' title='bbox 2135 1370 2339 1443; x_wconf 86' lang='lat' dir='ltr'>legatis</span> <span class='ocrx_word' id='word_1_397' title='bbox 2359 1372 2629 1427; x_wconf 79' lang='lat' dir='ltr'>Romanae</span> <span class='ocrx_word' id='word_1_398' title='bbox 2657 1374 3255 1450; x_wconf 85' lang='lat' dir='ltr'>EcclesiaeaGregorio</span> <span class='ocrx_word' id='word_1_399' title='bbox 3279 1380 3525 1454; x_wconf 89' lang='lat' dir='ltr'>septimo</span> 
     </span>
    </p>
   </div>
   <div class='ocr_carea' id='block_1_73' title="bbox 1880 1459 3526 1536">
    <p class='ocr_par' dir='ltr' id='par_1_73' title="bbox 1880 1459 3526 1536">
     <span class='ocr_line' id='line_1_73' title="bbox 1880 1459 3526 1536; baseline 0.009 -24"><span class='ocrx_word' id='word_1_400' title='bbox 1880 1459 2304 1530; x_wconf 82' lang='lat' dir='ltr'>praedecessore</span> <span class='ocrx_word' id='word_1_401' title='bbox 2361 1466 2560 1515; x_wconf 87' lang='lat' dir='ltr'>nostro</span> <span class='ocrx_word' id='word_1_402' title='bbox 2609 1462 2663 1515; x_wconf 93' lang='lat' dir='ltr'>in</span> <span class='ocrx_word' id='word_1_403' title='bbox 2719 1462 2963 1520; x_wconf 86' lang='lat' dir='ltr'>Galliam</span> <span class='ocrx_word' id='word_1_404' title='bbox 3012 1467 3362 1536; x_wconf 89' lang='lat' dir='ltr'>destinatus,</span> <span class='ocrx_word' id='word_1_405' title='bbox 3412 1487 3526 1525; x_wconf 90' lang='lat' dir='ltr'>non</span> 
     </span>
    </p>
   </div>
   <div class='ocr_carea' id='block_1_74' title="bbox 1881 1547 3524 1630">
    <p class='ocr_par' dir='ltr' id='par_1_74' title="bbox 1881 1547 3524 1630">
     <span class='ocr_line' id='line_1_74' title="bbox 1881 1547 3524 1630; baseline 0.007 -29"><span class='ocrx_word' id='word_1_406' title='bbox 1881 1548 1952 1602; x_wconf 85' lang='lat' dir='ltr'>ab</span> <span class='ocrx_word' id='word_1_407' title='bbox 1976 1547 2084 1602; x_wconf 87' lang='lat' dir='ltr'>hac</span> <span class='ocrx_word' id='word_1_408' title='bbox 2112 1547 2371 1602; x_wconf 87' lang='lat' dir='ltr'>Ecclesia</span> <span class='ocrx_word' id='word_1_409' title='bbox 2394 1551 2784 1620; x_wconf 86' lang='lat' dir='ltr'>processionis</span> <span class='ocrx_word' id='word_1_410' title='bbox 2807 1551 3174 1610; x_wconf 87' lang='lat' dir='ltr'>solemnitate</span> <span class='ocrx_word' id='word_1_411' title='bbox 3195 1563 3524 1630; x_wconf 89' lang='lat' dir='ltr'>susceptus:</span> 
     </span>
    </p>
   </div>
   <div class='ocr_carea' id='block_1_75' title="bbox 1882 1636 3527 1708">
    <p class='ocr_par' dir='ltr' id='par_1_75' title="bbox 1882 1636 3527 1708">
     <span class='ocr_line' id='line_1_75' title="bbox 1882 1636 3527 1708; baseline 0.007 -18"><span class='ocrx_word' id='word_1_412' title='bbox 1882 1638 2035 1691; x_wconf 88' lang='lat' dir='ltr'>unde</span> <span class='ocrx_word' id='word_1_413' title='bbox 2065 1636 2240 1691; x_wconf 89' lang='lat' dir='ltr'>etiam</span> <span class='ocrx_word' id='word_1_414' title='bbox 2272 1639 2525 1708; x_wconf 86' lang='lat' dir='ltr'>graviter</span> <span class='ocrx_word' id='word_1_415' title='bbox 2553 1646 2754 1692; x_wconf 85' lang='lat' dir='ltr'>contra</span> <span class='ocrx_word' id='word_1_416' title='bbox 2809 1642 3040 1696; x_wconf 90' lang='lat' dir='ltr'>eosdem</span> <span class='ocrx_word' id='word_1_417' title='bbox 3082 1643 3324 1700; x_wconf 88' lang='lat' dir='ltr'>clericos</span> <span class='ocrx_word' id='word_1_418' title='bbox 3372 1663 3527 1702; x_wconf 85' lang='lat' dir='ltr'>com-</span> 
     </span>
    </p>
   </div>
   <div class='ocr_carea' id='block_1_76' title="bbox 1882 1724 3528 1792">
    <p class='ocr_par' dir='ltr' id='par_1_76' title="bbox 1882 1724 3528 1792">
     <span class='ocr_line' id='line_1_76' title="bbox 1882 1724 3528 1792; baseline 0.008 -13"><span class='ocrx_word' id='word_1_419' title='bbox 1882 1729 2075 1780; x_wconf 79' lang='lat' dir='ltr'>motus</span> <span class='ocrx_word' id='word_1_420' title='bbox 2104 1724 2165 1780; x_wconf 90' lang='lat' dir='ltr'>in</span> <span class='ocrx_word' id='word_1_421' title='bbox 2199 1726 2592 1782; x_wconf 80' lang='lat' dir='ltr'>Exulduncnsi</span> <span class='ocrx_word' id='word_1_422' title='bbox 2630 1728 2872 1783; x_wconf 82' lang='lat' dir='ltr'>concilio</span> <span class='ocrx_word' id='word_1_423' title='bbox 2913 1748 3012 1786; x_wconf 89' lang='lat' dir='ltr'>eos</span> <span class='ocrx_word' id='word_1_424' title='bbox 3060 1735 3528 1792; x_wconf 81' lang='lat' dir='ltr'>excommunica-</span> 
     </span>
    </p>
   </div>
   <div class='ocr_carea' id='block_1_77' title="bbox 1883 1815 3530 1895">
    <p class='ocr_par' dir='ltr' id='par_1_77' title="bbox 1883 1815 3530 1895">
     <span class='ocr_line' id='line_1_77' title="bbox 1883 1815 3530 1895; baseline 0.008 -27"><span class='ocrx_word' id='word_1_425' title='bbox 1883 1815 2040 1868; x_wconf 89' lang='lat' dir='ltr'>tione</span> <span class='ocrx_word' id='word_1_426' title='bbox 2073 1815 2434 1886; x_wconf 80' lang='lat' dir='ltr'>perfoderat;</span> <span class='ocrx_word' id='word_1_427' title='bbox 2480 1831 2616 1870; x_wconf 83' lang='lat' dir='ltr'>eum</span> <span class='ocrx_word' id='word_1_428' title='bbox 2671 1817 2729 1870; x_wconf 86' lang='lat' dir='ltr'>in</span> <span class='ocrx_word' id='word_1_429' title='bbox 2791 1821 3158 1876; x_wconf 88' lang='lat' dir='ltr'>concordiam</span> <span class='ocrx_word' id='word_1_430' title='bbox 3217 1829 3273 1878; x_wconf 91' lang='lat' dir='ltr'>et</span> <span class='ocrx_word' id='word_1_431' title='bbox 3327 1841 3530 1895; x_wconf 88' lang='lat' dir='ltr'>pacem</span> 
     </span>
    </p>
   </div>
   <div class='ocr_carea' id='block_1_78' title="bbox 1883 1902 3531 1974">
    <p class='ocr_par' dir='ltr' id='par_1_78' title="bbox 1883 1902 3531 1974">
     <span class='ocr_line' id='line_1_78' title="bbox 1883 1902 3531 1974; baseline 0.007 -17"><span class='ocrx_word' id='word_1_432' title='bbox 1883 1920 2081 1958; x_wconf 90' lang='lat' dir='ltr'>eorum</span> <span class='ocrx_word' id='word_1_433' title='bbox 2116 1902 2580 1958; x_wconf 84' lang='lat' dir='ltr'>reformavimus.</span> <span class='ocrx_word' id='word_1_434' title='bbox 2615 1905 2810 1974; x_wconf 85' lang='lat' dir='ltr'>Neque</span> <span class='ocrx_word' id='word_1_435' title='bbox 2841 1924 2938 1962; x_wconf 88' lang='lat' dir='ltr'>eos</span> <span class='ocrx_word' id='word_1_436' title='bbox 2968 1913 3037 1963; x_wconf 85' lang='lat' dir='ltr'>ad</span> <span class='ocrx_word' id='word_1_437' title='bbox 3076 1908 3252 1966; x_wconf 88' lang='lat' dir='ltr'>ullam</span> <span class='ocrx_word' id='word_1_438' title='bbox 3295 1913 3531 1969; x_wconf 89' lang='lat' dir='ltr'>satisfa-</span> 
     </span>
    </p>
   </div>
   <div class='ocr_carea' id='block_1_79' title="bbox 1883 1991 3530 2066">
    <p class='ocr_par' dir='ltr' id='par_1_79' title="bbox 1883 1991 3530 2066">
     <span class='ocr_line' id='line_1_79' title="bbox 1883 1991 3530 2066; baseline 0.009 -21"><span class='ocrx_word' id='word_1_439' title='bbox 1883 1991 2158 2056; x_wconf 88' lang='lat' dir='ltr'>ctionem,</span> <span class='ocrx_word' id='word_1_440' title='bbox 2214 1992 2352 2062; x_wconf 87' lang='lat' dir='ltr'>quia</span> <span class='ocrx_word' id='word_1_441' title='bbox 2410 1994 2752 2049; x_wconf 80' lang='lat' dir='ltr'>auctoritate</span> <span class='ocrx_word' id='word_1_442' title='bbox 2809 1995 3059 2066; x_wconf 87' lang='lat' dir='ltr'>pollente</span> <span class='ocrx_word' id='word_1_443' title='bbox 3112 2015 3239 2056; x_wconf 89' lang='lat' dir='ltr'>sese</span> <span class='ocrx_word' id='word_1_444' title='bbox 3302 2003 3530 2059; x_wconf 85' lang='lat' dir='ltr'>munie—</span> 
     </span>
    </p>
   </div>
   <div class='ocr_carea' id='block_1_80' title="bbox 1884 2080 3530 2157">
    <p class='ocr_par' dir='ltr' id='par_1_80' title="bbox 1884 2080 3530 2157">
     <span class='ocr_line' id='line_1_80' title="bbox 1884 2080 3530 2157; baseline 0.009 -23"><span class='ocrx_word' id='word_1_445' title='bbox 1884 2084 2035 2146; x_wconf 90' lang='lat' dir='ltr'>rant,</span> <span class='ocrx_word' id='word_1_446' title='bbox 2067 2080 2482 2150; x_wconf 85' lang='lat' dir='ltr'>compulimus,</span> <span class='ocrx_word' id='word_1_447' title='bbox 2518 2098 2703 2152; x_wconf 88' lang='lat' dir='ltr'>neque</span> <span class='ocrx_word' id='word_1_448' title='bbox 2735 2083 2991 2154; x_wconf 90' lang='lat' dir='ltr'>qualibet</span> <span class='ocrx_word' id='word_1_449' title='bbox 3021 2103 3124 2157; x_wconf 89' lang='lat' dir='ltr'>pro</span> <span class='ocrx_word' id='word_1_450' title='bbox 3151 2088 3251 2144; x_wconf 85' lang='lat' dir='ltr'>tali</span> <span class='ocrx_word' id='word_1_451' title='bbox 3291 2107 3530 2149; x_wconf 84' lang='lat' dir='ltr'>excessu</span> 
     </span>
    </p>
   </div>
   <div class='ocr_carea' id='block_1_81' title="bbox 1884 2167 3532 2253">
    <p class='ocr_par' dir='ltr' id='par_1_81' title="bbox 1884 2167 3532 2253">
     <span class='ocr_line' id='line_1_81' title="bbox 1884 2167 3532 2253; baseline 0.01 -32"><span class='ocrx_word' id='word_1_452' title='bbox 1884 2167 2043 2222; x_wconf 86' lang='lat' dir='ltr'>absol</span> <span class='ocrx_word' id='word_1_453' title='bbox 2055 2167 2249 2223; x_wconf 80' lang='lat' dir='ltr'>utione</span> <span class='ocrx_word' id='word_1_454' title='bbox 2263 2171 2596 2240; x_wconf 86' lang='lat' dir='ltr'>purgandos</span> <span class='ocrx_word' id='word_1_455' title='bbox 2609 2173 2970 2239; x_wconf 79' lang='lat' dir='ltr'>Censuimus,</span> <span class='ocrx_word' id='word_1_456' title='bbox 2983 2174 3233 2246; x_wconf 88' lang='lat' dir='ltr'>denique</span> <span class='ocrx_word' id='word_1_457' title='bbox 3254 2181 3532 2253; x_wconf 88' lang='lat' dir='ltr'>quoniam</span> 
     </span>
    </p>
   </div>
   <div class='ocr_carea' id='block_1_82' title="bbox 1885 2257 3531 2340">
    <p class='ocr_par' dir='ltr' id='par_1_82' title="bbox 1885 2257 3531 2340">
     <span class='ocr_line' id='line_1_82' title="bbox 1885 2257 3531 2340; baseline 0.009 -30"><span class='ocrx_word' id='word_1_458' title='bbox 1885 2257 1941 2311; x_wconf 92' lang='lat' dir='ltr'>iu</span> <span class='ocrx_word' id='word_1_459' title='bbox 1975 2257 2328 2328; x_wconf 89' lang='lat' dir='ltr'>quibusdam</span> <span class='ocrx_word' id='word_1_460' title='bbox 2383 2275 2501 2313; x_wconf 84' lang='lat' dir='ltr'>suae</span> <span class='ocrx_word' id='word_1_461' title='bbox 2543 2258 2796 2314; x_wconf 86' lang='lat' dir='ltr'>ecclesiae</span> <span class='ocrx_word' id='word_1_462' title='bbox 2855 2261 3171 2335; x_wconf 84' lang='lat' dir='ltr'>privilegiis</span> <span class='ocrx_word' id='word_1_463' title='bbox 3228 2268 3531 2340; x_wconf 89' lang='lat' dir='ltr'>proprium</span> 
     </span>
    </p>
   </div>
   <div class='ocr_carea' id='block_1_83' title="bbox 1885 2344 3534 2426">
    <p class='ocr_par' dir='ltr' id='par_1_83' title="bbox 1885 2344 3534 2426">
     <span class='ocr_line' id='line_1_83' title="bbox 1885 2344 3534 2426; baseline 0.008 -27"><span class='ocrx_word' id='word_1_464' title='bbox 1885 2345 1969 2399; x_wconf 89' lang='lat' dir='ltr'>eis</span> <span class='ocrx_word' id='word_1_465' title='bbox 2000 2344 2212 2400; x_wconf 85' lang='lat' dir='ltr'>habere</span> <span class='ocrx_word' id='word_1_466' title='bbox 2269 2345 2607 2417; x_wconf 88' lang='lat' dir='ltr'>episcopum</span> <span class='ocrx_word' id='word_1_467' title='bbox 2667 2364 3012 2404; x_wconf 88' lang='lat' dir='ltr'>concessum</span> <span class='ocrx_word' id='word_1_468' title='bbox 3071 2357 3179 2420; x_wconf 90' lang='lat' dir='ltr'>est,</span> <span class='ocrx_word' id='word_1_469' title='bbox 3239 2355 3368 2426; x_wconf 87' lang='lat' dir='ltr'>ejus</span> <span class='ocrx_word' id='word_1_470' title='bbox 3411 2357 3534 2412; x_wconf 92' lang='lat' dir='ltr'>vice</span> 
     </span>
    </p>
   </div>
   <div class='ocr_carea' id='block_1_84' title="bbox 1886 2433 3533 2508">
    <p class='ocr_par' dir='ltr' id='par_1_84' title="bbox 1886 2433 3533 2508">
     <span class='ocr_line' id='line_1_84' title="bbox 1886 2433 3533 2508; baseline 0.008 -20"><span class='ocrx_word' id='word_1_471' title='bbox 1886 2450 1993 2488; x_wconf 87' lang='lat' dir='ltr'>nos</span> <span class='ocrx_word' id='word_1_472' title='bbox 2051 2433 2311 2488; x_wconf 86' lang='lat' dir='ltr'>Romano</span> <span class='ocrx_word' id='word_1_473' title='bbox 2364 2450 2464 2490; x_wconf 90' lang='lat' dir='ltr'>eos</span> <span class='ocrx_word' id='word_1_474' title='bbox 2511 2435 2810 2492; x_wconf 87' lang='lat' dir='ltr'>sancimus</span> <span class='ocrx_word' id='word_1_475' title='bbox 2863 2438 3193 2508; x_wconf 87' lang='lat' dir='ltr'>specialiter</span> <span class='ocrx_word' id='word_1_476' title='bbox 3238 2444 3533 2501; x_wconf 67' lang='lat' dir='ltr'>adhaerere</span> 
     </span>
    </p>
   </div>
   <div class='ocr_carea' id='block_1_85' title="bbox 1887 2521 3534 2605">
    <p class='ocr_par' dir='ltr' id='par_1_85' title="bbox 1887 2521 3534 2605">
     <span class='ocr_line' id='line_1_85' title="bbox 1887 2521 3534 2605; baseline 0.008 -28"><span class='ocrx_word' id='word_1_477' title='bbox 1887 2521 2166 2596; x_wconf 87' lang='lat' dir='ltr'>pontiﬁci,</span> <span class='ocrx_word' id='word_1_478' title='bbox 2196 2527 2254 2577; x_wconf 90' lang='lat' dir='ltr'>et</span> <span class='ocrx_word' id='word_1_479' title='bbox 2283 2523 2577 2595; x_wconf 87' lang='lat' dir='ltr'>graviores</span> <span class='ocrx_word' id='word_1_480' title='bbox 2601 2540 2802 2580; x_wconf 88' lang='lat' dir='ltr'>eorum</span> <span class='ocrx_word' id='word_1_481' title='bbox 2836 2543 3046 2583; x_wconf 88' lang='lat' dir='ltr'>causas</span> <span class='ocrx_word' id='word_1_482' title='bbox 3067 2545 3136 2584; x_wconf 82' lang='lat' dir='ltr'>ex</span> <span class='ocrx_word' id='word_1_483' title='bbox 3163 2531 3291 2602; x_wconf 88' lang='lat' dir='ltr'>ejus</span> <span class='ocrx_word' id='word_1_484' title='bbox 3324 2535 3534 2605; x_wconf 85' lang='lat' dir='ltr'>pende-</span> 
     </span>
    </p>
   </div>
   <div class='ocr_carea' id='block_1_86' title="bbox 1888 2611 2212 2682">
    <p class='ocr_par' dir='ltr' id='par_1_86' title="bbox 1888 2611 2212 2682">
     <span class='ocr_line' id='line_1_86' title="bbox 1888 2611 2212 2682; baseline -0.003 -15"><span class='ocrx_word' id='word_1_485' title='bbox 1888 2629 1946 2667; x_wconf 90' lang='lat' dir='ltr'>re</span> <span class='ocrx_word' id='word_1_486' title='bbox 1968 2611 2212 2682; x_wconf 90' lang='lat' dir='ltr'>judicio.</span> 
     </span>
    </p>
   </div>
   <div class='ocr_carea' id='block_1_87' title="bbox 1957 2699 3531 2782">
    <p class='ocr_par' dir='ltr' id='par_1_87' title="bbox 1957 2699 3531 2782">
     <span class='ocr_line' id='line_1_87' title="bbox 1957 2699 3531 2782; baseline 0.008 -26"><span class='ocrx_word' id='word_1_487' title='bbox 1957 2701 2016 2756; x_wconf 92' lang='lat' dir='ltr'>Si</span> <span class='ocrx_word' id='word_1_488' title='bbox 2045 2699 2177 2772; x_wconf 88' lang='lat' dir='ltr'>quis</span> <span class='ocrx_word' id='word_1_489' title='bbox 2203 2717 2343 2756; x_wconf 81' lang='lat' dir='ltr'>sane</span> <span class='ocrx_word' id='word_1_490' title='bbox 2373 2700 2431 2755; x_wconf 91' lang='lat' dir='ltr'>in</span> <span class='ocrx_word' id='word_1_491' title='bbox 2463 2701 2787 2758; x_wconf 89' lang='lat' dir='ltr'>crastinum</span> <span class='ocrx_word' id='word_1_492' title='bbox 2811 2704 3256 2774; x_wconf 84' lang='lat' dir='ltr'>cardinalis,aut</span> <span class='ocrx_word' id='word_1_493' title='bbox 3284 2708 3531 2782; x_wconf 77' lang='lat' dir='ltr'>legatus,</span> 
     </span>
    </p>
   </div>
   <div class='ocr_carea' id='block_1_88' title="bbox 1887 2788 3530 2870">
    <p class='ocr_par' dir='ltr' id='par_1_88' title="bbox 1887 2788 3530 2870">
     <span class='ocr_line' id='line_1_88' title="bbox 1887 2788 3530 2870; baseline 0.006 -24"><span class='ocrx_word' id='word_1_494' title='bbox 1887 2795 1985 2846; x_wconf 87' lang='lat' dir='ltr'>aut</span> <span class='ocrx_word' id='word_1_495' title='bbox 2008 2788 2339 2862; x_wconf 70' lang='lat' dir='ltr'>episcOpus,</span> <span class='ocrx_word' id='word_1_496' title='bbox 2373 2795 2476 2846; x_wconf 87' lang='lat' dir='ltr'>aut</span> <span class='ocrx_word' id='word_1_497' title='bbox 2504 2790 2750 2862; x_wconf 90' lang='lat' dir='ltr'>quilibet</span> <span class='ocrx_word' id='word_1_498' title='bbox 2779 2811 2814 2848; x_wconf 85' lang='lat' dir='ltr'>a</span> <span class='ocrx_word' id='word_1_499' title='bbox 2843 2799 3039 2851; x_wconf 88' lang='lat' dir='ltr'>nostro</span> <span class='ocrx_word' id='word_1_500' title='bbox 3071 2795 3252 2853; x_wconf 89' lang='lat' dir='ltr'>latere</span> <span class='ocrx_word' id='word_1_501' title='bbox 3290 2800 3530 2870; x_wconf 89' lang='lat' dir='ltr'>missus,</span> 
     </span>
    </p>
   </div>
   <div class='ocr_carea' id='block_1_89' title="bbox 1886 2879 3535 2956">
    <p class='ocr_par' dir='ltr' id='par_1_89' title="bbox 1886 2879 3535 2956">
     <span class='ocr_line' id='line_1_89' title="bbox 1886 2879 3535 2956; baseline 0.007 -22"><span class='ocrx_word' id='word_1_502' title='bbox 1886 2879 2038 2934; x_wconf 81' lang='lat' dir='ltr'>hanc</span> <span class='ocrx_word' id='word_1_503' title='bbox 2071 2883 2284 2934; x_wconf 77' lang='lat' dir='ltr'>nostrae</span> <span class='ocrx_word' id='word_1_504' title='bbox 2315 2880 2779 2936; x_wconf 88' lang='lat' dir='ltr'>conﬁrmationis</span> <span class='ocrx_word' id='word_1_505' title='bbox 2801 2883 3072 2956; x_wconf 86' lang='lat' dir='ltr'>paginam</span> <span class='ocrx_word' id='word_1_506' title='bbox 3097 2886 3310 2956; x_wconf 89' lang='lat' dir='ltr'>sciens,</span> <span class='ocrx_word' id='word_1_507' title='bbox 3333 2894 3535 2945; x_wconf 88' lang='lat' dir='ltr'>contra</span> 
     </span>
    </p>
   </div>
   <div class='ocr_carea' id='block_1_90' title="bbox 1887 2968 3532 3049">
    <p class='ocr_par' dir='ltr' id='par_1_90' title="bbox 1887 2968 3532 3049">
     <span class='ocr_line' id='line_1_90' title="bbox 1887 2968 3532 3049; baseline 0.007 -27"><span class='ocrx_word' id='word_1_508' title='bbox 1887 2984 2013 3022; x_wconf 91' lang='lat' dir='ltr'>eam</span> <span class='ocrx_word' id='word_1_509' title='bbox 2047 2971 2263 3023; x_wconf 88' lang='lat' dir='ltr'>temere</span> <span class='ocrx_word' id='word_1_510' title='bbox 2295 2968 2488 3022; x_wconf 89' lang='lat' dir='ltr'>venire</span> <span class='ocrx_word' id='word_1_511' title='bbox 2528 2969 2849 3038; x_wconf 86' lang='lat' dir='ltr'>tentaverit,</span> <span class='ocrx_word' id='word_1_512' title='bbox 2890 2977 2946 3027; x_wconf 89' lang='lat' dir='ltr'>et</span> <span class='ocrx_word' id='word_1_513' title='bbox 2979 2977 3236 3031; x_wconf 88' lang='lat' dir='ltr'>nostram</span> <span class='ocrx_word' id='word_1_514' title='bbox 3285 2977 3532 3049; x_wconf 81' lang='lat' dir='ltr'>perfrin-</span> 
     </span>
    </p>
   </div>
   <div class='ocr_carea' id='block_1_91' title="bbox 1887 3056 3533 3136">
    <p class='ocr_par' dir='ltr' id='par_1_91' title="bbox 1887 3056 3533 3136">
     <span class='ocr_line' id='line_1_91' title="bbox 1887 3056 3533 3136; baseline 0.009 -26"><span class='ocrx_word' id='word_1_515' title='bbox 1887 3073 2031 3128; x_wconf 88' lang='lat' dir='ltr'>gens</span> <span class='ocrx_word' id='word_1_516' title='bbox 2076 3056 2504 3122; x_wconf 89' lang='lat' dir='ltr'>auctoritatem,</span> <span class='ocrx_word' id='word_1_517' title='bbox 2556 3059 2988 3129; x_wconf 88' lang='lat' dir='ltr'>processionem</span> <span class='ocrx_word' id='word_1_518' title='bbox 3041 3063 3115 3117; x_wconf 91' lang='lat' dir='ltr'>ab</span> <span class='ocrx_word' id='word_1_519' title='bbox 3165 3063 3294 3136; x_wconf 89' lang='lat' dir='ltr'>ipsa</span> <span class='ocrx_word' id='word_1_520' title='bbox 3345 3068 3533 3124; x_wconf 90' lang='lat' dir='ltr'>sancti</span> 
     </span>
    </p>
   </div>
   <div class='ocr_carea' id='block_1_92' title="bbox 1887 3144 3530 3217">
    <p class='ocr_par' dir='ltr' id='par_1_92' title="bbox 1887 3144 3530 3217">
     <span class='ocr_line' id='line_1_92' title="bbox 1887 3144 3530 3217; baseline 0.006 -16"><span class='ocrx_word' id='word_1_521' title='bbox 1887 3144 2236 3201; x_wconf 79' lang='lat' dir='ltr'>confessoris</span> <span class='ocrx_word' id='word_1_522' title='bbox 2269 3145 2512 3200; x_wconf 90' lang='lat' dir='ltr'>ecclesia</span> <span class='ocrx_word' id='word_1_523' title='bbox 2542 3147 2865 3217; x_wconf 87' lang='lat' dir='ltr'>expetierit,</span> <span class='ocrx_word' id='word_1_524' title='bbox 2900 3147 2949 3202; x_wconf 90' lang='lat' dir='ltr'>si</span> <span class='ocrx_word' id='word_1_525' title='bbox 2986 3152 3376 3209; x_wconf 90' lang='lat' dir='ltr'>commonitus</span> <span class='ocrx_word' id='word_1_526' title='bbox 3417 3172 3530 3210; x_wconf 91' lang='lat' dir='ltr'>non</span> 
     </span>
    </p>
   </div>
   <div class='ocr_carea' id='block_1_93' title="bbox 1886 3234 3529 3310">
    <p class='ocr_par' dir='ltr' id='par_1_93' title="bbox 1886 3234 3529 3310">
     <span class='ocr_line' id='line_1_93' title="bbox 1886 3234 3529 3310; baseline 0.006 -21"><span class='ocrx_word' id='word_1_527' title='bbox 1886 3234 2193 3300; x_wconf 84' lang='lat' dir='ltr'>destiterit,</span> <span class='ocrx_word' id='word_1_528' title='bbox 2237 3235 2543 3304; x_wconf 85' lang='lat' dir='ltr'>potestatis</span> <span class='ocrx_word' id='word_1_529' title='bbox 2587 3234 2942 3306; x_wconf 85' lang='lat' dir='ltr'>honorisque</span> <span class='ocrx_word' id='word_1_530' title='bbox 2985 3238 3271 3309; x_wconf 87' lang='lat' dir='ltr'>dignitate</span> <span class='ocrx_word' id='word_1_531' title='bbox 3318 3247 3529 3310; x_wconf 87' lang='lat' dir='ltr'>careat,</span> 
     </span>
    </p>
   </div>
   <div class='ocr_carea' id='block_1_94' title="bbox 1887 3321 3534 3400">
    <p class='ocr_par' dir='ltr' id='par_1_94' title="bbox 1887 3321 3534 3400">
     <span class='ocr_line' id='line_1_94' title="bbox 1887 3321 3534 3400; baseline 0.006 -23"><span class='ocrx_word' id='word_1_532' title='bbox 1887 3338 2164 3392; x_wconf 90' lang='lat' dir='ltr'>reumque</span> <span class='ocrx_word' id='word_1_533' title='bbox 2196 3338 2257 3376; x_wconf 91' lang='lat' dir='ltr'>se</span> <span class='ocrx_word' id='word_1_534' title='bbox 2287 3321 2482 3376; x_wconf 90' lang='lat' dir='ltr'>divino</span> <span class='ocrx_word' id='word_1_535' title='bbox 2505 3322 2732 3392; x_wconf 89' lang='lat' dir='ltr'>judicio</span> <span class='ocrx_word' id='word_1_536' title='bbox 2771 3324 3016 3379; x_wconf 86' lang='lat' dir='ltr'>existere</span> <span class='ocrx_word' id='word_1_537' title='bbox 3076 3327 3148 3381; x_wconf 92' lang='lat' dir='ltr'>de</span> <span class='ocrx_word' id='word_1_538' title='bbox 3203 3335 3534 3400; x_wconf 87' lang='lat' dir='ltr'>perpetrata</span> 
     </span>
    </p>
   </div>
   <div class='ocr_carea' id='block_1_95' title="bbox 1886 3409 3526 3483">
    <p class='ocr_par' dir='ltr' id='par_1_95' title="bbox 1886 3409 3526 3483">
     <span class='ocr_line' id='line_1_95' title="bbox 1886 3409 3526 3483; baseline 0.007 -18"><span class='ocrx_word' id='word_1_539' title='bbox 1886 3409 2340 3483; x_wconf 66' lang='lat' dir='ltr'>praesumrtione</span> <span class='ocrx_word' id='word_1_540' title='bbox 2369 3416 2715 3482; x_wconf 89' lang='lat' dir='ltr'>cognoscat;</span> <span class='ocrx_word' id='word_1_541' title='bbox 2749 3413 2976 3468; x_wconf 84' lang='lat' dir='ltr'>cunctis</span> <span class='ocrx_word' id='word_1_542' title='bbox 3015 3418 3211 3470; x_wconf 88' lang='lat' dir='ltr'>autem</span> <span class='ocrx_word' id='word_1_543' title='bbox 3267 3417 3378 3474; x_wconf 84' lang='lat' dir='ltr'>ista</span> <span class='ocrx_word' id='word_1_544' title='bbox 3407 3437 3526 3476; x_wconf 89' lang='lat' dir='ltr'>ser-</span> 
     </span>
    </p>
   </div>
   <div class='ocr_carea' id='block_1_96' title="bbox 1883 3498 3525 3580">
    <p class='ocr_par' dir='ltr' id='par_1_96' title="bbox 1883 3498 3525 3580">
     <span class='ocr_line' id='line_1_96' title="bbox 1883 3498 3525 3580; baseline 0.007 -25"><span class='ocrx_word' id='word_1_545' title='bbox 1883 3499 2156 3555; x_wconf 89' lang='lat' dir='ltr'>vantibus</span> <span class='ocrx_word' id='word_1_546' title='bbox 2189 3499 2264 3553; x_wconf 89' lang='lat' dir='ltr'>sit</span> <span class='ocrx_word' id='word_1_547' title='bbox 2292 3515 2403 3570; x_wconf 84' lang='lat' dir='ltr'>pax</span> <span class='ocrx_word' id='word_1_548' title='bbox 2431 3498 2660 3554; x_wconf 91' lang='lat' dir='ltr'>Domini</span> <span class='ocrx_word' id='word_1_549' title='bbox 2695 3501 2874 3555; x_wconf 89' lang='lat' dir='ltr'>nostri</span> <span class='ocrx_word' id='word_1_550' title='bbox 2907 3504 3045 3557; x_wconf 84' lang='lat' dir='ltr'>Jesu</span> <span class='ocrx_word' id='word_1_551' title='bbox 3067 3503 3300 3562; x_wconf 87' lang='lat' dir='ltr'>Christi.</span> <span class='ocrx_word' id='word_1_552' title='bbox 3319 3510 3525 3580; x_wconf 86' lang='lat' dir='ltr'>Amen,</span> 
     </span>
    </p>
   </div>
   <div class='ocr_carea' id='block_1_97' title="bbox 1886 3603 2299 3654">
    <p class='ocr_par' dir='ltr' id='par_1_97' title="bbox 1886 3603 2299 3654">
     <span class='ocr_line' id='line_1_97' title="bbox 1886 3603 2299 3654; baseline -0.007 -9"><span class='ocrx_word' id='word_1_553' title='bbox 1886 3606 2078 3654; x_wconf 88' lang='lat' dir='ltr'>amen,</span> <span class='ocrx_word' id='word_1_554' title='bbox 2109 3603 2299 3643; x_wconf 91' lang='lat' dir='ltr'>amen.</span> 
     </span>
    </p>
   </div>
   <div class='ocr_carea' id='block_1_98' title="bbox 1960 3677 3536 3760">
    <p class='ocr_par' dir='ltr' id='par_1_98' title="bbox 1960 3677 3536 3760">
     <span class='ocr_line' id='line_1_98' title="bbox 1960 3677 3536 3760; baseline 0.008 -28"><span class='ocrx_word' id='word_1_555' title='bbox 1960 3680 2165 3733; x_wconf 88' lang='lat' dir='ltr'>Datum</span> <span class='ocrx_word' id='word_1_556' title='bbox 2207 3677 2460 3732; x_wconf 85' lang='lat' dir='ltr'>Turonis</span> <span class='ocrx_word' id='word_1_557' title='bbox 2494 3677 2551 3731; x_wconf 92' lang='lat' dir='ltr'>in</span> <span class='ocrx_word' id='word_1_558' title='bbox 2595 3679 2829 3736; x_wconf 82' lang='lat' dir='ltr'>castello</span> <span class='ocrx_word' id='word_1_559' title='bbox 2879 3682 3080 3738; x_wconf 87' lang='lat' dir='ltr'>Sancti</span> <span class='ocrx_word' id='word_1_560' title='bbox 3140 3685 3372 3741; x_wconf 87' lang='lat' dir='ltr'>Martini</span> <span class='ocrx_word' id='word_1_561' title='bbox 3431 3679 3536 3760; x_wconf 82' lang='lat' dir='ltr'>per</span> 
     </span>
    </p>
   </div>
   <div class='ocr_carea' id='block_1_99' title="bbox 1885 3767 3534 3834">
    <p class='ocr_par' dir='ltr' id='par_1_99' title="bbox 1885 3767 3534 3834">
     <span class='ocr_line' id='line_1_99' title="bbox 1885 3767 3534 3834; baseline 0.007 -11"><span class='ocrx_word' id='word_1_562' title='bbox 1885 3783 2126 3823; x_wconf 89' lang='lat' dir='ltr'>manum</span> <span class='ocrx_word' id='word_1_563' title='bbox 2157 3767 2422 3833; x_wconf 84' lang='lat' dir='ltr'>Joannis,</span> <span class='ocrx_word' id='word_1_564' title='bbox 2456 3772 2666 3822; x_wconf 75' lang='lat' dir='ltr'>sanctae</span> <span class='ocrx_word' id='word_1_565' title='bbox 2696 3769 2967 3826; x_wconf 86' lang='lat' dir='ltr'>Romanae</span> <span class='ocrx_word' id='word_1_566' title='bbox 3009 3773 3274 3830; x_wconf 88' lang='lat' dir='ltr'>Ecclesiae</span> <span class='ocrx_word' id='word_1_567' title='bbox 3304 3777 3534 3834; x_wconf 91' lang='lat' dir='ltr'>diaconi</span> 
     </span>
    </p>
   </div>
   <div class='ocr_carea' id='block_1_100' title="bbox 1883 3855 3534 3937">
    <p class='ocr_par' dir='ltr' id='par_1_100' title="bbox 1883 3855 3534 3937">
     <span class='ocr_line' id='line_1_100' title="bbox 1883 3855 3534 3937; baseline 0.007 -25"><span class='ocrx_word' id='word_1_568' title='bbox 1883 3855 2221 3920; x_wconf 86' lang='lat' dir='ltr'>cardinalis,</span> <span class='ocrx_word' id='word_1_569' title='bbox 2255 3873 2292 3910; x_wconf 86' lang='lat' dir='ltr'>II</span> <span class='ocrx_word' id='word_1_570' title='bbox 2329 3855 2463 3910; x_wconf 89' lang='lat' dir='ltr'>ldus</span> <span class='ocrx_word' id='word_1_571' title='bbox 2497 3856 2708 3924; x_wconf 83' lang='lat' dir='ltr'>Martii,</span> <span class='ocrx_word' id='word_1_572' title='bbox 2739 3859 3055 3917; x_wconf 90' lang='lat' dir='ltr'>indictione</span> <span class='ocrx_word' id='word_1_573' title='bbox 3107 3869 3335 3937; x_wconf 90' lang='lat' dir='ltr'>quarta,</span> <span class='ocrx_word' id='word_1_574' title='bbox 3381 3883 3534 3923; x_wconf 89' lang='lat' dir='ltr'>anno</span> 
     </span>
    </p>
   </div>
   <div class='ocr_carea' id='block_1_101' title="bbox 1883 3944 3536 4024">
    <p class='ocr_par' dir='ltr' id='par_1_101' title="bbox 1883 3944 3536 4024">
     <span class='ocr_line' id='line_1_101' title="bbox 1883 3944 3536 4024; baseline 0.007 -24"><span class='ocrx_word' id='word_1_575' title='bbox 1883 3945 2196 4000; x_wconf 83' lang='lat' dir='ltr'>Dominicae</span> <span class='ocrx_word' id='word_1_576' title='bbox 2231 3944 2658 4000; x_wconf 78' lang='lat' dir='ltr'>Inoarnationis</span> <span class='ocrx_word' id='word_1_577' title='bbox 2717 3947 2854 4001; x_wconf 79' lang='grc'>4097</span> <span class='ocrx_word' id='word_1_578' title='bbox 2908 3950 3107 4018; x_wconf 73' lang='grc'>[4096,]</span> <span class='ocrx_word' id='word_1_579' title='bbox 3160 3954 3536 4024; x_wconf 86' lang='lat' dir='ltr'>pontiﬁcatus</span> 
     </span>
    </p>
   </div>
   <div class='ocr_carea' id='block_1_102' title="bbox 1883 4033 3072 4108">
    <p class='ocr_par' dir='ltr' id='par_1_102' title="bbox 1883 4033 3072 4108">
     <span class='ocr_line' id='line_1_102' title="bbox 1883 4033 3072 4108; baseline 0.005 -19"><span class='ocrx_word' id='word_1_580' title='bbox 1883 4038 2080 4090; x_wconf 86' lang='lat' dir='ltr'>autem</span> <span class='ocrx_word' id='word_1_581' title='bbox 2111 4034 2334 4088; x_wconf 88' lang='lat' dir='ltr'>domini</span> <span class='ocrx_word' id='word_1_582' title='bbox 2369 4033 2587 4088; x_wconf 89' lang='lat' dir='ltr'>Urbani</span> <span class='ocrx_word' id='word_1_583' title='bbox 2624 4035 2669 4088; x_wconf 89' lang='lat' dir='ltr'>ll</span> <span class='ocrx_word' id='word_1_584' title='bbox 2702 4052 2862 4108; x_wconf 80' lang='lat' dir='ltr'>papae</span> <span class='ocrx_word' id='word_1_585' title='bbox 2898 4054 3072 4095; x_wconf 90' lang='lat' dir='ltr'>nono.</span> 
     </span>
    </p>
   </div>
   <div class='ocr_carea' id='block_1_103' title="bbox 2539 4157 2868 4218">
    <p class='ocr_par' dir='ltr' id='par_1_103' title="bbox 2539 4157 2868 4218">
     <span class='ocr_line' id='line_1_103' title="bbox 2539 4157 2868 4218; baseline 0.015 -6"><span class='ocrx_word' id='word_1_586' title='bbox 2539 4157 2868 4218; x_wconf 78' lang='lat' dir='ltr'>CLXXVIII.</span> 
     </span>
    </p>
   </div>
   <div class='ocr_carea' id='block_1_104' title="bbox 1887 4245 3537 4317">
    <p class='ocr_par' dir='ltr' id='par_1_104' title="bbox 1887 4245 3537 4317">
     <span class='ocr_line' id='line_1_104' title="bbox 1887 4245 3537 4317; baseline 0.007 -16"><span class='ocrx_word' id='word_1_587' title='bbox 1887 4245 2093 4302; x_wconf 80' lang='lat' dir='ltr'>Urbani</span> <span class='ocrx_word' id='word_1_588' title='bbox 2121 4248 2174 4301; x_wconf 87' lang='lat' dir='ltr'><strong>II</strong></span> <span class='ocrx_word' id='word_1_589' title='bbox 2201 4247 2429 4317; x_wconf 71' lang='lat' dir='ltr'>epistola</span> <span class='ocrx_word' id='word_1_590' title='bbox 2455 4245 2525 4301; x_wconf 83' lang='lat' dir='ltr'>ad</span> <span class='ocrx_word' id='word_1_591' title='bbox 2554 4250 2843 4304; x_wconf 82' lang='lat' dir='ltr'>monachos</span> <span class='ocrx_word' id='word_1_592' title='bbox 2885 4251 2941 4305; x_wconf 87' lang='lat' dir='ltr'>S.</span> <span class='ocrx_word' id='word_1_593' title='bbox 2996 4255 3149 4308; x_wconf 83' lang='lat' dir='ltr'>Petri</span> <span class='ocrx_word' id='word_1_594' title='bbox 3193 4256 3537 4311; x_wconf 79' lang='lat' dir='ltr'>Bainsonen-</span> 
     </span>
    </p>
   </div>
   <div class='ocr_carea' id='block_1_105' title="bbox 1952 4319 3538 4394">
    <p class='ocr_par' dir='ltr' id='par_1_105' title="bbox 1952 4319 3538 4394">
     <span class='ocr_line' id='line_1_105' title="bbox 1952 4319 3538 4394; baseline 0.006 -23"><span class='ocrx_word' id='word_1_595' title='bbox 1952 4320 2046 4394; x_wconf 68' lang='lat' dir='ltr'>sis.</span> <span class='ocrx_word' id='word_1_596' title='bbox 2082 4349 2146 4394; x_wconf 46' lang='grc' dir='ltr'>έ</span> <span class='ocrx_word' id='word_1_597' title='bbox 2187 4319 2614 4394; x_wconf 72' lang='lat' dir='ltr'>Bainsonensem</span> <span class='ocrx_word' id='word_1_598' title='bbox 2661 4321 2944 4394; x_wconf 75' lang='lat' dir='ltr'>ecclesiam</span> <span class='ocrx_word' id='word_1_599' title='bbox 2973 4340 3006 4377; x_wconf 89' lang='lat' dir='ltr'>a</span> <span class='ocrx_word' id='word_1_600' title='bbox 3055 4326 3377 4394; x_wconf 76' lang='lat' dir='ltr'>parentibus</span> <span class='ocrx_word' id='word_1_601' title='bbox 3423 4328 3538 4380; x_wconf 79' lang='lat' dir='ltr'>suis</span> 
     </span>
    </p>
   </div>
   <div class='ocr_carea' id='block_1_106' title="bbox 1951 4389 3537 4462">
    <p class='ocr_par' dir='ltr' id='par_1_106' title="bbox 1951 4389 3537 4462">
     <span class='ocr_line' id='line_1_106' title="bbox 1951 4389 3537 4462; baseline 0.005 -18"><span class='ocrx_word' id='word_1_602' title='bbox 1951 4390 2302 4462; x_wconf 78' lang='lat' dir='ltr'>Cluniacensi</span> <span class='ocrx_word' id='word_1_603' title='bbox 2356 4389 2596 4445; x_wconf 67' lang='lat' dir='ltr'>camzobio</span> <span class='ocrx_word' id='word_1_604' title='bbox 2658 4391 2939 4462; x_wconf 76' lang='lat' dir='ltr'>donatam,</span> <span class='ocrx_word' id='word_1_605' title='bbox 3011 4389 3335 4450; x_wconf 70' lang='lat' dir='ltr'>auctoritate</span> <span class='ocrx_word' id='word_1_606' title='bbox 3397 4397 3537 4452; x_wconf 78' lang='lat' dir='ltr'>sedis</span> 
     </span>
    </p>
   </div>
   <div class='ocr_carea' id='block_1_107' title="bbox 1951 4461 3535 4586">
    <p class='ocr_par' dir='ltr' id='par_1_107' title="bbox 1951 4461 3535 4586">
     <span class='ocr_line' id='line_1_107' title="bbox 1951 4461 3535 4586; baseline 0.006 -73"><span class='ocrx_word' id='word_1_607' title='bbox 1951 4461 2284 4586; x_wconf 52' lang='lat' dir='ltr'>adppstolicmt</span> <span class='ocrx_word' id='word_1_608' title='bbox 2316 4462 2514 4524; x_wconf 80' lang='lat' dir='ltr'>munit,</span> <span class='ocrx_word' id='word_1_609' title='bbox 2556 4465 2606 4516; x_wconf 82' lang='lat' dir='ltr'>et</span> <span class='ocrx_word' id='word_1_610' title='bbox 2649 4461 3048 4526; x_wconf 80' lang='lat' dir='ltr'>Suessionensis</span> <span class='ocrx_word' id='word_1_611' title='bbox 3097 4466 3346 4523; x_wconf 54' lang='lat' dir='ltr'>Ecclesia</span> <span class='ocrx_word' id='word_1_612' title='bbox 3396 4469 3535 4538; x_wconf 82' lang='lat' dir='ltr'>jura</span> 
     </span>
     <span class='ocr_line' id='line_1_108' title="bbox 1989 4548 2256 4586; baseline -0.004 0"><span class='ocrx_word' id='word_1_613' title='bbox 1989 4548 2018 4586; x_wconf 84' lang='grc' dir='ltr'><strong><em>ε</em></strong></span> <span class='ocrx_word' id='word_1_614' title='bbox 2043 4548 2256 4586; x_wconf 78' lang='lat' dir='ltr'>ennma</span> 
     </span>
    </p>
   </div>
   <div class='ocr_carea' id='block_1_108' title="bbox 2514 4621 2920 4694">
    <p class='ocr_par' dir='ltr' id='par_1_108' title="bbox 2514 4621 2920 4694">
     <span class='ocr_line' id='line_1_109' title="bbox 2514 4621 2920 4694; baseline 0.01 -20"><span class='ocrx_word' id='word_1_615' title='bbox 2514 4621 2705 4692; x_wconf 84' lang='lat' dir='ltr'>(Anno</span> <span class='ocrx_word' id='word_1_616' title='bbox 2735 4621 2920 4694; x_wconf 67' lang='lat'>4096.)</span> 
     </span>
    </p>
   </div>
   <div class='ocr_carea' id='block_1_109' title="bbox 2061 4708 3350 4785">
    <p class='ocr_par' dir='ltr' id='par_1_109' title="bbox 2061 4708 3350 4785">
     <span class='ocr_line' id='line_1_110' title="bbox 2061 4708 3350 4785; baseline 0.005 -23"><span class='ocrx_word' id='word_1_617' title='bbox 2061 4708 2226 4774; x_wconf 88' lang='lat' dir='ltr'>[Dom</span> <span class='ocrx_word' id='word_1_618' title='bbox 2258 4712 2548 4774; x_wconf 73' lang='lat' dir='ltr'>Bouous&#39;r,</span> <span class='ocrx_word' id='word_1_619' title='bbox 2594 4711 2831 4778; x_wconf 84' lang='lat' dir='ltr'>Recueil,</span> <span class='ocrx_word' id='word_1_620' title='bbox 2868 4715 2907 4766; x_wconf 93' lang='lat' dir='ltr'>t.</span> <span class='ocrx_word' id='word_1_621' title='bbox 2941 4712 3080 4780; x_wconf 86' lang='lat' dir='ltr'><strong>XIX,</strong></span> <span class='ocrx_word' id='word_1_622' title='bbox 3114 4730 3171 4785; x_wconf 90' lang='lat' dir='ltr'>p.</span> <span class='ocrx_word' id='word_1_623' title='bbox 3203 4715 3350 4782; x_wconf 84' lang='lat'>720.]</span> 
     </span>
    </p>
   </div>
   <div class='ocr_carea' id='block_1_110' title="bbox 1956 4832 3535 4908">
    <p class='ocr_par' dir='ltr' id='par_1_110' title="bbox 1956 4832 3535 4908">
     <span class='ocr_line' id='line_1_111' title="bbox 1956 4832 3535 4908; baseline 0.007 -22"><span class='ocrx_word' id='word_1_624' title='bbox 1956 4832 2226 4886; x_wconf 76' lang='lat' dir='ltr'>URBANUS</span> <span class='ocrx_word' id='word_1_625' title='bbox 2257 4833 2584 4904; x_wconf 87' lang='lat' dir='ltr'>episcopus,</span> <span class='ocrx_word' id='word_1_626' title='bbox 2617 4849 2818 4889; x_wconf 91' lang='lat' dir='ltr'>servus</span> <span class='ocrx_word' id='word_1_627' title='bbox 2841 4852 3138 4893; x_wconf 83' lang='lat' dir='ltr'>servorum</span> <span class='ocrx_word' id='word_1_628' title='bbox 3171 4840 3289 4908; x_wconf 92' lang='lat' dir='ltr'>Dei,</span> <span class='ocrx_word' id='word_1_629' title='bbox 3334 4857 3535 4897; x_wconf 90' lang='lat' dir='ltr'>mona-</span> 
     </span>
    </p>
   </div>
   <div class='ocr_carea' id='block_1_111' title="bbox 1884 4920 3537 5002">
    <p class='ocr_par' dir='ltr' id='par_1_111' title="bbox 1884 4920 3537 5002">
     <span class='ocr_line' id='line_1_112' title="bbox 1884 4920 3537 5002; baseline 0.007 -27"><span class='ocrx_word' id='word_1_630' title='bbox 1884 4920 2010 4976; x_wconf 89' lang='lat' dir='ltr'>chis</span> <span class='ocrx_word' id='word_1_631' title='bbox 2040 4921 2097 4975; x_wconf 93' lang='lat' dir='ltr'>S.</span> <span class='ocrx_word' id='word_1_632' title='bbox 2130 4921 2282 4975; x_wconf 89' lang='lat' dir='ltr'>Petri</span> <span class='ocrx_word' id='word_1_633' title='bbox 2316 4921 2470 4992; x_wconf 88' lang='lat' dir='ltr'>apud</span> <span class='ocrx_word' id='word_1_634' title='bbox 2505 4921 2883 4994; x_wconf 90' lang='lat' dir='ltr'>Bainsonum,</span> <span class='ocrx_word' id='word_1_635' title='bbox 2931 4925 3183 4982; x_wconf 89' lang='lat' dir='ltr'>salutem</span> <span class='ocrx_word' id='word_1_636' title='bbox 3213 4933 3270 4984; x_wconf 90' lang='lat' dir='ltr'>et</span> <span class='ocrx_word' id='word_1_637' title='bbox 3299 4935 3537 5002; x_wconf 88' lang='lat' dir='ltr'>aposto-</span> 
     </span>
    </p>
   </div>
   <div class='ocr_carea' id='block_1_112' title="bbox 1884 5008 2571 5065">
    <p class='ocr_par' dir='ltr' id='par_1_112' title="bbox 1884 5008 2571 5065">
     <span class='ocr_line' id='line_1_113' title="bbox 1884 5008 2571 5065; baseline 0.003 -3"><span class='ocrx_word' id='word_1_638' title='bbox 1884 5008 2055 5064; x_wconf 91' lang='lat' dir='ltr'>licam</span> <span class='ocrx_word' id='word_1_639' title='bbox 2084 5008 2571 5065; x_wconf 89' lang='lat' dir='ltr'>benedictionem.</span> 
     </span>
    </p>
   </div>
   <div class='ocr_carea' id='block_1_113' title="bbox 1953 5096 3537 5179">
    <p class='ocr_par' dir='ltr' id='par_1_113' title="bbox 1953 5096 3537 5179">
     <span class='ocr_line' id='line_1_114' title="bbox 1953 5096 3537 5179; baseline 0.007 -27"><span class='ocrx_word' id='word_1_640' title='bbox 1953 5099 2023 5153; x_wconf 88' lang='lat' dir='ltr'>Et</span> <span class='ocrx_word' id='word_1_641' title='bbox 2077 5096 2413 5170; x_wconf 90' lang='lat' dir='ltr'>religionem</span> <span class='ocrx_word' id='word_1_642' title='bbox 2472 5115 2704 5171; x_wconf 87' lang='lat' dir='ltr'>augere,</span> <span class='ocrx_word' id='word_1_643' title='bbox 2756 5104 2816 5158; x_wconf 74' lang='lat' dir='ltr'>et</span> <span class='ocrx_word' id='word_1_644' title='bbox 2886 5102 3292 5177; x_wconf 88' lang='lat' dir='ltr'>religiosorum</span> <span class='ocrx_word' id='word_1_645' title='bbox 3355 5107 3537 5179; x_wconf 88' lang='lat' dir='ltr'>quieti</span> 
     </span>
    </p>
   </div>
   <div class='ocr_carea' id='block_1_114' title="bbox 1884 5187 3534 5266">
    <p class='ocr_par' dir='ltr' id='par_1_114' title="bbox 1884 5187 3534 5266">
     <span class='ocr_line' id='line_1_115' title="bbox 1884 5187 3534 5266; baseline 0.005 -24"><span class='ocrx_word' id='word_1_646' title='bbox 1884 5187 2212 5260; x_wconf 88' lang='lat' dir='ltr'>prospicere</span> <span class='ocrx_word' id='word_1_647' title='bbox 2251 5187 2427 5242; x_wconf 90' lang='lat' dir='ltr'>ofﬁcii</span> <span class='ocrx_word' id='word_1_648' title='bbox 2482 5190 2665 5244; x_wconf 91' lang='lat' dir='ltr'>nostri</span> <span class='ocrx_word' id='word_1_649' title='bbox 2726 5208 2832 5247; x_wconf 91' lang='lat' dir='ltr'>nos</span> <span class='ocrx_word' id='word_1_650' title='bbox 2889 5193 3138 5266; x_wconf 89' lang='lat' dir='ltr'>impellit</span> <span class='ocrx_word' id='word_1_651' title='bbox 3194 5197 3534 5252; x_wconf 73' lang='lat' dir='ltr'>auctoritas.</span> 
     </span>
    </p>
   </div>
   <div class='ocr_carea' id='block_1_115' title="bbox 1883 5276 3538 5356">
    <p class='ocr_par' dir='ltr' id='par_1_115' title="bbox 1883 5276 3538 5356">
     <span class='ocr_line' id='line_1_116' title="bbox 1883 5276 3538 5356; baseline 0.005 -25"><span class='ocrx_word' id='word_1_652' title='bbox 1883 5276 2200 5348; x_wconf 86' lang='lat' dir='ltr'>Religionis</span> <span class='ocrx_word' id='word_1_653' title='bbox 2232 5276 2410 5348; x_wconf 83' lang='lat' dir='ltr'>igitur</span> <span class='ocrx_word' id='word_1_654' title='bbox 2439 5281 2848 5336; x_wconf 70' lang='lat' dir='ltr'>conservandae</span> <span class='ocrx_word' id='word_1_655' title='bbox 2906 5284 3098 5356; x_wconf 88' lang='lat' dir='ltr'>gratia</span> <span class='ocrx_word' id='word_1_656' title='bbox 3135 5302 3241 5340; x_wconf 90' lang='lat' dir='ltr'>nos</span> <span class='ocrx_word' id='word_1_657' title='bbox 3293 5283 3538 5338; x_wconf 89' lang='lat' dir='ltr'>Bainso-</span> 
     </span>
    </p>
   </div>
   <div class='ocr_carea' id='block_1_116' title="bbox 1887 5365 3538 5444">
    <p class='ocr_par' dir='ltr' id='par_1_116' title="bbox 1887 5365 3538 5444">
     <span class='ocr_line' id='line_1_117' title="bbox 1887 5365 3538 5444; baseline 0.004 -22"><span class='ocrx_word' id='word_1_658' title='bbox 1887 5383 2126 5424; x_wconf 89' lang='lat' dir='ltr'>nensem</span> <span class='ocrx_word' id='word_1_659' title='bbox 2160 5365 2373 5438; x_wconf 88' lang='lat' dir='ltr'>locum,</span> <span class='ocrx_word' id='word_1_660' title='bbox 2406 5366 2466 5424; x_wconf 91' lang='lat' dir='ltr'>in</span> <span class='ocrx_word' id='word_1_661' title='bbox 2497 5383 2612 5442; x_wconf 72' lang='lat' dir='ltr'>quo</span> <span class='ocrx_word' id='word_1_662' title='bbox 2642 5385 2745 5442; x_wconf 90' lang='lat' dir='ltr'>per</span> <span class='ocrx_word' id='word_1_663' title='bbox 2789 5371 2890 5429; x_wconf 88' lang='lat' dir='ltr'>Dei</span> <span class='ocrx_word' id='word_1_664' title='bbox 2938 5371 3188 5444; x_wconf 85' lang='lat' dir='ltr'>gratiam</span> <span class='ocrx_word' id='word_1_665' title='bbox 3233 5386 3538 5429; x_wconf 80' lang='lat' dir='ltr'>conversa-</span> 
     </span>
    </p>
   </div>
  </div>
