3928 6208
445 331 554 390 431

1745 319 1812 386 Β.
1862 322 2151 388 URBANI
2202 323 2250 386 ll
2299 318 2548 386 PAPJE.

3717 321 3813 392 432

449 464 618 530 mini,
652 461 747 534 qui
784 477 889 514 nos
919 472 988 514 ex
1017 459 1473 530 parentumjure
1512 458 1814 530 contingit,
1862 458 2089 512 Clunia-
2123 461 2174 524 Α
2207 465 2362 512 mata
2393 463 2550 528 sunt,
2585 457 3022 512 conﬁrmamus.
3063 453 3365 520 Querelam
3417 460 3612 514 autem
3640 475 3812 516 mena.

447 551 607 610 censi
692 547 952 605 cmnobio
1032 547 1462 614 contradentes,
1550 551 1671 602 tam
1747 563 1848 601 vos
1914 563 2092 619 quam

447 653 816 697 successores
869 638 1090 691 vestros
1137 635 1348 690 decreti
1402 635 1705 706 przesentis
1751 635 2094 690 auctoritate

449 727 774 785 munimus.
806 725 1004 797 Ipsum
1036 723 1191 780 enim
1222 722 1436 788 locum,
1469 723 1621 778 sicut
1649 727 1704 778 et
1733 727 1938 778 caetera
1966 721 2094 778 Clu-

450 815 744 873 niacensis
774 812 1018 870 C(enobii
1055 812 1336 879 membra,
1369 811 1616 867 liberum
1658 814 1938 883 perpetuo
1971 826 2096 883 per-

449 920 684 962 manere
721 901 1106 962 decrevimus.
1157 904 1220 954 ut
1275 915 1635 970 quaecunque
1692 897 1864 955 hodie
1909 900 2089 970 juste,

448 994 535 1050 vel
564 1010 634 1050 ex
664 995 970 1065 parentum
1005 993 1336 1044 nostrorum
1369 987 1542 1058 dono,
1589 987 1676 1044 vel
1727 1005 1794 1043 ex
1841 987 2088 1044 aliorum

447 1083 710 1138 fidelium
737 1079 1026 1136 oblatione
1055 1076 1334 1149 possidet,
1363 1075 1481 1133 sive
1521 1078 1579 1132 in
1615 1078 1874 1132 futurum
1911 1078 2094 1150 possi-

447 1171 625 1240 debit,
657 1169 774 1226 sive
795 1170 955 1240 juste
983 1171 1038 1222 et
1069 1165 1344 1221 canonice
1374 1165 1587 1238 poterit
1623 1165 1888 1237 adipisci,
1921 1167 2092 1222 ﬁrma

444 1260 608 1316 vobis
635 1273 865 1329 semper
892 1259 950 1310 et
979 1254 1204 1309 illibata
1235 1258 1633 1326 permaneant,
1666 1271 1771 1309 nec
1805 1255 2090 1326 parocbie

445 1347 631 1420 ipsius
663 1344 956 1418 episcopo,
989 1359 1094 1398 nec
1123 1343 1379 1415 episcopi
1427 1343 1854 1398 archidiaconis
1898 1342 2086 1411 liceat,

444 1440 548 1491 aut
577 1433 741 1490 vobis
771 1437 874 1488 aut
927 1430 1243 1502 capellanis
1281 1431 1488 1486 vestris
1539 1429 1836 1487 molestias
1867 1430 2092 1503 aliquas

445 1523 531 1579 vel
562 1522 810 1594 injurias
841 1520 1114 1586 irrogare,
1153 1536 1254 1574 nec
1311 1518 1534 1590 aliquid
1582 1535 1824 1590 prorsus
1864 1520 2090 1592 exigere

443 1619 648 1684 prmter
676 1625 904 1666 annuos
929 1607 1146 1664 solidos
1178 1607 1406 1679 viginti,
1429 1606 1528 1678 qui
1551 1623 1618 1663 ex
1639 1609 2088 1680 praecedentium

443 1700 851 1772 episcoporum
883 1700 940 1750 et
970 1694 1152 1767 patris
1182 1695 1296 1751 mei
1329 1712 1617 1751 consensu
1648 1695 1900 1750 instituti
1928 1701 2087 1764 sunt,

444 1784 970 1844 Suessionensibus
999 1783 1297 1838 canonicis
1345 1783 1730 1855 persolvendi.
1780 1783 1940 1840 Alias
1967 1790 2086 1841 tam

441 1893 545 1932 vos
575 1891 754 1948 quam
785 1870 1069 1944 capellani
1101 1871 1274 1927 vestri
1309 1871 1488 1942 quieti
1523 1887 1754 1943 semper
1784 1889 1851 1928 ac
1898 1871 2085 1942 liberi,

443 1964 603 2020 salvo
631 1960 975 2036 episcopalis
1006 1959 1334 2015 reverentiae
1385 1959 1600 2027 debito,
1651 1962 2084 2032 permanebitis.

445 2053 504 2109 Si
553 2051 685 2124 quis
740 2056 960 2116 autem,
1020 2047 1290 2120 pracepti
1348 2047 1527 2118 hujus
1579 2053 1776 2104 tenore
1834 2050 2088 2123 cognito,

443 2141 732 2197 contraire
761 2135 1217 2212 praesumpserit,
1249 2141 1529 2208 tanquam
1559 2136 1716 2193 sedis
1762 2137 2088 2210 apostolicae

443 2232 809 2299 contemptor
833 2225 1097 2282 Ecclesiae
1119 2225 1345 2295 judicio
1375 2229 1430 2280 et
1463 2224 1717 2298 Spiritus
1748 2227 1932 2282 sancti
1965 2226 2087 2300 gla-

442 2317 539 2372 dio
573 2314 831 2372 feriatur.

513 2405 722 2460 Datum
753 2403 1004 2459 Turonis
1035 2418 1138 2475 per
1167 2418 1408 2457 manum
1453 2401 1699 2459 Joannis
1751 2403 2088 2472 cardinalis,

439 2511 540 2550 xui
571 2491 701 2549 Kal.
739 2491 974 2565 Aprilis,
1011 2507 1165 2547 anno
1223 2492 1511 2547 lncarnat.
1575 2491 1887 2548 Dominicze
1930 2494 2086 2560 1096,

441 2581 815 2656 pontificatus
835 2579 1036 2635 domni
1069 2578 1285 2634 Urbani
1320 2578 1366 2634 ll
1402 2595 1578 2650 nono,
1609 2579 1812 2634 indict.
1843 2598 1918 2635 ιν.

1127 2702 1408 2757 CLXXIX.

445 2795 694 2852 Urbanus
772 2794 823 2848 Il
875 2809 1019 2862 papa
1091 2793 1490 2846 Trenorciensis
1562 2794 1882 2847 monasterii
1951 2792 2090 2848 bona

503 2867 743 2936 jamque
789 2861 976 2918 omnia
1006 2863 1064 2916 in
1115 2862 1343 2917 tutelam
1401 2861 1706 2934 apostolicae
1759 2863 1900 2918 sedis
1953 2867 2090 2920 reci-

511 2939 618 3008 pit.

1065 3003 1252 3076 (Anno
1285 3003 1466 3074 1096.)

696 3094 1114 3160 [Coccei-zemas,
1145 3092 1315 3164 ampl.
1351 3090 1588 3159 Cellach,
1623 3092 1692 3160 lI,
1725 3095 1834 3160 87.]

2202 546 2444 602 chorum
2472 546 2530 601 S.
2565 543 2862 610 Florentii,
2897 560 3076 617 quam
3106 543 3178 600 de
3233 542 3496 600 ecclesiis
3557 545 3812 616 Lauduni,

2200 635 2422 689 Sanctae
2455 633 2654 689 Crucis
2682 632 2949 688 videlicet
2977 636 3034 688 et
3063 631 3260 688 Sancti
3289 631 3531 702 Nicolai,
3561 639 3747 692 contra
3769 641 3813 693 te

2201 728 2259 779 et
2289 721 2606 779 Ecclesiam
2639 726 2797 778 tuam
2827 720 3068 789 faciunt,
3103 737 3398 794 quamque
3447 720 3508 778 in
3539 726 3814 794 precantia

2202 816 2404 868 nostra
2433 811 2682 866 Turonis
2713 809 2976 866 habitam
3005 809 3312 883 diligenter
3341 813 3808 883 pertractavimus,

2201 899 2392 956 debito
2425 901 2560 966 ﬁne,
2595 905 2706 956 Deo
2757 903 3010 965 auctore,
3060 899 3451 956 terminamus
3484 917 3498 956 :
3531 899 3813 973 apostolica

2201 990 2410 1046 iterum
2443 989 2787 1044 auctoritate
2828 986 3228 1060 preacipientes
3280 991 3572 1060 quatenus
3617 987 3808 1045 nullam

2199 1078 2303 1134 tibi
2336 1077 2420 1134 vel
2450 1075 2716 1133 Ecclesia:
2749 1075 3079 1132 molestiam
3114 1092 3182 1132 ex
3233 1075 3326 1131 his
3357 1075 3570 1132 inferre
3621 1093 3809 1150 presu~

2199 1171 2383 1234 mant,
2416 1167 2517 1222 sed
2577 1167 2799 1238 absque
2856 1181 3058 1220 eorum
3113 1164 3522 1236 inquietudine
3577 1165 3813 1238 praefata:

2198 1255 2498 1320 ecclesias,
2520 1259 2582 1310 tu
2605 1270 3089 1326 successoresque
3108 1253 3193 1309 tui
3207 1254 3344 1325 jure
3365 1257 3638 1326 perpetuo
3655 1254 3813 1328 possi-

2198 1343 2473 1400 deatis.Si
2495 1361 2622 1415 qua:
2640 1358 2780 1399 sane
2801 1341 3194 1398 ecclesiastica
3206 1340 3575 1397 secularisve
3593 1357 3809 1414 persona

2199 1436 2400 1488 contra
2426 1431 2576 1486 hanc
2607 1434 2818 1486 nostra:
2848 1428 3283 1486 constitutionis
3329 1429 3602 1502 paginam
3641 1430 3808 1486 venire

2199 1521 2524 1587 tentaverit,
2566 1519 2868 1592 potestatis
2906 1519 3263 1590 honorisque
3303 1517 3397 1574 sui
3422 1517 3694 1592 dignitate
3725 1536 3807 1575 ca-

2199 1615 2341 1677 reat,
2375 1613 2434 1666 et
2463 1627 2497 1666 a
2525 1607 2922 1666 sacratissimo
2946 1623 3184 1680 corpore
3209 1623 3277 1662 ac
3307 1606 3591 1680 sanguine
3610 1606 3806 1663 Domini

2199 1697 2381 1755 nostri
2411 1698 2550 1754 Jesu
2582 1695 2795 1752 Christi
2827 1695 3020 1750 aliena
3051 1695 3170 1760 fiat,
3201 1711 3513 1768 quousque
3541 1694 3705 1768 digna
3729 1711 3804 1752 sa-

2197 1787 2530 1843 tisfactione
2585 1785 2902 1858 resipiscat.
2942 1783 3181 1839 Cunctis
3238 1788 3438 1840 autem
3494 1783 3672 1840 eidem
3704 1783 3805 1840 loco

2189 1866 2356 1947 justa
2384 1874 2752 1932 servantibus
2781 1873 2859 1928 sit
2882 1891 2990 1946 pax
3018 1873 3248 1928 Domini
3272 1872 3460 1929 nostri
3487 1872 3622 1928 Jesu
3637 1871 3802 1928 Chris-

2196 1966 2261 2031 ti,
2296 1969 2587 2038 quatenus
2629 1967 2689 2019 et
2717 1963 2812 2018 hic
2869 1961 3127 2017 fructum
3157 1963 3327 2019 bona
3385 1961 3624 2018 actionis
3652 1959 3803 2034 perci-

2197 2055 2380 2128 piant,
2408 2057 2464 2108 et
2490 2052 2644 2125 apud
2677 2051 3010 2107 districtum
3038 2049 3296 2122 judicem
3340 2049 3573 2122 premis
3614 2054 3802 2105 eterna

2198 2141 2360 2216 pacis
2391 2139 2710 2196 inveniant.
2742 2144 2949 2208 Amen,
2982 2155 3175 2207 amen,
3211 2154 3406 2194 amen.

2893 2227 3144 2284 CLXXX.

2267 2317 2634 2389 Privilegium
2657 2333 2758 2389 pro
2785 2319 3112 2374 monasterio
3143 2316 3197 2371 S.
3226 2317 3497 2372 Vincentzi
3523 2314 3746 2374 latenti.

2813 2407 3001 2476 (Anno
3040 2405 3226 2474 4096.)
3721 2413 3726 2418 ’

2199 2499 2365 2570 (Dom
2396 2501 2644 2564 CALMET,
2678 2497 2812 2551 Hist.
2844 2493 2910 2551 de
2953 2495 3237 2562 Lorraz'ne,
3292 2494 3563 2560 Preuves,
3592 2508 3645 2565 p.
3683 2489 3809 2557 507.)

2269 2586 2547 2642 Uasmus
2579 2584 2908 2657 episcopus,
2939 2599 3141 2639 servus
3162 2598 3463 2638 servorum
3489 2581 3603 2648 Dei,
3633 2577 3808 2634 dilecto

2199 2674 2322 2729 {ilio
2356 2675 2628 2741 Lmzom,
2662 2670 2860 2728 abbati
2891 2669 3229 2727 monasterii
3261 2670 3322 2725 S.
3354 2668 3652 2736 Vincentii,
3680 2663 3805 2738 quod

2200 2763 2330 2818 Meti
2365 2761 2544 2816 situm
2577 2764 2688 2827 est,
2720 2760 2966 2832 ejusque
3008 2758 3452 2814 successoribus
3509 2752 3806 2829 regulariter

2199 2847 2574 2906 instituendis
2605 2849 2662 2902 in
2695 2850 3062 2920 perpetuum.
3421 2869 3424 2872 ’

2270 2939 2380 2994 Ρίω
2413 2936 2726 3010 postulatio
2779 2935 3096 2992 voluntatis
3149 2935 3360 2992 elfectu
3417 2935 3581 2992 debet
3634 2944 3800 3004 prose-

2198 3029 2410 3099 quente
2441 3024 2736 3099 compleri,
2769 3029 3056 3096 quatenus
3083 3030 3143 3081 et
3172 3023 3497 3082 devotionis
3543 3019 3800 3079 sinceritas

2195 3113 2569 3172 laudabiliter
2597 3113 2899 3182 enitescat,
2957 3117 3014 3169 et
3067 3112 3295 3170 utilitas
3347 3109 3632 3187 postulata
3679 3107 3798 3163 vires

512 3203 791 3256 Unsmus
820 3199 1148 3271 episcopus,
1175 3215 1376 3254 servus
1398 3215 1693 3256 servorum
1725 3199 1844 3267 Dei,
1879 3199 2088 3258 dilecto
2118 3183 2161 3250 (ἶ
2200 3204 2598 3260 indubitantes
2627 3206 2912 3259 assumat.
2947 3201 3094 3266 Quia
3121 3201 3304 3275 igitur
3341 3183 3570 3258 dilectio
3615 3202 3706 3253 tua
3744 3191 3796 3248 ad

441 3289 561 3345 ﬁlio
591 3289 778 3344 Ps'rao
805 3285 1210 3343 Trenorciensi
1231 3286 1448 3356 abbati,
1471 3287 1716 3359 ejusque
1739 3289 2088 3344 successori-

441 3379 552 3435 bus
582 3377 926 3450 regulariter
955 3375 1382 3432 substituendis
1413 3376 1470 3431 in
1502 3383 1870 3449 perpetuum.

511 3465 611 3521 Pia
623 3465 936 3538 postulatio
959 3463 1274 3520 voluntatis
1286 3465 1491 3520 ell'ectu
1513 3465 1679 3522 debet
1703 3472 2088 3539 prosequente

439 3554 740 3628 compleri,
771 3558 1064 3626 quatenus
1092 3558 1150 3609 et
1178 3553 1502 3610 devotionis
1543 3553 1847 3611 sinceritas
1877 3555 2087 3612 lauda-

440 3643 636 3700 biliter
665 3642 966 3708 enitescat,
1000 3646 1058 3695 et
1087 3641 1310 3697 utilitas
1339 3641 1633 3714 postulata
1663 3643 1813 3700 vires
1851 3643 2085 3700 indubi-

437 3739 632 3790 tanter
659 3735 944 3788 assumat.
977 3730 1122 3809 Quia
1151 3729 1332 3802 igitur
1381 3729 1612 3787 dilectio
1660 3736 1762 3787 tua
1809 3733 1881 3788 ad
1930 3733 2087 3790 sedis

440 3821 770 3894 apostolica:
800 3823 1029 3891 portum
1055 3819 1415 3892 confugiens,
1449 3821 1578 3893 ejus
1595 3821 1900 3878 tuitionem
1923 3822 2085 3878 devo.

438 3909 598 3964 tione
627 3906 822 3962 debita
850 3905 1170 3978 requisivit,
1205 3925 1310 3964 nos
1366 3907 1778 3982 supplicationi
1827 3915 1940 3964 tute
1971 3908 2084 3966 cle-

441 4000 668 4053 menter
697 3995 1016 4051 annuimus
1043 4000 1101 4052 et
1125 3997 1563 4054 Trenorciensis
1583 3997 1935 4063 cmnobium,
1969 3999 2083 4068 cui,

440 4086 557 4141 Deo
589 4088 842 4149 auctore,
869 4085 1317 4156 praesides,cum
1345 4085 1620 4142 omnibus
1649 4086 1720 4141 ad
1745 4086 1941 4158 ipsum
1962 4104 2087 4160 per-

438 4173 784 4238 tinentibus,
799 4173 907 4228 sub
930 4173 1172 4230 tutelam
1196 4174 1525 4248 apostolica:
1549 4174 1705 4230 sedis
1727 4175 2082 4248 excepimus.

441 4268 550 4320 Per
577 4263 879 4336 praesentis
921 4262 1102 4335 igitur
1131 4261 1413 4336 privilegii
1448 4262 1725 4335 paginam
1771 4263 2088 4335 apostolica

439 4351 781 4408 auctoritate
811 4353 1147 4418 statuimus,
1182 4356 1247 4408 ut
1297 4365 1660 4422 quaecunque
1707 4351 1877 4419 bona,
1929 4369 2085 4424 quaa-

437 4457 667 4515 cunque
684 4441 1084 4514 possessiones
1101 4438 1518 4519 catholicorum
1548 4438 1961 4510 imperatorum
1982 4459 2083 4497 seu

2196 3291 2352 3350 sedis
2383 3290 2712 3363 apostolica
2733 3294 2970 3363 portum
2987 3289 3356 3364 confugiens,
3375 3291 3502 3361 ejus
3527 3285 3794 3344 tuitionem

2196 3380 2498 3438 devotione
2528 3379 2724 3434 debita
2753 3378 3074 3452 requisivit,
3107 3395 3214 3435 nos
3244 3374 3648 3452 supplicationi
3688 3375 3795 3433 tne,

2196 3473 2316 3525 tam
2349 3485 2454 3540 pro
2484 3467 2634 3524 beati
2663 3467 2950 3523 Vincentii
2985 3467 3263 3540 martyris
3307 3467 3622 3531 devotione,
3652 3472 3795 3533 quam

2195 3560 2372 3614 etiam
2406 3573 2508 3630 pro
2539 3561 2653 3612 tuae
2683 3555 2980 3629 religionis
3039 3557 3363 3612 reverentia
3403 3554 3698 3612 clementer
3721 3563 3797 3602 an-

2195 3647 2455 3714 nuimus,
2482 3651 2538 3702 et
2554 3645 2816 3716 ejusdem
2838 3645 3112 3718 martyris
3135 3643 3578 3710 monasterium,
3599 3639 3794 3709 cui,Deo

2195 3739 2452 3802 auctore,
2478 3732 2776 3806 praesides,
2799 3733 3104 3806 praesentis
3123 3733 3338 3788 decreti
3361 3730 3683 3790 auctoritate
3701 3739 3797 3780 mu-

2195 3824 2393 3880 nimus
2417 3839 2429 3877 :
2466 3823 2782 3880 statuimus
2803 3821 2958 3878 enim
2993 3826 3059 3878 ut
3083 3837 3465 3894 quaecumque
3484 3820 3646 3884 dona,
3663 3826 3796 3887 quae

2193 3929 2423 3985 cunque
2471 3910 2874 3986 possessiones
2922 3909 3076 3966 idem
3127 3909 3435 3966 coenobiun
3495 3901 3797 3972 bodiejuste

2194 3999 2474 4073 possidet,
2508 3998 2628 4054 sive
2657 3999 2717 4054 in
2749 3999 3013 4054 futurum
3041 3999 3447 4056 concessiones
3475 3991 3793 4068 pontiﬁcum.

2192 4087 2540 4144 liberalitate
2571 4087 2924 4160 principum,
2956 4088 3045 4143 vel
3075 4085 3370 4144 oblatione
3399 4082 3647 4142 ﬁdelium
3667 4076 3796 4149 justo

2194 4183 2370 4250 atque
2399 4175 2676 4232 canonice
2697 4175 2909 4248 poterit
2938 4175 3205 4248 adipisci,
3239 4177 3410 4232 ﬁrma
3439 4172 3563 4238 tibi,
3599 4166 3794 4233 tuiS‘lne

2195 4264 2634 4323 successoribus
2664 4269 2721 4319 et
2751 4263 2976 4320 illibata
3005 4267 3404 4334 permaneant.

2265 4353 2642 4410 Decernimus
2672 4369 2809 4425 ergo
2837 4355 2901 4408 ut
2921 4350 3066 4408 nulli
3090 4353 3328 4410 omnino
3351 4325 3795 4407 hominumliceal

2199 4443 2502 4515 praefatum
2536 4441 2866 4496 cmnobium
2896 4445 3114 4497 temere
3161 4441 3516 4514 perturbare,
3569 4434 3662 4490 aut
3691 4425 3795 4496 ejus

437 4536 776 4587 ceterorum
810 4529 1140 4603 principum
1175 4525 1915 4600 largitione,episcoporum
1947 4547 2083 4586 con-
2111 4544 2160 4610 D
2196 4528 2594 4604 possessiones
2615 4530 2864 4596 auferre,
2887 4529 2975 4586 vel
3007 4528 3234 4586 ablatas
3256 4530 3520 4596 retinere,
3547 4519 3790 4612 min-uete,

437 4619 717 4686 cessione,
751 4635 854 4674 seu
914 4624 1256 4673 caeterorum
1315 4613 1575 4670 ﬁdelium
1633 4616 1947 4685 oblatione,
2009 4621 2079 4676 ad
2111 4606 2151 4610 —
2189 4619 2277 4676 vel
2309 4618 2634 4676 temerariis
2663 4617 3065 4675 vexationibus
3096 4617 3374 4692 fatigare;
3405 4614 3504 4672 sed
3524 4606 3706 4668 omnia
3728 4606 3792 4654 in-

436 4708 590 4764 idem
624 4706 954 4763 cmnobium
987 4701 1514 4776 impraesentiarum
1546 4705 1856 4775 pertinent,
1885 4707 2082 4764 sivein

437 4795 699 4852 futurum
725 4797 888 4867 juste
917 4791 1130 4866 poterit
1161 4789 1432 4862 adipisci,
1483 4791 1652 4848 firma
1694 4793 1796 4849 tibi
1847 4796 2083 4868 tuisque

436 4883 896 4947 successoribus,
924 4885 980 4937 et
1013 4879 1235 4934 illibata
1264 4885 1660 4948 permaneant.
1710 4883 2084 4942 Decernimus

439 4989 576 5045 ergo
604 4978 669 5028 ut
701 4971 843 5027 nulli
876 4966 1112 5025 on~nino
1164 4965 1468 5022 hominum
1499 4968 1665 5026 liceat
1707 4971 1856 5028 idem
1893 4990 2081 5030 coeno-

435 5060 601 5115 bium
646 5065 862 5116 temere
909 5055 1269 5128 perturbare,
1331 5061 1432 5111 aut
1499 5060 1629 5130 ejus
1684 5061 2082 5133 possessiones

435 5149 686 5218 auferre,
715 5145 804 5201 vel
837 5142 1164 5199 oblationes
1195 5143 1460 5214 retinere,
1517 5147 1798 5217 minuere,
1857 5149 1946 5206 vel
1997 5156 2082 5207 te-

438 5235 704 5291 merariis
723 5229 1125 5286 vexationibus
1146 5229 1484 5306 inquietare,
1507 5237 1609 5292 sed
1635 5239 1833 5294 omnia
1861 5239 2084 5312 integre

435 5323 876 5386 conserventur,
936 5334 1139 5373 eorum
1200 5336 1303 5392 pro
1362 5339 1612 5395 quorum
1662 5328 2084 5386 sustentatione

435 5423 716 5468 concessa
743 5411 902 5477 sunt,
936 5405 1142 5462 usibus
1195 5409 1548 5469 omnimodis
1603 5415 1934 5486 profutura.
1965 5417 2084 5472 Cte-

437 5505 562 5553 tera
591 5494 767 5550 etiam
799 5510 926 5566 quae
957 5510 1060 5566 per
1106 5499 1424 5554 reverendae
1487 5501 1782 5558 memoria:
1839 5503 2084 5562 Joannis

436 5600 598 5661 papa
629 5581 998 5658 privilegium
1029 5583 1428 5648 Trenorciensi
1467 5591 1822 5650 monasterio
1869 5593 2083 5653 confir-

2195 4712 2357 4782 tegra
2389 4712 2823 4774 conserventur,
2855 4723 3058 4762 eorum
3095 4723 3198 4779 pro
3248 4719 3495 4779 quorum
3541 4692 3790 4786 sustollit}-

2195 4797 2352 4853 tione
2383 4813 2449 4852 ac
2474 4795 2892 4869 gubernatione
2922 4812 3198 4853 concessa
3225 4799 3377 4864 sunt,
3411 4790 3610 4848 usibus
3633 4791 3790 4875 omfll'

2193 4886 2383 4942 modis
2417 4885 2741 4957 profutura,
2776 4883 2937 4940 salva
2963 4885 3240 4948 Metensis
3269 4879 3517 4958 episcOpi
3554 4875 3792 4958 canonica

2193 4956 2531 5031 reverentia.
2564 4973 2824 5030 Obeunte
2871 4979 2926 5029 te
2958 4991 3114 5030 nunc
3163 4956 3426 5046 ejusdem
3454 4967 3559 5025 loci
3595 4956 3788 5048 abbatf.

2191 5063 2278 5120 vel
2313 5068 2548 5118 tuorum
2579 5060 2841 5133 quolibet
2863 5038 3292 5135 successorum,
3326 5058 3519 5116 nullus
3547 5051 3620 5108 ibi
3638 5038 3789 5118 quam

2192 5153 2290 5207 bet
2319 5149 2713 5221 subreptionis
2745 5150 2962 5206 astutia
2989 5150 3077 5207 vel
3123 5150 3396 5208 violentia
3443 5135 3786 5220 praeponatur,

2192 5239 2308 5296 nisi
2325 5254 2502 5312 quem
2527 5243 2846 5294 conventus
2859 5240 3156 5295 communi
3170 5228 3564 5302 consensu,vel
3581 5225 3785 5312 fratr“!!!

2193 5345 2330 5402 pars
2360 5325 2590 5384 consilii
2620 5325 2892 5395 sanioris,
2952 5328 3279 5384 secundum
3314 5325 3406 5384 Dei
3456 5321 3698 5377 timorem
3738 5300 3784 5354 οι

2193 5416 2346 5473 beati
2377 5415 2672 5472 Benedicti
2703 5415 2986 5488 regulam,
3005 5415 3304 5490 elegerint.
3335 5415 3596 5472 Praeterea
3617 5403 3800 5490 secun-‘

2193 5507 2335 5561 dum
2367 5487 2789 5560 venerabilium
2808 5487 3302 5578 praedecessorum
3324 5487 3782 5586 nostrorumloal“

2193 5593 2287 5652 nis
2317 5596 2375 5651 et
2401 5592 2697 5652 Benedicti
2727 5597 2946 5658 statuta
2974 5593 3368 5666 concedimus,
3406 5591 3469 5650 ut
3502 5583 3549 5644 si
3589 5579 3774 5654 θρίιοο·
