  <div class='ocr_page' id='page_1' title='image "/cluster/home/n/w/nwhite01/storage/ocr_20150623/151/uva.x000829795/250.png"; bbox 0 0 3928 6208; ppageno 0'>
   <div class='ocr_carea' id='block_1_1' title="bbox 116 284 216 347">
    <p class='ocr_par' dir='ltr' id='par_1_1' title="bbox 116 284 216 347">
     <span class='ocr_line' id='line_1_1' title="bbox 116 284 216 347; baseline -0.03 0"><span class='ocrx_word' id='word_1_1' title='bbox 116 284 216 347; x_wconf 75' lang='grc'><strong>453</strong></span> 
     </span>
    </p>
   </div>
   <div class='ocr_carea' id='block_1_2' title="bbox 1259 274 2313 345">
    <p class='ocr_par' dir='ltr' id='par_1_2' title="bbox 1259 274 2313 345">
     <span class='ocr_line' id='line_1_2' title="bbox 1259 274 2313 345; baseline -0.006 0"><span class='ocrx_word' id='word_1_2' title='bbox 1259 278 1662 345; x_wconf 66' lang='lat' dir='ltr'><strong>EPISTOL/E</strong></span> <span class='ocrx_word' id='word_1_3' title='bbox 1703 279 1804 343; x_wconf 83' lang='lat' dir='ltr'><strong>ET</strong></span> <span class='ocrx_word' id='word_1_4' title='bbox 1847 274 2313 343; x_wconf 81' lang='lat' dir='ltr'><strong>PRIVILEGIA.</strong></span> 
     </span>
    </p>
   </div>
   <div class='ocr_carea' id='block_1_3' title="bbox 3364 279 3482 344">
    <p class='ocr_par' dir='ltr' id='par_1_3' title="bbox 3364 279 3482 344">
     <span class='ocr_line' id='line_1_3' title="bbox 3364 279 3482 344; baseline -0.034 0"><span class='ocrx_word' id='word_1_5' title='bbox 3364 279 3482 344; x_wconf 69' lang='lat'><strong>434</strong></span> 
     </span>
    </p>
   </div>
   <div class='ocr_carea' id='block_1_4' title="bbox 117 411 3483 492">
    <p class='ocr_par' dir='ltr' id='par_1_4' title="bbox 117 411 3483 492">
     <span class='ocr_line' id='line_1_4' title="bbox 117 411 3483 492; baseline -0.001 -18"><span class='ocrx_word' id='word_1_6' title='bbox 117 435 212 492; x_wconf 90' lang='lat' dir='ltr'><strong>pus</strong></span> <span class='ocrx_word' id='word_1_7' title='bbox 228 417 384 474; x_wconf 83' lang='lat' dir='ltr'><strong>Metti</strong></span> <span class='ocrx_word' id='word_1_8' title='bbox 406 413 676 484; x_wconf 85' lang='lat' dir='ltr'><strong>defuerit,</strong></span> <span class='ocrx_word' id='word_1_9' title='bbox 694 414 866 474; x_wconf 87' lang='lat' dir='ltr'><strong>liceat</strong></span> <span class='ocrx_word' id='word_1_10' title='bbox 885 414 990 473; x_wconf 85' lang='lat' dir='ltr'><strong>tibi</strong></span> <span class='ocrx_word' id='word_1_11' title='bbox 1014 415 1248 489; x_wconf 78' lang='lat' dir='ltr'><strong>tuisque</strong></span> <span class='ocrx_word' id='word_1_12' title='bbox 1270 416 1728 484; x_wconf 77' lang='lat' dir='ltr'><strong>successoribus,</strong></span> <span class='ocrx_word' id='word_1_13' title='bbox 1757 415 1814 483; x_wconf 81' lang='grc' dir='ltr'>Α</span> <span class='ocrx_word' id='word_1_14' title='bbox 1847 431 1950 469; x_wconf 87' lang='lat' dir='ltr'><strong>seu</strong></span> <span class='ocrx_word' id='word_1_15' title='bbox 2005 414 2249 468; x_wconf 78' lang='lat' dir='ltr'><strong>mutatis</strong></span> <span class='ocrx_word' id='word_1_16' title='bbox 2306 411 2535 467; x_wconf 85' lang='lat' dir='ltr'><strong>clericis</strong></span> <span class='ocrx_word' id='word_1_17' title='bbox 2589 427 2737 483; x_wconf 90' lang='lat' dir='ltr'><strong>quos</strong></span> <span class='ocrx_word' id='word_1_18' title='bbox 2785 428 3063 484; x_wconf 82' lang='lat' dir='ltr'><strong>personas</strong></span> <span class='ocrx_word' id='word_1_19' title='bbox 3095 418 3300 470; x_wconf 87' lang='lat' dir='ltr'><strong>vocant</strong></span> <span class='ocrx_word' id='word_1_20' title='bbox 3330 433 3342 483; x_wconf 93' lang='lat'>;</span> <span class='ocrx_word' id='word_1_21' title='bbox 3375 433 3483 471; x_wconf 87' lang='lat' dir='ltr'><strong>nos</strong></span> 
     </span>
    </p>
   </div>
   <div class='ocr_carea' id='block_1_5' title="bbox 115 504 1727 577">
    <p class='ocr_par' dir='ltr' id='par_1_5' title="bbox 115 504 1727 577">
     <span class='ocr_line' id='line_1_5' title="bbox 115 504 1727 577; baseline -0.002 -15"><span class='ocrx_word' id='word_1_22' title='bbox 115 509 162 562; x_wconf 92' lang='lat' dir='ltr'><strong>in</strong></span> <span class='ocrx_word' id='word_1_23' title='bbox 192 505 399 562; x_wconf 86' lang='lat' dir='ltr'><strong>festivis</strong></span> <span class='ocrx_word' id='word_1_24' title='bbox 429 507 658 571; x_wconf 90' lang='lat' dir='ltr'><strong>diebus,</strong></span> <span class='ocrx_word' id='word_1_25' title='bbox 687 507 758 560; x_wconf 90' lang='lat' dir='ltr'><strong>ad</strong></span> <span class='ocrx_word' id='word_1_26' title='bbox 788 506 986 561; x_wconf 82' lang='lat' dir='ltr'><strong>sedem</strong></span> <span class='ocrx_word' id='word_1_27' title='bbox 1019 504 1406 577; x_wconf 83' lang='lat' dir='ltr'><strong>episcopalem</strong></span> <span class='ocrx_word' id='word_1_28' title='bbox 1439 505 1727 571; x_wconf 91' lang='lat' dir='ltr'><strong>accedere,</strong></span> 
     </span>
    </p>
   </div>
   <div class='ocr_carea' id='block_1_6' title="bbox 113 591 1734 666">
    <p class='ocr_par' dir='ltr' id='par_1_6' title="bbox 113 591 1734 666">
     <span class='ocr_line' id='line_1_6' title="bbox 113 591 1734 666; baseline -0.001 -16"><span class='ocrx_word' id='word_1_29' title='bbox 113 596 285 666; x_wconf 86' lang='lat' dir='ltr'><strong>ibique</strong></span> <span class='ocrx_word' id='word_1_30' title='bbox 305 611 435 649; x_wconf 90' lang='lat' dir='ltr'><strong>cum</strong></span> <span class='ocrx_word' id='word_1_31' title='bbox 455 593 770 650; x_wconf 88' lang='lat' dir='ltr'><strong>dalmatica</strong></span> <span class='ocrx_word' id='word_1_32' title='bbox 790 598 846 649; x_wconf 90' lang='lat' dir='ltr'><strong>et</strong></span> <span class='ocrx_word' id='word_1_33' title='bbox 868 593 1169 662; x_wconf 88' lang='lat' dir='ltr'><strong>sandaliis,</strong></span> <span class='ocrx_word' id='word_1_34' title='bbox 1195 593 1511 650; x_wconf 89' lang='lat' dir='ltr'><strong>missarum</strong></span> <span class='ocrx_word' id='word_1_35' title='bbox 1526 591 1734 649; x_wconf 87' lang='lat' dir='ltr'><strong>solem-</strong></span> 
     </span>
    </p>
   </div>
   <div class='ocr_carea' id='block_1_7' title="bbox 115 683 526 739">
    <p class='ocr_par' dir='ltr' id='par_1_7' title="bbox 115 683 526 739">
     <span class='ocr_line' id='line_1_7' title="bbox 115 683 526 739; baseline 0 -1"><span class='ocrx_word' id='word_1_36' title='bbox 115 685 197 739; x_wconf 84' lang='lat' dir='ltr'><strong>nia</strong></span> <span class='ocrx_word' id='word_1_37' title='bbox 223 683 526 739; x_wconf 85' lang='lat' dir='ltr'><strong>celebrare.</strong></span> 
     </span>
    </p>
   </div>
   <div class='ocr_carea' id='block_1_8' title="bbox 171 771 1735 846">
    <p class='ocr_par' dir='ltr' id='par_1_8' title="bbox 171 771 1735 846">
     <span class='ocr_line' id='line_1_8' title="bbox 171 771 1735 846; baseline -0.003 -17"><span class='ocrx_word' id='word_1_38' title='bbox 171 775 306 829; x_wconf 86' lang='lat' dir='ltr'><strong>Sane</strong></span> <span class='ocrx_word' id='word_1_39' title='bbox 327 773 374 828; x_wconf 91' lang='lat' dir='ltr'><strong>si</strong></span> <span class='ocrx_word' id='word_1_40' title='bbox 407 772 544 844; x_wconf 87' lang='lat' dir='ltr'><strong>quis</strong></span> <span class='ocrx_word' id='word_1_41' title='bbox 561 773 618 827; x_wconf 92' lang='lat' dir='ltr'><strong>in</strong></span> <span class='ocrx_word' id='word_1_42' title='bbox 643 772 966 828; x_wconf 89' lang='lat' dir='ltr'><strong>crastinum</strong></span> <span class='ocrx_word' id='word_1_43' title='bbox 991 772 1467 846; x_wconf 83' lang='lat' dir='ltr'><strong>archiepiscopus</strong></span> <span class='ocrx_word' id='word_1_44' title='bbox 1488 775 1590 828; x_wconf 90' lang='lat' dir='ltr'><strong>aut</strong></span> <span class='ocrx_word' id='word_1_45' title='bbox 1618 771 1735 844; x_wconf 88' lang='lat' dir='ltr'><strong>epi-</strong></span> 
     </span>
    </p>
   </div>
   <div class='ocr_carea' id='block_1_9' title="bbox 115 862 1732 934">
    <p class='ocr_par' dir='ltr' id='par_1_9' title="bbox 115 862 1732 934">
     <span class='ocr_line' id='line_1_9' title="bbox 115 862 1732 934; baseline -0.004 -14"><span class='ocrx_word' id='word_1_46' title='bbox 115 879 320 934; x_wconf 86' lang='lat' dir='ltr'><strong>scopus,</strong></span> <span class='ocrx_word' id='word_1_47' title='bbox 350 862 671 932; x_wconf 76' lang='lat' dir='ltr'><strong>imperator</strong></span> <span class='ocrx_word' id='word_1_48' title='bbox 728 865 830 916; x_wconf 88' lang='lat' dir='ltr'><strong>aut</strong></span> <span class='ocrx_word' id='word_1_49' title='bbox 887 878 1004 922; x_wconf 82' lang='lat' dir='ltr'><strong>rex.</strong></span> <span class='ocrx_word' id='word_1_50' title='bbox 1041 863 1312 934; x_wconf 84' lang='lat' dir='ltr'><strong>princeps</strong></span> <span class='ocrx_word' id='word_1_51' title='bbox 1342 866 1442 917; x_wconf 92' lang='lat' dir='ltr'><strong>aut</strong></span> <span class='ocrx_word' id='word_1_52' title='bbox 1472 862 1608 925; x_wconf 85' lang='lat' dir='ltr'><strong>dux,</strong></span> <span class='ocrx_word' id='word_1_53' title='bbox 1639 876 1732 915; x_wconf 89' lang='lat' dir='ltr'><strong>co-</strong></span> 
     </span>
    </p>
   </div>
   <div class='ocr_carea' id='block_1_10' title="bbox 115 949 1736 1022">
    <p class='ocr_par' dir='ltr' id='par_1_10' title="bbox 115 949 1736 1022">
     <span class='ocr_line' id='line_1_10' title="bbox 115 949 1736 1022; baseline -0.002 -16"><span class='ocrx_word' id='word_1_54' title='bbox 115 968 239 1018; x_wconf 88' lang='lat' dir='ltr'><strong>mes,</strong></span> <span class='ocrx_word' id='word_1_55' title='bbox 266 951 606 1016; x_wconf 88' lang='lat' dir='ltr'><strong>vicecomes,</strong></span> <span class='ocrx_word' id='word_1_56' title='bbox 652 951 856 1022; x_wconf 82' lang='lat' dir='ltr'><strong>judex,</strong></span> <span class='ocrx_word' id='word_1_57' title='bbox 895 955 996 1006; x_wconf 89' lang='lat' dir='ltr'><strong>aut</strong></span> <span class='ocrx_word' id='word_1_58' title='bbox 1025 950 1419 1007; x_wconf 89' lang='lat' dir='ltr'><strong>ecclesiastica</strong></span> <span class='ocrx_word' id='word_1_59' title='bbox 1476 949 1736 1021; x_wconf 88' lang='lat' dir='ltr'><strong>qualibet</strong></span> 
     </span>
    </p>
   </div>
   <div class='ocr_carea' id='block_1_11' title="bbox 115 1038 1736 1111">
    <p class='ocr_par' dir='ltr' id='par_1_11' title="bbox 115 1038 1736 1111">
     <span class='ocr_line' id='line_1_11' title="bbox 115 1038 1736 1111; baseline -0.001 -17"><span class='ocrx_word' id='word_1_60' title='bbox 115 1038 446 1094; x_wconf 66' lang='lat' dir='ltr'><strong>secularisve</strong></span> <span class='ocrx_word' id='word_1_61' title='bbox 469 1056 744 1111; x_wconf 90' lang='lat' dir='ltr'><strong>persona,</strong></span> <span class='ocrx_word' id='word_1_62' title='bbox 772 1039 922 1094; x_wconf 90' lang='lat' dir='ltr'><strong>hanc</strong></span> <span class='ocrx_word' id='word_1_63' title='bbox 946 1043 1160 1095; x_wconf 72' lang='lat' dir='ltr'><strong>nostra:</strong></span> <span class='ocrx_word' id='word_1_64' title='bbox 1178 1038 1618 1095; x_wconf 76' lang='lat' dir='ltr'><strong>constitutionis</strong></span> <span class='ocrx_word' id='word_1_65' title='bbox 1639 1054 1736 1108; x_wconf 90' lang='lat' dir='ltr'><strong>pa-</strong></span> 
     </span>
    </p>
   </div>
   <div class='ocr_carea' id='block_1_12' title="bbox 113 1125 1734 1200">
    <p class='ocr_par' dir='ltr' id='par_1_12' title="bbox 113 1125 1734 1200">
     <span class='ocr_line' id='line_1_12' title="bbox 113 1125 1734 1200; baseline -0.001 -18"><span class='ocrx_word' id='word_1_66' title='bbox 113 1130 281 1200; x_wconf 84' lang='lat' dir='ltr'><strong>ginam</strong></span> <span class='ocrx_word' id='word_1_67' title='bbox 304 1128 738 1192; x_wconf 88' lang='lat' dir='ltr'><strong>sciens,contra</strong></span> <span class='ocrx_word' id='word_1_68' title='bbox 757 1144 885 1183; x_wconf 90' lang='lat' dir='ltr'><strong>eam</strong></span> <span class='ocrx_word' id='word_1_69' title='bbox 917 1131 1134 1183; x_wconf 87' lang='lat' dir='ltr'><strong>temere</strong></span> <span class='ocrx_word' id='word_1_70' title='bbox 1177 1127 1372 1183; x_wconf 88' lang='lat' dir='ltr'><strong>venire</strong></span> <span class='ocrx_word' id='word_1_71' title='bbox 1406 1125 1734 1191; x_wconf 90' lang='lat' dir='ltr'><strong>tentaverit,</strong></span> 
     </span>
    </p>
   </div>
   <div class='ocr_carea' id='block_1_13' title="bbox 114 1215 1736 1283">
    <p class='ocr_par' dir='ltr' id='par_1_13' title="bbox 114 1215 1736 1283">
     <span class='ocr_line' id='line_1_13' title="bbox 114 1215 1736 1283; baseline -0.002 -11"><span class='ocrx_word' id='word_1_72' title='bbox 114 1216 338 1272; x_wconf 88' lang='lat' dir='ltr'><strong>secundo</strong></span> <span class='ocrx_word' id='word_1_73' title='bbox 363 1217 610 1271; x_wconf 84' lang='lat' dir='ltr'><strong>tertiove</strong></span> <span class='ocrx_word' id='word_1_74' title='bbox 641 1216 1054 1283; x_wconf 87' lang='lat' dir='ltr'><strong>commonitus,</strong></span> <span class='ocrx_word' id='word_1_75' title='bbox 1088 1217 1138 1270; x_wconf 91' lang='lat' dir='ltr'><strong>si</strong></span> <span class='ocrx_word' id='word_1_76' title='bbox 1187 1233 1300 1271; x_wconf 90' lang='lat' dir='ltr'><strong>non</strong></span> <span class='ocrx_word' id='word_1_77' title='bbox 1341 1215 1736 1272; x_wconf 74' lang='lat' dir='ltr'><strong>satisfactione</strong></span> 
     </span>
    </p>
   </div>
   <div class='ocr_carea' id='block_1_14' title="bbox 113 1303 1734 1377">
    <p class='ocr_par' dir='ltr' id='par_1_14' title="bbox 113 1303 1734 1377">
     <span class='ocr_line' id='line_1_14' title="bbox 113 1303 1734 1377; baseline -0.002 -17"><span class='ocrx_word' id='word_1_78' title='bbox 113 1321 337 1377; x_wconf 86' lang='lat' dir='ltr'><strong>congrua</strong></span> <span class='ocrx_word' id='word_1_79' title='bbox 362 1304 1108 1376; x_wconf 80' lang='lat' dir='ltr'><strong>emendaverit,potestatis</strong></span> <span class='ocrx_word' id='word_1_80' title='bbox 1137 1305 1492 1376; x_wconf 89' lang='lat' dir='ltr'><strong>honorisque</strong></span> <span class='ocrx_word' id='word_1_81' title='bbox 1523 1303 1614 1359; x_wconf 89' lang='lat' dir='ltr'><strong>sui</strong></span> <span class='ocrx_word' id='word_1_82' title='bbox 1648 1303 1734 1358; x_wconf 90' lang='lat' dir='ltr'><strong>di-</strong></span> 
     </span>
    </p>
   </div>
   <div class='ocr_carea' id='block_1_15' title="bbox 112 1393 1739 1465">
    <p class='ocr_par' dir='ltr' id='par_1_15' title="bbox 112 1393 1739 1465">
     <span class='ocr_line' id='line_1_15' title="bbox 112 1393 1739 1465; baseline -0.001 -18"><span class='ocrx_word' id='word_1_83' title='bbox 112 1393 301 1465; x_wconf 82' lang='lat' dir='ltr'><strong>gnitate</strong></span> <span class='ocrx_word' id='word_1_84' title='bbox 317 1398 532 1460; x_wconf 86' lang='lat' dir='ltr'><strong>careat,</strong></span> <span class='ocrx_word' id='word_1_85' title='bbox 560 1409 846 1464; x_wconf 89' lang='lat' dir='ltr'><strong>reumque</strong></span> <span class='ocrx_word' id='word_1_86' title='bbox 877 1409 938 1448; x_wconf 91' lang='lat' dir='ltr'><strong>se</strong></span> <span class='ocrx_word' id='word_1_87' title='bbox 970 1393 1165 1448; x_wconf 84' lang='lat' dir='ltr'><strong>divino</strong></span> <span class='ocrx_word' id='word_1_88' title='bbox 1190 1394 1414 1464; x_wconf 89' lang='lat' dir='ltr'><strong>judicio</strong></span> <span class='ocrx_word' id='word_1_89' title='bbox 1439 1393 1510 1448; x_wconf 89' lang='lat' dir='ltr'><strong>de</strong></span> <span class='ocrx_word' id='word_1_90' title='bbox 1542 1409 1739 1465; x_wconf 89' lang='lat' dir='ltr'><strong>perpe-</strong></span> 
     </span>
    </p>
   </div>
   <div class='ocr_carea' id='block_1_16' title="bbox 111 1481 1736 1554">
    <p class='ocr_par' dir='ltr' id='par_1_16' title="bbox 111 1481 1736 1554">
     <span class='ocr_line' id='line_1_16' title="bbox 111 1481 1736 1554; baseline 0.001 -19"><span class='ocrx_word' id='word_1_91' title='bbox 111 1483 558 1554; x_wconf 85' lang='lat' dir='ltr'><strong>tratainiquitate</strong></span> <span class='ocrx_word' id='word_1_92' title='bbox 589 1485 999 1554; x_wconf 88' lang='lat' dir='ltr'><strong>cognoscat,et</strong></span> <span class='ocrx_word' id='word_1_93' title='bbox 1017 1499 1050 1536; x_wconf 90' lang='lat' dir='ltr'><strong>a</strong></span> <span class='ocrx_word' id='word_1_94' title='bbox 1074 1481 1474 1538; x_wconf 89' lang='lat' dir='ltr'><strong>sacratissimo</strong></span> <span class='ocrx_word' id='word_1_95' title='bbox 1499 1497 1736 1553; x_wconf 89' lang='lat' dir='ltr'><strong>corpore</strong></span> 
     </span>
    </p>
   </div>
   <div class='ocr_carea' id='block_1_17' title="bbox 114 1569 1736 1642">
    <p class='ocr_par' dir='ltr' id='par_1_17' title="bbox 114 1569 1736 1642">
     <span class='ocr_line' id='line_1_17' title="bbox 114 1569 1736 1642; baseline 0.001 -20"><span class='ocrx_word' id='word_1_96' title='bbox 114 1576 160 1623; x_wconf 83' lang='lat' dir='ltr'><strong>et</strong></span> <span class='ocrx_word' id='word_1_97' title='bbox 179 1569 445 1642; x_wconf 86' lang='lat' dir='ltr'><strong>sanguine</strong></span> <span class='ocrx_word' id='word_1_98' title='bbox 467 1569 571 1625; x_wconf 87' lang='lat' dir='ltr'><strong>Dei</strong></span> <span class='ocrx_word' id='word_1_99' title='bbox 597 1575 658 1624; x_wconf 91' lang='lat' dir='ltr'><strong>et</strong></span> <span class='ocrx_word' id='word_1_100' title='bbox 677 1569 909 1625; x_wconf 89' lang='lat' dir='ltr'><strong>Domini</strong></span> <span class='ocrx_word' id='word_1_101' title='bbox 942 1571 1348 1642; x_wconf 82' lang='lat' dir='ltr'><strong>Redemptoris</strong></span> <span class='ocrx_word' id='word_1_102' title='bbox 1381 1572 1560 1625; x_wconf 90' lang='lat' dir='ltr'><strong>nostri</strong></span> <span class='ocrx_word' id='word_1_103' title='bbox 1597 1570 1736 1624; x_wconf 87' lang='lat' dir='ltr'><strong>Jesu</strong></span> 
     </span>
    </p>
   </div>
   <div class='ocr_carea' id='block_1_18' title="bbox 113 1658 1733 1731">
    <p class='ocr_par' dir='ltr' id='par_1_18' title="bbox 113 1658 1733 1731">
     <span class='ocr_line' id='line_1_18' title="bbox 113 1658 1733 1731; baseline 0 -19"><span class='ocrx_word' id='word_1_104' title='bbox 113 1659 293 1714; x_wconf 86' lang='lat' dir='ltr'><strong>Christi</strong></span> <span class='ocrx_word' id='word_1_105' title='bbox 325 1658 554 1715; x_wconf 89' lang='lat' dir='ltr'><strong>alienus</strong></span> <span class='ocrx_word' id='word_1_106' title='bbox 596 1660 720 1724; x_wconf 82' lang='lat' dir='ltr'><strong>fiat,</strong></span> <span class='ocrx_word' id='word_1_107' title='bbox 745 1664 917 1731; x_wconf 89' lang='lat' dir='ltr'><strong>atque</strong></span> <span class='ocrx_word' id='word_1_108' title='bbox 962 1660 1019 1713; x_wconf 90' lang='lat' dir='ltr'><strong>in</strong></span> <span class='ocrx_word' id='word_1_109' title='bbox 1071 1664 1325 1714; x_wconf 86' lang='lat' dir='ltr'><strong>extremo</strong></span> <span class='ocrx_word' id='word_1_110' title='bbox 1352 1659 1617 1714; x_wconf 80' lang='lat' dir='ltr'><strong>examine</strong></span> <span class='ocrx_word' id='word_1_111' title='bbox 1648 1660 1733 1712; x_wconf 89' lang='lat' dir='ltr'><strong>di-</strong></span> 
     </span>
    </p>
   </div>
   <div class='ocr_carea' id='block_1_19' title="bbox 115 1746 1817 1844">
    <p class='ocr_par' dir='ltr' id='par_1_19' title="bbox 115 1746 1817 1844">
     <span class='ocr_line' id='line_1_19' title="bbox 115 1746 1817 1844; baseline 0.002 -45"><span class='ocrx_word' id='word_1_112' title='bbox 115 1747 295 1801; x_wconf 64' lang='lat' dir='ltr'><strong>stricta</strong></span> <span class='ocrx_word' id='word_1_113' title='bbox 321 1746 531 1803; x_wconf 85' lang='lat' dir='ltr'><strong>ultioni</strong></span> <span class='ocrx_word' id='word_1_114' title='bbox 559 1747 886 1817; x_wconf 87' lang='lat' dir='ltr'><strong>subjaceat.</strong></span> <span class='ocrx_word' id='word_1_115' title='bbox 910 1748 1146 1804; x_wconf 87' lang='lat' dir='ltr'><strong>Cunctis</strong></span> <span class='ocrx_word' id='word_1_116' title='bbox 1173 1756 1364 1844; x_wconf 81' lang='lat' dir='ltr'><strong>autem</strong></span> <span class='ocrx_word' id='word_1_117' title='bbox 1390 1747 1578 1802; x_wconf 89' lang='lat' dir='ltr'><strong>eidem</strong></span> <span class='ocrx_word' id='word_1_118' title='bbox 1612 1748 1736 1844; x_wconf 44' lang='lat' dir='ltr'><strong>loc-0</strong></span> <span class='ocrx_word' id='word_1_119' title='bbox 1769 1781 1817 1844; x_wconf 83' lang='lat' dir='ltr'><strong>B</strong></span> 
     </span>
    </p>
   </div>
   <div class='ocr_carea' id='block_1_20' title="bbox 110 1835 1734 1907">
    <p class='ocr_par' dir='ltr' id='par_1_20' title="bbox 110 1835 1734 1907">
     <span class='ocr_line' id='line_1_20' title="bbox 110 1835 1734 1907; baseline 0 -18"><span class='ocrx_word' id='word_1_120' title='bbox 110 1835 246 1904; x_wconf 79' lang='lat' dir='ltr'><strong>justa</strong></span> <span class='ocrx_word' id='word_1_121' title='bbox 268 1835 755 1902; x_wconf 84' lang='lat' dir='ltr'><strong>servantibus,sit</strong></span> <span class='ocrx_word' id='word_1_122' title='bbox 770 1853 880 1907; x_wconf 83' lang='lat' dir='ltr'><strong>pax</strong></span> <span class='ocrx_word' id='word_1_123' title='bbox 903 1836 1129 1891; x_wconf 91' lang='lat' dir='ltr'><strong>Domini</strong></span> <span class='ocrx_word' id='word_1_124' title='bbox 1151 1835 1332 1890; x_wconf 91' lang='lat' dir='ltr'><strong>nostri</strong></span> <span class='ocrx_word' id='word_1_125' title='bbox 1345 1836 1482 1891; x_wconf 90' lang='lat' dir='ltr'><strong>Jesu</strong></span> <span class='ocrx_word' id='word_1_126' title='bbox 1501 1835 1734 1903; x_wconf 85' lang='lat' dir='ltr'><strong>Christi,</strong></span> 
     </span>
    </p>
   </div>
   <div class='ocr_carea' id='block_1_21' title="bbox 116 1923 1735 1996">
    <p class='ocr_par' dir='ltr' id='par_1_21' title="bbox 116 1923 1735 1996">
     <span class='ocr_line' id='line_1_21' title="bbox 116 1923 1735 1996; baseline 0.001 -19"><span class='ocrx_word' id='word_1_127' title='bbox 116 1928 373 1993; x_wconf 85' lang='lat' dir='ltr'><strong>quatenus</strong></span> <span class='ocrx_word' id='word_1_128' title='bbox 412 1929 470 1979; x_wconf 90' lang='lat' dir='ltr'><strong>et</strong></span> <span class='ocrx_word' id='word_1_129' title='bbox 501 1923 605 1979; x_wconf 88' lang='lat' dir='ltr'><strong>hic</strong></span> <span class='ocrx_word' id='word_1_130' title='bbox 631 1924 882 1980; x_wconf 89' lang='lat' dir='ltr'><strong>fructum</strong></span> <span class='ocrx_word' id='word_1_131' title='bbox 919 1925 1080 1979; x_wconf 73' lang='lat' dir='ltr'><strong>bona:</strong></span> <span class='ocrx_word' id='word_1_132' title='bbox 1106 1925 1353 1979; x_wconf 88' lang='lat' dir='ltr'><strong>actionis</strong></span> <span class='ocrx_word' id='word_1_133' title='bbox 1393 1924 1735 1996; x_wconf 88' lang='lat' dir='ltr'><strong>percipiant,</strong></span> 
     </span>
    </p>
   </div>
   <div class='ocr_carea' id='block_1_22' title="bbox 116 2012 1738 2084">
    <p class='ocr_par' dir='ltr' id='par_1_22' title="bbox 116 2012 1738 2084">
     <span class='ocr_line' id='line_1_22' title="bbox 116 2012 1738 2084; baseline 0.001 -18"><span class='ocrx_word' id='word_1_134' title='bbox 116 2016 162 2066; x_wconf 83' lang='lat' dir='ltr'><strong>et</strong></span> <span class='ocrx_word' id='word_1_135' title='bbox 186 2012 321 2083; x_wconf 87' lang='lat' dir='ltr'><strong>apud</strong></span> <span class='ocrx_word' id='word_1_136' title='bbox 363 2012 708 2068; x_wconf 89' lang='lat' dir='ltr'><strong>districtum</strong></span> <span class='ocrx_word' id='word_1_137' title='bbox 749 2012 1008 2084; x_wconf 89' lang='lat' dir='ltr'><strong>judicem</strong></span> <span class='ocrx_word' id='word_1_138' title='bbox 1057 2013 1296 2084; x_wconf 68' lang='lat' dir='ltr'><strong>praemia</strong></span> <span class='ocrx_word' id='word_1_139' title='bbox 1324 2016 1547 2068; x_wconf 66' lang='lat' dir='ltr'><strong>aeternae</strong></span> <span class='ocrx_word' id='word_1_140' title='bbox 1580 2013 1738 2084; x_wconf 87' lang='lat' dir='ltr'><strong>pacis</strong></span> 
     </span>
    </p>
   </div>
   <div class='ocr_carea' id='block_1_23' title="bbox 115 2099 1092 2168">
    <p class='ocr_par' dir='ltr' id='par_1_23' title="bbox 115 2099 1092 2168">
     <span class='ocr_line' id='line_1_23' title="bbox 115 2099 1092 2168; baseline 0.002 -16"><span class='ocrx_word' id='word_1_141' title='bbox 115 2099 396 2155; x_wconf 86' lang='lat' dir='ltr'><strong>inveniant.</strong></span> <span class='ocrx_word' id='word_1_142' title='bbox 415 2103 634 2168; x_wconf 86' lang='lat' dir='ltr'><strong>Amen,</strong></span> <span class='ocrx_word' id='word_1_143' title='bbox 669 2116 865 2166; x_wconf 90' lang='lat' dir='ltr'><strong>amen,</strong></span> <span class='ocrx_word' id='word_1_144' title='bbox 898 2117 1092 2156; x_wconf 89' lang='lat' dir='ltr'><strong>amen.</strong></span> 
     </span>
    </p>
   </div>
   <div class='ocr_carea' id='block_1_24' title="bbox 177 2189 1740 2261">
    <p class='ocr_par' dir='ltr' id='par_1_24' title="bbox 177 2189 1740 2261">
     <span class='ocr_line' id='line_1_24' title="bbox 177 2189 1740 2261; baseline 0.001 -18"><span class='ocrx_word' id='word_1_145' title='bbox 177 2189 361 2244; x_wconf 86' lang='lat' dir='ltr'><strong>Datum</strong></span> <span class='ocrx_word' id='word_1_146' title='bbox 391 2189 657 2245; x_wconf 87' lang='lat' dir='ltr'><strong>Turonis</strong></span> <span class='ocrx_word' id='word_1_147' title='bbox 689 2205 791 2261; x_wconf 92' lang='lat' dir='ltr'><strong>per</strong></span> <span class='ocrx_word' id='word_1_148' title='bbox 821 2205 1062 2244; x_wconf 91' lang='lat' dir='ltr'><strong>manum</strong></span> <span class='ocrx_word' id='word_1_149' title='bbox 1095 2189 1362 2257; x_wconf 88' lang='lat' dir='ltr'><strong>Joannis,</strong></span> <span class='ocrx_word' id='word_1_150' title='bbox 1397 2206 1573 2246; x_wconf 67' lang='lat' dir='ltr'><strong>sacrae</strong></span> <span class='ocrx_word' id='word_1_151' title='bbox 1629 2189 1740 2245; x_wconf 91' lang='lat' dir='ltr'><strong>Ro-</strong></span> 
     </span>
    </p>
   </div>
   <div class='ocr_carea' id='block_1_25' title="bbox 119 2276 1741 2350">
    <p class='ocr_par' dir='ltr' id='par_1_25' title="bbox 119 2276 1741 2350">
     <span class='ocr_line' id='line_1_25' title="bbox 119 2276 1741 2350; baseline 0.002 -20"><span class='ocrx_word' id='word_1_152' title='bbox 119 2292 275 2331; x_wconf 67' lang='lat' dir='ltr'><strong>manis</strong></span> <span class='ocrx_word' id='word_1_153' title='bbox 302 2276 568 2332; x_wconf 84' lang='lat' dir='ltr'><strong>Ecclesiae</strong></span> <span class='ocrx_word' id='word_1_154' title='bbox 610 2277 838 2332; x_wconf 90' lang='lat' dir='ltr'><strong>diaconi</strong></span> <span class='ocrx_word' id='word_1_155' title='bbox 879 2276 1123 2343; x_wconf 89' lang='lat' dir='ltr'><strong>cardin.,</strong></span> <span class='ocrx_word' id='word_1_156' title='bbox 1146 2294 1224 2332; x_wconf 86' lang='lat' dir='ltr'><strong>xu</strong></span> <span class='ocrx_word' id='word_1_157' title='bbox 1256 2276 1500 2333; x_wconf 88' lang='lat' dir='ltr'><strong>Kalend.</strong></span> <span class='ocrx_word' id='word_1_158' title='bbox 1533 2278 1741 2350; x_wconf 87' lang='lat' dir='ltr'><strong>April.,</strong></span> 
     </span>
    </p>
   </div>
   <div class='ocr_carea' id='block_1_26' title="bbox 119 2363 1739 2438">
    <p class='ocr_par' dir='ltr' id='par_1_26' title="bbox 119 2363 1739 2438">
     <span class='ocr_line' id='line_1_26' title="bbox 119 2363 1739 2438; baseline 0.003 -21"><span class='ocrx_word' id='word_1_159' title='bbox 119 2363 386 2432; x_wconf 83' lang='lat' dir='ltr'><strong>indict.iv,</strong></span> <span class='ocrx_word' id='word_1_160' title='bbox 412 2382 570 2421; x_wconf 90' lang='lat' dir='ltr'><strong>anno</strong></span> <span class='ocrx_word' id='word_1_161' title='bbox 623 2364 935 2420; x_wconf 64' lang='lat' dir='ltr'><strong>Dominicis</strong></span> <span class='ocrx_word' id='word_1_162' title='bbox 978 2365 1265 2421; x_wconf 87' lang='lat' dir='ltr'><strong>lncarnat.</strong></span> <span class='ocrx_word' id='word_1_163' title='bbox 1312 2365 1470 2434; x_wconf 76' lang='grc'><strong>4096,</strong></span> <span class='ocrx_word' id='word_1_164' title='bbox 1506 2367 1739 2438; x_wconf 83' lang='lat' dir='ltr'><strong>pontifi-</strong></span> 
     </span>
    </p>
   </div>
   <div class='ocr_carea' id='block_1_27' title="bbox 121 2453 1498 2526">
    <p class='ocr_par' dir='ltr' id='par_1_27' title="bbox 121 2453 1498 2526">
     <span class='ocr_line' id='line_1_27' title="bbox 121 2453 1498 2526; baseline 0.002 -19"><span class='ocrx_word' id='word_1_165' title='bbox 121 2457 259 2508; x_wconf 84' lang='lat' dir='ltr'><strong>catus</strong></span> <span class='ocrx_word' id='word_1_166' title='bbox 279 2459 464 2511; x_wconf 92' lang='lat' dir='ltr'><strong>autem</strong></span> <span class='ocrx_word' id='word_1_167' title='bbox 491 2453 702 2510; x_wconf 88' lang='lat' dir='ltr'><strong>domni</strong></span> <span class='ocrx_word' id='word_1_168' title='bbox 727 2453 942 2510; x_wconf 87' lang='lat' dir='ltr'><strong>Urbani</strong></span> <span class='ocrx_word' id='word_1_169' title='bbox 969 2453 1012 2508; x_wconf 84' lang='lat' dir='ltr'><strong>ll</strong></span> <span class='ocrx_word' id='word_1_170' title='bbox 1045 2471 1207 2526; x_wconf 71' lang='lat' dir='ltr'><strong>papas</strong></span> <span class='ocrx_word' id='word_1_171' title='bbox 1239 2472 1390 2510; x_wconf 91' lang='lat' dir='ltr'><strong>anno</strong></span> <span class='ocrx_word' id='word_1_172' title='bbox 1422 2473 1498 2510; x_wconf 66' lang='grc' dir='ltr'><strong>ιχ.</strong></span> 
     </span>
    </p>
   </div>
   <div class='ocr_carea' id='block_1_28' title="bbox 773 2609 1048 2667">
    <p class='ocr_par' dir='ltr' id='par_1_28' title="bbox 773 2609 1048 2667">
     <span class='ocr_line' id='line_1_28' title="bbox 773 2609 1048 2667; baseline 0.004 -1"><span class='ocrx_word' id='word_1_173' title='bbox 773 2609 1048 2667; x_wconf 77' lang='lat' dir='ltr'><strong>CLXXXI.</strong></span> 
     </span>
    </p>
   </div>
   <div class='ocr_carea' id='block_1_29' title="bbox 131 2717 1740 2787">
    <p class='ocr_par' dir='ltr' id='par_1_29' title="bbox 131 2717 1740 2787">
     <span class='ocr_line' id='line_1_29' title="bbox 131 2717 1740 2787; baseline 0.003 -15"><span class='ocrx_word' id='word_1_174' title='bbox 131 2717 338 2773; x_wconf 80' lang='lat' dir='ltr'><strong>Urbanus</strong></span> <span class='ocrx_word' id='word_1_175' title='bbox 387 2720 437 2775; x_wconf 91' lang='lat' dir='ltr'><strong>Il</strong></span> <span class='ocrx_word' id='word_1_176' title='bbox 487 2718 789 2787; x_wconf 82' lang='lat' dir='ltr'><strong>conﬁrmat</strong></span> <span class='ocrx_word' id='word_1_177' title='bbox 840 2719 1078 2775; x_wconf 72' lang='lat' dir='ltr'><strong>abbatiae</strong></span> <span class='ocrx_word' id='word_1_178' title='bbox 1127 2720 1181 2773; x_wconf 90' lang='lat' dir='ltr'><strong>S.</strong></span> <span class='ocrx_word' id='word_1_179' title='bbox 1218 2721 1429 2775; x_wconf 71' lang='lat' dir='ltr'><strong>Bertini</strong></span> <span class='ocrx_word' id='word_1_180' title='bbox 1471 2720 1656 2776; x_wconf 81' lang='lat' dir='ltr'><strong>ordini</strong></span> <span class='ocrx_word' id='word_1_181' title='bbox 1685 2722 1740 2777; x_wconf 92' lang='lat' dir='ltr'><strong>S.</strong></span> 
     </span>
    </p>
   </div>
   <div class='ocr_carea' id='block_1_30' title="bbox 184 2789 1745 2875">
    <p class='ocr_par' dir='ltr' id='par_1_30' title="bbox 184 2789 1745 2875">
     <span class='ocr_line' id='line_1_30' title="bbox 184 2789 1745 2875; baseline 0.003 -31"><span class='ocrx_word' id='word_1_182' title='bbox 184 2790 435 2875; x_wconf 66' lang='lat' dir='ltr'><strong>Benedicti</strong></span> <span class='ocrx_word' id='word_1_183' title='bbox 467 2789 899 2862; x_wconf 80' lang='lat' dir='ltr'><strong>Audomaropoli</strong></span> <span class='ocrx_word' id='word_1_184' title='bbox 959 2792 1148 2845; x_wconf 76' lang='lat' dir='ltr'><strong>omnia</strong></span> <span class='ocrx_word' id='word_1_185' title='bbox 1180 2792 1384 2846; x_wconf 79' lang='lat' dir='ltr'><strong>altaria</strong></span> <span class='ocrx_word' id='word_1_186' title='bbox 1432 2808 1533 2847; x_wconf 83' lang='lat' dir='ltr'><strong>sua</strong></span> <span class='ocrx_word' id='word_1_187' title='bbox 1583 2801 1745 2864; x_wconf 78' lang='lat' dir='ltr'><strong>atque</strong></span> 
     </span>
    </p>
   </div>
   <div class='ocr_carea' id='block_1_31' title="bbox 185 2875 542 2930">
    <p class='ocr_par' dir='ltr' id='par_1_31' title="bbox 185 2875 542 2930">
     <span class='ocr_line' id='line_1_31' title="bbox 185 2875 542 2930; baseline 0.006 -16"><span class='ocrx_word' id='word_1_188' title='bbox 185 2875 542 2930; x_wconf 67' lang='lat' dir='ltr'><strong>possessiones.</strong></span> 
     </span>
    </p>
   </div>
   <div class='ocr_carea' id='block_1_32' title="bbox 724 2967 1122 3038">
    <p class='ocr_par' dir='ltr' id='par_1_32' title="bbox 724 2967 1122 3038">
     <span class='ocr_line' id='line_1_32' title="bbox 724 2967 1122 3038; baseline 0.003 -18"><span class='ocrx_word' id='word_1_189' title='bbox 724 2967 906 3032; x_wconf 83' lang='lat' dir='ltr'><strong>(Anno</strong></span> <span class='ocrx_word' id='word_1_190' title='bbox 940 2968 1122 3038; x_wconf 83' lang='grc'><strong>1096.)</strong></span> 
     </span>
    </p>
   </div>
   <div class='ocr_carea' id='block_1_33' title="bbox 390 3090 1441 3164">
    <p class='ocr_par' dir='ltr' id='par_1_33' title="bbox 390 3090 1441 3164">
     <span class='ocr_line' id='line_1_33' title="bbox 390 3090 1441 3164; baseline 0 -17"><span class='ocrx_word' id='word_1_191' title='bbox 390 3090 694 3164; x_wconf 66' lang='lat' dir='ltr'><strong>[MIREUS,</strong></span> <span class='ocrx_word' id='word_1_192' title='bbox 729 3091 882 3162; x_wconf 79' lang='lat' dir='ltr'><strong>0pp.,</strong></span> <span class='ocrx_word' id='word_1_193' title='bbox 915 3091 1164 3163; x_wconf 74' lang='lat' dir='ltr'><strong>diplom,</strong></span> <span class='ocrx_word' id='word_1_194' title='bbox 1201 3093 1296 3159; x_wconf 85' lang='grc' dir='ltr'><strong>ΠΙ,</strong></span> <span class='ocrx_word' id='word_1_195' title='bbox 1327 3094 1441 3164; x_wconf 83' lang='grc'><strong>21.]</strong></span> 
     </span>
    </p>
   </div>
   <div class='ocr_carea' id='block_1_34' title="bbox 187 3248 1743 3321">
    <p class='ocr_par' dir='ltr' id='par_1_34' title="bbox 187 3248 1743 3321">
     <span class='ocr_line' id='line_1_34' title="bbox 187 3248 1743 3321; baseline 0.006 -22"><span class='ocrx_word' id='word_1_196' title='bbox 187 3249 440 3304; x_wconf 69' lang='grc' dir='ltr'><strong>ΠηΒΑΝυε</strong></span> <span class='ocrx_word' id='word_1_197' title='bbox 470 3248 809 3321; x_wconf 89' lang='lat' dir='ltr'><strong>episcopus,</strong></span> <span class='ocrx_word' id='word_1_198' title='bbox 834 3266 1034 3305; x_wconf 89' lang='lat' dir='ltr'><strong>servus</strong></span> <span class='ocrx_word' id='word_1_199' title='bbox 1057 3267 1352 3306; x_wconf 87' lang='lat' dir='ltr'><strong>servorum</strong></span> <span class='ocrx_word' id='word_1_200' title='bbox 1387 3251 1486 3307; x_wconf 91' lang='lat' dir='ltr'><strong>Dei</strong></span> <span class='ocrx_word' id='word_1_201' title='bbox 1509 3253 1743 3321; x_wconf 91' lang='lat' dir='ltr'><strong>dilecto,</strong></span> 
     </span>
    </p>
   </div>
   <div class='ocr_carea' id='block_1_35' title="bbox 128 3330 1738 3405">
    <p class='ocr_par' dir='ltr' id='par_1_35' title="bbox 128 3330 1738 3405">
     <span class='ocr_line' id='line_1_35' title="bbox 128 3330 1738 3405; baseline 0.007 -20"><span class='ocrx_word' id='word_1_202' title='bbox 128 3330 226 3388; x_wconf 86' lang='lat' dir='ltr'><strong>ﬁlio</strong></span> <span class='ocrx_word' id='word_1_203' title='bbox 238 3335 548 3405; x_wconf 64' lang='lat' dir='ltr'><strong>Laussa&#39;ro,</strong></span> <span class='ocrx_word' id='word_1_204' title='bbox 574 3337 770 3392; x_wconf 85' lang='lat' dir='ltr'><strong>abbati</strong></span> <span class='ocrx_word' id='word_1_205' title='bbox 791 3338 1130 3393; x_wconf 90' lang='lat' dir='ltr'><strong>monasterii</strong></span> <span class='ocrx_word' id='word_1_206' title='bbox 1156 3340 1509 3397; x_wconf 88' lang='lat' dir='ltr'><strong>confessoris</strong></span> <span class='ocrx_word' id='word_1_207' title='bbox 1526 3341 1738 3397; x_wconf 90' lang='lat' dir='ltr'><strong>Christi</strong></span> 
     </span>
    </p>
   </div>
   <div class='ocr_carea' id='block_1_36' title="bbox 129 3418 1745 3498">
    <p class='ocr_par' dir='ltr' id='par_1_36' title="bbox 129 3418 1745 3498">
     <span class='ocr_line' id='line_1_36' title="bbox 129 3418 1745 3498; baseline 0.008 -25"><span class='ocrx_word' id='word_1_208' title='bbox 129 3418 312 3478; x_wconf 87' lang='lat' dir='ltr'><strong>Bertini</strong></span> <span class='ocrx_word' id='word_1_209' title='bbox 323 3426 369 3495; x_wconf 89' lang='lat' dir='ltr'><strong>ej</strong></span> <span class='ocrx_word' id='word_1_210' title='bbox 380 3443 568 3498; x_wconf 90' lang='lat' dir='ltr'><strong>usque</strong></span> <span class='ocrx_word' id='word_1_211' title='bbox 583 3425 1022 3482; x_wconf 90' lang='lat' dir='ltr'><strong>successoribus</strong></span> <span class='ocrx_word' id='word_1_212' title='bbox 1037 3427 1378 3498; x_wconf 89' lang='lat' dir='ltr'><strong>regulariter</strong></span> <span class='ocrx_word' id='word_1_213' title='bbox 1388 3430 1745 3486; x_wconf 86' lang='lat' dir='ltr'><strong>substituen-</strong></span> 
     </span>
    </p>
   </div>
   <div class='ocr_carea' id='block_1_37' title="bbox 131 3507 663 3586">
    <p class='ocr_par' dir='ltr' id='par_1_37' title="bbox 131 3507 663 3586">
     <span class='ocr_line' id='line_1_37' title="bbox 131 3507 663 3586; baseline 0.013 -26"><span class='ocrx_word' id='word_1_214' title='bbox 131 3507 202 3564; x_wconf 88' lang='lat' dir='ltr'><strong>dis</strong></span> <span class='ocrx_word' id='word_1_215' title='bbox 227 3511 277 3566; x_wconf 91' lang='lat' dir='ltr'><strong>in</strong></span> <span class='ocrx_word' id='word_1_216' title='bbox 296 3520 663 3586; x_wconf 89' lang='lat' dir='ltr'><strong>perpetuum.</strong></span> 
     </span>
    </p>
   </div>
   <div class='ocr_carea' id='block_1_38' title="bbox 187 3598 1740 3678">
    <p class='ocr_par' dir='ltr' id='par_1_38' title="bbox 187 3598 1740 3678">
     <span class='ocr_line' id='line_1_38' title="bbox 187 3598 1740 3678; baseline 0.009 -28"><span class='ocrx_word' id='word_1_217' title='bbox 187 3598 283 3654; x_wconf 71' lang='lat' dir='ltr'><strong>Piae</strong></span> <span class='ocrx_word' id='word_1_218' title='bbox 312 3601 631 3673; x_wconf 88' lang='lat' dir='ltr'><strong>postulatio</strong></span> <span class='ocrx_word' id='word_1_219' title='bbox 679 3601 994 3657; x_wconf 83' lang='lat' dir='ltr'><strong>voluntatis</strong></span> <span class='ocrx_word' id='word_1_220' title='bbox 1051 3603 1256 3660; x_wconf 81' lang='lat' dir='ltr'><strong>effectu</strong></span> <span class='ocrx_word' id='word_1_221' title='bbox 1316 3605 1485 3662; x_wconf 90' lang='lat' dir='ltr'><strong>debet</strong></span> <span class='ocrx_word' id='word_1_222' title='bbox 1543 3623 1740 3678; x_wconf 90' lang='lat' dir='ltr'><strong>prose-</strong></span> 
     </span>
    </p>
   </div>
   <div class='ocr_carea' id='block_1_39' title="bbox 131 3690 1742 3763">
    <p class='ocr_par' dir='ltr' id='par_1_39' title="bbox 131 3690 1742 3763">
     <span class='ocr_line' id='line_1_39' title="bbox 131 3690 1742 3763; baseline 0.007 -23"><span class='ocrx_word' id='word_1_223' title='bbox 131 3692 313 3756; x_wconf 87' lang='lat' dir='ltr'><strong>quente</strong></span> <span class='ocrx_word' id='word_1_224' title='bbox 341 3690 646 3763; x_wconf 83' lang='lat' dir='ltr'><strong>compleri,</strong></span> <span class='ocrx_word' id='word_1_225' title='bbox 681 3697 972 3762; x_wconf 85' lang='lat' dir='ltr'><strong>quatenus</strong></span> <span class='ocrx_word' id='word_1_226' title='bbox 1005 3696 1062 3746; x_wconf 88' lang='lat' dir='ltr'><strong>et</strong></span> <span class='ocrx_word' id='word_1_227' title='bbox 1086 3692 1408 3748; x_wconf 85' lang='lat' dir='ltr'><strong>devotionis</strong></span> <span class='ocrx_word' id='word_1_228' title='bbox 1439 3694 1742 3752; x_wconf 88' lang='lat' dir='ltr'><strong>sinceritas</strong></span> 
     </span>
    </p>
   </div>
   <div class='ocr_carea' id='block_1_40' title="bbox 132 3771 1740 3852">
    <p class='ocr_par' dir='ltr' id='par_1_40' title="bbox 132 3771 1740 3852">
     <span class='ocr_line' id='line_1_40' title="bbox 132 3771 1740 3852; baseline 0.01 -28"><span class='ocrx_word' id='word_1_229' title='bbox 132 3771 464 3834; x_wconf 85' lang='lat' dir='ltr'><strong>laudabiliter</strong></span> <span class='ocrx_word' id='word_1_230' title='bbox 491 3779 780 3835; x_wconf 87' lang='lat' dir='ltr'><strong>enitescat</strong></span> <span class='ocrx_word' id='word_1_231' title='bbox 809 3785 863 3834; x_wconf 88' lang='lat' dir='ltr'><strong>et</strong></span> <span class='ocrx_word' id='word_1_232' title='bbox 895 3779 1121 3835; x_wconf 89' lang='lat' dir='ltr'><strong>utilitas</strong></span> <span class='ocrx_word' id='word_1_233' title='bbox 1139 3781 1434 3852; x_wconf 89' lang='lat' dir='ltr'><strong>postulata</strong></span> <span class='ocrx_word' id='word_1_234' title='bbox 1471 3785 1623 3840; x_wconf 92' lang='lat' dir='ltr'><strong>vires</strong></span> <span class='ocrx_word' id='word_1_235' title='bbox 1653 3785 1740 3840; x_wconf 91' lang='lat' dir='ltr'><strong>in-</strong></span> 
     </span>
    </p>
   </div>
   <div class='ocr_carea' id='block_1_41' title="bbox 131 3862 739 3924">
    <p class='ocr_par' dir='ltr' id='par_1_41' title="bbox 131 3862 739 3924">
     <span class='ocr_line' id='line_1_41' title="bbox 131 3862 739 3924; baseline 0.013 -11"><span class='ocrx_word' id='word_1_236' title='bbox 131 3862 429 3922; x_wconf 86' lang='lat' dir='ltr'><strong>dubitanter</strong></span> <span class='ocrx_word' id='word_1_237' title='bbox 447 3873 739 3924; x_wconf 86' lang='lat' dir='ltr'><strong>assumat.</strong></span> 
     </span>
    </p>
   </div>
   <div class='ocr_carea' id='block_1_42' title="bbox 192 3953 1740 4035">
    <p class='ocr_par' dir='ltr' id='par_1_42' title="bbox 192 3953 1740 4035">
     <span class='ocr_line' id='line_1_42' title="bbox 192 3953 1740 4035; baseline 0.008 -28"><span class='ocrx_word' id='word_1_238' title='bbox 192 3953 320 4017; x_wconf 83' lang='lat' dir='ltr'><strong>Quia</strong></span> <span class='ocrx_word' id='word_1_239' title='bbox 355 3956 530 4028; x_wconf 85' lang='lat' dir='ltr'><strong>igitur</strong></span> <span class='ocrx_word' id='word_1_240' title='bbox 575 3956 804 4012; x_wconf 91' lang='lat' dir='ltr'><strong>dilectio</strong></span> <span class='ocrx_word' id='word_1_241' title='bbox 837 3962 937 4012; x_wconf 90' lang='lat' dir='ltr'><strong>tua</strong></span> <span class='ocrx_word' id='word_1_242' title='bbox 961 3957 1030 4012; x_wconf 91' lang='lat' dir='ltr'><strong>ad</strong></span> <span class='ocrx_word' id='word_1_243' title='bbox 1066 3958 1220 4014; x_wconf 89' lang='lat' dir='ltr'><strong>sedis</strong></span> <span class='ocrx_word' id='word_1_244' title='bbox 1252 3959 1578 4031; x_wconf 74' lang='lat' dir='ltr'><strong>apostolica:</strong></span> <span class='ocrx_word' id='word_1_245' title='bbox 1611 3981 1740 4035; x_wconf 92' lang='lat' dir='ltr'><strong>por-</strong></span> 
     </span>
    </p>
   </div>
   <div class='ocr_carea' id='block_1_43' title="bbox 133 4041 1745 4118">
    <p class='ocr_par' dir='ltr' id='par_1_43' title="bbox 133 4041 1745 4118">
     <span class='ocr_line' id='line_1_43' title="bbox 133 4041 1745 4118; baseline 0.009 -25"><span class='ocrx_word' id='word_1_246' title='bbox 133 4041 238 4095; x_wconf 88' lang='lat' dir='ltr'><strong>tum</strong></span> <span class='ocrx_word' id='word_1_247' title='bbox 295 4045 636 4118; x_wconf 80' lang='lat' dir='ltr'><strong>confugiens</strong></span> <span class='ocrx_word' id='word_1_248' title='bbox 695 4046 822 4116; x_wconf 90' lang='lat' dir='ltr'><strong>ejus</strong></span> <span class='ocrx_word' id='word_1_249' title='bbox 881 4046 1187 4102; x_wconf 89' lang='lat' dir='ltr'><strong>tuitionem</strong></span> <span class='ocrx_word' id='word_1_250' title='bbox 1220 4047 1520 4105; x_wconf 86' lang='lat' dir='ltr'><strong>devotione</strong></span> <span class='ocrx_word' id='word_1_251' title='bbox 1550 4051 1745 4108; x_wconf 89' lang='lat' dir='ltr'><strong>debita</strong></span> 
     </span>
    </p>
   </div>
   <div class='ocr_carea' id='block_1_44' title="bbox 133 4131 1740 4206">
    <p class='ocr_par' dir='ltr' id='par_1_44' title="bbox 133 4131 1740 4206">
     <span class='ocr_line' id='line_1_44' title="bbox 133 4131 1740 4206; baseline 0.009 -24"><span class='ocrx_word' id='word_1_252' title='bbox 133 4131 420 4200; x_wconf 86' lang='lat' dir='ltr'><strong>requisivit,</strong></span> <span class='ocrx_word' id='word_1_253' title='bbox 453 4151 565 4190; x_wconf 90' lang='lat' dir='ltr'><strong>nos</strong></span> <span class='ocrx_word' id='word_1_254' title='bbox 596 4134 1004 4206; x_wconf 86' lang='lat' dir='ltr'><strong>supplicationi</strong></span> <span class='ocrx_word' id='word_1_255' title='bbox 1041 4140 1152 4191; x_wconf 71' lang='lat' dir='ltr'><strong>tuas</strong></span> <span class='ocrx_word' id='word_1_256' title='bbox 1184 4136 1499 4193; x_wconf 88' lang='lat' dir='ltr'><strong>clementer</strong></span> <span class='ocrx_word' id='word_1_257' title='bbox 1526 4142 1740 4195; x_wconf 87' lang='lat' dir='ltr'><strong>annui-</strong></span> 
     </span>
    </p>
   </div>
   <div class='ocr_carea' id='block_1_45' title="bbox 133 4221 1738 4296">
    <p class='ocr_par' dir='ltr' id='par_1_45' title="bbox 133 4221 1738 4296">
     <span class='ocr_line' id='line_1_45' title="bbox 133 4221 1738 4296; baseline 0.009 -26"><span class='ocrx_word' id='word_1_258' title='bbox 133 4225 327 4285; x_wconf 87' lang='lat' dir='ltr'><strong>mus,et</strong></span> <span class='ocrx_word' id='word_1_259' title='bbox 349 4221 502 4278; x_wconf 90' lang='lat' dir='ltr'><strong>Beati</strong></span> <span class='ocrx_word' id='word_1_260' title='bbox 531 4223 748 4278; x_wconf 89' lang='lat' dir='ltr'><strong>Bertini</strong></span> <span class='ocrx_word' id='word_1_261' title='bbox 779 4224 1129 4280; x_wconf 85' lang='lat' dir='ltr'><strong>confessoris</strong></span> <span class='ocrx_word' id='word_1_262' title='bbox 1149 4227 1592 4296; x_wconf 83' lang='lat' dir='ltr'><strong>monasterium,</strong></span> <span class='ocrx_word' id='word_1_263' title='bbox 1626 4228 1738 4295; x_wconf 92' lang='lat' dir='ltr'><strong>cui,</strong></span> 
     </span>
    </p>
   </div>
   <div class='ocr_carea' id='block_1_46' title="bbox 131 4305 1738 4384">
    <p class='ocr_par' dir='ltr' id='par_1_46' title="bbox 131 4305 1738 4384">
     <span class='ocr_line' id='line_1_46' title="bbox 131 4305 1738 4384; baseline 0.009 -27"><span class='ocrx_word' id='word_1_264' title='bbox 131 4305 226 4359; x_wconf 88' lang='lat' dir='ltr'><strong>Deo</strong></span> <span class='ocrx_word' id='word_1_265' title='bbox 251 4313 491 4378; x_wconf 87' lang='lat' dir='ltr'><strong>auctore,</strong></span> <span class='ocrx_word' id='word_1_266' title='bbox 520 4309 818 4382; x_wconf 70' lang='lat' dir='ltr'><strong>praesides,</strong></span> <span class='ocrx_word' id='word_1_267' title='bbox 850 4313 1004 4384; x_wconf 86' lang='lat' dir='ltr'><strong>quod</strong></span> <span class='ocrx_word' id='word_1_268' title='bbox 1027 4313 1291 4369; x_wconf 85' lang='lat' dir='ltr'><strong>videlicet</strong></span> <span class='ocrx_word' id='word_1_269' title='bbox 1320 4317 1738 4372; x_wconf 88' lang='lat' dir='ltr'><strong>monasterium</strong></span> 
     </span>
    </p>
   </div>
   <div class='ocr_carea' id='block_1_47' title="bbox 133 4390 1739 4474">
    <p class='ocr_par' dir='ltr' id='par_1_47' title="bbox 133 4390 1739 4474">
     <span class='ocr_line' id='line_1_47' title="bbox 133 4390 1739 4474; baseline 0.012 -32"><span class='ocrx_word' id='word_1_270' title='bbox 133 4390 264 4448; x_wconf 89' lang='lat' dir='ltr'><strong>idem</strong></span> <span class='ocrx_word' id='word_1_271' title='bbox 283 4395 576 4454; x_wconf 87' lang='lat' dir='ltr'><strong>B.Bertini</strong></span> <span class='ocrx_word' id='word_1_272' title='bbox 601 4399 659 4456; x_wconf 93' lang='lat' dir='ltr'><strong>in</strong></span> <span class='ocrx_word' id='word_1_273' title='bbox 701 4399 978 4456; x_wconf 86' lang='lat' dir='ltr'><strong>honorem</strong></span> <span class='ocrx_word' id='word_1_274' title='bbox 1019 4402 1118 4457; x_wconf 86' lang='lat' dir='ltr'><strong>SS.</strong></span> <span class='ocrx_word' id='word_1_275' title='bbox 1159 4403 1554 4474; x_wconf 82' lang='lat' dir='ltr'><strong>apostolorum</strong></span> <span class='ocrx_word' id='word_1_276' title='bbox 1591 4405 1739 4461; x_wconf 90' lang='lat' dir='ltr'><strong>Petri</strong></span> 
     </span>
    </p>
   </div>
   <div class='ocr_carea' id='block_1_48' title="bbox 1841 500 3481 560">
    <p class='ocr_par' dir='ltr' id='par_1_48' title="bbox 1841 500 3481 560">
     <span class='ocr_line' id='line_1_48' title="bbox 1841 500 3481 560; baseline 0 -2"><span class='ocrx_word' id='word_1_277' title='bbox 1841 507 2072 558; x_wconf 88' lang='lat' dir='ltr'><strong>auctore</strong></span> <span class='ocrx_word' id='word_1_278' title='bbox 2103 501 2216 557; x_wconf 92' lang='lat' dir='ltr'><strong>Deo</strong></span> <span class='ocrx_word' id='word_1_279' title='bbox 2245 500 2616 556; x_wconf 87' lang='lat' dir='ltr'><strong>venalitatem</strong></span> <span class='ocrx_word' id='word_1_280' title='bbox 2674 517 2908 556; x_wconf 88' lang='lat' dir='ltr'><strong>omnem</strong></span> <span class='ocrx_word' id='word_1_281' title='bbox 2944 505 3061 556; x_wconf 90' lang='lat' dir='ltr'><strong>tam</strong></span> <span class='ocrx_word' id='word_1_282' title='bbox 3097 518 3164 558; x_wconf 83' lang='lat' dir='ltr'><strong>ex</strong></span> <span class='ocrx_word' id='word_1_283' title='bbox 3195 503 3481 560; x_wconf 83' lang='lat' dir='ltr'><strong>ministris</strong></span> 
     </span>
    </p>
   </div>
   <div class='ocr_carea' id='block_1_49' title="bbox 1843 589 3486 663">
    <p class='ocr_par' dir='ltr' id='par_1_49' title="bbox 1843 589 3486 663">
     <span class='ocr_line' id='line_1_49' title="bbox 1843 589 3486 663; baseline 0.001 -17"><span class='ocrx_word' id='word_1_284' title='bbox 1843 607 2016 663; x_wconf 89' lang='lat' dir='ltr'><strong>quam</strong></span> <span class='ocrx_word' id='word_1_285' title='bbox 2041 606 2108 646; x_wconf 86' lang='lat' dir='ltr'><strong>ex</strong></span> <span class='ocrx_word' id='word_1_286' title='bbox 2131 590 2301 646; x_wconf 85' lang='lat' dir='ltr'><strong>rebus</strong></span> <span class='ocrx_word' id='word_1_287' title='bbox 2321 589 2732 644; x_wconf 88' lang='lat' dir='ltr'><strong>ecclesiasticis</strong></span> <span class='ocrx_word' id='word_1_288' title='bbox 2763 589 3170 661; x_wconf 87' lang='lat' dir='ltr'><strong>propellentes,</strong></span> <span class='ocrx_word' id='word_1_289' title='bbox 3205 590 3312 646; x_wconf 90' lang='lat' dir='ltr'><strong>hoc</strong></span> <span class='ocrx_word' id='word_1_290' title='bbox 3343 591 3486 647; x_wconf 87' lang='lat' dir='ltr'><strong>ulte-</strong></span> 
     </span>
    </p>
   </div>
   <div class='ocr_carea' id='block_1_50' title="bbox 1843 677 3276 750">
    <p class='ocr_par' dir='ltr' id='par_1_50' title="bbox 1843 677 3276 750">
     <span class='ocr_line' id='line_1_50' title="bbox 1843 677 3276 750; baseline 0 -16"><span class='ocrx_word' id='word_1_291' title='bbox 1843 680 1964 736; x_wconf 90' lang='lat' dir='ltr'><strong>rius</strong></span> <span class='ocrx_word' id='word_1_292' title='bbox 1999 679 2119 734; x_wconf 82' lang='lat' dir='ltr'><strong>ﬁeri</strong></span> <span class='ocrx_word' id='word_1_293' title='bbox 2153 679 2496 734; x_wconf 89' lang='lat' dir='ltr'><strong>auctoritate</strong></span> <span class='ocrx_word' id='word_1_294' title='bbox 2528 677 2844 749; x_wconf 88' lang='lat' dir='ltr'><strong>apostolica</strong></span> <span class='ocrx_word' id='word_1_295' title='bbox 2876 678 3276 750; x_wconf 90' lang='lat' dir='ltr'><strong>prohibemus.</strong></span> 
     </span>
    </p>
   </div>
   <div class='ocr_carea' id='block_1_51' title="bbox 1914 765 3487 839">
    <p class='ocr_par' dir='ltr' id='par_1_51' title="bbox 1914 765 3487 839">
     <span class='ocr_line' id='line_1_51' title="bbox 1914 765 3487 839; baseline 0.001 -15"><span class='ocrx_word' id='word_1_296' title='bbox 1914 769 2088 824; x_wconf 90' lang='lat' dir='ltr'><strong>Porro</strong></span> <span class='ocrx_word' id='word_1_297' title='bbox 2118 785 2477 839; x_wconf 64' lang='lat' dir='ltr'><strong>quiscunque</strong></span> <span class='ocrx_word' id='word_1_298' title='bbox 2535 765 2742 823; x_wconf 88' lang='lat' dir='ltr'><strong>altaria</strong></span> <span class='ocrx_word' id='word_1_299' title='bbox 2801 765 2886 822; x_wconf 93' lang='lat' dir='ltr'><strong>vel</strong></span> <span class='ocrx_word' id='word_1_300' title='bbox 2919 767 3175 824; x_wconf 88' lang='lat' dir='ltr'><strong>decimas</strong></span> <span class='ocrx_word' id='word_1_301' title='bbox 3214 768 3285 824; x_wconf 93' lang='lat' dir='ltr'><strong>ab</strong></span> <span class='ocrx_word' id='word_1_302' title='bbox 3317 769 3487 826; x_wconf 87' lang='lat' dir='ltr'><strong>annis</strong></span> 
     </span>
    </p>
   </div>
   <div class='ocr_carea' id='block_1_52' title="bbox 1843 856 3486 929">
    <p class='ocr_par' dir='ltr' id='par_1_52' title="bbox 1843 856 3486 929">
     <span class='ocr_line' id='line_1_52' title="bbox 1843 856 3486 929; baseline 0.001 -17"><span class='ocrx_word' id='word_1_303' title='bbox 1843 857 2084 929; x_wconf 86' lang='lat' dir='ltr'><strong>triginta</strong></span> <span class='ocrx_word' id='word_1_304' title='bbox 2113 861 2169 911; x_wconf 91' lang='lat' dir='ltr'><strong>et</strong></span> <span class='ocrx_word' id='word_1_305' title='bbox 2200 873 2379 928; x_wconf 83' lang='lat' dir='ltr'><strong>supra</strong></span> <span class='ocrx_word' id='word_1_306' title='bbox 2409 856 2519 912; x_wconf 90' lang='lat' dir='ltr'><strong>sub</strong></span> <span class='ocrx_word' id='word_1_307' title='bbox 2550 856 2888 925; x_wconf 88' lang='lat' dir='ltr'><strong>hujusmodi</strong></span> <span class='ocrx_word' id='word_1_308' title='bbox 2941 857 3336 929; x_wconf 87' lang='lat' dir='ltr'><strong>redemptione</strong></span> <span class='ocrx_word' id='word_1_309' title='bbox 3365 875 3486 913; x_wconf 88' lang='lat' dir='ltr'><strong>mo-</strong></span> 
     </span>
    </p>
   </div>
   <div class='ocr_carea' id='block_1_53' title="bbox 1845 945 3490 1018">
    <p class='ocr_par' dir='ltr' id='par_1_53' title="bbox 1845 945 3490 1018">
     <span class='ocr_line' id='line_1_53' title="bbox 1845 945 3490 1018; baseline 0.002 -17"><span class='ocrx_word' id='word_1_310' title='bbox 1845 945 2164 1001; x_wconf 88' lang='lat' dir='ltr'><strong>nasterium</strong></span> <span class='ocrx_word' id='word_1_311' title='bbox 2199 950 2457 1000; x_wconf 86' lang='lat' dir='ltr'><strong>vestrum</strong></span> <span class='ocrx_word' id='word_1_312' title='bbox 2491 945 2822 1015; x_wconf 82' lang='lat' dir='ltr'><strong>possedisse</strong></span> <span class='ocrx_word' id='word_1_313' title='bbox 2869 948 3260 1018; x_wconf 84' lang='lat' dir='ltr'><strong>cognoscitur,</strong></span> <span class='ocrx_word' id='word_1_314' title='bbox 3295 947 3490 1018; x_wconf 88' lang='lat' dir='ltr'><strong>quiete</strong></span> 
     </span>
    </p>
   </div>
   <div class='ocr_carea' id='block_1_54' title="bbox 1844 1032 3489 1107">
    <p class='ocr_par' dir='ltr' id='par_1_54' title="bbox 1844 1032 3489 1107">
     <span class='ocr_line' id='line_1_54' title="bbox 1844 1032 3489 1107; baseline 0.001 -19"><span class='ocrx_word' id='word_1_315' title='bbox 1844 1034 2117 1105; x_wconf 91' lang='lat' dir='ltr'><strong>deinceps</strong></span> <span class='ocrx_word' id='word_1_316' title='bbox 2149 1038 2206 1088; x_wconf 91' lang='lat' dir='ltr'><strong>et</strong></span> <span class='ocrx_word' id='word_1_317' title='bbox 2237 1032 2362 1088; x_wconf 88' lang='lat' dir='ltr'><strong>sine</strong></span> <span class='ocrx_word' id='word_1_318' title='bbox 2397 1033 2666 1088; x_wconf 87' lang='lat' dir='ltr'><strong>molestia</strong></span> <span class='ocrx_word' id='word_1_319' title='bbox 2695 1033 2956 1104; x_wconf 90' lang='lat' dir='ltr'><strong>qualibet</strong></span> <span class='ocrx_word' id='word_1_320' title='bbox 2977 1035 3140 1090; x_wconf 91' lang='lat' dir='ltr'><strong>vobis</strong></span> <span class='ocrx_word' id='word_1_321' title='bbox 3160 1036 3489 1107; x_wconf 87' lang='lat' dir='ltr'><strong>vestrisque</strong></span> 
     </span>
    </p>
   </div>
   <div class='ocr_carea' id='block_1_55' title="bbox 1845 1121 3489 1196">
    <p class='ocr_par' dir='ltr' id='par_1_55' title="bbox 1845 1121 3489 1196">
     <span class='ocr_line' id='line_1_55' title="bbox 1845 1121 3489 1196; baseline 0.001 -18"><span class='ocrx_word' id='word_1_322' title='bbox 1845 1122 2284 1178; x_wconf 90' lang='lat' dir='ltr'><strong>successoribus</strong></span> <span class='ocrx_word' id='word_1_323' title='bbox 2316 1121 2669 1193; x_wconf 89' lang='lat' dir='ltr'><strong>possidenda</strong></span> <span class='ocrx_word' id='word_1_324' title='bbox 2701 1124 3043 1188; x_wconf 81' lang='lat' dir='ltr'><strong>firmamus;</strong></span> <span class='ocrx_word' id='word_1_325' title='bbox 3080 1123 3238 1178; x_wconf 91' lang='lat' dir='ltr'><strong>salvo</strong></span> <span class='ocrx_word' id='word_1_326' title='bbox 3286 1125 3489 1196; x_wconf 82' lang='lat' dir='ltr'><strong>utique</strong></span> 
     </span>
    </p>
   </div>
   <div class='ocr_carea' id='block_1_56' title="bbox 1844 1211 3489 1282">
    <p class='ocr_par' dir='ltr' id='par_1_56' title="bbox 1844 1211 3489 1282">
     <span class='ocr_line' id='line_1_56' title="bbox 1844 1211 3489 1282; baseline 0.001 -14"><span class='ocrx_word' id='word_1_327' title='bbox 1844 1211 2252 1282; x_wconf 90' lang='lat' dir='ltr'><strong>episcoporum</strong></span> <span class='ocrx_word' id='word_1_328' title='bbox 2283 1227 2460 1265; x_wconf 92' lang='lat' dir='ltr'><strong>censu</strong></span> <span class='ocrx_word' id='word_1_329' title='bbox 2493 1227 2645 1265; x_wconf 89' lang='lat' dir='ltr'><strong>anno</strong></span> <span class='ocrx_word' id='word_1_330' title='bbox 2697 1226 2872 1281; x_wconf 90' lang='lat' dir='ltr'><strong>quem</strong></span> <span class='ocrx_word' id='word_1_331' title='bbox 2931 1227 2998 1265; x_wconf 88' lang='lat' dir='ltr'><strong>ex</strong></span> <span class='ocrx_word' id='word_1_332' title='bbox 3057 1211 3147 1267; x_wconf 89' lang='lat' dir='ltr'><strong>his</strong></span> <span class='ocrx_word' id='word_1_333' title='bbox 3205 1212 3489 1268; x_wconf 86' lang='lat' dir='ltr'><strong>hactenus</strong></span> 
     </span>
    </p>
   </div>
   <div class='ocr_carea' id='block_1_57' title="bbox 1845 1297 3488 1356">
    <p class='ocr_par' dir='ltr' id='par_1_57' title="bbox 1845 1297 3488 1356">
     <span class='ocr_line' id='line_1_57' title="bbox 1845 1297 3488 1356; baseline 0.001 -2"><span class='ocrx_word' id='word_1_334' title='bbox 1845 1299 2196 1354; x_wconf 89' lang='lat' dir='ltr'><strong>habuerunt.</strong></span> <span class='ocrx_word' id='word_1_335' title='bbox 2248 1297 2562 1353; x_wconf 75' lang='lat' dir='ltr'><strong>Ecclesium</strong></span> <span class='ocrx_word' id='word_1_336' title='bbox 2614 1298 2882 1353; x_wconf 84' lang='lat' dir='ltr'><strong>videlicet</strong></span> <span class='ocrx_word' id='word_1_337' title='bbox 2938 1300 3007 1353; x_wconf 91' lang='lat' dir='ltr'><strong>de</strong></span> <span class='ocrx_word' id='word_1_338' title='bbox 3068 1300 3382 1356; x_wconf 87' lang='lat' dir='ltr'><strong>Stenkerca</strong></span> <span class='ocrx_word' id='word_1_339' title='bbox 3430 1302 3488 1356; x_wconf 92' lang='lat' dir='ltr'><strong>in</strong></span> 
     </span>
    </p>
   </div>
   <div class='ocr_carea' id='block_1_58' title="bbox 1846 1386 3492 1461">
    <p class='ocr_par' dir='ltr' id='par_1_58' title="bbox 1846 1386 3492 1461">
     <span class='ocr_line' id='line_1_58' title="bbox 1846 1386 3492 1461; baseline 0.001 -18"><span class='ocrx_word' id='word_1_340' title='bbox 1846 1387 2206 1443; x_wconf 89' lang='lat' dir='ltr'><strong>Taruanensi</strong></span> <span class='ocrx_word' id='word_1_341' title='bbox 2231 1386 2527 1458; x_wconf 89' lang='lat' dir='ltr'><strong>parochia,</strong></span> <span class='ocrx_word' id='word_1_342' title='bbox 2552 1387 2856 1442; x_wconf 88' lang='lat' dir='ltr'><strong>ecclesiam</strong></span> <span class='ocrx_word' id='word_1_343' title='bbox 2881 1388 2950 1442; x_wconf 90' lang='lat' dir='ltr'><strong>de</strong></span> <span class='ocrx_word' id='word_1_344' title='bbox 2974 1388 3296 1461; x_wconf 88' lang='lat' dir='ltr'><strong>Gueninga,</strong></span> <span class='ocrx_word' id='word_1_345' title='bbox 3315 1389 3492 1445; x_wconf 90' lang='lat' dir='ltr'><strong>eccle-</strong></span> 
     </span>
    </p>
   </div>
   <div class='ocr_carea' id='block_1_59' title="bbox 1846 1475 3488 1548">
    <p class='ocr_par' dir='ltr' id='par_1_59' title="bbox 1846 1475 3488 1548">
     <span class='ocr_line' id='line_1_59' title="bbox 1846 1475 3488 1548; baseline 0.002 -17"><span class='ocrx_word' id='word_1_346' title='bbox 1846 1477 1994 1532; x_wconf 90' lang='lat' dir='ltr'><strong>siam</strong></span> <span class='ocrx_word' id='word_1_347' title='bbox 2049 1477 2119 1531; x_wconf 92' lang='lat' dir='ltr'><strong>de</strong></span> <span class='ocrx_word' id='word_1_348' title='bbox 2170 1475 2471 1548; x_wconf 86' lang='lat' dir='ltr'><strong>Brogurgh</strong></span> <span class='ocrx_word' id='word_1_349' title='bbox 2529 1492 2662 1530; x_wconf 92' lang='lat' dir='ltr'><strong>cum</strong></span> <span class='ocrx_word' id='word_1_350' title='bbox 2721 1476 2958 1547; x_wconf 87' lang='lat' dir='ltr'><strong>capellis</strong></span> <span class='ocrx_word' id='word_1_351' title='bbox 2999 1477 3144 1543; x_wconf 91' lang='lat' dir='ltr'><strong>suis,</strong></span> <span class='ocrx_word' id='word_1_352' title='bbox 3186 1478 3488 1534; x_wconf 82' lang='lat' dir='ltr'><strong>ecclesiam</strong></span> 
     </span>
    </p>
   </div>
   <div class='ocr_carea' id='block_1_60' title="bbox 1845 1565 3490 1636">
    <p class='ocr_par' dir='ltr' id='par_1_60' title="bbox 1845 1565 3490 1636">
     <span class='ocr_line' id='line_1_60' title="bbox 1845 1565 3490 1636; baseline 0.001 -16"><span class='ocrx_word' id='word_1_353' title='bbox 1845 1569 2066 1620; x_wconf 63' lang='lat' dir='ltr'><strong>Sanctae</strong></span> <span class='ocrx_word' id='word_1_354' title='bbox 2096 1566 2454 1636; x_wconf 68' lang='lat' dir='ltr'><strong>Margaretaa,</strong></span> <span class='ocrx_word' id='word_1_355' title='bbox 2479 1565 2673 1619; x_wconf 88' lang='lat' dir='ltr'><strong>Sancti</strong></span> <span class='ocrx_word' id='word_1_356' title='bbox 2707 1565 2969 1630; x_wconf 85' lang='lat' dir='ltr'><strong>Joannis,</strong></span> <span class='ocrx_word' id='word_1_357' title='bbox 2997 1565 3192 1620; x_wconf 88' lang='lat' dir='ltr'><strong>Sancti</strong></span> <span class='ocrx_word' id='word_1_358' title='bbox 3235 1567 3490 1634; x_wconf 85' lang='lat' dir='ltr'><strong>Martini,</strong></span> 
     </span>
    </p>
   </div>
   <div class='ocr_carea' id='block_1_61' title="bbox 1847 1653 3492 1725">
    <p class='ocr_par' dir='ltr' id='par_1_61' title="bbox 1847 1653 3492 1725">
     <span class='ocr_line' id='line_1_61' title="bbox 1847 1653 3492 1725; baseline 0.003 -17"><span class='ocrx_word' id='word_1_359' title='bbox 1847 1653 2154 1708; x_wconf 89' lang='lat' dir='ltr'><strong>ecclesiam</strong></span> <span class='ocrx_word' id='word_1_360' title='bbox 2179 1653 2248 1708; x_wconf 91' lang='lat' dir='ltr'><strong>de</strong></span> <span class='ocrx_word' id='word_1_361' title='bbox 2273 1654 2622 1719; x_wconf 85' lang='lat' dir='ltr'><strong>Pitarnassc,</strong></span> <span class='ocrx_word' id='word_1_362' title='bbox 2647 1654 2716 1707; x_wconf 89' lang='lat' dir='ltr'><strong>de</strong></span> <span class='ocrx_word' id='word_1_363' title='bbox 2745 1654 3136 1725; x_wconf 83' lang='lat' dir='ltr'><strong>Longanessa,</strong></span> <span class='ocrx_word' id='word_1_364' title='bbox 3159 1655 3232 1710; x_wconf 92' lang='lat' dir='ltr'><strong>de</strong></span> <span class='ocrx_word' id='word_1_365' title='bbox 3259 1656 3492 1725; x_wconf 90' lang='lat' dir='ltr'><strong>Gisnes,</strong></span> 
     </span>
    </p>
   </div>
   <div class='ocr_carea' id='block_1_62' title="bbox 1849 1740 3494 1814">
    <p class='ocr_par' dir='ltr' id='par_1_62' title="bbox 1849 1740 3494 1814">
     <span class='ocr_line' id='line_1_62' title="bbox 1849 1740 3494 1814; baseline 0.004 -19"><span class='ocrx_word' id='word_1_366' title='bbox 1849 1742 1918 1796; x_wconf 92' lang='lat' dir='ltr'><strong>de</strong></span> <span class='ocrx_word' id='word_1_367' title='bbox 1975 1741 2432 1814; x_wconf 88' lang='lat' dir='ltr'><strong>Poparingehem</strong></span> <span class='ocrx_word' id='word_1_368' title='bbox 2492 1758 2624 1796; x_wconf 88' lang='lat' dir='ltr'><strong>cum</strong></span> <span class='ocrx_word' id='word_1_369' title='bbox 2683 1740 2812 1811; x_wconf 87' lang='lat' dir='ltr'><strong>ipsa</strong></span> <span class='ocrx_word' id='word_1_370' title='bbox 2857 1741 3012 1811; x_wconf 84' lang='lat' dir='ltr'><strong>villa,</strong></span> <span class='ocrx_word' id='word_1_371' title='bbox 3066 1743 3138 1798; x_wconf 88' lang='lat' dir='ltr'><strong>de</strong></span> <span class='ocrx_word' id='word_1_372' title='bbox 3189 1745 3389 1814; x_wconf 85' lang='lat' dir='ltr'><strong>Arcas,</strong></span> <span class='ocrx_word' id='word_1_373' title='bbox 3424 1747 3494 1802; x_wconf 91' lang='lat' dir='ltr'><strong>de</strong></span> 
     </span>
    </p>
   </div>
   <div class='ocr_carea' id='block_1_63' title="bbox 1846 1829 3494 1903">
    <p class='ocr_par' dir='ltr' id='par_1_63' title="bbox 1846 1829 3494 1903">
     <span class='ocr_line' id='line_1_63' title="bbox 1846 1829 3494 1903; baseline 0.003 -19"><span class='ocrx_word' id='word_1_374' title='bbox 1846 1829 2098 1896; x_wconf 84' lang='lat' dir='ltr'><strong>Arbella,</strong></span> <span class='ocrx_word' id='word_1_375' title='bbox 2147 1832 2219 1884; x_wconf 90' lang='lat' dir='ltr'><strong>de</strong></span> <span class='ocrx_word' id='word_1_376' title='bbox 2277 1829 2466 1897; x_wconf 86' lang='lat' dir='ltr'><strong>Coiea,</strong></span> <span class='ocrx_word' id='word_1_377' title='bbox 2519 1831 2588 1884; x_wconf 85' lang='lat' dir='ltr'><strong>de</strong></span> <span class='ocrx_word' id='word_1_378' title='bbox 2651 1831 2869 1898; x_wconf 85' lang='lat' dir='ltr'><strong>l-lelein,</strong></span> <span class='ocrx_word' id='word_1_379' title='bbox 2930 1831 3001 1886; x_wconf 91' lang='lat' dir='ltr'><strong>de</strong></span> <span class='ocrx_word' id='word_1_380' title='bbox 3049 1832 3365 1903; x_wconf 89' lang='lat' dir='ltr'><strong>Gueserna,</strong></span> <span class='ocrx_word' id='word_1_381' title='bbox 3423 1835 3494 1889; x_wconf 88' lang='lat' dir='ltr'><strong>de</strong></span> 
     </span>
    </p>
   </div>
   <div class='ocr_carea' id='block_1_64' title="bbox 1845 1918 3493 1992">
    <p class='ocr_par' dir='ltr' id='par_1_64' title="bbox 1845 1918 3493 1992">
     <span class='ocr_line' id='line_1_64' title="bbox 1845 1918 3493 1992; baseline 0.003 -18"><span class='ocrx_word' id='word_1_382' title='bbox 1845 1919 2096 1989; x_wconf 87' lang='lat' dir='ltr'><strong>Aquina,</strong></span> <span class='ocrx_word' id='word_1_383' title='bbox 2132 1920 2201 1974; x_wconf 91' lang='lat' dir='ltr'><strong>de</strong></span> <span class='ocrx_word' id='word_1_384' title='bbox 2233 1918 2576 1986; x_wconf 85' lang='lat' dir='ltr'><strong>Bofrichem,</strong></span> <span class='ocrx_word' id='word_1_385' title='bbox 2611 1920 2681 1973; x_wconf 93' lang='lat' dir='ltr'><strong>de</strong></span> <span class='ocrx_word' id='word_1_386' title='bbox 2719 1920 2949 1990; x_wconf 85' lang='lat' dir='ltr'><strong>Scasas,</strong></span> <span class='ocrx_word' id='word_1_387' title='bbox 2982 1920 3054 1975; x_wconf 93' lang='lat' dir='ltr'><strong>de</strong></span> <span class='ocrx_word' id='word_1_388' title='bbox 3084 1920 3330 1992; x_wconf 87' lang='lat' dir='ltr'><strong>Hunela,</strong></span> <span class='ocrx_word' id='word_1_389' title='bbox 3358 1940 3493 1979; x_wconf 91' lang='lat' dir='ltr'><strong>cum</strong></span> 
     </span>
    </p>
   </div>
   <div class='ocr_carea' id='block_1_65' title="bbox 1849 2007 3494 2077">
    <p class='ocr_par' dir='ltr' id='par_1_65' title="bbox 1849 2007 3494 2077">
     <span class='ocr_line' id='line_1_65' title="bbox 1849 2007 3494 2077; baseline 0.002 -12"><span class='ocrx_word' id='word_1_390' title='bbox 1849 2010 2001 2065; x_wconf 88' lang='lat' dir='ltr'><strong>villis</strong></span> <span class='ocrx_word' id='word_1_391' title='bbox 2033 2026 2258 2077; x_wconf 90' lang='lat' dir='ltr'><strong>earum,</strong></span> <span class='ocrx_word' id='word_1_392' title='bbox 2292 2007 2593 2063; x_wconf 90' lang='lat' dir='ltr'><strong>ecclesiam</strong></span> <span class='ocrx_word' id='word_1_393' title='bbox 2630 2009 2700 2062; x_wconf 91' lang='lat' dir='ltr'><strong>de</strong></span> <span class='ocrx_word' id='word_1_394' title='bbox 2731 2009 3254 2066; x_wconf 85' lang='lat' dir='ltr'><strong>&#39;l‘urboteshem.ln</strong></span> <span class='ocrx_word' id='word_1_395' title='bbox 3284 2011 3494 2068; x_wconf 86' lang='lat' dir='ltr'><strong>Novio-</strong></span> 
     </span>
    </p>
   </div>
   <div class='ocr_carea' id='block_1_66' title="bbox 1850 2096 3493 2170">
    <p class='ocr_par' dir='ltr' id='par_1_66' title="bbox 1850 2096 3493 2170">
     <span class='ocr_line' id='line_1_66' title="bbox 1850 2096 3493 2170; baseline 0.004 -18"><span class='ocrx_word' id='word_1_396' title='bbox 1850 2098 2036 2153; x_wconf 90' lang='lat' dir='ltr'><strong>mensi</strong></span> <span class='ocrx_word' id='word_1_397' title='bbox 2069 2096 2343 2170; x_wconf 88' lang='lat' dir='ltr'><strong>parochia</strong></span> <span class='ocrx_word' id='word_1_398' title='bbox 2373 2096 2678 2151; x_wconf 88' lang='lat' dir='ltr'><strong>ecclesiam</strong></span> <span class='ocrx_word' id='word_1_399' title='bbox 2708 2098 2777 2151; x_wconf 93' lang='lat' dir='ltr'><strong>de</strong></span> <span class='ocrx_word' id='word_1_400' title='bbox 2809 2097 3110 2166; x_wconf 85' lang='lat' dir='ltr'><strong>Calmunt;</strong></span> <span class='ocrx_word' id='word_1_401' title='bbox 3144 2099 3200 2153; x_wconf 91' lang='lat' dir='ltr'><strong>in</strong></span> <span class='ocrx_word' id='word_1_402' title='bbox 3255 2101 3493 2158; x_wconf 88' lang='lat' dir='ltr'><strong>Torma-</strong></span> 
     </span>
    </p>
   </div>
   <div class='ocr_carea' id='block_1_67' title="bbox 1850 2184 3493 2261">
    <p class='ocr_par' dir='ltr' id='par_1_67' title="bbox 1850 2184 3493 2261">
     <span class='ocr_line' id='line_1_67' title="bbox 1850 2184 3493 2261; baseline 0.003 -19"><span class='ocrx_word' id='word_1_403' title='bbox 1850 2186 2004 2242; x_wconf 92' lang='lat' dir='ltr'><strong>censi</strong></span> <span class='ocrx_word' id='word_1_404' title='bbox 2059 2184 2366 2240; x_wconf 89' lang='lat' dir='ltr'><strong>ecclesiam</strong></span> <span class='ocrx_word' id='word_1_405' title='bbox 2413 2186 2483 2240; x_wconf 93' lang='lat' dir='ltr'><strong>de</strong></span> <span class='ocrx_word' id='word_1_406' title='bbox 2516 2184 2873 2252; x_wconf 86' lang='lat' dir='ltr'><strong>Rukeshem,</strong></span> <span class='ocrx_word' id='word_1_407' title='bbox 2936 2186 3006 2240; x_wconf 91' lang='lat' dir='ltr'><strong>de</strong></span> <span class='ocrx_word' id='word_1_408' title='bbox 3062 2187 3493 2261; x_wconf 86' lang='lat' dir='ltr'><strong>Hetlingehem,</strong></span> 
     </span>
    </p>
   </div>
   <div class='ocr_carea' id='block_1_68' title="bbox 1851 2272 3492 2338">
    <p class='ocr_par' dir='ltr' id='par_1_68' title="bbox 1851 2272 3492 2338">
     <span class='ocr_line' id='line_1_68' title="bbox 1851 2272 3492 2338; baseline 0.004 -9"><span class='ocrx_word' id='word_1_409' title='bbox 1851 2275 1922 2329; x_wconf 91' lang='lat' dir='ltr'><strong>de</strong></span> <span class='ocrx_word' id='word_1_410' title='bbox 1977 2272 2433 2338; x_wconf 87' lang='lat' dir='ltr'><strong>Huminkehem,</strong></span> <span class='ocrx_word' id='word_1_411' title='bbox 2477 2273 2546 2327; x_wconf 89' lang='lat' dir='ltr'><strong>de</strong></span> <span class='ocrx_word' id='word_1_412' title='bbox 2603 2273 2990 2328; x_wconf 83' lang='lat' dir='ltr'><strong>Gueskercke.</strong></span> <span class='ocrx_word' id='word_1_413' title='bbox 3045 2279 3108 2329; x_wconf 90' lang='lat' dir='ltr'><strong>In</strong></span> <span class='ocrx_word' id='word_1_414' title='bbox 3167 2275 3492 2336; x_wconf 86' lang='lat' dir='ltr'><strong>Coloniensi</strong></span> 
     </span>
    </p>
   </div>
   <div class='ocr_carea' id='block_1_69' title="bbox 1851 2360 3493 2437">
    <p class='ocr_par' dir='ltr' id='par_1_69' title="bbox 1851 2360 3493 2437">
     <span class='ocr_line' id='line_1_69' title="bbox 1851 2360 3493 2437; baseline 0.004 -20"><span class='ocrx_word' id='word_1_415' title='bbox 1851 2361 2127 2435; x_wconf 90' lang='lat' dir='ltr'><strong>parochia</strong></span> <span class='ocrx_word' id='word_1_416' title='bbox 2143 2360 2446 2416; x_wconf 90' lang='lat' dir='ltr'><strong>ecclesiam</strong></span> <span class='ocrx_word' id='word_1_417' title='bbox 2479 2361 2549 2415; x_wconf 93' lang='lat' dir='ltr'><strong>de</strong></span> <span class='ocrx_word' id='word_1_418' title='bbox 2579 2360 2856 2428; x_wconf 86' lang='lat' dir='ltr'><strong>Frekena,</strong></span> <span class='ocrx_word' id='word_1_419' title='bbox 2885 2361 2955 2416; x_wconf 90' lang='lat' dir='ltr'><strong>de</strong></span> <span class='ocrx_word' id='word_1_420' title='bbox 2987 2361 3392 2437; x_wconf 88' lang='lat' dir='ltr'><strong>Guildesdorp.</strong></span> <span class='ocrx_word' id='word_1_421' title='bbox 3430 2370 3493 2424; x_wconf 86' lang='lat' dir='ltr'><strong>In</strong></span> 
     </span>
    </p>
   </div>
   <div class='ocr_carea' id='block_1_70' title="bbox 1851 2448 3494 2519">
    <p class='ocr_par' dir='ltr' id='par_1_70' title="bbox 1851 2448 3494 2519">
     <span class='ocr_line' id='line_1_70' title="bbox 1851 2448 3494 2519; baseline 0.002 -12"><span class='ocrx_word' id='word_1_422' title='bbox 1851 2449 2180 2507; x_wconf 89' lang='lat' dir='ltr'><strong>Belvacensi</strong></span> <span class='ocrx_word' id='word_1_423' title='bbox 2211 2454 2424 2505; x_wconf 89' lang='lat' dir='ltr'><strong>terram</strong></span> <span class='ocrx_word' id='word_1_424' title='bbox 2467 2448 2747 2504; x_wconf 88' lang='lat' dir='ltr'><strong>Huboisin</strong></span> <span class='ocrx_word' id='word_1_425' title='bbox 2781 2449 3018 2519; x_wconf 89' lang='lat' dir='ltr'><strong>dictam,</strong></span> <span class='ocrx_word' id='word_1_426' title='bbox 3053 2468 3187 2507; x_wconf 93' lang='lat' dir='ltr'><strong>cum</strong></span> <span class='ocrx_word' id='word_1_427' title='bbox 3218 2455 3494 2512; x_wconf 90' lang='lat' dir='ltr'><strong>omnibus</strong></span> 
     </span>
    </p>
   </div>
   <div class='ocr_carea' id='block_1_71' title="bbox 1851 2538 3242 2614">
    <p class='ocr_par' dir='ltr' id='par_1_71' title="bbox 1851 2538 3242 2614">
     <span class='ocr_line' id='line_1_71' title="bbox 1851 2538 3242 2614; baseline 0.001 -19"><span class='ocrx_word' id='word_1_428' title='bbox 1851 2540 2220 2614; x_wconf 81' lang='lat' dir='ltr'><strong>pertinentiis</strong></span> <span class='ocrx_word' id='word_1_429' title='bbox 2251 2554 2474 2605; x_wconf 90' lang='lat' dir='ltr'><strong>earum,</strong></span> <span class='ocrx_word' id='word_1_430' title='bbox 2498 2555 2600 2592; x_wconf 89' lang='lat' dir='ltr'><strong>seu</strong></span> <span class='ocrx_word' id='word_1_431' title='bbox 2627 2538 2989 2609; x_wconf 89' lang='lat' dir='ltr'><strong>appendiciis</strong></span> <span class='ocrx_word' id='word_1_432' title='bbox 3019 2556 3242 2596; x_wconf 90' lang='lat' dir='ltr'><strong>earum.</strong></span> 
     </span>
    </p>
   </div>
   <div class='ocr_carea' id='block_1_72' title="bbox 1923 2624 3490 2697">
    <p class='ocr_par' dir='ltr' id='par_1_72' title="bbox 1923 2624 3490 2697">
     <span class='ocr_line' id='line_1_72' title="bbox 1923 2624 3490 2697; baseline 0.003 -13"><span class='ocrx_word' id='word_1_433' title='bbox 1923 2628 2302 2684; x_wconf 90' lang='lat' dir='ltr'><strong>Decernimus</strong></span> <span class='ocrx_word' id='word_1_434' title='bbox 2351 2627 2548 2697; x_wconf 90' lang='lat' dir='ltr'><strong>itaque</strong></span> <span class='ocrx_word' id='word_1_435' title='bbox 2580 2630 2643 2681; x_wconf 91' lang='lat' dir='ltr'><strong>ut</strong></span> <span class='ocrx_word' id='word_1_436' title='bbox 2690 2624 2833 2681; x_wconf 91' lang='lat' dir='ltr'><strong>nulli</strong></span> <span class='ocrx_word' id='word_1_437' title='bbox 2887 2628 3126 2684; x_wconf 90' lang='lat' dir='ltr'><strong>omnino</strong></span> <span class='ocrx_word' id='word_1_438' title='bbox 3183 2629 3490 2689; x_wconf 89' lang='lat' dir='ltr'><strong>hominum</strong></span> 
     </span>
    </p>
   </div>
   <div class='ocr_carea' id='block_1_73' title="bbox 1852 2715 3494 2788">
    <p class='ocr_par' dir='ltr' id='par_1_73' title="bbox 1852 2715 3494 2788">
     <span class='ocr_line' id='line_1_73' title="bbox 1852 2715 3494 2788; baseline 0.002 -14"><span class='ocrx_word' id='word_1_439' title='bbox 1852 2718 2025 2774; x_wconf 86' lang='lat' dir='ltr'><strong>liceat</strong></span> <span class='ocrx_word' id='word_1_440' title='bbox 2079 2721 2336 2772; x_wconf 88' lang='lat' dir='ltr'><strong>vestrum</strong></span> <span class='ocrx_word' id='word_1_441' title='bbox 2397 2715 2725 2771; x_wconf 73' lang='lat' dir='ltr'><strong>cmnobium</strong></span> <span class='ocrx_word' id='word_1_442' title='bbox 2759 2718 2976 2771; x_wconf 88' lang='lat' dir='ltr'><strong>temere</strong></span> <span class='ocrx_word' id='word_1_443' title='bbox 3001 2719 3343 2788; x_wconf 88' lang='lat' dir='ltr'><strong>perturbare</strong></span> <span class='ocrx_word' id='word_1_444' title='bbox 3392 2726 3494 2779; x_wconf 88' lang='lat' dir='ltr'><strong>aut</strong></span> 
     </span>
    </p>
   </div>
   <div class='ocr_carea' id='block_1_74' title="bbox 1853 2803 3492 2879">
    <p class='ocr_par' dir='ltr' id='par_1_74' title="bbox 1853 2803 3492 2879">
     <span class='ocr_line' id='line_1_74' title="bbox 1853 2803 3492 2879; baseline 0.003 -18"><span class='ocrx_word' id='word_1_445' title='bbox 1853 2809 1980 2878; x_wconf 88' lang='lat' dir='ltr'><strong>ejus</strong></span> <span class='ocrx_word' id='word_1_446' title='bbox 2028 2805 2428 2877; x_wconf 88' lang='lat' dir='ltr'><strong>possessiones</strong></span> <span class='ocrx_word' id='word_1_447' title='bbox 2504 2803 2730 2859; x_wconf 88' lang='lat' dir='ltr'><strong>auferre</strong></span> <span class='ocrx_word' id='word_1_448' title='bbox 2797 2803 2882 2858; x_wconf 90' lang='lat' dir='ltr'><strong>vel</strong></span> <span class='ocrx_word' id='word_1_449' title='bbox 2929 2805 3155 2862; x_wconf 86' lang='lat' dir='ltr'><strong>ablatas</strong></span> <span class='ocrx_word' id='word_1_450' title='bbox 3221 2809 3492 2879; x_wconf 88' lang='lat' dir='ltr'><strong>retinere,</strong></span> 
     </span>
    </p>
   </div>
   <div class='ocr_carea' id='block_1_75' title="bbox 1852 2892 3496 2966">
    <p class='ocr_par' dir='ltr' id='par_1_75' title="bbox 1852 2892 3496 2966">
     <span class='ocr_line' id='line_1_75' title="bbox 1852 2892 3496 2966; baseline 0.002 -15"><span class='ocrx_word' id='word_1_451' title='bbox 1852 2895 1939 2951; x_wconf 90' lang='lat' dir='ltr'><strong>vel</strong></span> <span class='ocrx_word' id='word_1_452' title='bbox 1999 2893 2324 2950; x_wconf 89' lang='lat' dir='ltr'><strong>temerariis</strong></span> <span class='ocrx_word' id='word_1_453' title='bbox 2381 2892 2782 2949; x_wconf 85' lang='lat' dir='ltr'><strong>vexationibus</strong></span> <span class='ocrx_word' id='word_1_454' title='bbox 2840 2893 3106 2966; x_wconf 89' lang='lat' dir='ltr'><strong>fatigare,</strong></span> <span class='ocrx_word' id='word_1_455' title='bbox 3139 2899 3240 2952; x_wconf 90' lang='lat' dir='ltr'><strong>sed</strong></span> <span class='ocrx_word' id='word_1_456' title='bbox 3297 2902 3496 2956; x_wconf 90' lang='lat' dir='ltr'><strong>omnia</strong></span> 
     </span>
    </p>
   </div>
   <div class='ocr_carea' id='block_1_76' title="bbox 1855 2986 3494 3055">
    <p class='ocr_par' dir='ltr' id='par_1_76' title="bbox 1855 2986 3494 3055">
     <span class='ocr_line' id='line_1_76' title="bbox 1855 2986 3494 3055; baseline 0.002 -15"><span class='ocrx_word' id='word_1_457' title='bbox 1855 2986 2084 3055; x_wconf 85' lang='lat' dir='ltr'><strong>integra</strong></span> <span class='ocrx_word' id='word_1_458' title='bbox 2112 2987 2758 3050; x_wconf 90' lang='lat' dir='ltr'><strong>conserventur,eorum</strong></span> <span class='ocrx_word' id='word_1_459' title='bbox 2781 2999 2885 3054; x_wconf 92' lang='lat' dir='ltr'><strong>pro</strong></span> <span class='ocrx_word' id='word_1_460' title='bbox 2907 2999 3158 3054; x_wconf 91' lang='lat' dir='ltr'><strong>quorum</strong></span> <span class='ocrx_word' id='word_1_461' title='bbox 3203 2991 3494 3044; x_wconf 89' lang='lat' dir='ltr'><strong>sustenta-</strong></span> 
     </span>
    </p>
   </div>
   <div class='ocr_carea' id='block_1_77' title="bbox 1854 3071 3495 3144">
    <p class='ocr_par' dir='ltr' id='par_1_77' title="bbox 1854 3071 3495 3144">
     <span class='ocr_line' id='line_1_77' title="bbox 1854 3071 3495 3144; baseline 0.002 -15"><span class='ocrx_word' id='word_1_462' title='bbox 1854 3074 2011 3129; x_wconf 90' lang='lat' dir='ltr'><strong>tione</strong></span> <span class='ocrx_word' id='word_1_463' title='bbox 2045 3089 2111 3127; x_wconf 89' lang='lat' dir='ltr'><strong>ac</strong></span> <span class='ocrx_word' id='word_1_464' title='bbox 2137 3071 2560 3144; x_wconf 88' lang='lat' dir='ltr'><strong>gubernatione</strong></span> <span class='ocrx_word' id='word_1_465' title='bbox 2592 3088 2870 3126; x_wconf 88' lang='lat' dir='ltr'><strong>concessa</strong></span> <span class='ocrx_word' id='word_1_466' title='bbox 2900 3077 3038 3127; x_wconf 89' lang='lat' dir='ltr'><strong>sunt</strong></span> <span class='ocrx_word' id='word_1_467' title='bbox 3071 3074 3275 3130; x_wconf 90' lang='lat' dir='ltr'><strong>usibus</strong></span> <span class='ocrx_word' id='word_1_468' title='bbox 3306 3080 3495 3133; x_wconf 90' lang='lat' dir='ltr'><strong>omni-</strong></span> 
     </span>
    </p>
   </div>
   <div class='ocr_carea' id='block_1_78' title="bbox 1773 3144 3493 3233">
    <p class='ocr_par' dir='ltr' id='par_1_78' title="bbox 1773 3144 3493 3233">
     <span class='ocr_line' id='line_1_78' title="bbox 1773 3144 3493 3233; baseline 0.003 -16"><span class='ocrx_word' id='word_1_469' title='bbox 1773 3144 1816 3209; x_wconf 58' lang='grc' dir='ltr'><strong>(ἶ</strong></span> <span class='ocrx_word' id='word_1_470' title='bbox 1855 3163 2046 3218; x_wconf 90' lang='lat' dir='ltr'><strong>modis</strong></span> <span class='ocrx_word' id='word_1_471' title='bbox 2070 3160 2375 3233; x_wconf 87' lang='lat' dir='ltr'><strong>profutura</strong></span> <span class='ocrx_word' id='word_1_472' title='bbox 2404 3159 2584 3227; x_wconf 89' lang='lat' dir='ltr'><strong>;salva</strong></span> <span class='ocrx_word' id='word_1_473' title='bbox 2605 3159 2884 3215; x_wconf 87' lang='lat' dir='ltr'><strong>canonica</strong></span> <span class='ocrx_word' id='word_1_474' title='bbox 2916 3161 3171 3232; x_wconf 90' lang='lat' dir='ltr'><strong>episcopi</strong></span> <span class='ocrx_word' id='word_1_475' title='bbox 3205 3165 3493 3222; x_wconf 75' lang='lat' dir='ltr'><strong>Morinen-</strong></span> 
     </span>
    </p>
   </div>
   <div class='ocr_carea' id='block_1_79' title="bbox 1852 3250 2300 3308">
    <p class='ocr_par' dir='ltr' id='par_1_79' title="bbox 1852 3250 2300 3308">
     <span class='ocr_line' id='line_1_79' title="bbox 1852 3250 2300 3308; baseline -0.011 -1"><span class='ocrx_word' id='word_1_476' title='bbox 1852 3252 1935 3308; x_wconf 89' lang='lat' dir='ltr'><strong>sis</strong></span> <span class='ocrx_word' id='word_1_477' title='bbox 1961 3250 2300 3306; x_wconf 89' lang='lat' dir='ltr'><strong>reverentia.</strong></span> 
     </span>
    </p>
   </div>
   <div class='ocr_carea' id='block_1_80' title="bbox 1923 3335 3494 3407">
    <p class='ocr_par' dir='ltr' id='par_1_80' title="bbox 1923 3335 3494 3407">
     <span class='ocr_line' id='line_1_80' title="bbox 1923 3335 3494 3407; baseline 0.003 -13"><span class='ocrx_word' id='word_1_478' title='bbox 1923 3339 2184 3394; x_wconf 88' lang='lat' dir='ltr'><strong>Obeunte</strong></span> <span class='ocrx_word' id='word_1_479' title='bbox 2244 3342 2298 3391; x_wconf 90' lang='lat' dir='ltr'><strong>te</strong></span> <span class='ocrx_word' id='word_1_480' title='bbox 2357 3353 2512 3391; x_wconf 91' lang='lat' dir='ltr'><strong>nunc</strong></span> <span class='ocrx_word' id='word_1_481' title='bbox 2542 3337 2668 3407; x_wconf 91' lang='lat' dir='ltr'><strong>ejus</strong></span> <span class='ocrx_word' id='word_1_482' title='bbox 2700 3335 2810 3391; x_wconf 89' lang='lat' dir='ltr'><strong>loci</strong></span> <span class='ocrx_word' id='word_1_483' title='bbox 2870 3337 3078 3392; x_wconf 85' lang='lat' dir='ltr'><strong>abbate</strong></span> <span class='ocrx_word' id='word_1_484' title='bbox 3119 3339 3225 3407; x_wconf 90' lang='lat' dir='ltr'><strong>vel,</strong></span> <span class='ocrx_word' id='word_1_485' title='bbox 3259 3345 3494 3399; x_wconf 88' lang='lat' dir='ltr'><strong>tuorum</strong></span> 
     </span>
    </p>
   </div>
   <div class='ocr_carea' id='block_1_81' title="bbox 1852 3423 3492 3502">
    <p class='ocr_par' dir='ltr' id='par_1_81' title="bbox 1852 3423 3492 3502">
     <span class='ocr_line' id='line_1_81' title="bbox 1852 3423 3492 3502; baseline 0.002 -19"><span class='ocrx_word' id='word_1_486' title='bbox 1852 3428 2109 3500; x_wconf 91' lang='lat' dir='ltr'><strong>quolibet</strong></span> <span class='ocrx_word' id='word_1_487' title='bbox 2126 3441 2554 3491; x_wconf 89' lang='lat' dir='ltr'><strong>successorum,</strong></span> <span class='ocrx_word' id='word_1_488' title='bbox 2582 3423 2782 3480; x_wconf 92' lang='lat' dir='ltr'><strong>nullus</strong></span> <span class='ocrx_word' id='word_1_489' title='bbox 2803 3425 2878 3479; x_wconf 89' lang='lat' dir='ltr'><strong>ibi</strong></span> <span class='ocrx_word' id='word_1_490' title='bbox 2893 3426 3492 3502; x_wconf 86' lang='lat' dir='ltr'><strong>qualibetsubreptio-</strong></span> 
     </span>
    </p>
   </div>
   <div class='ocr_carea' id='block_1_82' title="bbox 1852 3513 3495 3587">
    <p class='ocr_par' dir='ltr' id='par_1_82' title="bbox 1852 3513 3495 3587">
     <span class='ocr_line' id='line_1_82' title="bbox 1852 3513 3495 3587; baseline 0.002 -15"><span class='ocrx_word' id='word_1_491' title='bbox 1852 3519 1944 3572; x_wconf 90' lang='lat' dir='ltr'><strong>nis</strong></span> <span class='ocrx_word' id='word_1_492' title='bbox 1967 3515 2180 3571; x_wconf 89' lang='lat' dir='ltr'><strong>astutia</strong></span> <span class='ocrx_word' id='word_1_493' title='bbox 2201 3519 2576 3587; x_wconf 81' lang='lat' dir='ltr'><strong>proponatur,</strong></span> <span class='ocrx_word' id='word_1_494' title='bbox 2603 3513 2714 3568; x_wconf 86' lang='lat' dir='ltr'><strong>nisi</strong></span> <span class='ocrx_word' id='word_1_495' title='bbox 2749 3530 2923 3585; x_wconf 88' lang='lat' dir='ltr'><strong>quem</strong></span> <span class='ocrx_word' id='word_1_496' title='bbox 2953 3515 3178 3582; x_wconf 84' lang='lat' dir='ltr'><strong>fratres,</strong></span> <span class='ocrx_word' id='word_1_497' title='bbox 3198 3520 3495 3575; x_wconf 90' lang='lat' dir='ltr'><strong>communi</strong></span> 
     </span>
    </p>
   </div>
   <div class='ocr_carea' id='block_1_83' title="bbox 1851 3602 3492 3673">
    <p class='ocr_par' dir='ltr' id='par_1_83' title="bbox 1851 3602 3492 3673">
     <span class='ocr_line' id='line_1_83' title="bbox 1851 3602 3492 3673; baseline 0.002 -13"><span class='ocrx_word' id='word_1_498' title='bbox 1851 3621 2139 3660; x_wconf 87' lang='lat' dir='ltr'><strong>consensu</strong></span> <span class='ocrx_word' id='word_1_499' title='bbox 2179 3602 2266 3658; x_wconf 91' lang='lat' dir='ltr'><strong>vel</strong></span> <span class='ocrx_word' id='word_1_500' title='bbox 2311 3604 2555 3658; x_wconf 85' lang='lat' dir='ltr'><strong>fratrum</strong></span> <span class='ocrx_word' id='word_1_501' title='bbox 2581 3619 2717 3673; x_wconf 87' lang='lat' dir='ltr'><strong>pars</strong></span> <span class='ocrx_word' id='word_1_502' title='bbox 2749 3602 2976 3657; x_wconf 89' lang='lat' dir='ltr'><strong>consilii</strong></span> <span class='ocrx_word' id='word_1_503' title='bbox 3008 3604 3256 3662; x_wconf 87' lang='lat' dir='ltr'><strong>sanioris</strong></span> <span class='ocrx_word' id='word_1_504' title='bbox 3287 3624 3492 3664; x_wconf 90' lang='lat' dir='ltr'><strong>secun-</strong></span> 
     </span>
    </p>
   </div>
   <div class='ocr_carea' id='block_1_84' title="bbox 1853 3691 3497 3766">
    <p class='ocr_par' dir='ltr' id='par_1_84' title="bbox 1853 3691 3497 3766">
     <span class='ocr_line' id='line_1_84' title="bbox 1853 3691 3497 3766; baseline 0.002 -16"><span class='ocrx_word' id='word_1_505' title='bbox 1853 3696 1995 3750; x_wconf 91' lang='lat' dir='ltr'><strong>dum</strong></span> <span class='ocrx_word' id='word_1_506' title='bbox 2027 3693 2126 3748; x_wconf 90' lang='lat' dir='ltr'><strong>Dei</strong></span> <span class='ocrx_word' id='word_1_507' title='bbox 2158 3692 2426 3747; x_wconf 90' lang='lat' dir='ltr'><strong>timorem</strong></span> <span class='ocrx_word' id='word_1_508' title='bbox 2458 3696 2515 3746; x_wconf 90' lang='lat' dir='ltr'><strong>et</strong></span> <span class='ocrx_word' id='word_1_509' title='bbox 2544 3691 2699 3746; x_wconf 88' lang='lat' dir='ltr'><strong>beati</strong></span> <span class='ocrx_word' id='word_1_510' title='bbox 2761 3691 3052 3747; x_wconf 89' lang='lat' dir='ltr'><strong>Benedicti</strong></span> <span class='ocrx_word' id='word_1_511' title='bbox 3094 3695 3357 3766; x_wconf 90' lang='lat' dir='ltr'><strong>regulam</strong></span> <span class='ocrx_word' id='word_1_512' title='bbox 3388 3697 3497 3753; x_wconf 91' lang='lat' dir='ltr'><strong>ele-</strong></span> 
     </span>
    </p>
   </div>
   <div class='ocr_carea' id='block_1_85' title="bbox 1852 3779 3496 3857">
    <p class='ocr_par' dir='ltr' id='par_1_85' title="bbox 1852 3779 3496 3857">
     <span class='ocr_line' id='line_1_85' title="bbox 1852 3779 3496 3857; baseline 0.001 -18"><span class='ocrx_word' id='word_1_513' title='bbox 1852 3781 2196 3857; x_wconf 88' lang='lat' dir='ltr'><strong>gerint.Vos</strong></span> <span class='ocrx_word' id='word_1_514' title='bbox 2235 3780 2313 3853; x_wconf 87' lang='lat' dir='ltr'><strong>igi</strong></span> <span class='ocrx_word' id='word_1_515' title='bbox 2347 3798 2436 3848; x_wconf 93' lang='lat' dir='ltr'><strong>ur,</strong></span> <span class='ocrx_word' id='word_1_516' title='bbox 2461 3779 2563 3834; x_wconf 84' lang='lat' dir='ltr'><strong>ﬁlii</strong></span> <span class='ocrx_word' id='word_1_517' title='bbox 2611 3779 2668 3833; x_wconf 90' lang='lat' dir='ltr'><strong>in</strong></span> <span class='ocrx_word' id='word_1_518' title='bbox 2699 3779 2926 3835; x_wconf 87' lang='lat' dir='ltr'><strong>Christo</strong></span> <span class='ocrx_word' id='word_1_519' title='bbox 2956 3781 3174 3849; x_wconf 89' lang='lat' dir='ltr'><strong>dilecti,</strong></span> <span class='ocrx_word' id='word_1_520' title='bbox 3208 3783 3308 3839; x_wconf 91' lang='lat' dir='ltr'><strong>Dei</strong></span> <span class='ocrx_word' id='word_1_521' title='bbox 3341 3802 3496 3841; x_wconf 90' lang='lat' dir='ltr'><strong>sem-</strong></span> 
     </span>
    </p>
   </div>
   <div class='ocr_carea' id='block_1_86' title="bbox 1852 3867 3496 3945">
    <p class='ocr_par' dir='ltr' id='par_1_86' title="bbox 1852 3867 3496 3945">
     <span class='ocr_line' id='line_1_86' title="bbox 1852 3867 3496 3945; baseline 0.002 -18"><span class='ocrx_word' id='word_1_522' title='bbox 1852 3889 1954 3945; x_wconf 91' lang='lat' dir='ltr'><strong>per</strong></span> <span class='ocrx_word' id='word_1_523' title='bbox 1983 3871 2253 3927; x_wconf 87' lang='lat' dir='ltr'><strong>timorem</strong></span> <span class='ocrx_word' id='word_1_524' title='bbox 2285 3873 2340 3924; x_wconf 82' lang='lat' dir='ltr'><strong>et</strong></span> <span class='ocrx_word' id='word_1_525' title='bbox 2370 3885 2626 3924; x_wconf 89' lang='lat' dir='ltr'><strong>amorem</strong></span> <span class='ocrx_word' id='word_1_526' title='bbox 2663 3867 2721 3922; x_wconf 90' lang='lat' dir='ltr'><strong>in</strong></span> <span class='ocrx_word' id='word_1_527' title='bbox 2747 3869 3021 3923; x_wconf 90' lang='lat' dir='ltr'><strong>cordibus</strong></span> <span class='ocrx_word' id='word_1_528' title='bbox 3052 3871 3259 3926; x_wconf 85' lang='lat' dir='ltr'><strong>vestris</strong></span> <span class='ocrx_word' id='word_1_529' title='bbox 3280 3873 3496 3931; x_wconf 88' lang='lat' dir='ltr'><strong>habere</strong></span> 
     </span>
    </p>
   </div>
   <div class='ocr_carea' id='block_1_87' title="bbox 1853 3956 3495 4032">
    <p class='ocr_par' dir='ltr' id='par_1_87' title="bbox 1853 3956 3495 4032">
     <span class='ocr_line' id='line_1_87' title="bbox 1853 3956 3495 4032; baseline 0 -15"><span class='ocrx_word' id='word_1_530' title='bbox 1853 3960 2118 4032; x_wconf 85' lang='lat' dir='ltr'><strong>satagite,</strong></span> <span class='ocrx_word' id='word_1_531' title='bbox 2145 3963 2205 4014; x_wconf 89' lang='lat' dir='ltr'><strong>ut</strong></span> <span class='ocrx_word' id='word_1_532' title='bbox 2238 3961 2456 4030; x_wconf 88' lang='lat' dir='ltr'><strong>quanto</strong></span> <span class='ocrx_word' id='word_1_533' title='bbox 2490 3975 2523 4012; x_wconf 91' lang='lat' dir='ltr'><strong>a</strong></span> <span class='ocrx_word' id='word_1_534' title='bbox 2554 3956 2929 4012; x_wconf 66' lang='lat' dir='ltr'><strong>saecularibus</strong></span> <span class='ocrx_word' id='word_1_535' title='bbox 2959 3959 3314 4016; x_wconf 89' lang='lat' dir='ltr'><strong>tumultibus</strong></span> <span class='ocrx_word' id='word_1_536' title='bbox 3345 3962 3495 4019; x_wconf 88' lang='lat' dir='ltr'><strong>libe-</strong></span> 
     </span>
    </p>
   </div>
   <div class='ocr_carea' id='block_1_88' title="bbox 1852 4045 3496 4118">
    <p class='ocr_par' dir='ltr' id='par_1_88' title="bbox 1852 4045 3496 4118">
     <span class='ocr_line' id='line_1_88' title="bbox 1852 4045 3496 4118; baseline 0.002 -14"><span class='ocrx_word' id='word_1_537' title='bbox 1852 4051 2032 4106; x_wconf 88' lang='lat' dir='ltr'><strong>riores</strong></span> <span class='ocrx_word' id='word_1_538' title='bbox 2051 4049 2211 4115; x_wconf 86' lang='lat' dir='ltr'><strong>estis,</strong></span> <span class='ocrx_word' id='word_1_539' title='bbox 2233 4050 2393 4102; x_wconf 86' lang='lat' dir='ltr'><strong>tanto</strong></span> <span class='ocrx_word' id='word_1_540' title='bbox 2438 4046 2694 4118; x_wconf 88' lang='lat' dir='ltr'><strong>amplius</strong></span> <span class='ocrx_word' id='word_1_541' title='bbox 2715 4045 2940 4117; x_wconf 83' lang='lat' dir='ltr'><strong>placere</strong></span> <span class='ocrx_word' id='word_1_542' title='bbox 2985 4048 3096 4103; x_wconf 91' lang='lat' dir='ltr'><strong>Deo</strong></span> <span class='ocrx_word' id='word_1_543' title='bbox 3127 4050 3305 4106; x_wconf 89' lang='lat' dir='ltr'><strong>totius</strong></span> <span class='ocrx_word' id='word_1_544' title='bbox 3337 4068 3496 4107; x_wconf 90' lang='lat' dir='ltr'><strong>men-</strong></span> 
     </span>
    </p>
   </div>
   <div class='ocr_carea' id='block_1_89' title="bbox 1851 4134 3493 4208">
    <p class='ocr_par' dir='ltr' id='par_1_89' title="bbox 1851 4134 3493 4208">
     <span class='ocr_line' id='line_1_89' title="bbox 1851 4134 3493 4208; baseline 0.001 -13"><span class='ocrx_word' id='word_1_545' title='bbox 1851 4139 1928 4195; x_wconf 89' lang='lat' dir='ltr'><strong>tis</strong></span> <span class='ocrx_word' id='word_1_546' title='bbox 1976 4143 2032 4193; x_wconf 90' lang='lat' dir='ltr'><strong>et</strong></span> <span class='ocrx_word' id='word_1_547' title='bbox 2061 4137 2268 4193; x_wconf 64' lang='lat' dir='ltr'><strong>animm</strong></span> <span class='ocrx_word' id='word_1_548' title='bbox 2314 4135 2629 4190; x_wconf 86' lang='lat' dir='ltr'><strong>virtutibus</strong></span> <span class='ocrx_word' id='word_1_549' title='bbox 2660 4134 2966 4190; x_wconf 88' lang='lat' dir='ltr'><strong>anheletis.</strong></span> <span class='ocrx_word' id='word_1_550' title='bbox 2999 4137 3053 4190; x_wconf 92' lang='lat' dir='ltr'><strong>Si</strong></span> <span class='ocrx_word' id='word_1_551' title='bbox 3088 4154 3206 4208; x_wconf 89' lang='lat' dir='ltr'><strong>qua</strong></span> <span class='ocrx_word' id='word_1_552' title='bbox 3251 4156 3391 4196; x_wconf 89' lang='lat' dir='ltr'><strong>sane</strong></span> <span class='ocrx_word' id='word_1_553' title='bbox 3435 4142 3493 4196; x_wconf 91' lang='lat' dir='ltr'><strong>in</strong></span> 
     </span>
    </p>
   </div>
   <div class='ocr_carea' id='block_1_90' title="bbox 1851 4224 3493 4301">
    <p class='ocr_par' dir='ltr' id='par_1_90' title="bbox 1851 4224 3493 4301">
     <span class='ocr_line' id='line_1_90' title="bbox 1851 4224 3493 4301; baseline 0.001 -17"><span class='ocrx_word' id='word_1_554' title='bbox 1851 4229 2173 4284; x_wconf 88' lang='lat' dir='ltr'><strong>crastinum</strong></span> <span class='ocrx_word' id='word_1_555' title='bbox 2205 4224 2592 4282; x_wconf 88' lang='lat' dir='ltr'><strong>ecclesiastica</strong></span> <span class='ocrx_word' id='word_1_556' title='bbox 2624 4224 2990 4280; x_wconf 69' lang='lat' dir='ltr'><strong>saacularisve</strong></span> <span class='ocrx_word' id='word_1_557' title='bbox 3040 4243 3286 4296; x_wconf 90' lang='lat' dir='ltr'><strong>persona</strong></span> <span class='ocrx_word' id='word_1_558' title='bbox 3315 4229 3493 4301; x_wconf 90' lang='lat' dir='ltr'><strong>hujus</strong></span> 
     </span>
    </p>
   </div>
   <div class='ocr_carea' id='block_1_91' title="bbox 1851 4315 3493 4390">
    <p class='ocr_par' dir='ltr' id='par_1_91' title="bbox 1851 4315 3493 4390">
     <span class='ocr_line' id='line_1_91' title="bbox 1851 4315 3493 4390; baseline 0.001 -18"><span class='ocrx_word' id='word_1_559' title='bbox 1851 4317 2134 4390; x_wconf 84' lang='lat' dir='ltr'><strong>privilegii</strong></span> <span class='ocrx_word' id='word_1_560' title='bbox 2157 4316 2433 4387; x_wconf 87' lang='lat' dir='ltr'><strong>paginam</strong></span> <span class='ocrx_word' id='word_1_561' title='bbox 2469 4315 2680 4381; x_wconf 90' lang='lat' dir='ltr'><strong>sciens,</strong></span> <span class='ocrx_word' id='word_1_562' title='bbox 2701 4321 2905 4370; x_wconf 88' lang='lat' dir='ltr'><strong>contra</strong></span> <span class='ocrx_word' id='word_1_563' title='bbox 2924 4332 3054 4370; x_wconf 87' lang='lat' dir='ltr'><strong>eam</strong></span> <span class='ocrx_word' id='word_1_564' title='bbox 3070 4320 3285 4372; x_wconf 90' lang='lat' dir='ltr'><strong>temere</strong></span> <span class='ocrx_word' id='word_1_565' title='bbox 3300 4319 3493 4373; x_wconf 90' lang='lat' dir='ltr'><strong>venire</strong></span> 
     </span>
    </p>
   </div>
   <div class='ocr_carea' id='block_1_92' title="bbox 1849 4403 3493 4472">
    <p class='ocr_par' dir='ltr' id='par_1_92' title="bbox 1849 4403 3493 4472">
     <span class='ocr_line' id='line_1_92' title="bbox 1849 4403 3493 4472; baseline -0.001 -10"><span class='ocrx_word' id='word_1_566' title='bbox 1849 4405 2175 4472; x_wconf 86' lang='lat' dir='ltr'><strong>tentaverit,</strong></span> <span class='ocrx_word' id='word_1_567' title='bbox 2234 4403 2488 4459; x_wconf 90' lang='lat' dir='ltr'><strong>secundo</strong></span> <span class='ocrx_word' id='word_1_568' title='bbox 2536 4403 2776 4458; x_wconf 89' lang='lat' dir='ltr'><strong>tertiove</strong></span> <span class='ocrx_word' id='word_1_569' title='bbox 2837 4404 3212 4472; x_wconf 84' lang='lat' dir='ltr'><strong>commonita,</strong></span> <span class='ocrx_word' id='word_1_570' title='bbox 3269 4405 3316 4460; x_wconf 91' lang='lat' dir='ltr'><strong>si</strong></span> <span class='ocrx_word' id='word_1_571' title='bbox 3376 4423 3493 4461; x_wconf 91' lang='lat' dir='ltr'><strong>non</strong></span> 
     </span>
    </p>
   </div>
   <div class='ocr_carea' id='block_1_93' title="bbox 132 4481 3496 4569">
    <p class='ocr_par' dir='ltr' id='par_1_93' title="bbox 132 4481 3496 4569">
     <span class='ocr_line' id='line_1_93' title="bbox 132 4481 3496 4569; baseline 0.004 -35"><span class='ocrx_word' id='word_1_572' title='bbox 132 4483 178 4533; x_wconf 86' lang='lat' dir='ltr'><strong>et</strong></span> <span class='ocrx_word' id='word_1_573' title='bbox 215 4481 361 4539; x_wconf 89' lang='lat' dir='ltr'><strong>Pauli</strong></span> <span class='ocrx_word' id='word_1_574' title='bbox 401 4486 678 4543; x_wconf 86' lang='lat' dir='ltr'><strong>fundasse</strong></span> <span class='ocrx_word' id='word_1_575' title='bbox 708 4489 1100 4561; x_wconf 89' lang='lat' dir='ltr'><strong>cognoscitur,</strong></span> <span class='ocrx_word' id='word_1_576' title='bbox 1126 4494 1181 4545; x_wconf 89' lang='lat' dir='ltr'><strong>et</strong></span> <span class='ocrx_word' id='word_1_577' title='bbox 1211 4491 1408 4546; x_wconf 87' lang='lat' dir='ltr'><strong>omnia</strong></span> <span class='ocrx_word' id='word_1_578' title='bbox 1439 4493 1510 4548; x_wconf 88' lang='lat' dir='ltr'><strong>ad</strong></span> <span class='ocrx_word' id='word_1_579' title='bbox 1543 4493 1737 4564; x_wconf 90' lang='lat' dir='ltr'><strong>ipsum</strong></span> <span class='ocrx_word' id='word_1_580' title='bbox 1773 4506 1818 4569; x_wconf 74' lang='grc' dir='ltr'><strong>Ι)</strong></span> <span class='ocrx_word' id='word_1_581' title='bbox 1849 4493 2247 4551; x_wconf 88' lang='lat' dir='ltr'><strong>satisfactione</strong></span> <span class='ocrx_word' id='word_1_582' title='bbox 2269 4508 2525 4563; x_wconf 88' lang='lat' dir='ltr'><strong>congrua</strong></span> <span class='ocrx_word' id='word_1_583' title='bbox 2541 4492 2955 4558; x_wconf 88' lang='lat' dir='ltr'><strong>emendaverit,</strong></span> <span class='ocrx_word' id='word_1_584' title='bbox 2982 4493 3288 4563; x_wconf 86' lang='lat' dir='ltr'><strong>potestatis</strong></span> <span class='ocrx_word' id='word_1_585' title='bbox 3316 4493 3496 4550; x_wconf 87' lang='lat' dir='ltr'><strong>hono-</strong></span> 
     </span>
    </p>
   </div>
   <div class='ocr_carea' id='block_1_94' title="bbox 131 4570 1735 4652">
    <p class='ocr_par' dir='ltr' id='par_1_94' title="bbox 131 4570 1735 4652">
     <span class='ocr_line' id='line_1_94' title="bbox 131 4570 1735 4652; baseline 0.009 -31"><span class='ocrx_word' id='word_1_586' title='bbox 131 4570 450 4652; x_wconf 84' lang='lat' dir='ltr'><strong>pertinentia</strong></span> <span class='ocrx_word' id='word_1_587' title='bbox 478 4575 590 4630; x_wconf 92' lang='lat' dir='ltr'><strong>sub</strong></span> <span class='ocrx_word' id='word_1_588' title='bbox 623 4575 805 4632; x_wconf 88' lang='lat' dir='ltr'><strong>tutela</strong></span> <span class='ocrx_word' id='word_1_589' title='bbox 835 4577 1168 4648; x_wconf 72' lang='lat' dir='ltr'><strong>apostolica:</strong></span> <span class='ocrx_word' id='word_1_590' title='bbox 1201 4578 1358 4634; x_wconf 89' lang='lat' dir='ltr'><strong>sedis</strong></span> <span class='ocrx_word' id='word_1_591' title='bbox 1392 4580 1735 4652; x_wconf 87' lang='lat' dir='ltr'><strong>excipimus.</strong></span> 
     </span>
    </p>
   </div>
   <div class='ocr_carea' id='block_1_95' title="bbox 131 4651 1742 4740">
    <p class='ocr_par' dir='ltr' id='par_1_95' title="bbox 131 4651 1742 4740">
     <span class='ocr_line' id='line_1_95' title="bbox 131 4651 1742 4740; baseline 0.013 -34"><span class='ocrx_word' id='word_1_592' title='bbox 131 4651 221 4710; x_wconf 89' lang='lat' dir='ltr'><strong>Per</strong></span> <span class='ocrx_word' id='word_1_593' title='bbox 240 4663 533 4737; x_wconf 72' lang='lat' dir='ltr'><strong>praesentis</strong></span> <span class='ocrx_word' id='word_1_594' title='bbox 565 4663 742 4736; x_wconf 90' lang='lat' dir='ltr'><strong>igitur</strong></span> <span class='ocrx_word' id='word_1_595' title='bbox 771 4664 1052 4738; x_wconf 80' lang='lat' dir='ltr'><strong>privilegii</strong></span> <span class='ocrx_word' id='word_1_596' title='bbox 1095 4667 1366 4739; x_wconf 88' lang='lat' dir='ltr'><strong>paginam</strong></span> <span class='ocrx_word' id='word_1_597' title='bbox 1417 4651 1742 4740; x_wconf 79' lang='lat' dir='ltr'><strong>apostolica</strong></span> 
     </span>
    </p>
   </div>
   <div class='ocr_carea' id='block_1_96' title="bbox 131 4749 1741 4826">
    <p class='ocr_par' dir='ltr' id='par_1_96' title="bbox 131 4749 1741 4826">
     <span class='ocr_line' id='line_1_96' title="bbox 131 4749 1741 4826; baseline 0.013 -32"><span class='ocrx_word' id='word_1_598' title='bbox 131 4749 440 4806; x_wconf 82' lang='lat' dir='ltr'><strong>auctoritate</strong></span> <span class='ocrx_word' id='word_1_599' title='bbox 470 4751 786 4807; x_wconf 89' lang='lat' dir='ltr'><strong>statuimus</strong></span> <span class='ocrx_word' id='word_1_600' title='bbox 819 4757 882 4808; x_wconf 93' lang='lat' dir='ltr'><strong>ut</strong></span> <span class='ocrx_word' id='word_1_601' title='bbox 905 4770 1264 4826; x_wconf 63' lang='lat' dir='ltr'><strong>quiscunque</strong></span> <span class='ocrx_word' id='word_1_602' title='bbox 1283 4756 1453 4812; x_wconf 90' lang='lat' dir='ltr'><strong>hodie</strong></span> <span class='ocrx_word' id='word_1_603' title='bbox 1483 4763 1741 4816; x_wconf 91' lang='lat' dir='ltr'><strong>vestrum</strong></span> 
     </span>
    </p>
   </div>
   <div class='ocr_carea' id='block_1_97' title="bbox 131 4835 1742 4913">
    <p class='ocr_par' dir='ltr' id='par_1_97' title="bbox 131 4835 1742 4913">
     <span class='ocr_line' id='line_1_97' title="bbox 131 4835 1742 4913; baseline 0.012 -29"><span class='ocrx_word' id='word_1_604' title='bbox 131 4835 428 4892; x_wconf 76' lang='lat' dir='ltr'><strong>cmnobium</strong></span> <span class='ocrx_word' id='word_1_605' title='bbox 454 4840 616 4911; x_wconf 91' lang='lat' dir='ltr'><strong>juste</strong></span> <span class='ocrx_word' id='word_1_606' title='bbox 648 4841 926 4913; x_wconf 90' lang='lat' dir='ltr'><strong>possidet,</strong></span> <span class='ocrx_word' id='word_1_607' title='bbox 954 4843 1075 4898; x_wconf 90' lang='lat' dir='ltr'><strong>sive</strong></span> <span class='ocrx_word' id='word_1_608' title='bbox 1113 4844 1172 4898; x_wconf 91' lang='lat' dir='ltr'><strong>in</strong></span> <span class='ocrx_word' id='word_1_609' title='bbox 1213 4845 1475 4901; x_wconf 88' lang='lat' dir='ltr'><strong>futurum</strong></span> <span class='ocrx_word' id='word_1_610' title='bbox 1509 4863 1742 4904; x_wconf 89' lang='lat' dir='ltr'><strong>conces-</strong></span> 
     </span>
    </p>
   </div>
   <div class='ocr_carea' id='block_1_98' title="bbox 130 4918 1742 5005">
    <p class='ocr_par' dir='ltr' id='par_1_98' title="bbox 130 4918 1742 5005">
     <span class='ocr_line' id='line_1_98' title="bbox 130 4918 1742 5005; baseline 0.013 -33"><span class='ocrx_word' id='word_1_611' title='bbox 130 4918 270 4977; x_wconf 89' lang='lat' dir='ltr'><strong>sione</strong></span> <span class='ocrx_word' id='word_1_612' title='bbox 281 4928 634 4995; x_wconf 86' lang='lat' dir='ltr'><strong>pontiﬁcum,</strong></span> <span class='ocrx_word' id='word_1_613' title='bbox 654 4929 997 4986; x_wconf 88' lang='lat' dir='ltr'><strong>liberalitate</strong></span> <span class='ocrx_word' id='word_1_614' title='bbox 1015 4931 1344 5005; x_wconf 89' lang='lat' dir='ltr'><strong>principum</strong></span> <span class='ocrx_word' id='word_1_615' title='bbox 1357 4934 1442 4989; x_wconf 88' lang='lat' dir='ltr'><strong>vel</strong></span> <span class='ocrx_word' id='word_1_616' title='bbox 1456 4936 1742 4993; x_wconf 86' lang='lat' dir='ltr'><strong>oblatione</strong></span> 
     </span>
    </p>
   </div>
   <div class='ocr_carea' id='block_1_99' title="bbox 131 5005 1743 5095">
    <p class='ocr_par' dir='ltr' id='par_1_99' title="bbox 131 5005 1743 5095">
     <span class='ocr_line' id='line_1_99' title="bbox 131 5005 1743 5095; baseline 0.012 -33"><span class='ocrx_word' id='word_1_617' title='bbox 131 5005 360 5069; x_wconf 84' lang='lat' dir='ltr'><strong>ﬁdelium</strong></span> <span class='ocrx_word' id='word_1_618' title='bbox 381 5016 542 5086; x_wconf 89' lang='lat' dir='ltr'><strong>juste</strong></span> <span class='ocrx_word' id='word_1_619' title='bbox 565 5023 736 5089; x_wconf 88' lang='lat' dir='ltr'><strong>atque</strong></span> <span class='ocrx_word' id='word_1_620' title='bbox 760 5019 1032 5075; x_wconf 88' lang='lat' dir='ltr'><strong>canonice</strong></span> <span class='ocrx_word' id='word_1_621' title='bbox 1053 5021 1264 5092; x_wconf 88' lang='lat' dir='ltr'><strong>poterit</strong></span> <span class='ocrx_word' id='word_1_622' title='bbox 1289 5023 1532 5095; x_wconf 90' lang='lat' dir='ltr'><strong>adipisci</strong></span> <span class='ocrx_word' id='word_1_623' title='bbox 1574 5025 1743 5083; x_wconf 79' lang='lat' dir='ltr'><strong>firma</strong></span> 
     </span>
    </p>
   </div>
   <div class='ocr_carea' id='block_1_100' title="bbox 132 5095 1739 5182">
    <p class='ocr_par' dir='ltr' id='par_1_100' title="bbox 132 5095 1739 5182">
     <span class='ocr_line' id='line_1_100' title="bbox 132 5095 1739 5182; baseline 0.014 -34"><span class='ocrx_word' id='word_1_624' title='bbox 132 5095 222 5182; x_wconf 82' lang='lat' dir='ltr'><strong>tibi</strong></span> <span class='ocrx_word' id='word_1_625' title='bbox 250 5101 470 5174; x_wconf 87' lang='lat' dir='ltr'><strong>tuisque</strong></span> <span class='ocrx_word' id='word_1_626' title='bbox 501 5107 938 5164; x_wconf 90' lang='lat' dir='ltr'><strong>successoribus</strong></span> <span class='ocrx_word' id='word_1_627' title='bbox 969 5114 1027 5164; x_wconf 88' lang='lat' dir='ltr'><strong>et</strong></span> <span class='ocrx_word' id='word_1_628' title='bbox 1065 5108 1290 5165; x_wconf 89' lang='lat' dir='ltr'><strong>illibata</strong></span> <span class='ocrx_word' id='word_1_629' title='bbox 1339 5121 1739 5182; x_wconf 87' lang='lat' dir='ltr'><strong>permaneant.</strong></span> 
     </span>
    </p>
   </div>
   <div class='ocr_carea' id='block_1_101' title="bbox 130 5181 1741 5272">
    <p class='ocr_par' dir='ltr' id='par_1_101' title="bbox 130 5181 1741 5272">
     <span class='ocr_line' id='line_1_101' title="bbox 130 5181 1741 5272; baseline 0.01 -28"><span class='ocrx_word' id='word_1_630' title='bbox 130 5181 385 5246; x_wconf 81' lang='lat' dir='ltr'><strong>Quoniam</strong></span> <span class='ocrx_word' id='word_1_631' title='bbox 442 5210 574 5249; x_wconf 91' lang='lat' dir='ltr'><strong>vero</strong></span> <span class='ocrx_word' id='word_1_632' title='bbox 629 5197 868 5267; x_wconf 89' lang='lat' dir='ltr'><strong>quidam</strong></span> <span class='ocrx_word' id='word_1_633' title='bbox 928 5197 1269 5255; x_wconf 69' lang='lat' dir='ltr'><strong>Simoniacaa</strong></span> <span class='ocrx_word' id='word_1_634' title='bbox 1319 5181 1620 5272; x_wconf 84' lang='lat' dir='ltr'><strong>pravitatis</strong></span> <span class='ocrx_word' id='word_1_635' title='bbox 1650 5221 1741 5260; x_wconf 88' lang='lat' dir='ltr'><strong>ra-</strong></span> 
     </span>
    </p>
   </div>
   <div class='ocr_carea' id='block_1_102' title="bbox 132 5276 1744 5359">
    <p class='ocr_par' dir='ltr' id='par_1_102' title="bbox 132 5276 1744 5359">
     <span class='ocr_line' id='line_1_102' title="bbox 132 5276 1744 5359; baseline 0.014 -34"><span class='ocrx_word' id='word_1_636' title='bbox 132 5285 246 5330; x_wconf 88' lang='lat' dir='ltr'><strong>mus</strong></span> <span class='ocrx_word' id='word_1_637' title='bbox 265 5276 318 5332; x_wconf 91' lang='lat' dir='ltr'><strong>in</strong></span> <span class='ocrx_word' id='word_1_638' title='bbox 339 5279 656 5338; x_wconf 89' lang='lat' dir='ltr'><strong>Galliarum</strong></span> <span class='ocrx_word' id='word_1_639' title='bbox 681 5285 943 5356; x_wconf 90' lang='lat' dir='ltr'><strong>partibus</strong></span> <span class='ocrx_word' id='word_1_640' title='bbox 972 5288 1098 5358; x_wconf 88' lang='lat' dir='ltr'><strong>jam</strong></span> <span class='ocrx_word' id='word_1_641' title='bbox 1122 5286 1346 5344; x_wconf 90' lang='lat' dir='ltr'><strong>diutius</strong></span> <span class='ocrx_word' id='word_1_642' title='bbox 1377 5289 1643 5359; x_wconf 89' lang='lat' dir='ltr'><strong>adolevit,</strong></span> <span class='ocrx_word' id='word_1_643' title='bbox 1678 5297 1744 5349; x_wconf 88' lang='lat' dir='ltr'><strong>ut</strong></span> 
     </span>
    </p>
   </div>
   <div class='ocr_carea' id='block_1_103' title="bbox 130 5361 1743 5449">
    <p class='ocr_par' dir='ltr' id='par_1_103' title="bbox 130 5361 1743 5449">
     <span class='ocr_line' id='line_1_103' title="bbox 130 5361 1743 5449; baseline 0.014 -36"><span class='ocrx_word' id='word_1_644' title='bbox 130 5361 356 5421; x_wconf 74' lang='lat' dir='ltr'><strong>ecclesiae</strong></span> <span class='ocrx_word' id='word_1_645' title='bbox 387 5385 512 5439; x_wconf 76' lang='lat' dir='ltr'><strong>quae</strong></span> <span class='ocrx_word' id='word_1_646' title='bbox 564 5371 786 5444; x_wconf 88' lang='lat' dir='ltr'><strong>vulgari</strong></span> <span class='ocrx_word' id='word_1_647' title='bbox 846 5375 1123 5432; x_wconf 90' lang='lat' dir='ltr'><strong>vocabulo</strong></span> <span class='ocrx_word' id='word_1_648' title='bbox 1183 5379 1338 5449; x_wconf 88' lang='lat' dir='ltr'><strong>apud</strong></span> <span class='ocrx_word' id='word_1_649' title='bbox 1387 5395 1487 5435; x_wconf 90' lang='lat' dir='ltr'><strong>vos</strong></span> <span class='ocrx_word' id='word_1_650' title='bbox 1536 5379 1743 5436; x_wconf 86' lang='lat' dir='ltr'><strong>altaria</strong></span> 
     </span>
    </p>
   </div>
   <div class='ocr_carea' id='block_1_104' title="bbox 130 5460 1740 5541">
    <p class='ocr_par' dir='ltr' id='par_1_104' title="bbox 130 5460 1740 5541">
     <span class='ocr_line' id='line_1_104' title="bbox 130 5460 1740 5541; baseline 0.015 -40"><span class='ocrx_word' id='word_1_651' title='bbox 130 5460 533 5541; x_wconf 79' lang='lat' dir='ltr'><strong>nuncupantur,</strong></span> <span class='ocrx_word' id='word_1_652' title='bbox 549 5462 916 5518; x_wconf 88' lang='lat' dir='ltr'><strong>monasteriis</strong></span> <span class='ocrx_word' id='word_1_653' title='bbox 944 5464 1092 5521; x_wconf 71' lang='lat' dir='ltr'><strong>datae</strong></span> <span class='ocrx_word' id='word_1_654' title='bbox 1112 5464 1326 5536; x_wconf 67' lang='lat' dir='ltr'><strong>saepius</strong></span> <span class='ocrx_word' id='word_1_655' title='bbox 1348 5466 1418 5521; x_wconf 91' lang='lat' dir='ltr'><strong>ab</strong></span> <span class='ocrx_word' id='word_1_656' title='bbox 1451 5466 1740 5541; x_wconf 89' lang='lat' dir='ltr'><strong>episcopis</strong></span> 
     </span>
    </p>
   </div>
   <div class='ocr_carea' id='block_1_105' title="bbox 128 5536 1738 5622">
    <p class='ocr_par' dir='ltr' id='par_1_105' title="bbox 128 5536 1738 5622">
     <span class='ocr_line' id='line_1_105' title="bbox 128 5536 1738 5622; baseline 0.016 -31"><span class='ocrx_word' id='word_1_657' title='bbox 128 5536 222 5593; x_wconf 81' lang='lat' dir='ltr'><strong>sub</strong></span> <span class='ocrx_word' id='word_1_658' title='bbox 242 5540 468 5617; x_wconf 85' lang='lat' dir='ltr'><strong>palliata</strong></span> <span class='ocrx_word' id='word_1_659' title='bbox 503 5549 739 5608; x_wconf 82' lang='lat' dir='ltr'><strong>avaritia</strong></span> <span class='ocrx_word' id='word_1_660' title='bbox 771 5552 1153 5622; x_wconf 80' lang='lat' dir='ltr'><strong>venundatur,</strong></span> <span class='ocrx_word' id='word_1_661' title='bbox 1169 5554 1416 5612; x_wconf 85' lang='lat' dir='ltr'><strong>mortuis</strong></span> <span class='ocrx_word' id='word_1_662' title='bbox 1453 5536 1738 5616; x_wconf 80' lang='lat' dir='ltr'><strong>nimirum</strong></span> 
     </span>
    </p>
   </div>
   <div class='ocr_carea' id='block_1_106' title="bbox 1849 4580 3494 4654">
    <p class='ocr_par' dir='ltr' id='par_1_106' title="bbox 1849 4580 3494 4654">
     <span class='ocr_line' id='line_1_106' title="bbox 1849 4580 3494 4654; baseline 0 -16"><span class='ocrx_word' id='word_1_663' title='bbox 1849 4584 2046 4654; x_wconf 90' lang='lat' dir='ltr'><strong>risque</strong></span> <span class='ocrx_word' id='word_1_664' title='bbox 2069 4580 2160 4638; x_wconf 90' lang='lat' dir='ltr'><strong>sui</strong></span> <span class='ocrx_word' id='word_1_665' title='bbox 2183 4580 2468 4652; x_wconf 85' lang='lat' dir='ltr'><strong>dignitate</strong></span> <span class='ocrx_word' id='word_1_666' title='bbox 2491 4584 2710 4644; x_wconf 89' lang='lat' dir='ltr'><strong>careat,</strong></span> <span class='ocrx_word' id='word_1_667' title='bbox 2727 4596 3004 4651; x_wconf 90' lang='lat' dir='ltr'><strong>reamque</strong></span> <span class='ocrx_word' id='word_1_668' title='bbox 3037 4596 3098 4635; x_wconf 93' lang='lat' dir='ltr'><strong>se</strong></span> <span class='ocrx_word' id='word_1_669' title='bbox 3120 4581 3315 4637; x_wconf 88' lang='lat' dir='ltr'><strong>divino</strong></span> <span class='ocrx_word' id='word_1_670' title='bbox 3336 4582 3494 4652; x_wconf 85' lang='lat' dir='ltr'><strong>judi-</strong></span> 
     </span>
    </p>
   </div>
   <div class='ocr_carea' id='block_1_107' title="bbox 1851 4669 3494 4742">
    <p class='ocr_par' dir='ltr' id='par_1_107' title="bbox 1851 4669 3494 4742">
     <span class='ocr_line' id='line_1_107' title="bbox 1851 4669 3494 4742; baseline 0 -14"><span class='ocrx_word' id='word_1_671' title='bbox 1851 4673 1938 4728; x_wconf 91' lang='lat' dir='ltr'><strong>cio</strong></span> <span class='ocrx_word' id='word_1_672' title='bbox 1972 4672 2214 4727; x_wconf 84' lang='lat' dir='ltr'><strong>existere</strong></span> <span class='ocrx_word' id='word_1_673' title='bbox 2242 4671 2313 4725; x_wconf 92' lang='lat' dir='ltr'><strong>de</strong></span> <span class='ocrx_word' id='word_1_674' title='bbox 2345 4674 2672 4742; x_wconf 89' lang='lat' dir='ltr'><strong>perpetrata</strong></span> <span class='ocrx_word' id='word_1_675' title='bbox 2718 4669 3024 4740; x_wconf 89' lang='lat' dir='ltr'><strong>iniquitate</strong></span> <span class='ocrx_word' id='word_1_676' title='bbox 3082 4675 3411 4742; x_wconf 89' lang='lat' dir='ltr'><strong>cognoscat,</strong></span> <span class='ocrx_word' id='word_1_677' title='bbox 3437 4678 3494 4728; x_wconf 90' lang='lat' dir='ltr'><strong>et</strong></span> 
     </span>
    </p>
   </div>
   <div class='ocr_carea' id='block_1_108' title="bbox 1852 4757 3491 4829">
    <p class='ocr_par' dir='ltr' id='par_1_108' title="bbox 1852 4757 3491 4829">
     <span class='ocr_line' id='line_1_108' title="bbox 1852 4757 3491 4829; baseline -0.001 -13"><span class='ocrx_word' id='word_1_678' title='bbox 1852 4779 1886 4816; x_wconf 88' lang='lat' dir='ltr'><strong>a</strong></span> <span class='ocrx_word' id='word_1_679' title='bbox 1916 4759 2318 4816; x_wconf 86' lang='lat' dir='ltr'><strong>sacratissimo</strong></span> <span class='ocrx_word' id='word_1_680' title='bbox 2348 4773 2586 4829; x_wconf 91' lang='lat' dir='ltr'><strong>corpore</strong></span> <span class='ocrx_word' id='word_1_681' title='bbox 2617 4773 2682 4812; x_wconf 88' lang='lat' dir='ltr'><strong>ac</strong></span> <span class='ocrx_word' id='word_1_682' title='bbox 2713 4758 2999 4829; x_wconf 87' lang='lat' dir='ltr'><strong>sanguine</strong></span> <span class='ocrx_word' id='word_1_683' title='bbox 3028 4757 3126 4813; x_wconf 93' lang='lat' dir='ltr'><strong>Dei</strong></span> <span class='ocrx_word' id='word_1_684' title='bbox 3160 4763 3216 4814; x_wconf 91' lang='lat' dir='ltr'><strong>et</strong></span> <span class='ocrx_word' id='word_1_685' title='bbox 3261 4759 3491 4816; x_wconf 91' lang='lat' dir='ltr'><strong>Domini</strong></span> 
     </span>
    </p>
   </div>
   <div class='ocr_carea' id='block_1_109' title="bbox 1853 4846 3493 4922">
    <p class='ocr_par' dir='ltr' id='par_1_109' title="bbox 1853 4846 3493 4922">
     <span class='ocr_line' id='line_1_109' title="bbox 1853 4846 3493 4922; baseline 0.001 -17"><span class='ocrx_word' id='word_1_686' title='bbox 1853 4848 2258 4920; x_wconf 80' lang='lat' dir='ltr'><strong>Redemptoris</strong></span> <span class='ocrx_word' id='word_1_687' title='bbox 2289 4847 2470 4903; x_wconf 87' lang='lat' dir='ltr'><strong>nostri</strong></span> <span class='ocrx_word' id='word_1_688' title='bbox 2504 4848 2640 4902; x_wconf 84' lang='lat' dir='ltr'><strong>.lesu</strong></span> <span class='ocrx_word' id='word_1_689' title='bbox 2673 4846 2882 4901; x_wconf 89' lang='lat' dir='ltr'><strong>Christi</strong></span> <span class='ocrx_word' id='word_1_690' title='bbox 2917 4847 3106 4902; x_wconf 88' lang='lat' dir='ltr'><strong>aliena</strong></span> <span class='ocrx_word' id='word_1_691' title='bbox 3164 4848 3284 4915; x_wconf 85' lang='lat' dir='ltr'><strong>fiat,</strong></span> <span class='ocrx_word' id='word_1_692' title='bbox 3316 4853 3493 4922; x_wconf 89' lang='lat' dir='ltr'><strong>atque</strong></span> 
     </span>
    </p>
   </div>
   <div class='ocr_carea' id='block_1_110' title="bbox 1851 4935 3488 5007">
    <p class='ocr_par' dir='ltr' id='par_1_110' title="bbox 1851 4935 3488 5007">
     <span class='ocr_line' id='line_1_110' title="bbox 1851 4935 3488 5007; baseline 0.001 -15"><span class='ocrx_word' id='word_1_693' title='bbox 1851 4939 1910 4993; x_wconf 91' lang='lat' dir='ltr'><strong>in</strong></span> <span class='ocrx_word' id='word_1_694' title='bbox 1961 4944 2218 4992; x_wconf 75' lang='lat' dir='ltr'><strong>extremo</strong></span> <span class='ocrx_word' id='word_1_695' title='bbox 2275 4937 2540 4990; x_wconf 77' lang='lat' dir='ltr'><strong>examine</strong></span> <span class='ocrx_word' id='word_1_696' title='bbox 2595 4935 2870 4990; x_wconf 77' lang='lat' dir='ltr'><strong>districta-3</strong></span> <span class='ocrx_word' id='word_1_697' title='bbox 2934 4935 3139 4992; x_wconf 91' lang='lat' dir='ltr'><strong>ultioni</strong></span> <span class='ocrx_word' id='word_1_698' title='bbox 3172 4938 3488 5007; x_wconf 85' lang='lat' dir='ltr'><strong>subjaceat.</strong></span> 
     </span>
    </p>
   </div>
   <div class='ocr_carea' id='block_1_111' title="bbox 1850 5023 3495 5095">
    <p class='ocr_par' dir='ltr' id='par_1_111' title="bbox 1850 5023 3495 5095">
     <span class='ocr_line' id='line_1_111' title="bbox 1850 5023 3495 5095; baseline 0.001 -14"><span class='ocrx_word' id='word_1_699' title='bbox 1850 5026 2089 5082; x_wconf 88' lang='lat' dir='ltr'><strong>Cunctis</strong></span> <span class='ocrx_word' id='word_1_700' title='bbox 2145 5031 2339 5080; x_wconf 90' lang='lat' dir='ltr'><strong>autem</strong></span> <span class='ocrx_word' id='word_1_701' title='bbox 2391 5025 2577 5079; x_wconf 89' lang='lat' dir='ltr'><strong>eidem</strong></span> <span class='ocrx_word' id='word_1_702' title='bbox 2637 5023 2761 5079; x_wconf 92' lang='lat' dir='ltr'><strong>loco</strong></span> <span class='ocrx_word' id='word_1_703' title='bbox 2783 5025 2949 5095; x_wconf 90' lang='lat' dir='ltr'><strong>justa</strong></span> <span class='ocrx_word' id='word_1_704' title='bbox 3007 5025 3376 5082; x_wconf 89' lang='lat' dir='ltr'><strong>servantibus</strong></span> <span class='ocrx_word' id='word_1_705' title='bbox 3419 5029 3495 5083; x_wconf 64' lang='lat' dir='ltr'><strong>sit</strong></span> 
     </span>
    </p>
   </div>
   <div class='ocr_carea' id='block_1_112' title="bbox 1850 5113 3493 5188">
    <p class='ocr_par' dir='ltr' id='par_1_112' title="bbox 1850 5113 3493 5188">
     <span class='ocr_line' id='line_1_112' title="bbox 1850 5113 3493 5188; baseline 0.001 -17"><span class='ocrx_word' id='word_1_706' title='bbox 1850 5133 1963 5188; x_wconf 86' lang='lat' dir='ltr'><strong>pax</strong></span> <span class='ocrx_word' id='word_1_707' title='bbox 1993 5114 2224 5170; x_wconf 89' lang='lat' dir='ltr'><strong>Domini</strong></span> <span class='ocrx_word' id='word_1_708' title='bbox 2257 5113 2438 5169; x_wconf 88' lang='lat' dir='ltr'><strong>nostri</strong></span> <span class='ocrx_word' id='word_1_709' title='bbox 2493 5113 2631 5169; x_wconf 89' lang='lat' dir='ltr'><strong>Jesu</strong></span> <span class='ocrx_word' id='word_1_710' title='bbox 2685 5113 2920 5182; x_wconf 91' lang='lat' dir='ltr'><strong>Christi,</strong></span> <span class='ocrx_word' id='word_1_711' title='bbox 2955 5120 3246 5186; x_wconf 91' lang='lat' dir='ltr'><strong>quatenus</strong></span> <span class='ocrx_word' id='word_1_712' title='bbox 3293 5120 3350 5171; x_wconf 86' lang='lat' dir='ltr'><strong>et</strong></span> <span class='ocrx_word' id='word_1_713' title='bbox 3401 5116 3493 5172; x_wconf 92' lang='lat' dir='ltr'><strong>hic</strong></span> 
     </span>
    </p>
   </div>
   <div class='ocr_carea' id='block_1_113' title="bbox 1851 5202 3492 5277">
    <p class='ocr_par' dir='ltr' id='par_1_113' title="bbox 1851 5202 3492 5277">
     <span class='ocr_line' id='line_1_113' title="bbox 1851 5202 3492 5277; baseline -0.001 -17"><span class='ocrx_word' id='word_1_714' title='bbox 1851 5205 2106 5260; x_wconf 86' lang='lat' dir='ltr'><strong>fructum</strong></span> <span class='ocrx_word' id='word_1_715' title='bbox 2140 5204 2302 5258; x_wconf 84' lang='lat' dir='ltr'><strong>bonae</strong></span> <span class='ocrx_word' id='word_1_716' title='bbox 2335 5202 2580 5258; x_wconf 90' lang='lat' dir='ltr'><strong>actionis</strong></span> <span class='ocrx_word' id='word_1_717' title='bbox 2610 5202 2952 5274; x_wconf 89' lang='lat' dir='ltr'><strong>percipiant,</strong></span> <span class='ocrx_word' id='word_1_718' title='bbox 2986 5209 3042 5260; x_wconf 90' lang='lat' dir='ltr'><strong>et</strong></span> <span class='ocrx_word' id='word_1_719' title='bbox 3089 5205 3243 5277; x_wconf 90' lang='lat' dir='ltr'><strong>apud</strong></span> <span class='ocrx_word' id='word_1_720' title='bbox 3290 5204 3492 5258; x_wconf 90' lang='lat' dir='ltr'><strong>distri-</strong></span> 
     </span>
    </p>
   </div>
   <div class='ocr_carea' id='block_1_114' title="bbox 1850 5291 3484 5364">
    <p class='ocr_par' dir='ltr' id='par_1_114' title="bbox 1850 5291 3484 5364">
     <span class='ocr_line' id='line_1_114' title="bbox 1850 5291 3484 5364; baseline 0 -15"><span class='ocrx_word' id='word_1_721' title='bbox 1850 5298 2008 5350; x_wconf 90' lang='lat' dir='ltr'><strong>ctum</strong></span> <span class='ocrx_word' id='word_1_722' title='bbox 2060 5291 2318 5364; x_wconf 87' lang='lat' dir='ltr'><strong>judicem</strong></span> <span class='ocrx_word' id='word_1_723' title='bbox 2369 5291 2608 5362; x_wconf 62' lang='lat' dir='ltr'><strong>praemia</strong></span> <span class='ocrx_word' id='word_1_724' title='bbox 2663 5295 2890 5346; x_wconf 67' lang='lat' dir='ltr'><strong>aeternae</strong></span> <span class='ocrx_word' id='word_1_725' title='bbox 2949 5293 3107 5362; x_wconf 89' lang='lat' dir='ltr'><strong>pacis</strong></span> <span class='ocrx_word' id='word_1_726' title='bbox 3175 5291 3484 5349; x_wconf 86' lang='lat' dir='ltr'><strong>inveniant.</strong></span> 
     </span>
    </p>
   </div>
   <div class='ocr_carea' id='block_1_115' title="bbox 1848 5384 2054 5437">
    <p class='ocr_par' dir='ltr' id='par_1_115' title="bbox 1848 5384 2054 5437">
     <span class='ocr_line' id='line_1_115' title="bbox 1848 5384 2054 5437; baseline -0.015 0"><span class='ocrx_word' id='word_1_727' title='bbox 1848 5384 2054 5437; x_wconf 86' lang='lat' dir='ltr'><strong>Amen.</strong></span> 
     </span>
    </p>
   </div>
   <div class='ocr_carea' id='block_1_116' title="bbox 1922 5467 3489 5540">
    <p class='ocr_par' dir='ltr' id='par_1_116' title="bbox 1922 5467 3489 5540">
     <span class='ocr_line' id='line_1_116' title="bbox 1922 5467 3489 5540; baseline -0.002 -14"><span class='ocrx_word' id='word_1_728' title='bbox 1922 5471 2134 5526; x_wconf 87' lang='lat' dir='ltr'><strong>Datum</strong></span> <span class='ocrx_word' id='word_1_729' title='bbox 2162 5468 2412 5525; x_wconf 90' lang='lat' dir='ltr'><strong>Turonis</strong></span> <span class='ocrx_word' id='word_1_730' title='bbox 2435 5484 2537 5540; x_wconf 90' lang='lat' dir='ltr'><strong>per</strong></span> <span class='ocrx_word' id='word_1_731' title='bbox 2569 5483 2810 5523; x_wconf 90' lang='lat' dir='ltr'><strong>manum</strong></span> <span class='ocrx_word' id='word_1_732' title='bbox 2837 5467 3100 5535; x_wconf 86' lang='lat' dir='ltr'><strong>Joannis,</strong></span> <span class='ocrx_word' id='word_1_733' title='bbox 3127 5468 3181 5523; x_wconf 92' lang='lat' dir='ltr'><strong>S.</strong></span> <span class='ocrx_word' id='word_1_734' title='bbox 3217 5467 3489 5523; x_wconf 69' lang='lat' dir='ltr'><strong>Romanae</strong></span> 
     </span>
    </p>
   </div>
   <div class='ocr_carea' id='block_1_117' title="bbox 1850 5553 3485 5632">
    <p class='ocr_par' dir='ltr' id='par_1_117' title="bbox 1850 5553 3485 5632">
     <span class='ocr_line' id='line_1_117' title="bbox 1850 5553 3485 5632; baseline -0.003 -13"><span class='ocrx_word' id='word_1_735' title='bbox 1850 5557 2115 5619; x_wconf 78' lang='lat' dir='ltr'><strong>Ecclesiae</strong></span> <span class='ocrx_word' id='word_1_736' title='bbox 2157 5557 2384 5618; x_wconf 84' lang='lat' dir='ltr'><strong>diaconi</strong></span> <span class='ocrx_word' id='word_1_737' title='bbox 2424 5554 2844 5625; x_wconf 81' lang='lat' dir='ltr'><strong>cardinalis,1x</strong></span> <span class='ocrx_word' id='word_1_738' title='bbox 2870 5555 2992 5615; x_wconf 85' lang='lat' dir='ltr'><strong>Kal.</strong></span> <span class='ocrx_word' id='word_1_739' title='bbox 3024 5554 3261 5632; x_wconf 84' lang='lat' dir='ltr'><strong>Aprilis,</strong></span> <span class='ocrx_word' id='word_1_740' title='bbox 3285 5553 3485 5622; x_wconf 85' lang='lat' dir='ltr'><strong>indict.</strong></span> 
     </span>
    </p>
   </div>
  </div>
