3928 6208
430 315 553 375 Άῦὅ

1733 314 1800 379 Β.
1850 316 2076 381 URBA]

2190 320 2239 380 Il
2285 312 2541 382 PAPE.
3694 308 3795 390 in

438 465 516 516 IV,
539 464 697 505 anno
731 448 1040 505 Dominicis
1063 449 1485 505 Incarnationis
1508 452 1665 517 1096,
1706 451 2079 523 pontiﬁcatus
2106 454 2163 521 Α
2193 452 2332 508 Jesu
2353 453 2584 521 Christi,
2601 459 2889 524 quatenus
2912 457 2968 509 et
2989 453 3083 512 hic
3105 455 3358 511 fructum
3392 456 3554 515 bona
3580 458 3797 517 actionis

440 542 634 594 autem
659 538 881 594 domini
917 537 1134 596 Urbani
1166 538 1211 593 Il
1246 556 1405 610 papa:
1436 557 1534 596 vu.

1109 626 1421 682 CLXXXII.
1587 616 1596 621 ’

542 716 906 787 Privilegium
937 717 1141 773 Urbani
1171 718 1219 770 Il
1242 732 1343 787 pro
1371 715 1709 773 Marbacensi
1729 716 1971 773 ecclesia.

1056 805 1243 874 (Anno
1279 804 1456 875 1096).

745 892 908 964 [ϐαιι.
942 891 1143 948 Christ.
1176 908 1322 958 nov.,
1354 895 1396 946 t.
1430 891 1496 959 ν,
1530 909 1585 963 p.
1621 892 1766 961 474.)

501 978 776 1038 URBANUS
793 979 1125 1052 episcopus,
1147 995 1351 1035 servus
1384 996 1687 1035 servorum
1709 978 1831 1046 Dei,
1850 978 2078 1037 dilectis

434 1067 574 1124 ﬁliis
604 1068 663 1122 in
696 1066 1057 1125 Marbacensi
1089 1066 1333 1123 ecclesia
1363 1067 1703 1124 canonicam
1732 1068 1910 1123 vitam
1943 1084 2077 1139 pro-

432 1157 627 1223 fessis,
660 1172 981 1227 eorumque
1007 1156 1447 1212 successoribus
1475 1156 1533 1211 in
1564 1157 1768 1213 eadem
1799 1156 2077 1229 religione

436 1244 836 1316 permansuris
867 1245 921 1299 in
957 1250 1324 1316 perpetuum.

501 1332 814 1406 Religiosis
840 1334 1150 1389 desideriis
1182 1334 1427 1406 dignum
1457 1338 1548 1389 est
1578 1333 1803 1391 facilem
1822 1334 2075 1405 praebere

423 1438 805 1486 consensum,
840 1426 905 1477 ut
934 1422 1125 1478 ﬁdelis
1182 1424 1410 1479 devotio
1462 1422 1752 1479 celebrem
1797 1422 2076 1480 sortiatur

420 1510 713 1567 effectum.
747 1510 996 1567 Proinde
1053 1527 1162 1566 nos
1219 1510 1429 1567 vestris
1459 1526 1565 1582 per
1591 1510 1935 1567 familiarem
1968 1528 2069 1568 no-

420 1602 634 1665 strum,
666 1603 926 1653 vestrum
967 1602 1161 1654 autem
1223 1598 1601 1669 przspositum
1656 1598 2067 1671 Manegaldum

418 1687 698 1757 precibus
726 1691 1075 1751 abnuentes,
1120 1691 1239 1741 tam
1271 1704 1373 1741 vos
1404 1703 1581 1758 quam
1628 1691 1821 1744 vestra
1869 1688 2070 1742 omnia

417 1777 529 1829 sub
547 1774 791 1837 tuitiqne
813 1772 1142 1847 apostolica:
1174 1774 1330 1830 sedis
1360 1774 1702 1847 excipimus,
1737 1780 1794 1831 et
1822 1793 2068 1847 praesen-

417 1863 494 1918 tis
524 1862 807 1935 privilegii
832 1863 1182 1919 auctoritate
1215 1863 1537 1919 munimus.
1561 1865 1885 1919 Statuimus
1906 1864 2062 1921 enim

417 1957 482 2011 ut
512 1951 731 2008 nemini
765 1950 919 2011 inter
963 1968 1063 2006 vos
1086 1951 1445 2021 professione
1476 1952 1733 2008 exhibita
1764 1953 2062 2025 proprium

416 2039 555 2110 quid
588 2039 824 2105 habere,
858 2056 963 2095 nec
994 2040 1121 2095 sine
1154 2040 1451 2111 praepositi
1483 2045 1583 2096 aut
1614 2040 1739 2096 sine
1765 2041 2063 2097 communi

416 2128 883 2200 congregationis
913 2128 1151 2183 licentia
1181 2129 1251 2183 de
1282 2128 1557 2186 claustris
1595 2130 1889 2186 discedere
1920 2129 2061 2186 libe-

416 2234 548 2272 rum
571 2217 667 2274 sit.
692 2218 856 2283 Quod
876 2217 923 2273 si
950 2217 1292 2272 discesserit
1323 2223 1379 2273 et
1409 2218 1598 2273 redire
1624 2220 2060 2291 contempserit,

415 2305 729 2376 eiejusque
747 2305 1185 2361 successoribus
1215 2306 1459 2361 facultas
1487 2307 1862 2377 sitcjusmodi
1888 2307 2059 2362 ubili-

413 2393 509 2450 bet
538 2411 572 2448 a
595 2394 721 2449 suis
743 2393 1341 2460 ofﬁciisjnterdicere,
1357 2393 1730 2451 interdictum
1754 2412 1887 2452 vero
1907 2396 2060 2468 epis-

414 2499 691 2554 coporum
716 2482 801 2537 vel
825 2484 1105 2538 abbatum
1129 2482 1255 2539 sine
1278 2484 1406 2553 ejus
1426 2499 1713 2539 consensu
1738 2483 1937 2539 nullus
1959 2485 2058 2541 ab-

411 2570 619 2626 solvat.
651 2572 937 2628 Praaterea
961 2588 1064 2643 per
1092 2573 1395 2642 praesentis
1442 2571 1728 2644 privilegii
1786 2573 2059 2645 paginam

410 2657 731 2730 apostolica
759 2660 1101 2717 auctoritate
1131 2660 1470 2729 statuimus,
1495 2666 1559 2717 ut
1578 2676 1941 2734 quaecunque
1961 2664 2061 2721 bo-

410 2747 504 2802 die
534 2751 725 2803 vestra
754 2746 1005 2803 ecclesia
1030 2748 1192 2817 juste
1222 2748 1504 2819 possidet,
1527 2749 1646 2806 sive
1675 2750 1735 2805 in
1792 2751 2057 2808 futurum

411 2834 789 2890 concessione
837 2834 1204 2907 pontiﬁcum,
1227 2835 1577 2893 liberalitate
1608 2838 1941 2911 principum
1972 2840 2059 2897 vel

413 2922 707 2979 oblatione
739 2922 997 2979 ﬁdelium
1021 2925 1155 2993 jure
1186 2928 1361 2996 atque
1390 2927 1664 2982 canonice
1693 2928 1904 2998 poterit
1932 2929 2056 2985 adi-

409 3010 576 3082 pisci,
596 3012 765 3067 ﬁrma
781 3011 944 3067 vobis
957 3012 1283 3079 vestrisque
1299 3014 1809 3070 successoribuset
1835 3014 2057 3074 illibata

413 3105 810 3170 permaneant.
829 3100 1209 3156 Decernimus
1222 3117 1359 3173 ergo
1374 3106 1439 3157 ut
1455 3101 1598 3157 nulli
1621 3104 1859 3160 omnino
1874 3105 2055 3161 homi-

2198 542 2537 613 percipiant,
2571 547 2629 598 et
2684 544 2838 616 apud
2899 543 3232 600 districtum
3280 544 3539 616 judicem
3589 549 3797 619 premis

2192 635 2417 686 aeterna:
2443 630 2599 703 pacis
2632 631 2947 688 inveniant.
2977 633 3185 699 Amen,
3218 649 3410 701 amen,
3444 650 3629 691 amen.

2263 718 2473 773 Datum
2504 720 2756 775 Turonis
2788 737 2891 793 per
2920 737 3161 777 manum
3190 720 3454 790 Joannis,
3479 726 3681 779 sancta
3699 724 3791 782 Ro-

2190 821 2375 861 manae
2432 806 2703 863 Ecclesiae
2757 808 2985 864 diaconi
3018 808 3353 877 cardinalis,
3385 825 3443 865 Ix
3473 810 3589 867 Kal.
3615 813 3792 885 April.,

2189 894 2397 961 indict,
2430 912 2507 964 ιν,
2540 913 2692 952 anno
2713 896 3027 953 Dominicss
3049 897 3641 969 lnoarnationileOG,
3668 917 3793 973 pon-

2188 981 2447 1040 tiﬁcatus
2474 989 2668 1040 autem
2699 984 2900 1040 domni
2932 984 3145 1041 Urbani
3177 985 3223 1043 II
3255 1002 3419 1058 papa:
3445 1004 3515 1043 ιι.

2826 1107 3167 1164 CLXXXIII.

2331 1196 2575 1252 Urbanus
2606 1197 2658 1252 11
2680 1199 3001 1253 monasterii
3030 1197 3362 1254 Corbeiensis
3392 1199 3671 1270 privilegia

2835 1270 3143 1339 conﬁrmat.

2795 1358 2985 1426 (Anno
3016 1358 3203 1427 1096.)

2481 1446 2773 1515 [ΜΑθῐιι.,
2798 1446 2999 1501 Annal.
3033 1445 3231 1502 Bened.
3263 1444 3334 1514 V,
3364 1446 3510 1513 372.]

2827 1551 3151 1607 CLXXXIV.

2177 1640 2198 1662 "
2231 1640 2484 1707 Gerardo,
2517 1656 2651 1696 novo
2702 1640 2887 1695 abbati
2916 1641 3236 1695 monasterii
3262 1639 3323 1695 S.
3351 1640 3529 1696 Mauri
3577 1638 3782 1697 Glanna-

2264 1716 2514 1785 foliensis
2540 1734 2568 1762 ‹‹
2601 1713 3007 1782 amplissimum
3032 1711 3391 1782 privilegium
3418 1711 3661 1767 concedit.
3692 1734 3717 1762 ιο

2796 1803 2983 1871 (Anno
3016 1802 3197 1871 1096.)

2439 1890 2525 1963 [1).
2562 1890 2841 1957 Romam,
2881 1890 2997 1943 Vita
3033 1889 3257 1957 Urbani,
3292 1906 3349 1961 p.
3381 1888 3533 1960 254.)

2841 2012 3141 2069 CLXXXV.

2173 2107 2234 2159 In
2282 2104 2511 2160 concilio
2544 2102 2841 2157 Turonensi
2893 2103 3321 2157 controversiam
3368 2104 3508 2158 inter
3532 2101 3778 2157 canonicos

2244 2174 2281 2230 S
2334 2175 2571 2229 Martini
2598 2182 2647 2227 et
2692 2173 2980 2227 monachos
3036 2176 3522 2242 Cormeriacenses,
3546 2172 3779 2242 commit

2247 2246 2517 2309 Urbanus,
2550 2245 2815 2299 sententia
2844 2243 3139 2298 secundum
3184 2249 3477 2300 canonicos
3510 2238 3619 2297 lata
3646 2238 3663 2295 Ξ
3687 2256 3795 2312 qua

2239 2318 2430 2374 statuit
2475 2324 2535 2371 ut
2590 2316 2806 2371 abbate:
2866 2316 3330 2372 Cormeriacenses
3361 2316 3604 2372 baculum
3623 2320 3775 2384 peste-

2240 2389 2413 2444 ralem
2461 2387 2526 2442 de
2553 2386 2799 2457 sepulcro
2829 2386 2885 2441 S.
2918 2386 3164 2456 Martini,
3197 2387 3482 2443 communi
3526 2384 3700 2440 decani
3726 2389 3776 2436 et

2238 2459 2470 2530 capituli
2481 2459 2643 2529 jussu
2671 2460 2911 2511 sumant.

2780 2546 2967 2615 (Anno
3000 2546 3182 2617 1096.)

2594 2636 2826 2703 [ΜΑΝει,
2851 2634 3054 2691 Concil.
3088 2635 3201 2703 XX,
3233 2636 3386 2706 926.]

2240 2726 2515 2781 Uasaxus
2546 2724 2877 2797 cpiscopus,
2912 2741 3113 2780 servus
3139 2739 3440 2781 servorum
3473 2720 3589 2779 Dei.

2238 2831 2541 2898 Querelam
2620 2832 2692 2886 de
2748 2829 3172 2886 Cormaricensi
3217 2830 3479 2887 cmnobio
3532 2828 3672 2883 inter
3717 2823 3767 2878 Β.

2167 2920 2400 2976 Martini
2432 2918 2743 2975 canonicos
2776 2922 2832 2974 et
2875 2917 3036 2973 illius
3066 2917 3174 2973 loci
3221 2917 3539 2975 monachos
3580 2911 3773 2970 diutius

2165 3007 2734 3082 agitatam,qualiter
2754 3007 2812 3062 in
2836 3012 3150 3078 conspectu
3175 3012 3400 3075 nostro,
3430 3001 3769 3074 archiepisco-

2164 3114 2372 3169 porum
2400 3097 2797 3168 abbatumque
2807 3095 3033 3167 judicio
3054 3095 3296 3151 deﬁnita
3317 3095 3394 3151 sit
3421 3093 3494 3150 ad
3510 3095 3769 3148 utrorum-

407 3205 439 3241 η
452 3204 545 3249 υω
564 3187 734 3243 liceat
745 3189 1010 3245 eamdem
1028 3188 1343 3246 Ecclesium
1357 3194 1573 3247 temere
1586 3194 2055 3265 perturbareﬁut
2084 3176 2128 3243 C
2166 3201 2278 3258 que
2323 3184 2578 3257 quietem
2604 3187 2963 3255 perpetuam,
2977 3186 3187 3240 nostrae
3205 3179 3564 3240 auctoritatis
3590 3173 3767 3232 litteris

407 3276 536 3346 ejus
568 3277 969 3348 possessiones
1000 3278 1251 3346 auferre,
1273 3278 1362 3333 vel
1394 3278 1618 3335 ablatas
1650 3282 1917 3350 retinere,
1948 3284 2053 3338 mi-

407 3378 605 3430 nuere,
638 3362 726 3418 vel
786 3364 1114 3420 temerariis
1167 3364 1570 3422 vexationibus
1630 3368 1907 3441 fatigare;
1949 3371 2051 3427 sed

407 3450 606 3515 omnia
664 3451 892 3525 integra
937 3458 1352 3510 conserventur
1381 3470 1605 3521 eorum,
1638 3474 1743 3528 pro
1801 3475 2051 3530 quorum

406 3540 832 3597 sustentatione
852 3544 909 3597 et
932 3542 1355 3614 gubernatione
1370 3560 1649 3601 concessa
1668 3550 1826 3613 sunt,
1843 3548 2051 3604 usibus

404 3629 759 3687 omnimodis
778 3629 1104 3701 profutura.
1122 3631 1206 3686 Ad
1229 3630 1351 3687 haec
1375 3632 1717 3704 adjicientes
1732 3636 2051 3693 statuimus

407 3723 469 3780 ut
529 3716 727 3783 nullus
783 3717 947 3774 vobis
1003 3718 1274 3775 violentia
1336 3718 1422 3775 vel
1454 3722 1673 3777 astutia
1701 3722 1963 3794 qualibet
1992 3724 2051 3779 in

407 3806 787 3878 praepositum
818 3806 1228 3873 constituatur,
1254 3806 1364 3863 nisi
1396 3824 1571 3879 quem
1603 3809 1810 3867 fratres
1848 3828 2053 3869 omnes

403 3893 704 3959 communi
727 3910 1042 3959 consensu,
1059 3894 1146 3949 vel
1168 3896 1415 3950 fratrum
1447 3913 1582 3967 pars
1604 3899 1830 3953 consilii
1857 3902 2052 3958 sanio-

406 3982 486 4045 ris
515 3981 842 4039 secundum
880 3981 974 4037 Dei
1006 3983 1277 4038 timorem
1309 3982 1658 4055 regulariter
1696 3987 2056 4057 providerint

403 4070 764 4142 eligendum;
780 4068 1261 4137 cbrisma,oleum
1276 4076 1545 4128 sanctum
1551 4114 1570 4142 ,
1585 4076 2052 4135 consecrationes

403 4156 682 4213 altarium
715 4158 837 4214 sive
861 4157 1258 4227 basilicarum,
1286 4160 1683 4218 ordinationes
1708 4162 2050 4224 clericorum

402 4247 476 4300 ab
499 4244 770 4318 episcopo
792 4245 849 4301 in
877 4248 1048 4318 cujus
1072 4247 1307 4303 dicacesi
1338 4248 1499 4316 estis,
1525 4250 1842 4324 accipietis,
1866 4254 2049 4327 siqui-

401 4335 535 4390 dem
567 4335 816 4408 gratiam
847 4342 1023 4409 atque
1046 4337 1521 4393 communionem
1543 4341 1870 4411 apostolicis
1891 4344 2049 4402 sedis

402 4422 691 4490 habuerit,
720 4430 778 4482 et
834 4425 885 4481 si
916 4443 984 4482 ea
1013 4425 1196 4497 gratis
1227 4442 1293 4481 ac
1322 4425 1448 4482 sine
1477 4427 1757 4500 pravitate
1804 4431 2051 4490 voluerit

401 4512 693 4607 exhibere,
749 4513 1008 4607 alioquin
1036 4514 1235 4607 liceat
1264 4515 1427 4607 vobis
1471 4516 1823 4576 catholicum
1873 4539 2045 4593 quem
2079 4543 2126 4607 ι)

401 4601 729 4667 malueritis
753 4603 911 4659 adire
928 4604 1126 4659 antisti
1137 4608 1338 4670 tem,et
1356 4604 1430 4660 ab
1455 4621 1522 4661 eo
1544 4610 2047 4667 consecrationum

406 4696 777 4763 sacramenta
821 4690 1140 4763 suscipere.
1173 4692 1231 4747 Si
1290 4709 1408 4764 qua
1462 4711 1602 4750 sane
1656 4698 2047 4756 ecclesiastica

397 4780 763 4839 sxacularisve
812 4797 1083 4853 persona,
1143 4780 1294 4836 hanc
1355 4787 1563 4838 nostrze
1610 4787 2045 4845 constitutionis

397 4868 672 4940 paginam
733 4869 946 4935 sciens,
1000 4875 1205 4924 contra
1270 4886 1401 4927 eam
1457 4872 1651 4929 venire
1718 4877 2043 4948 tentaverit,

397 4958 654 5013 secundo
713 4958 953 5014 tertiove
1003 4960 1379 5027 commonita,
1410 4962 1458 5017 si
1491 4979 1605 5018 non
1646 4964 2046 5022 satisfactione

398 5061 660 5117 congrua
716 5047 1134 5115 emendaverit,
1184 5050 1486 5120 potestatis
1546 5050 1902 5125 honorisque
1951 5055 2043 5111 sui

395 5134 676 5206 dignitate
696 5139 1201 5208 careat,reamque
1222 5153 1284 5194 se
1304 5138 1499 5196 divino
1525 5139 1754 5211 judicio
1793 5142 2043 5201 existere

394 5222 465 5276 dc
495 5227 826 5294 perpetrata
860 5223 1169 5295 iniquitate
1198 5233 1535 5299 cognoscat,
1559 5234 1618 5284 et
1645 5246 1679 5284 a
1707 5229 2039 5287 sacratissi-

396 5326 493 5365 mo
522 5325 765 5384 corpore
794 5316 851 5367 et
881 5314 1167 5385 sanguine
1193 5316 1290 5371 Dei
1333 5321 1391 5372 et
1424 5316 1649 5373 Domini
1686 5316 2035 5390 Redempto-

395 5399 476 5453 ris
499 5399 842 5456 nostri'Jesu
866 5401 1075 5458 Christi
1124 5403 1316 5460 aliena
1335 5404 1456 5471 ﬁat,
1480 5409 1657 5475 atque
1688 5405 1748 5459 in
1778 5410 2039 5467 extremo

392 5487 661 5545 examine
682 5488 954 5546 districta;
988 5491 1199 5550 ultioni
1224 5493 1556 5564 subiaceat;
1584 5493 1809 5551 cunctis
1838 5499 2036 5555 autem

390 5574 579 5649 eidem
604 5573 727 5637 loco
747 5578 911 5661 justa
939 5581 1312 5643 servantibus
1343 5580 1419 5642 sit
1446 5579 1821 5657 pax'Domini
1851 5586 2035 5650 nostri

2160 3272 2535 3348 praecipimus
2555 3272 2975 3330 adnotandum.
3004 3271 3191 3328 Lectis
3219 3273 3380 3329 enim
3408 3269 3469 3327 in
3489 3266 3762 3348 conspectu

2161 3347 2394 3434 publico
2411 3362 2473 3416 B.
2498 3360 2730 3417 Martini
2755 3359 3095 3434 privilegiis,
3123 3360 3313 3433 ipsius
3343 3358 3518 3415 etiam
3545 3347 3760 3411 emnobii

2160 3450 2579 3515 monumentis,
2596 3449 2992 3523 patuitlocum
3025 3447 3193 3504 illum
3216 3465 3288 3505 ex
3325 3442 3657 3520 supradictis
3684 3452 3760 3493 ec-

2159 3539 2347 3595 clesiae
2365 3538 2694 3611 stipendiis,
2710 3537 3123 3594 canonicorum
3140 3537 3406 3609 ipsorum
3417 3526 3765 3591 studiofuisse

2158 3626 2530 3683 aediﬁcatum.
2555 3627 2665 3693 Qui
2682 3630 2885 3698 postea
2894 3642 2999 3698 per
3014 3626 3488 3699 Andegavensem
3508 3615 3764 3676 comitem,

2159 3715 2467 3773 advocatiae
2489 3732 2590 3773 seu
2640 3714 2996 3771 defensionis
3048 3715 3372 3781 occasione,
3404 3729 3472 3769 ex
3490 3701 3762 3766 canonico.

2160 3821 2291 3863 rum
2316 3808 2600 3877 potestate
2630 3804 2899 3860 sublatus
2930 3808 3037 3859 est.
3070 3807 3146 3858 Ex
3169 3799 3593 3859 considentium
3619 3790 3767 3863 igitur

2162 3895 2410 3949 fratrum
2443 3893 2542 3965 qui
2569 3892 2876 3948 nobiscum
2909 3892 3162 3948 Turonis
3193 3893 3266 3948 ad
3297 3881 3671 3949 ecclesiastica
3691 3889 3767 3976 ue-

2161 3981 2319 4055 gotia
2349 3981 2605 4036 ﬁnienda
2632 3986 3041 4051 convenerant,
3060 3979 3480 4037 deliberatione
3508 3977 3674 4042 atque
3691 3978 3767 4035 δυ’

2161 4070 2333 4140 dicio,
2364 4068 2819 4126 Cormaricensis
2870 4069 3052 4125 abbas
3109 4068 3321 4138 Guido,
3354 4060 3763 4149 baculumunfln

2160 4161 2425 4217 ordinate
2481 4163 2779 4232 acceptum
2814 4163 2878 4214 B.
2912 4158 3144 4214 Martini
3177 4155 3471 4215 canonicis
3524 4140 3761 4232 reddidit-

2160 4250 2265 4316 Qui
2309 4266 2443 4305 mox
2492 4229 2670 4321 super
2717 4249 2779 4305 Β.
2822 4248 3056 4305 Martini
3088 4248 3383 4304 tumulum
3412 4229 3761 4323 positusesici

2158 4342 2361 4410 postea
2388 4341 2583 4394 tamen
2607 4353 2677 4393 ex
2706 4337 2910 4393 eodem
2933 4335 3161 4392 tumulo
3191 4338 3380 4393 eidem
3411 4324 3618 4390 abbati,
3648 4327 3763 4410 qm}

2157 4404 2440 4500 religiosae
2471 4425 2929 4482 conversationis
2960 4425 3304 4493 habebatur,
3336 4418 3631 4479 restitutus
3669 4404 3757 4460 est.
3790 4418 3793 4423 ν

2156 4517 2440 4587 Perpetuo
2471 4513 2669 4586 itaque
2698 4513 2925 4570 decreto
2956 4518 3149 4569 ratum
3171 4530 3301 4570 esse
3330 4501 3762 4587 praecepimus”
3790 4522 3793 4531 ·

2158 4584 2431 4675 deinceps
2466 4603 2524 4658 in
2556 4584 2976 4659 Cormaricensi
3024 4602 3284 4658 coenobio
3334 4584 3497 4656 aliter
3542 4584 3759 4675 eliS‘l‘m

2158 4708 2335 4765 quam
2363 4672 2426 4746 in
2449 4690 2799 4763 supradicta:
2820 4688 3076 4747 ecclesia:
3113 4687 3411 4763 privilegio
3440 4672 3754 4774 contingit-lf-

2154 4780 2385 4836 Electus
2408 4784 2602 4835 autem
2634 4778 2971 4851 supradicto
2999 4784 3200 4836 tenore
3231 4780 3301 4836 de
3325 4782 3387 4832 B.
3421 4766 3653 4828 Martini.
3683 4766 3756 4808 se-

2157 4868 2359 4942 pulcro
2380 4866 2655 4923 baculum
2681 4870 2877 4923 sumat
2905 4884 2919 4923 :
2943 4867 3081 4923 item
3106 4868 3377 4924 defuncto
3395 4857 3613 4922 abbo“:
3634 4855 3760 4942 59m:

2156 4939 2257 5030 per
2273 4957 2346 5012 ad
2376 4956 2647 5013 eumdem
2680 4955 2874 5011 locum
2904 4956 3154 5012 baculus
3185 4956 3484 5013 referatur,
3516 4945 3579 4997 ut
3606 4939 3756 5030 super

2153 5028 2254 5103 illa
2273 5046 2651 5103 sanctissima
2662 5044 3016 5102 confessoris
3027 5044 3328 5118 apostolici
3344 5033 3613 5097 membra,
3626 5028 3753 5118 αἶψ’

2151 5136 2318 5192 muni
2348 5134 2551 5191 decani
2583 5139 2640 5190 et
2670 5132 2910 5207 capituli
2933 5108 3135 5206 jussu,
3157 5135 3391 5208 signum
3411 5118 3551 5181 illud
3580 5108 3749 5208 Pa“:

2150 5224 2290 5281 ralis
2311 5223 2613 5297 regiminis
2636 5238 2866 5295 semper
2885 5223 3209 5295 accipiatur
3231 5240 3244 5278 :
3270 5200 3751 5305 salvoTIaroneIlﬂﬂ:8

2149 5291 2569 5385 archiepiscopi
2584 5313 2740 5384 jure,
2766 5291 2923 5385 quod
2944 5291 3031 5367 in_
3048 5312 3278 5368 abbatis
3307 5291 3744 5385 ordinatione

2147 5403 2408 5459 cundum
2431 5376 2802 5458 communem
2832 5399 3100 5456 Ecclesia:
3121 5376 3745 5483 consuetudinemffz

2147 5492 2397 5549 cendum
2419 5495 2525 5546 est.
2542 5489 2600 5545 Si
2616 5488 2750 5562 quis
2763 5473 3529 5547 sancteconstitutionibuic

2145 5583 2251 5654 ire,
2270 5586 2328 5642 et
2366 5545 2801 5647 Cormaricense
2830 5579 3159 5639 coenobium
3184 5572 3433 5638 ecclesiae
3453 5564 3510 5623 Β.
3541 5545 3740 5615 Martia!
