3928 6208
175 248 268 320 uti?

1342 247 1746 312 EPISTOLE.
1788 246 1888 310 ET
1927 247 2401 312 PRIVILEGIA.

177 382 500 439 subtrahere
522 383 853 451 tentaverit,
871 383 1201 456 apostolicae
1235 382 1652 454 indignationis
1683 381 1803 454 gla-
1837 382 1884 448 Α
1920 382 2132 436 itorum
2183 382 2360 453 igitur
2405 381 2605 453 gratiae
2652 382 3095 453 respondentes,
3121 385 3183 438 et
3227 381 3558 438 futurorum

175 472 252 528 dio
276 475 335 526 et
369 471 562 527 sancti
597 471 850 544 Spiritus
873 472 1098 542 judicio
1133 471 1391 527 feriatur.

227 560 468 633 Signum
503 560 722 616 Urbani
757 577 938 633 papae.

230 647 471 720 Signum
504 648 768 721 Hugonis
800 648 1209 721 Lugdunensis
1253 645 1696 720 archiepiscopi.

227 736 468 808 Signum
501 736 800 809 Radulphi
829 736 1187 793 Turonensis
1217 733 1659 809 archiepiscOpi.

229 825 468 898 Signum
503 823 791 881 Guidonis
822 825 1172 882 Viennensis
1212 822 1659 897 archiepiscopi.

224 913 466 987 Signum
497 913 821 974 Hildeberti
851 914 1237 971 Bituricensis
1265 911 1709 985 archiepiscopi.

223 1003 468 1076 Signum
498 1001 692 1058 Amati
725 1003 1176 1076 Burdegalejnsis
1207 1000 1648 1074 archiepiscopi.

222 1091 468 1164 Signum
500 1090 789 1156 Heuzonis
819 1091 1150 1148 cardinalis.

217 1178 465 1252 Signum
499 1178 719 1236 Alberti
754 1178 1089 1236 cardinalis.

214 1267 462 1342 Signum
495 1267 757 1340 Gregorii
794 1268 1130 1324 cardinatis.

217 1356 466 1430 Signum
500 1355 691 1412 lvonis
723 1355 1104 1413 Carnutensis
1135 1355 1410 1428 episcopi.

216 1445 465 1517 Signum
500 1443 754 1502 Goll‘redi
781 1445 1214 1518 Andegavensis
1243 1443 1520 1518 episcopi.

215 1533 466 1606 Signum
495 1531 680 1588 Hoelli
711 1534 1168 1590 Cenomanensis
1197 1533 1475 1605 episcopi.

213 1622 465 1693 Signum
495 1621 757 1679 Morvani
790 1621 1136 1677 Venetensis
1166 1621 1444 1694 episcopi.

208 1710 460 1783 Signum
491 1709 785 1766 Benedicti
816 1709 1062 1765 Nannet.
1095 1710 1375 1782 episcom.

211 1799 464 1870 Signum
498 1797 794 1854 Guillelmi
827 1798 1209 1854 Arvernensis
1239 1798 1516 1870 episcopi.

209 1888 462 1960 Signum
493 1887 785 1942 Brunonis
815 1885 1138 1958 Signiensis
1168 1887 1446 1959 episcopi.

205 1979 460 2049 Signum
490 1973 754 2032 Marbodi
787 1975 1190 2032 Rbedonensis
1221 1974 1410 2031 electi.

206 2065 462 2139 Signum
489 2063 915 2121 monachorum
945 2063 1501 2132 Cormaricensium,
1539 2063 1795 2122 Simonis

133 2155 376 2228 prioris,
407 2152 689 2208 Bernerii.

203 2243 462 2316 Signum
491 2240 811 2298 Burcbardi
842 2241 1212 2314 precentoris
1243 2241 1302 2297 S.
1329 2241 1585 2298 Martini.

203 2333 462 2405 Signum
492 2327 783 2385 Fulcherii
813 2330 1132 2403 praepositi.

203 2422 461 2494 Signum
489 2418 746 2475 Matthaai
775 2419 1094 2492 praepositi.

201 2509 459 2582 Signum
486 2507 749 2564 Sichardi
782 2507 1094 2580 praepositi.

199 2598 457 2670 Signum
487 2595 802 2652 Alexandri
832 2596 1200 2653 subdiaconi.

196 2691 418 2744 Datum
451 2684 701 2741 Pictavis
735 2700 837 2757 per
885 2701 1126 2741 manum
1173 2686 1439 2752 Joannis,
1492 2687 1550 2742 S.
1607 2686 1674 2741 R.
1725 2687 1788 2743 Ε.

122 2775 368 2833 diaconi
400 2773 737 2841 cardinalis,
770 2790 833 2828 ιιι
861 2773 1157 2830 Kalendas
1184 2773 1423 2846 Aprilis,
1474 2773 1792 2831 indictione

117 2882 197 2934 ιν,
235 2880 399 2922 anno
434 2861 662 2920 Domini
700 2862 858 2931 1096,
893 2863 1271 2935 pontiﬁcatus
1293 2863 1689 2937 Urbanipapaa
1712 2881 1787 2920 IX.

116 3077 346 3137 Urbani
400 3076 452 3131 II
487 3074 716 3147 cpistola
745 3073 814 3147 ad
843 3076 1128 3147 canonicos
1160 3076 1214 3130 S.
1259 3077 1486 3132 Martini
1516 3077 1785 3132 Turonen-

561 3148 657 3201 sis.
683 3176 749 3187 —
781 3145 978 3202 Contra
999 3146 1357 3203 Simouiacos.

762 3252 950 3322 (Anno
979 3252 1164 3322 4096.)

564 3357 794 3429 [ΜΑκεῃ
832 3357 1034 3414 Concil.
1069 3359 1178 3427 ΧΧ,
1211 3359 1360 3429 658.]

192 3480 486 3536 UBBANUS
518 3480 830 3552 episcopus
861 3498 1064 3538 servus
1093 3499 1394 3539 servorum
1426 3482 1528 3539 Dei
1559 3481 1789 3539 dilectis

113 3568 267 3626 ﬁliis
301 3567 568 3624 ecclesiae
600 3572 660 3624 Β.
692 3568 922 3625 Martini
944 3569 1240 3627 canonicis
1262 3575 1381 3626 tam
1404 3571 1790 3643 praesentibus

113 3673 313 3729 quam
346 3654 568 3712 futuris
597 3655 659 3710 in
691 3660 1058 3730 perpetuum.

191 3745 501 3802 Bonorum
532 3744 799 3800 omnium
831 3744 1089 3819 largitori
1130 3747 1241 3802 Deo
1269 3747 1492 3819 gratias
1533 3749 1786 3822 agimus,

112 3833 637 3906 quidevotionem
661 3837 925 3890 nostram
971 3835 1043 3891 ad
1093 3835 1155 3891 B.
1209 3835 1442 3892 Martini
1491 3836 1788 3894 tumulum

111 3923 496 3979 visitandum
528 3939 639 3978 sua
669 3921 1047 3979 miseratione
1079 3924 1371 3995 perduxit.
1401 3926 1549 3992 Quia
1569 3943 1702 3982 vero
1729 3925 1788 3982 in

114 4011 400 4082 ejusdem
431 4010 587 4068 beati
621 4011 972 4068 confessoris
1001 4012 1244 4070 ecclesia
1266 4015 1626 4070 consuetudo
1654 4031 1787 4088 pra-

114 4099 330 4158 vitatis
346 4100 643 4171 ejusmodi
660 4099 973 4156 inoleverat
994 4106 1060 4156 ut
1077 4101 1326 4158 honores
1343 4120 1448 4159 seu
1467 4103 1788 4176 praebendas

114 4205 339 4245 omnes
372 4188 561 4261 pretio
602 4189 1062 4260 acquirerentur,
1114 4208 1221 4247 nos
1275 4191 1470 4248 locum
1518 4196 1789 4250 sanctum

115 4278 456 4336 emundare
488 4277 560 4333 ab
592 4277 700 4333 hac
729 4282 891 4351 peste
921 4279 1262 4340 exsecrabili
1301 4280 1623 4352 cupientes,
1653 4281 1787 4338 reli-

115 4366 332 4439 giosos
345 4365 500 4422 viros
523 4365 596 4440 ad
617 4368 1119 4438 praemonitionem
1140 4373 1402 4425 nostram
1427 4369 1790 4426 decrevimus

1917 487 2078 543 spem
2114 471 2281 543 longe
2316 469 2614 526 meliorem
2645 473 2946 542 gerentes;
2970 470 3292 527 secundum
3343 471 3561 544 praede-

1915 575 2214 616 cessorum
2248 565 2582 616 nostrorum
2612 559 2888 616 Romane
2919 557 3185 618 Ecclesia
3215 558 3558 630 pontiﬁcum

1914 648 2237 721 privilegia,
2264 666 2366 704 vos
2395 649 2454 702 in
2487 647 2821 720 spirituales
2852 646 3007 704 ﬁlios
3029 645 3365 720 .aposmlinaa
3402 646 3565 707 sedis

1914 738 2368 810 assumpsimus,
2400 741 2458 793 et
2480 737 2684 794 eadem
2711 735 3054 794 auctoritate
3076 735 3400 795 statuimus
3431 733 3562 795 nul-

1912 824 2037 882 lum
2066 827 2436 898 pontificum,
2467 825 2695 882 nullum
2726 841 2952 897 regum,
2994 824 3227 886 nullum
3272 825 3564 898 cujusque

1911 914 2213 986 dignitatis
2247 918 2348 970 aut
2379 913 2620 983 ordinis,
2671 919 2881 986 preter
2921 914 3271 988 praepositos
3313 917 3560 983 vestros,

1911 1003 1969 1058 in
2002 1007 2192 1059 vestra
2222 1003 2477 1059 Ecclesia
2505 1003 2592 1059 vel
2619 1004 2749 1074 ejus
2796 1001 3164 1075 pertinentiis
3212 1007 3559 1076 potestatem

1909 1096 2012 1147 aut
2043 1091 2369 1147 dominium
2400 1107 2685 1160 exercere,
2713 1095 2780 1146 ut
2808 1092 3082 1148 Romanis
3120 1091 3388 1149 Ecclesia
3411 1109 3558 1166 pra:-

1908 1185 2075 1252 cepta
2094 1183 2391 1236 servantes
2410 1180 2680 1242 Romanis
2702 1178 2972 1240 Ecclesia
2987 1179 3268 1246 libertate.
3277 1184 3558 1254 perpetua

1907 1269 2232 1341 gaudeatis,
2284 1268 2442 1325 salvo
2489 1268 2770 1324 nimirum
2807 1270 2941 1340 jure
2982 1284 3088 1324 seu
3131 1269 3555 1326 consuetudine

1909 1375 2087 1429 quam
2118 1357 2403 1414 hactenus
2434 1375 2572 1429 erga
2598 1373 2700 1414 vos
2743 1357 3104 1414 Turonensis
3152 1357 3417 1414 noscitur
3459 1374 3554 1414 ar-

1906 1446 2313 1518 chiepiscOpus
2344 1445 2642 1501 habuisse.

1976 1535 2346 1606 Quaecunque
2375 1535 2556 1607 igitur
2584 1533 2934 1591 venerabilis
2965 1533 3065 1589 illa
3095 1534 3158 1590 B.
3189 1533 3424 1590 Martini
3457 1549 3554 1589 ec-

1905 1623 2082 1679 clesia
2111 1623 2369 1696 legitimo
2390 1625 2524 1694 jure
2553 1622 2642 1678 vel
2691 1622 3033 1693 pontiﬁcum
3083 1620 3415 1689 collatione,
3462 1620 3554 1678 vel

1825 1746 1871 1812 Β
1907 1728 2107 1811 regum
2139 1716 2196 1767 et
2224 1711 2557 1812 principum
2589 1710 2956 1812 libneralitate,
2989 1709 3077 1767 vel
3110 1709 3370 1812 ﬁdelium
3391 1710 3555 1810 obta-

1900 1801 2056 1856 tione
2089 1801 2367 1872 possidet,
2400 1816 2502 1856 seu
2545 1800 2603 1854 in
2657 1800 2920 1856 futurum
2957 1803 3274 1873 praestante
3314 1799 3552 1858 domino

1895 1890 2055 1959 juste
2084 1889 2294 1960 poterit
2324 1893 2381 1943 et
2409 1887 2685 1944 canonice
2713 1886 2981 1959 adipisci,
3015 1887 3186 1943 ﬁrma
3205 1887 3366 1964 vobis
3388 1903 3550 1950 sem-

1903 1992 2007 2048 per
2037 1982 2093 2032 et
2122 1976 2344 2032 illibata
2375 1974 3550 2049 permaneant.Nullusinvillis,autman-

1903 2063 2190 2132 sionibus,
2225 2063 2344 2120 sive
2375 2064 2700 2132 territoriis,
2741 2063 2860 2121 sive
2911 2063 3190 2130 ecclesiis,
3227 2069 3344 2126 aut
3380 2064 3552 2142 pagis

1904 2153 1976 2208 ad
2009 2160 2262 2210 vestram
2294 2151 2601 2208 ecclesiam
2641 2151 3090 2225 pertinentibus,
3139 2152 3340 2211 invitis
3385 2154 3550 2214 vobis

1895 2241 2122 2312 judicia
2150 2257 2342 2312 agere,
2375 2241 2661 2313 ingenuos
2701 2257 2970 2298 servosve
3015 2239 3216 2298 saeculi
3265 2244 3551 2314 potestate

1901 2329 2321 2402 constringere,
2355 2345 2460 2385 nec
2490 2327 2786 2386 teloneum
2819 2333 2921 2384 aut
2949 2329 3193 2386 naulum
3227 2334 3550 2404 presumat

1900 2417 2147 2491 exigere.
2179 2418 2626 2474 Possessionum
2657 2433 2790 2474 vero
2816 2421 3142 2474 vestrarum
3176 2416 3412 2474 decima:
3441 2433 3548 2476 seu

1901 2524 2062 2563 novae
2093 2506 2303 2580 [nonae]
2335 2507 2390 2561 in
2424 2522 2749 2580 pauperum
2773 2522 2917 2562 usus
2948 2506 3186 2563 omnino
3219 2505 3546 2579 proﬁciant.

1900 2595 2220 2669 Episcopus
2243 2600 2439 2652 autem
2465 2594 2526 2650 in
2549 2595 2718 2666 cujus
2739 2593 2972 2652 dicecesi
2989 2593 3204 2655 eadem
3227 2593 3548 2669 possessio.-

1899 2702 2004 2741 nes
2033 2689 2190 2753 sunt,
2224 2683 2685 2740 ordinandorum
2713 2682 3058 2740 clericorum
3087 2686 3320 2740 tantum
3346 2699 3551 2760 curam

1897 2778 2080 2848 gerat,
2115 2773 2260 2829 nihil
2289 2773 2360 2830 de
2391 2778 2596 2828 caetero
2635 2771 2992 2844 gravaminis
3043 2769 3269 2830 clericis
3315 2771 3548 2840 inferat,

1898 2880 2003 2920 nec
2035 2862 2412 2920 ecclesiarum
2445 2861 2674 2930 altaria,
2703 2859 2795 2918 vel
2825 2859 2940 2918 alia
2967 2860 3140 2929 bona,
3190 2875 3294 2934 per
3337 2875 3550 2935 regum

1897 2956 2183 3024 praecepta
2213 2951 2378 3007 vobis
2409 2950 2736 3023 antiquitus
2768 2950 2927 3018 data,
2961 2953 3018 3005 et
3050 2949 3394 3021 pontiﬁcum
3435 2947 3548 3005 Ro-

1900 3057 2208 3098 manorum
2241 3038 2558 3116 privilegiis
2589 3038 2953 3103 conﬁrmata,
2986 3036 3072 3092 vel
3104 3036 3235 3094 aliis
3270 3037 3430 3104 dare,
3459 3035 3550 3094 vel

1816 3107 1859 3176 (ἶ
1895 3128 2205 3186 venalitate
2236 3107 2578 3193 distrahere,
2620 3126 2709 3183 vel
2760 3127 2935 3183 modo
2982 3124 3246 3198 quolibet
3291 3123 3549 3184 alienare

1895 3222 2233 3290 praesumat.

1967 3304 2259 3376 Quidquid
2292 3308 2569 3376 praeterea
2595 3302 2905 3369 libertatis,
2935 3301 3222 3374 quidquid
3256 3301 3544 3358 immuni-

1896 3393 2054 3460 tatis,
2086 3392 2174 3451 vel
2203 3393 2660 3464 predecessores
2689 3390 2878 3446 nostri
2921 3390 3170 3450 Romani
3217 3387 3544 3464 pontiﬁces.

1895 3482 1984 3538 vel
2013 3481 2382 3538 Turonenses
2412 3478 2860 3552 archiepiscopi,
2891 3476 2982 3534 vel
3005 3476 3439 3536 Gallicanarum
3460 3494 3545 3556 ec-

1897 3569 2210 3627 clesiarum
2241 3555 2408 3641 apud
2425 3568 2773 3625 Tussiacum
2795 3567 2853 3622 in
2874 3566 3136 3626 Tullensi
3157 3567 3434 3642 parocbia
3448 3555 3548 3642 ge-

1897 3658 2111 3726 neralis
2159 3658 2421 3730 synodus
2467 3657 2818 3730 congregata
2872 3673 2976 3730 pro
3034 3657 3190 3716 beati
3241 3645 3548 3730 apostolici

1898 3747 2250 3804 confessoris
2281 3745 2514 3802 Martini
2545 3745 2869 3802 reverentia
2903 3750 3106 3803 vestra
3154 3745 3409 3803 ecclesias
3449 3761 3546 3802 ve-

1896 3837 2154 3908 strisque
2167 3834 2695 3909 praedecessoribus
2709 3833 3103 3903 contulerunt,
3117 3851 3226 3893 nos
3238 3835 3547 3908 prasentis

1839 3990 1851 3999 ,
1897 3925 2112 3982 decreti
2143 3925 2358 3998 pagina
2387 3925 2833 3980 conﬁrmamus.
2855 3923 2924 3980 Et
2947 3923 3088 3996 quia
3107 3923 3167 3980 in
3189 3923 3575 3996 quibusdam.

1896 4020 2098 4072 vestrae
2130 4013 2396 4070 Ecclesiae
2429 4011 2747 4085 privilegiis
2785 4011 3086 4086 proprium
3115 4010 3280 4070 vobis
3333 4012 3550 4072 habere

1898 4105 2240 4177 episcopum
2272 4118 2619 4158 concessum
2647 4104 2756 4170 est,
2790 4117 2896 4157 nos
2941 4101 3070 4172 ejus
3112 4101 3234 4159 vice
3285 4101 3549 4158 Romano

1895 4209 1998 4248 vos
2053 4191 2353 4250 sancimus
2407 4188 2740 4264 specialiter
2797 4187 3094 4246 adbarere
3149 4189 3432 4262 pontiﬁci,
3492 4192 3551 4246 et

1898 4281 2192 4355 graviores
2221 4279 2398 4338 vestri
2427 4295 2636 4336 causas
2665 4295 2734 4334 ex
2763 4279 2892 4350 ejus
2921 4277 3173 4350 pendere
3207 4277 3454 4347 judicio.
3487 4275 3550 4334 Si

1900 4371 2032 4442 quis
2043 4386 2184 4426 sane
2198 4369 2255 4424 in
2271 4366 2592 4424 crastinum
2605 4366 3083 4438 archiepiscopus
3103 4369 3204 4422 aut
3214 4363 3546 4438 episcopus,

114 4455 598 4542 praemittendos.
627 4455 855 4518 Quibus
877 4457 1022 4514 estis
1042 4457 1312 4526 ﬁdeliter,
1337 4457 1584 4516 Domino
1607 4458 1788 4532 inspi-
1820 4474 1868 4542 Ι)
1901 4460 2219 4533 imperator
2248 4461 2349 4514 aut
2380 4472 2500 4523 rex,
2535 4455 2809 4529 princeps
2839 4459 2942 4511 aut
2969 4455 3108 4542 dux,
3149 4469 3364 4542 comes,
3395 4453 3547 4542 vice-

118 4547 320 4611 rante,
347 4541 600 4615 polliciti
631 4548 688 4599 et
714 4546 1021 4618 praeceptis
1043 4546 1262 4602 nostris
1284 4545 1639 4604 omnimodis
1661 4548 1791 4605 obe-

117 4631 272 4698 dire,
305 4637 366 4688 et
395 4631 742 4688 Simoniacae
775 4635 1077 4705 pravitatis
1125 4635 1573 4706 inquinamenta
1615 4637 1788 4693 dese-

116 4737 274 4778 rere.
305 4720 471 4785 Quod
505 4725 562 4776 et
589 4722 981 4792 praesentibus
1033 4723 1202 4780 nobis
1249 4741 1356 4796 per.
1399 4725 1499 4781 Dei
1542 4725 1792 4797 gratiam

117 4807 487 4878 perfecistis,
519 4807 582 4864 in
614 4816 814 4868 nostra
854 4813 1136 4883 tanquam
1169 4811 1232 4867 B.
1267 4811 1419 4867 Petri
1469 4829 1648 4870 manu
1696 4814 1792 4869 ﬁr-

120 4901 386 4964 mantes,
415 4895 572 4954 nihil
605 4912 707 4952 vos
739 4895 989 4954 ulterius
1020 4899 1332 4968 honorum,
1367 4900 1511 4956 nihil
1535 4903 1793 4974 praeben-

119 4984 343 5042 darum
377 4985 719 5042 vendituros
750 4991 851 5046 aut
881 4992 1205 5060 empturos,
1239 5006 1343 5044 nec
1376 4995 1441 5045 ut
1471 4992 1798 5048 vendantur

121 5078 232 5127 aut
273 5077 555 5132 emantur
602 5073 925 5145 aliquando
985 5092 1394 5134 consensuros.
1442 5079 1796 5150 Adiicientes

125 5161 315 5218 etiam
348 5160 585 5224 nullum
615 5161 890 5235 deinceps
920 5163 980 5219 in
1021 5164 1435 5222 canonicorum
1483 5184 1796 5226 numerum

125 5249 571 5316 admittendum
585 5292 604 5315 ,
620 5250 1012 5310 nisieamdem
1028 5255 1798 5328 sponsionemjurejurando

124 5337 481 5402 ﬁrmaverit.
515 5340 654 5405 Quae
685 5339 957 5396 videlicet
997 5343 1270 5400 universa
1307 5349 1422 5400 nos
1464 5349 1799 5402 sanctorum

121 5427 543 5504 apostolorum
573 5428 924 5492 auctoritate
953 5430 1342 5500 ﬁrmavimus,
1392 5437 1448 5489 et
1494 5433 1802 5490 violatores

118 5533 339 5583 omnes
349 5514 762 5578 anathematis
780 5535 1056 5590 mucrone
1077 5521 1472 5584 confodimus.
1487 5523 1558 5583 Et
1567 5526 1804 5600 praeter-

461 5642 743 5709 Punon.
786 5644 932 5712 GLI.

1899 4564 2116 4615 comes,
2136 4546 2321 4618 judex
2351 4549 2450 4600 aut
2473 4543 2867 4600 ecclesiastica
2888 4541 3162 4614 quislibet
3180 4538 3549 4599 sucularisve

1900 4652 2168 4710 persona,
2185 4634 2336 4692 hanc
2356 4637 2568 4690 nostra:
2590 4629 3025 4690 constitutionis
3045 4628 3322 4704 paginam
3334 4628 3548 4699 sciens,

1901 4731 2104 4782 contra
2112 4739 2242 4779 eam
2255 4728 2472 4780 temere
2485 4721 2678 4778 venire
2690 4720 3017 4790 tentaverit,
3029 4717 3288 4776 secundo
3309 4717 3552 4775 tertiove

1903 4813 2316 4881 commonitus,
2351 4811 2400 4866 si
2431 4828 2545 4866 non
2580 4809 2976 4866 satisfactione
2997 4823 3259 4880 congrua
3278 4807 3553 4864 emenda-

1901 4904 2068 4973 verit,
2103 4900 2407 4974 potestatis
2455 4899 2810 4969 honorisque
2858 4897 2952 4953 sui
3002 4896 3286 4970 dignitate
3335 4898 3550 4965 careat,

1904 5007 2189 5063 reumque
2220 5007 2282 5045 se
2306 4989 2503 5044 divino
2540 4986 2764 5060 judicio
2812 4987 3059 5043 existere
3105 4985 3177 5044 de
3221 4989 3554 5063 perpetrata

1905 5080 2214 5154 iniquitate
2239 5085 2569 5151 cognoscat,
2603 5080 2661 5132 et
2688 5094 2722 5131 a
2751 5075 3148 5133 sacratissimo
3197 5091 3436 5148 corpore
3476 5089 3552 5130 ac

1908 5169 2194 5242 sanguine
2224 5165 2326 5223 Dei
2354 5170 2412 5222 et
2447 5164 2680 5226 Domini
2731 5164 3137 5240 Redemptoris
3185 5163 3371 5228 nostri
3411 5161 3552 5224 Jesu

1908 5258 2121 5315 Christi
2153 5256 2379 5313 alienus
2411 5255 2528 5321 ﬁat,
2564 5259 2738 5326 atque
2768 5253 2819 5309 ie
2847 5259 3108 5310 extremo
3155 5253 3421 5310 examine
3462 5249 3552 5304 di-

1909 5346 2122 5406 stricta:
2153 5343 2360 5400 ultioni
2391 5343 2727 5414 subjaceat;
2760 5342 2990 5399 cunctis
3020 5348 3216 5398 autem
3240 5339 3426 5400 eidem
3449 5335 3554 5392 Ec-

1910 5434 2099 5490 clesia:
2118 5434 2284 5506 justa
2313 5431 2680 5488 servantibus
2709 5430 2787 5488 sit
2816 5448 2929 5504 pax
2956 5429 3189 5487 Domini
3212 5424 3397 5487 nostri
3415 5423 3556 5482 Jesu

1910 5521 2146 5594 Christi,
2200 5525 2491 5596 quatenus
2539 5523 2598 5581 et
2634 5518 2738 5596 hic
2783 5519 3040 5582 fructum
3100 5518 3265 5588 bona
3313 5511 3562 5579 actionis

3161 5645 3241 5726 ιε
