3928 6208
153 270 264 358 iis:

1354 262 1759 364 EPISTOL/E
1804 298 1906 363 E'l‘
1948 299 2429 365 PRIVILEGIA.

3471 254 3593 366 is:

170 432 371 514 judicio
404 431 467 486 in
504 432 769 505 generali
798 435 1016 505 synodo
1050 436 1435 506 compeditos.
1459 435 1642 490 Nobis
1672 451 1833 501 sane,
1866 436 1920 501 Α
1952 435 2167 490 astutia
2185 434 2271 490 vel
2294 434 2567 490 violentia
2587 433 3102 507 prmponatur,nisi
3121 451 3293 507 quem
3311 440 3373 492 tu
3394 436 3596 509 tuique

156 527 224 574 'et.
248 520 537 575 omnibus
571 521 674 593 qui
715 523 967 577 Turonis
1000 523 1304 578 nobiscum
1343 528 1452 579 Deo
1486 523 1833 595 propitiante

177 613 584 675 convenerunt,
620 609 846 683 liquido
895 612 1110 683 paruit,
1142 616 1199 667 et
1251 611 1398 683 legis
1441 615 1497 667 et
1541 611 1833 683 Evangelii

180 702 227 753 et
266 702 614 754 sanctorum
666 716 957 755 canonum
1010 699 1398 768 documentis,
1444 697 1663 755 nullam
1717 700 1831 755 sol-

177 787 329 842 vendi
362 803 544 859 quem
578 805 689 843 nos
730 787 1042 860 ligavimus
1074 789 1423 845 fraternitati
1454 793 1660 845 vestrm
1690 806 1832 861 sup-

176 880 358 947 petere
388 880 770 947 potestatem.
804 877 965 932 Unde
1009 882 1066 933 et
1114 878 1301 933 ﬁlium
1350 881 1616 932 nostrum
1652 878 1829 932 Fran-

172 981 361 1020 corum
394 980 623 1037 regem,
659 966 842 1021 donec
871 967 986 1021 Deo
1035 965 1093 1021 in
1146 966 1315 1021 nobis
1367 971 1423 1021 et
1473 971 1685 1022 sanctae
1720 967 1827 1021 Ito-

176 1071 346 1109 manae
380 1054 657 1109 Ecclesiae
697 1054 1038 1122 satisfaciat,
1066 1056 1636 1110 excommunicatum
1671 1072 1826 1110 asse-

171 1142 453 1203 rimus.et
502 1147 624 1198 tam
674 1143 997 1215 episcopos,
1029 1146 1206 1215 quam
1258 1143 1402 1199 alios
1457 1143 1745 1215 quoslibet
1779 1142 1829 1198 ei

168 1230 539 1302 pertinaciter
568 1229 1073 1285 communicantes
1110 1246 1237 1285 esse
1269 1229 1589 1294 sancimus,
1623 1231 1679 1283 et
1708 1229 1826 1301 pri-

165 1318 439 1393 vilegium
474 1319 785 1390 potestatis
825 1317 1115 1381 amittere,
1141 1318 1187 1373 si
1225 1319 1358 1390 quis
1404 1318 1461 1372 in
1506 1319 1634 1389 ejus
1666 1319 1829 1373 abso-

165 1406 383 1462 latione
404 1407 751 1462 inconcessa
776 1405 937 1461 abuti
964 1406 1403 1478 praesumpserit
1424 1410 1728 1477 potestate.
1750 1406 1829 1461 De

165 1500 365 1551 caetero
400 1496 708 1551 universos
736 1512 839 1551 vos
881 1495 1170 1550 Arelatem
1195 1497 1306 1564 (43)
1339 1496 1395 1550 in
1430 1495 1647 1550 octavis
1689 1511 1825 1567 apo-

163 1584 444 1640 stolorum
474 1584 622 1638 Petri
660 1588 711 1638 et
743 1583 905 1639 Pauli
932 1585 1000 1638 ad
1026 1584 1364 1651 concilium,
1392 1584 1549 1639 omni
1573 1585 1826 1656 seposita

166 1674 490 1738 occasione,
526 1673 867 1728 invitamus.

805 1788 1185 1843 CLXXXVIII.

164 1878 323 1934 Bulla
360 1877 575 1934 Urbani
600 1892 761 1947 papze
792 1878 839 1931 II
864 1893 964 1947 pro
994 1878 1321 1932 monasterio
1352 1877 1494 1932 Novo
1526 1878 1826 1947 Pictavicn-

231 1951 299 2004 si.
330 1980 402 1988 —
432 1946 822 2003 Monasterium
852 1946 1077 2009 Novum,
1110 1948 1268 2019 cujus
1300 1948 1581 2003 ecclesiam
1611 1946 1825 2003 dedica-

230 2028 408 2084 verat,
467 2020 569 2073 sub
625 2019 771 2074 sedis
828 2020 1143 2090 apostolicae
1197 2019 1525 2090 proiectione
1578 2020 1823 2089 suscipit,

228 2092 486 2163 illudque
516 2090 872 2147 Gluniacensi
899 2093 1234 2146 monasterio
1262 2092 1503 2162 sulijz'cit.

795 2179 981 2239 (Anno
1014 2180 1200 2246 1096.)

337 2268 513 2339 [Dom
543 2268 838 2331 Maerens,
886 2268 1146 2323 Thcsaur.
1186 2268 1385 2323 Anecd.
1422 2267 1463 2333 Ι,
1496 2266 1649 2337 267.]

230 2384 520 2440 URBANUS
563 2380 894 2455 episcopus,
928 2400 1126 2439 servus
1169 2400 1467 2438 servorum
1515 2382 1636 2447 Dei,
1670 2398 1825 2437 reve-

162 2472 530 2529 rendissimo
563 2472 722 2526 fratri
758 2471 1006 2543 Hueom,
1034 2472 1405 2528 Cluniacensi
1439 2472 1654 2538 abbati,
1680 2471 1830 2526 salu-

158 2570 282 2619 tem
315 2565 376 2618 et
407 2560 788 2633 apostolicam
820 2560 1305 2617 benedictionem.

228 2652 317 2707 Ad
371 2651 485 2705 hoc
532 2666 660 2719 nos,
694 2649 1039 2721 disponente
1085 2649 1352 2715 Domino,
1391 2650 1447 2704 in
1500 2649 1825 2721 apostolica

158 2741 323 2796 sedis
357 2739 665 2794 servitium
697 2742 994 2810 promotos
1019 2739 1413 2810 agnoscimus,
1438 2742 1504 2792 ut
1533 2739 1659 2808 ejus
1692 2737 1828 2792 ﬁliis

144 2829 453 2884 auxilium
488 2826 943 2898 implorantibus
986 2826 1299 2881 efﬁcaciter
1328 2826 1654 2892 subvenire,
1688 2830 1744 2880 et
1775 2826 1826 2880 ei

158 2918 509 2973 obedientes
540 2913 687 2969 tueri
740 2931 805 2969 ac
854 2919 1175 2985 protegere,
1211 2919 1383 2985 prout
1414 2914 1696 2968 Dominus
1728 2915 1827 2969 de-

159 3006 340 3071 derit,
393 3005 734 3060 debeamus.
770 3003 929 3058 Unde
980 3008 1207 3074 oportet
1248 3020 1353 3058 nos
1397 3003 1827 3058 venerabilibus

159 3094 308 3149 locis
328 3110 575 3148 manum
601 3091 977 3164 protectionis
1001 3091 1383 3163 porrigere,et
1404 3107 1703 3146 servorum
1728 3091 1827 3145 Dei

1854 1801 1902 1866 B

1944 540 2314 579 successores
2347 524 2672 579 secundum
2707 523 2976 579 timorem
3010 523 3107 579 Dei
3137 523 3445 598 clegeritis.
3480 527 3599 583 Ele-

1941 616 2070 668 ctus
2097 617 2292 668 autem
2315 630 2348 667 a
2374 613 2718 668 Pictaviensi
2741 612 3013 685 episcopo
3031 616 3421 679 consecretur,
3438 614 3599 671 omni

1942 702 2322 773 professionis
2370 701 2669 757 exactione
2711 701 2983 774 seposita.
3004 700 3481 759 Censeorationes
3515 700 3599 757 al-

1942 789 2155 844 tarium
2188 789 2305 844 sive
2330 789 3143 858 basilicarum,ordinationes
3173 789 3597 847 monachorum

1940 878 2060 934 sive
2092 878 2579 950 clericorum,qui
2612 879 2682 933 ad
2717 895 2916 935 sacros
2949 878 3168 934 fuerint
3196 877 3431 935 ordines
3463 895 3602 954 pro-

1940 967 2229 1034 movendi,
2263 967 2335 1021 ab
2377 968 2579 1023 eodem
2626 967 2898 1039 episcopo
2950 967 3269 1040 accipiant;
3304 966 3600 1040 siquidem

1936 1056 2183 1127 gratiam
2228 1060 2402 1127 atque
2441 1056 2914 1111 communionem
2950 1055 3282 1128 apostolicae
3313 1056 3471 1113 sedis
3502 1055 3601 1112 ha-

1941 1143 2150 1211 buerit,
2177 1144 2221 1197 si
2256 1161 2323 1198 ea
2352 1145 2534 1216 gratis
2574 1161 2640 1199 ac
2670 1143 2795 1199 sine
2827 1145 3111 1216 pravitate
3155 1143 3407 1201 voluerit
3430 1143 3599 1201 exhi-

1938 1232 2071 1285 bere
2107 1248 2119 1285 :
2155 1232 2439 1304 alioquin,
2473 1231 2605 1287 licet
2652 1232 2735 1288 eis
2782 1231 3134 1288 catholicum
3165 1248 3341 1304 quem
3373 1232 3597 1289 malue-

1937 1319 2054 1375 rint
2084 1321 2244 1376 adire
2275 1320 2621 1388 antistitem,
2656 1326 2712 1375 et
2741 1322 2813 1375 ab
2850 1337 2914 1376 eo
2963 1320 3469 1377 consecrationum
3501 1338 3598 1377 sa-

1937 1413 2237 1464 cramenta
2266 1409 2582 1481 suscipere.
2616 1409 2761 1472 Quia
2790 1425 2925 1464 vero
2956 1409 3220 1480 ejusdem
3252 1409 3596 1466 monasterii

1936 1496 2203 1567 ecclesia,
2228 1496 2507 1569 largiente
2530 1496 2798 1563 Domino,
2819 1497 3038 1552 nostris
3060 1500 3149 1552 est
3169 1496 3445 1552 manibus
3467 1512 3600 1553 con-

1936 1591 2180 1652 srcrata,
2203 1586 2310 1639 hoc
2332 1602 2567 1657 quoque
2590 1584 2862 1656 przesenti
2894 1584 3150 1657 capitulo
3178 1584 3598 1657 subjungimus

1938 1680 2000 1729 ut
2029 1691 2135 1729 nec
2174 1675 2469 1746 episcopo,
2504 1690 2609 1728 nec
2656 1673 2912 1746 episcopi
2960 1672 3285 1729 ministerio
3317 1673 3597 1747 cuiquam

1935 1764 2183 1819 facultas
2217 1764 2293 1817 sit
2322 1768 2539 1818 temere
2582 1762 2729 1818 citra
2775 1767 3036 1818 nostram
3066 1761 3155 1819 vel
3186 1761 3360 1835 legati
3410 1762 3597 1819 nostri

1936 1851 2235 1906 licentiam
2259 1851 2317 1905 in
2338 1851 2531 1906 locum
2550 1850 2718 1906 illum
2736 1850 3362 1907 excommunicationis
3378 1850 3597 1925 profer-

1936 1958 1996 1996 re
2020 1939 2391 2001 sententiam,
2409 1944 2698 2011 quatenus
2719 1944 2775 1994 et
2800 1939 3042 1995 abbates
3067 1940 3196 2011 ejus
3217 1943 3275 1995 et
3298 1938 3594 2008 monachi,

1936 2030 2008 2083 ab
2044 2028 2238 2084 omnis
2268 2028 2485 2083 servitii
2518 2029 2637 2083 sint
2666 2028 3035 2085 infestatione
3083 2028 3295 2097 securi,
3319 2027 3599 2101 omnique

1936 2116 2271 2190 gravamine
2296 2117 2605 2171 mundanae
2628 2118 3026 2189 oppressionis
3052 2116 3282 2184 remoti,
3306 2118 3366 2174 in
3397 2121 3602 2174 sancta

1936 2204 2234 2277 religionis
2265 2205 2667 2261 observatione
2703 2205 3232 2277 seduli,quietique
3257 2206 3601 2277 persistent,

1936 2312 2042 2350 nec
2065 2295 2167 2349 ulli
2190 2294 2287 2349 alii
2317 2294 2427 2349 nisi
2462 2295 2656 2349 abbati
2680 2294 3045 2350 Cluniacensi
3065 2293 3266 2366 aliqua
3286 2297 3600 2351 teneantur

1936 2384 2238 2439 occasione
2261 2382 2532 2453 subjecti.
2552 2381 2611 2437 Si
2633 2398 2748 2453 qua
2772 2399 2912 2438 sane
2933 2382 3328 2438 ecclesiastica
3357 2381 3606 2438 saecula-

1936 2474 2085 2527 risve
2117 2488 2369 2544 persona
2397 2471 2547 2526 hanc
2587 2474 2796 2527 nostra:
2850 2470 3287 2527 constitutionis
3318 2471 3595 2544 paginam

1937 2561 2146 2625 sciens,
2182 2564 2387 2615 contra
2427 2576 2556 2614 eam
2594 2559 2792 2614 venire
2829 2559 3155 2627 tentaverit,
3191 2559 3449 2615 secundo
3478 2562 3595 2616 ter-

1935 2650 2084 2705 tiove
2105 2649 2484 2712 commonita,
2500 2648 2547 2703 si
2572 2665 2686 2703 non
2706 2647 3107 2704 satisfactione
3124 2663 3383 2721 congrua
3398 2662 3595 2703 emen-

1936 2737 2178 2806 daverit,
2201 2736 2504 2809 potestatis
2552 2735 2910 2807 honorisque
2941 2735 3033 2791 sui
3064 2734 3347 2808 dignitate
3375 2739 3586 2804 careat,

1936 2843 2213 2898 reamque
2262 2842 2326 2881 se
2373 2825 2568 2881 divino
2591 2825 2818 2896 judicio
2849 2823 3094 2881 existere
3142 2823 3211 2880 de
3255 2827 3590 2897 perpetrata

1935 2915 2246 2987 iniquitate
2275 2918 2607 2987 cognoscat,
2632 2919 2689 2969 et
2728 2931 2761 2969 a
2809 2912 3207 2969 sacratissimo
3256 2928 3495 2985 corpore
3532 2917 3590 2969 et

1937 3003 2223 3075 sanguine
2257 3003 2356 3057 Dei
2406 3002 2461 3057 et
2500 3001 2729 3057 Domini
2779 3000 3185 3070 Redemptoris
3233 3000 3417 3057 nostri
3446 3000 3590 3057 Jesu

1938 3092 2148 3148 Christi
2170 3091 2359 3146 aliena
2389 3094 2509 3158 ﬁat,
2538 3096 2711 3162 atque
2738 3090 2795 3144 in
2819 3095 3075 3145 extremo
3102 3090 3368 3145 examine
3400 3088 3594 3144 distri-

156 3183 349 3256 quieti
376 3181 658 3237 attentius
686 3180 1005 3254 providere.
1029 3178 1271 3235 Proinde
1293 3179 1607 3234 venerabili
1631 3196 1826 3235 mona-
1854 3165 1897 3232 C
1939 3185 2039 3236 ctae
2073 3179 2279 3233 ultioni
2312 3179 2640 3248 subjaceat;
2673 3178 2899 3233 cunctis
2920 3181 3116 3232 autem
3139 3176 3328 3232 eidem
3350 3175 3476 3232 loco
3499 3176 3596 3249 ju-

155 3272 343 3327 sterio
372 3271 528 3343 quod
562 3269 726 3324 bonae
754 3268 1044 3323 memoria:
1065 3267 1436 3334 Guillelmus,
1463 3268 1827 3323 Pictavorum

156 3375 389 3423 comes,
414 3358 473 3411 in
505 3357 694 3428 ipsius
721 3355 885 3411 urbis
908 3355 1210 3422 suburbio,
1238 3355 1307 3409 ad
1336 3354 1615 3410 honorem
1648 3356 1830 3412 beatae

155 3446 367 3503 Mariae
400 3462 635 3518 semper
672 3443 937 3517 virginis,
970 3449 1028 3499 et
1056 3449 1391 3500 sanctorum
1431 3444 1828 3517 apostolorum

156 3536 417 3592 Joannis
463 3539 521 3589 et
571 3534 814 3589 Andreae
855 3534 1198 3599 construxit,
1234 3550 1340 3589 nos
1387 3538 1510 3590 tam
1556 3550 1658 3606 pro
1707 3534 1830 3605 eju-

156 3625 335 3680 sdem
390 3622 643 3678 domina:
694 3626 1010 3688 nostrze,et
1048 3627 1385 3677 sanctorum
1435 3622 1831 3695 apostolorum

158 3710 689 3783 devotione,quam
729 3726 832 3781 pro
854 3713 966 3764 tum
998 3709 1296 3781 religionis
1319 3711 1541 3766 eximia:
1573 3710 1835 3767 dilectio-

161 3818 262 3864 ne,
288 3798 636 3871 hujusmodi
666 3796 1037 3871 privilegium
1060 3815 1127 3854 ex
1150 3799 1505 3871 benignitate
1527 3800 1683 3855 sedis
1704 3817 1837 3872 apo-

159 3888 393 3946 stolicze
426 3886 825 3960 indulgemus.
851 3886 1180 3943 Statuimus
1204 3887 1359 3942 enim
1389 3892 1452 3943 ut
1474 3905 1837 3962 quaecunque

150 3978 349 4044 bona,
400 3990 788 4046 quascunque
844 3975 1245 4046 possessiones
1295 3982 1837 4048 supramemoratus

160 4082 392 4132 comes,
409 4081 511 4120 seu
537 4063 739 4119 ﬁdeles
761 4061 856 4117 alii
878 4063 949 4118 de
980 4064 1236 4134 suojure
1267 4063 1454 4119 eidem
1484 4066 1838 4121 monasterio

160 4152 642 4218 contulerunt,et
663 4167 1025 4223 quaecunque
1047 4151 1220 4208 hodie
1233 4153 1398 4223 juste
1421 4153 1698 4224 possidet,
1720 4154 1840 4220 sive

162 4243 229 4297 in
262 4242 534 4297 futurum
561 4240 725 4311 juste
747 4244 803 4294 et
833 4240 1109 4295 canonice
1141 4241 1354 4312 poterit
1382 4240 1647 4313 adipisci,
1672 4242 1844 4298 ﬁrma

160 4347 413 4402 semper
441 4335 498 4385 et
528 4328 762 4383 illibata
806 4334 1207 4401 permaneant,
1238 4333 1359 4384 tam
1396 4347 1429 4384 a
1458 4335 1514 4385 te
1545 4347 1720 4402 quam
1771 4332 1843 4387 ab

162 4421 254 4475 eis
287 4418 393 4491 qui
428 4418 486 4473 in
519 4424 619 4473 tuo
652 4417 843 4472 ofﬁcio
882 4416 1125 4489 locoque
1156 4418 1569 4487 successerint,
1605 4436 1846 4494 perenni

1938 3272 2029 3323 sta
2058 3267 2427 3323 servantibus
2458 3266 2535 3322 sit
2565 3283 2676 3338 pax
2706 3266 2937 3321 Domini
2969 3265 3153 3321 nostri
3182 3265 3326 3321 Jesu
3356 3263 3592 3334 Christi,

1939 3361 2228 3429 quatenus
2261 3359 2317 3409 et
2346 3353 2407 3408 hi
2450 3354 2705 3408 fructum
2754 3353 2920 3410 bona:
2971 3351 3216 3407 actionis
3246 3351 3593 3424 percipiant,

1939 3451 1995 3501 et
2025 3444 2179 3515 apud
2211 3442 2543 3498 districtum
2577 3441 2842 3512 judicem
2874 3440 3116 3513 praemia
3158 3444 3385 3496 aeternae
3433 3440 3596 3515 pacis

1940 3532 2260 3589 inveniant.
2292 3534 2497 3596 Amen,
2531 3545 2724 3597 amen,
2757 3545 2951 3585 amen.

2013 3622 2221 3676 Datum
2255 3620 2409 3691 apud
2460 3617 2839 3691 Angeliacum
2899 3634 3000 3689 per
3058 3634 3300 3674 manum
3329 3617 3596 3686 Joannis,

1943 3717 2155 3768 sanctae
2180 3711 2451 3765 Romanae
2470 3708 2739 3764 Ecclesiae
2759 3707 2985 3763 diaconi
3011 3707 3437 3776 cardinalis,vn
3458 3708 3599 3763 ldus

1942 3799 2183 3872 Aprilis,
2211 3798 2526 3854 indictione
2553 3815 2629 3865 IV,
2659 3814 2810 3853 anno
2840 3796 3154 3853 Dominicaa
3176 3795 3603 3853 Incarnationis

1947 3890 2104 3956 1096,
2130 3887 2507 3960 pontiﬁcatus
2544 3890 2739 3942 autem
2772 3885 2972 3942 domui
3002 3885 3216 3942 Urbani
3243 3886 3486 3944 secundi
3507 3902 3606 3959 pa-

1947 3996 2031 4051 pae
2064 3995 2141 4032 1x.

2610 4064 2935 4121 CLXXXIX.

1986 4156 2153 4211 Bulla
2178 4172 2277 4227 pro
2302 4156 2629 4211 monasterio
2649 4154 2839 4210 Sancti
2857 4154 3127 4211 Martialis
3157 4154 3569 4212 Lemovicenm.

2593 4244 2781 4315 (Anno
2816 4244 3000 4315 1096.)

2187 4332 2448 4405 [BALuz.,
2483 4333 2708 4388 Misccll.
2739 4332 2902 4401 edit.,
2936 4333 3076 4387 Luc.
3112 4331 3181 4400 II,
3214 4333 3362 4401 178.]

2028 4422 2306 4478 URBANUS
2337 4422 2670 4493 episcopus,
2697 4436 2897 4476 servus
2924 4436 3223 4477 servorum
3252 4418 3373 4485 Dei,
3397 4417 3608 4475 dilecto

163 4514 461 4579 tempore,
497 4507 625 4562 sine
656 4505 1064 4579 inquietudine
1105 4507 1305 4580 aliqua
1344 4508 1718 4579 possidenda,
1754 4527 1844 4566 re-
1876 4531 1924 4596 D
1959 4510 2077 4566 ﬁlio
2095 4508 2613 4575 Anemaao,abbati
2640 4508 3072 4564 Lemovicensis
3094 4507 3341 4565 coenobii
3366 4507 3524 4579 quod
3548 4507 3607 4563 in

164 4598 370 4671 genda
401 4614 467 4652 ac
514 4596 902 4668 disponenda,
938 4596 1089 4651 sicut
1121 4613 1153 4650 a
1185 4596 1609 4669 praedecessore
1647 4603 1846 4654 nostro

165 4691 399 4742 sanctae
457 4685 755 4742 memoria:
809 4683 1084 4758 Gregorio
1128 4685 1228 4740 VII
1280 4686 1454 4756 juxta
1511 4685 1847 4757 petitionem

166 4774 509 4847 supradicti
540 4773 779 4830 comitis
812 4773 1149 4829 institutum
1174 4776 1281 4829 est.
1308 4774 1685 4830 Decernimus
1714 4792 1850 4849 ergo

167 4870 238 4920 ut
274 4863 424 4919 nulli
455 4860 698 4919 omnino
730 4862 1037 4916 hominum
1064 4861 1237 4917 liceat
1258 4862 1522 4917 eamdem
1545 4863 1849 4919 ecclesiam

168 4959 397 5009 temere
445 4950 812 5026 perturbare,
839 4956 940 5005 aut
985 4951 1112 5021 ejus
1146 4951 1547 5022 possessiones
1601 4953 1847 5019 auferre,

166 5042 260 5096 vel
296 5041 524 5097 ablatas
549 5039 825 5104 retinere,
844 5037 931 5093 vel
954 5039 1278 5094 temerariis
1302 5039 1705 5095 vexationihus
1726 5040 1853 5096 fati-

171 5148 340 5204 gare;
359 5132 457 5187 sed
478 5128 686 5187 omnia
703 5127 932 5199 integra
945 5132 1361 5184 conserventur
1375 5145 1575 5184 eorum
1594 5147 1698 5201 pro
1716 5147 1855 5202 quo-

174 5238 314 5276 rum
359 5217 802 5277 sustentatione
851 5220 908 5269 et
947 5216 1368 5287 gubernatione
1401 5234 1680 5274 concessa
1719 5223 1855 5275 sunt

174 5311 388 5367 usibus
409 5304 786 5367 omnimodis
811 5305 1134 5375 profutura.
1161 5306 1303 5361 Item
1327 5307 1745 5364 constituimus
1768 5312 1851 5377 ut,

176 5396 432 5458 abeunte
452 5396 700 5461 abbate,
716 5408 835 5447 non
854 5391 1002 5449 alius
1029 5394 1107 5450 ibi
1127 5411 1474 5467 quacunque
1497 5396 1855 5469 obreptionis

1954 4601 2174 4656 honore
2205 4599 2354 4654 beati
2390 4596 2671 4653 Martialis
2704 4598 3055 4653 aediﬁcatum
3082 4602 3170 4653 est
3199 4598 3443 4668 ejusque
3474 4611 3609 4652 suc-

1959 4688 2292 4745 cessoribus
2321 4686 2670 4761 regulariter
2694 4686 3123 4742 substituendis
3154 4686 3213 4742 in
3239 4689 3608 4757 perpetuum.

2028 4778 2111 4831 Ad
2127 4775 2581 4831 sollicitudinem
2598 4793 2664 4831 ac
2676 4774 3093 4847 benignitatem
3110 4773 3436 4848 apostolicae
3453 4774 3613 4831 sedis

1958 4866 2208 4938 pertinet
2238 4870 2294 4919 et
2324 4863 2663 4936 religionem
2689 4880 2901 4936 augere
2932 4868 2989 4920 et
3018 4863 3305 4937 religiosis
3329 4861 3472 4920 locis
3493 4862 3614 4920 sive

1958 4953 2224 5027 personis
2248 4952 2530 5008 auxilium
2554 4971 2671 5008 suae
2692 4954 3070 5025 protectionis
3090 4952 3615 5026 impendere.Qua-

1961 5042 2222 5098 mobrem
2263 5042 2552 5097 devotioni
2600 5046 2736 5110 tum,
2762 5040 2845 5096 ﬁli
2895 5043 2955 5097 in
2998 5043 3228 5100 Christo
3269 5039 3615 5099 charissima

1962 5132 2248 5187 Ademare
2269 5132 2471 5198 abbas,
2497 5147 2611 5186 non
2636 5130 2949 5186 minimum
2983 5130 3349 5204 gratulamur
3367 5130 3524 5202 quod
3556 5130 3617 5184 in

1962 5222 2121 5276 Beati
2156 5220 2437 5276 Martialis
2471 5221 2625 5292 apud
2673 5220 3009 5276 Lemovices
3043 5218 3398 5276 monasterio
3429 5234 3532 5289 per
3560 5220 3618 5272 te

1963 5308 2361 5382 potissimum,
2388 5313 2672 5382 praecepto
2695 5307 2914 5365 scilicet
2942 5313 3120 5382 atque
3140 5305 3434 5363 industria
3463 5319 3620 5360 reve-

1966 5394 2289 5456 rentissimi
2322 5397 2582 5472 Hugonis
2606 5396 3006 5456 Cluniacensis
3036 5395 3285 5466 abbatis,
3319 5392 3624 5470 religionis

238 5581 357 5664 (43)
384 5569 686 5641 Nemausi
720 5567 1078 5633 celebratum
1109 5571 1221 5636 fuit
1250 5588 1453 5633 mense
1478 5573 1661 5647 Julia,
1692 5575 2032 5645 enn01096.
