3928 6208
433 300 551 361 463
1722 301 1799 367 Β.
1845 300 1984 373 URI

2237 301 2241 310 ’
2282 300 2534 367 pars.
3680 304 3788 387 ,ψ

432 439 620 489 status
650 434 929 508 largiente
972 438 1217 493 Domino
1268 439 1628 506 instauratus
1658 443 1763 501 est.
1789 437 1968 500 Quam
2001 436 2079 489 in-
2111 439 2155 501 Α
2196 435 2605 503 Burdegalcnsi
2642 434 2915 491 ecclesias
2952 434 3146 492 Sancti
3193 434 3343 490 Petri
3392 434 3459 491 de
3488 426 3793 493 Tortira'ci'et

432 526 852 581 stam-stionem
871 542 974 597 per
995 526 1146 582 beati
1164 532 1220 582 et
1237 525 1541 598 apostolici
1559 524 1911 582 confessoris
1930 526 2081 580 Mar-
2190 523 2261 578 de
2292 523 2495 577 l-‘oruel
2527 531 2583 577 et
2613 525 2684 578 de
2717 523 3038 579 Petraﬁcta.
3069 524 3131 579 In
3169 523 3359 579 Diensi
3388 523 3650 585 ecclesias
3669 526 3794 595 ,88η-

430 612 587 667 tialis
620 614 829 668 merita
860 615 1059 687 augeri
1092 620 1148 671 et
1177 616 1414 688 provehi
1446 616 1766 687 cupientes,
1793 630 1904 687 .per
1932 631 2081 686 pnm-
2190 616 2292 668 ctae
2323 610 2514 667 Maria:
2545 611 2885 669 deSermea
2904 615 2965 667 et
2994 612 3066 671 de
3103 612 3286 671 Soant
3308 628 3440 673 cum
3462 613 3795 691 pertinentiis

432 700 615 756 sentis
629 702 841 761 decreti
861 703 1133 776 paginam
1154 703 1909 774 stabilimuslocumipsum
1931 702 2081 757 sicut
2189 707 2247 755 et
2283 699 2649 772 appendiciis
2692 701 2838 756 suis.
2865 700 3234 773 Quaecunque
3262 705 3534 773 presteres
3576 701 3632 761 in
3664 719 3793 779 pra-

432 789 606 850 hodie
633 794 741 857 est,
768 795 825 846 et
856 792 1010 848 sicut
1038 792 1110 847 ab
1141 793 1413 864 episcopo
1445 798 1622 864 atque
1653 790 1948 845 canonicis
1981 790 2078 845 Le-
2191 791 2338 843 senti
2372 793 2629 845 vestrum
2661 789 2991 847 coenobium
3014 791 3176 861 justo
3202 789 3483 862 possidet,
3502 791 3698 855 niveis
3722 794 3794 855 [u-

433 878 782 937 movicensis
798 879 1062 936 Ecclesiae
1081 881 1340 936 noscitur
1359 881 1956 951 institutum,semper
1971 881 2082 933 sub
2190 882 2388 931 turum
2412 878 2573 949 juste
2602 882 2780 949 atque
2818 876 3100 933 canonice
3142 877 3354 953 poterit
3380 875 3796 954 adipisci..ﬁrma

433 965 762 1040 disciplina,
782 958 1165 1041 dispositione
1187 974 1243 1024 et
1272 969 1537 1025 custodia
1560 968 1957 1024 Cluniacensis
1981 968 2079 1022 ab-
2189 965 2352 1021 vobis
2384 965 2711 1037 vestrisque
2749 966 3191 1024 successoribus
3239 969 3294 1021 et
3339 964 3557 1023 illibata
3598 956 3793 1038 perma-

433 1054 586 1110 batis
607 1055 936 1128 persistere,
956 1062 1012 1113 et
1032 1061 1097 1112 ut
1117 1057 1260 1112 obeu
1271 1062 1366 1112 nte
1392 1057 1599 1112 abbate
1621 1055 1819 1111 nullus
1840 1055 1919 1111 ibi
1943 1072 2085 1127 qua-
2192 1059 2386 1109 neant.
3765 1108 3775 1123 ,

431 1142 573 1199 libet
602 1143 997 1217 subreptionis
1027 1144 1245 1200 astutia
1286 1144 1375 1201 vel
1404 1144 1678 1201 violentia
1713 1150 2085 1217 praeponatur
2263 1142 2639 1199 Deceruimus
2659 1160 2795 1224 ergo
2819 1148 2883 1199 ut
2910 1142 3054 1199 nulli
3079 1142 3320 1199 omnino
3341 1141 3636 1203 hominum
3653 1143 3798 1205 liceat

432 1232 545 1287 nisi
571 1249 740 1304 quem
767 1233 1457 1305 praefatusCluniacensis
1484 1234 1666 1289 abbas
1702 1232 1820 1289 illic
1838 1231 1926 1289 vel
1949 1250 2081 1289 suc-
2194 1229 2345 1286 idem
2371 1230 2793 1289 monasterium
2820 1236 3036 1288 temere
3056 1231 3421 1304 perturbare,
3443 1235 3541 1293 aut
3556 1232 3791 1307 eiuspos-

430 1337 690 1376 cessores
706 1324 840 1393 ejus
862 1324 1189 1379 secundum
1209 1324 1306 1378 Dei
1330 1324 1598 1379 timorem
1618 1321 1915 1393 elegerint.
1937 1321 2084 1386 Quia
2192 1320 2484 1375 sessiones
2515 1320 2764 1389 auferre,
2780 1319 2867 1375 vel
2906 1319 3130 1379 ablatas
3154 1319 3426 1389 retinere,
3450 1320 3799 1393 minueravel

426 1425 561 1463 vero
592 1410 939 1482 disponente
968 1410 1218 1467 Domino
1261 1418 1315 1467 et
1356 1411 1542 1466 sancti
1572 1412 1701 1482 ejus
1732 1409 2083 1467 confessoris
2192 1409 2519 1465 temerariis
2542 1409 2944 1466 vexationibus
2969 1409 3231 1482 fatigare,
3256 1409 3359 1467 sed
3386 1408 3582 1471 omnia
3600 1409 3799 1487 integna

427 1496 761 1571 dignatione
781 1499 997 1555 factum
1017 1505 1103 1555 est
1121 1506 1186 1555 ut
1208 1517 1309 1573 per
1331 1517 1436 1555 nos
1453 1501 1612 1572 ipsos
1634 1500 1763 1570 ejus
1783 1497 2079 1553 tumulum
2192 1507 2607 1552 Conservenlur
2634 1515 2836 1554 eorum
2884 1515 2988 1570 pro
3034 1513 3287 1569 quorum
3339 1498 3799 1567 sustentationem

426 1585 664 1641 visitare
694 1593 751 1642 et
796 1587 905 1642 loci
949 1588 1135 1660 ipsius
1166 1572 1469 1644 eSclesiam
1522 1587 1582 1643 in
1631 1589 1849 1643 honore
1896 1587 2080 1642 sancti
2191 1588 2614 1657 gubernatione
2647 1603 2925 1642 concessa
2954 1572 3095 1647 sunt
3116 1587 3324 1643 usibus
3344 1586 3680 1647 omnimodis
3695 1602 3799 1667 pro-

429 1674 746 1731 Salvatoris
768 1692 1108 1732 consecrare
1131 1676 1541 1742 meruerimus,
1564 1693 1670 1731 nos
1692 1693 1794 1749 pro
1816 1677 2080 1747 ejusdem
2192 1676 2406 1729 l'utura.
2428 1675 2597 1729 Salva
2632 1675 3059 1731 Lemovicensis
3085 1675 3346 1747 episcopi
3376 1676 3643 1732 canonica
3667 1692 3795 1735 reve-

430 1763 777 1821 confessoris
823 1765 1124 1836 apostolici
1175 1766 1478 1820 devotione
1526 1770 1583 1820 et
1629 1764 2079 1820 reverentissimi
2114 1804 2157 1836 ι,
2194 1761 2700 1834 rentia,siquidem
2724 1763 3048 1820 catholicus
3074 1764 3250 1819 fuerit
3270 1769 3330 1819 et
3349 1764 3588 1836 gratiam
3606 1768 3799 1820 etcom-

430 1852 742 1909 coni'ratris
790 1853 977 1909 nostri
1027 1854 1288 1927 Hugonis
1339 1854 1567 1909 abbatis
1614 1854 1942 1918 dilectione,
1980 1870 2082 1926 pro
2112 1851 2159 1870 "
2191 1852 2875 1923 muniunemapostolicze
2894 1852 3050 1907 sedis
3072 1851 3799 1925 habuerit.Alioquinquan-

431 1944 543 1997 tute
560 1942 736 1998 etiam
757 1941 1051 2016 religionis
1067 1942 1428 2015 petitione,et
1447 1943 1866 1999 monasterium
1886 1943 2079 2015 ipsum
2190 1940 2287 1995 diu
2323 1942 2484 2003 forte,
2502 1942 2651 2011 quod
2692 1942 2864 2005 absit,
2892 1939 3322 1997 Lemovicensis
3342 1940 3579 1998 ecclesia
3602 1946 3797 2017 pastore

404 2036 489 2086 'et
519 2047 881 2103 quaecunque
911 2030 1098 2102 ipsius
1122 2035 1263 2087 sunt
1293 2033 1401 2087 sub
1434 2030 1613 2086 tutela
1635 2030 1963 2102 apostolica:
1997 2046 2083 2086 se-
2190 2030 2501 2093 carueruit,
2526 2030 2689 2085 vobis
2719 2030 3047 2102 vestrisque
3074 2030 3515 2089 successoribus
3550 2029 3796 2101 licenter-

431 2119 522 2174 dis
554 2120 1207 2193 perpetuoconi‘ovenda
1231 2103 1618 2195 suscipimus;
1643 2120 1697 2174 in
1723 2119 1939 2191 quibus
1960 2119 2081 2173 hmc
2190 2116 2558 2172 dinationum
2592 2118 2710 2174 sive
2749 2119 3252 2175 consecrationum
3284 2118 3797 2191 quarumlibetgra-

429 2208 683 2281 propriis
712 2208 1052 2264 nominibus
1073 2208 1351 2265 duximus
1370 2208 1766 2281 exprimenda.
1790 2208 1852 2262 In
1877 2208 2080 2263 Lemo-
2187 2204 2271 2260 tia
2303 2205 2657 2261 catholicum
2701 2223 2875 2277 quem
2929 2207 3253 2263 malueritis
3299 2207 3628 2280 episcopum
3666 2207 3796 2262 adire

429 2296 646 2352 vicensi
684 2282 831 2370 pago
876 2297 1299 2355 monasterium
1332 2297 1557 2352 Sancta:
1587 2296 1849 2361 Valeriae,
1883 2295 2081 2351 Sancti
2187 2299 2245 2349 et
2268 2295 2341 2349 ab
2372 2310 2437 2350 eo
2465 2312 2590 2367 qua:
2613 2300 2752 2350 sunt
2771 2300 3100 2367 opportuna
3121 2295 3441 2367 suscipere.
3465 2292 3797 2353 Itemconsti-

429 2385 695 2453 Valerici,
721 2386 944 2442 Sanctis
978 2386 1190 2451 Mariae,
1224 2403 1351 2462 quae
1391 2390 1629 2442 vocatur
1667 2386 2078 2454 Subterranea,
2186 2384 2411 2437 tuimus
2442 2384 2763 2441 secundum
2804 2384 3054 2456 antiqua:
3086 2384 3530 2449 consuetudinis
3569 2384 3795 2447 modum,

392 2469 711 2546 'capellam
762 2474 832 2529 de
879 2474 1058 2541 Buxo,
1110 2475 1388 2530 ecclesias
1435 2476 1507 2530 de
1553 2473 1781 2540 Valera,
1814 2472 2082 2529 videlicet
2188 2472 2426 2527 absente
2475 2471 2767 2543 episcopo,
2800 2472 2957 2529 Beati
2989 2472 3272 2531 Martialis
3325 2474 3506 2532 abbas
3550 2472 3797 2549 principiis

428 2562 625 2619 Sancti
658 2563 913 2635 Sulpitii,
952 2567 1172 2618 Sancta:
1216 2564 1429 2629 Mariae,
1463 2563 1660 2619 Sancti
1707 2562 1966 2628 Martini,
1987 2579 2078 2619 ec-
2187 2576 2321 2615 cum
2349 2561 2672 2631 majoribus
2695 2561 2992 2617 canonicis
3015 2562 3447 2623 Lemovicensis
3471 2560 3703 2620 ecclesia:
3720 2575 3798 2615 cu-

429 2650 666 2706 clesiam
696 2651 883 2707 sancti
918 2650 1199 2706 Martialis
1231 2652 1301 2705 de
1334 2651 1598 2716 ltociaco,
1630 2652 1855 2705 Sancta:
1889 2650 2079 2706 Mariis
2188 2665 2313 2703 ram
2342 2654 2600 2722 gerat,et
2625 2648 2973 2722 episcopalis
2995 2646 3201 2707 electio
3226 2666 3297 2705 ex
3319 2651 3446 2722 ejus
3468 2650 3794 2724 potissimum

429 2740 501 2794 de
532 2738 869 2808 Claravalle,
899 2738 1053 2810 apud
1085 2738 1287 2794 Pairac
1315 2738 1591 2794 ecclesias
1620 2738 1817 2793 Sancti
1847 2738 2081 2795 Martini
2188 2738 2426 2793 arbitrio
2449 2739 2815 2811 disponatur.
2842 2739 3128 2796 Praesente
3149 2756 3386 2813 quoque
3405 2740 3682 2815 episcopo,
3703 2754 3795 2795 non

431 2832 487 2882 et
518 2826 715 2901 Sancti
763 2826 1045 2900 Dionysii,
1077 2826 1218 2882 item
1263 2827 1463 2882 Sancti
1505 2826 1761 2900 Dionysii
1793 2827 1864 2883 de
1896 2827 2078 2895 Murs,
2187 2826 2314 2883 sine
2345 2828 2610 2899 ejusdem
2633 2827 2865 2884 abbatis
2886 2825 3133 2891 consilio
3154 2829 3422 2902 graviora
3450 2828 3629 2903 ipsius
3655 2826 3798 2889 eccle-

430 2916 657 2971 Sancta)
690 2914 881 2972 Mariae
931 2915 1002 2971 de
1036 2916 1239 2982 Roera,
1265 2915 1459 2971 Sancti
1508 2915 1656 2972 Petri
1705 2916 1777 2971 de
1825 2916 2079 2983 Parazol,
2188 2914 2286 2971 size
2320 2916 2550 2988 negotia
2581 2922 2952 2988 peraguntur.
2980 2916 3098 2973 Hoc
3130 2933 3367 2990 quoque
3392 2918 3652 2992 praesenti
3671 2913 3797 2988 capi-

432 3003 630 3060 Sancti
660 3002 874 3059 Silvani
918 3004 988 3063 de
1034 3003 1245 3073 Castel,
1274 3004 1469 3059 Sancti
1499 3004 1778 3060 Martialis
1828 3005 1899 3061 de
1948 3005 2078 3074 Rot,
2185 3004 2308 3059 tulo
2339 3005 2756 3078 subjungimus
2787 3022 2859 3061 ne
2889 3022 2991 3078 pro
3022 3006 3324 3065 communi
3347 3005 3630 3081 ,parochite
3658 3004 3797 3061 inter-

429 3093 623 3148 San'cti
670 3091 954 3149 Martialis
985 3092 1057 3148 de
1088 3091 1288 3158 Roser,
1319 3091 1513 3148 Sancti
1563 3092 1713 3149 Petri
1743 3093 1814 3149 de
1843 3092 2076 3161 Vcrnol,
2180 3092 2341 3149 dicto
2371 3091 2456 3148 vel
2490 3094 3091 3155 excommunicatione
3129 3095 3551 3157 monasterium
3578 3096 3795 3151 vestrum

428 3182 623 3237 Sancti
656 3179 951 3254 Alpiniani
981 3182 1052 3237 de
1083 3182 1294 3247 Tarae,
1313 3181 1507 3237 Sancti
1536 3181 1819 3238 Martialis
1851 3183 1922 3238 de
1952 3183 2078 3238 Ma-
2105 3167 2151 3235 C
2188 3181 2497 3239 interdicto
2528 3182 3187 3247 excommunicationivs
3216 3184 3527 3253 subdatur,
3547 3189 3608 3241 ut
3633 3187 3793 3240 tamen

427 3270 1119 3335 nave,ahbatiamSancti
1145 3270 1293 3326 Petri
1316 3270 2071 3337 Vosiensis,monasterium
2183 3270 2664 3328 excommunicati
2698 3270 2816 3326 illic
2865 3271 2952 3327 vel
3003 3272 3293 3333 interdicti
3342 3286 3699 3346 nequaquam
3732 3267 3791 3323 ad

426 3359 624 3417 Sancti
656 3358 907 3416 Pardulfi
938 3361 1008 3415 de
1036 3361 1284 3425 Arnaeo,
1308 3358 1560 3432 capellas
1595 3360 1666 3417 de
1701 3359 1890 3416 Colret
1918 3364 1975 3416 et
2004 3359 2076 3415 de
2183 3359 2382 3415 divina
2408 3359 2598 3416 ofﬁcia
2628 3359 3037 3419 admittantur.
3056 3360 3121 3418 Si
3144 3377 3424 3435 quasane
3445 3358 3793 3421 ecclesiastica

424 3450 681 3517 Monzac,
715 3447 1019 3505 ecclesiam
1069 3449 1140 3504 de
1186 3448 1366 3519 Sirac,
1410 3452 1633 3504 Sancta:
1673 3448 1867 3505 Mariae
1915 3448 2073 3522 Mag-
2184 3448 2824 3521 saecularisvepersona
2843 3448 2995 3505 hanc
3022 3454 3236 3506 nostris
3266 3448 3691 3511 constitutionis
3714 3461 3791 3523 pa-

424 3536 642 3594 dalenae
691 3539 761 3594 de
810 3538 1079 3606 Quadi-is,
1110 3537 1304 3593 Sancti
1350 3537 1633 3593 Martialis
1663 3537 1734 3593 de
1761 3537 1946 3608 Cosei,
1980 3554 2073 3593 ca-
2176 3538 2383 3613 ginem
2417 3537 2629 3603 sciens,
2653 3542 2853 3594 contra
2880 3554 3010 3595 eam
3036 3542 3256 3597 temere
3280 3539 3479 3596 venire
3494 3533 3790 3607 tractaverit,

423 3626 639 3700 pellam
688 3627 886 3683 Sancti
934 3625 1233 3681 Michaelis
1272 3643 1398 3698 qua:
1445 3626 1659 3681 dicitur
1700 3627 1984 3695 Anteana,
2018 3630 2077 3683 et
2184 3626 2441 3683 secundo
2479 3626 2720 3685 tertiove
2763 3626 3140 3694 commonita,
3176 3627 3224 3682 si
3278 3644 3396 3687 non
3440 3624 3793 3695 satisfactione

423 3715 730 3773 castellum
756 3720 944 3771 vestro
977 3714 1330 3771 monasterio
1358 3713 1762 3770 circumsitum
1788 3732 1920 3770 cum
1950 3716 2076 3772 uni-
2182 3731 2442 3788 congrua
2471 3715 2887 3780 emendaverit,
2922 3715 3226 3787 potestatis
3257 3716 3604 3787 honorisque
3623 3712 3706 3775 sui
3731 3709 3795 3769 di-

421 3805 608 3861 versis
638 3803 1004 3877 pertinentiis
1036 3804 1181 3872 suis,
1206 3804 1359 3860 sicut
1388 3802 1531 3857 illud
1555 3802 1865 3874 religiosus
1896 3804 2075 3878 impe-
2181 3803 2403 3877 gnitate
2434 3808 2647 3872 careat,
2682 3820 2958 3875 reamque
3000 3820 3063 3861 se
3101 3804 3297 3861 divino
3336 3806 3561 3877 judicio
3589 3802 3795 3862 existere

422 3897 580 3949 rator
611 3891 1004 3947 Hlodouvicus
1033 3892 1202 3947 beato
1234 3890 1484 3947 Martiali
1517 3890 1828 3947 tradidisse
1859 3909 2070 3965 cogno-
2181 3891 2253 3948 de
2274 3896 2604 3967 perpetrata
2623 3891 2933 3964 iniquitate
2952 3897 3414 3965 cognoscat,eta
3437 3890 3792 3951 sacratissimo

424 3983 628 4037 scitur.
651 3980 714 4035 In
740 3978 1087 4037 Santonensi
1115 3979 1539 4035 monasterium
1564 3978 1759 4034 Sancti
1787 3980 2073 4038 Martialis
2181 3997 2420 4052 corpore
2451 3996 2517 4036 ac
2562 3980 2848 4053 sanguine
2878 3979 2979 4037 Dei
3012 3986 3070 4036 et
3100 3981 3331 4039 Domini
3376 3980 3557 4039 nostri
3586 3978 3792 4043 Redem—

422 4070 579 4141 apud
611 4072 867 4124 castrum
898 4068 1211 4136 Colesium,
1239 4065 1435 4125 Sancti
1469 4065 1619 4120 Petri
1651 4067 1720 4122 de
1754 4067 1943 4124 Monte
1962 4072 2074 4126 An'
2179 4071 2364 4143 ptoris
2409 4070 2551 4125 Jesu
2597 4068 3040 4134 Christi,aliena
3086 4069 3209 4135 ﬁat,
3240 4077 3419 4143 atque
3467 4070 3525 4127 in
3572 4073 3791 4129 extremo

422 4159 547 4225 dro,
579 4158 773 4215 Sancti
820 4157 1053 4233 Martini
1102 4158 1174 4213 de
1222 4154 1475 4221 Saliono,
1508 4155 1703 4210 Sancti
1734 4155 2068 4227 Salvatoris,
2178 4158 2444 4221 examine
2474 4158 2750 4214 districta:
2791 4157 2997 4214 ultioni
3027 4159 3349 4230 subjaceat.
3364 4158 3598 4217 Cunctis
3626 4160 3791 4215 autem

421 4264 546 4319 quae
590 4247 801 4303 dicitur
828 4247 961 4304 Vita
1008 4251 1242 4313 aeterna,
1275 4243 1469 4299 Sancti
1516 4243 1667 4298 Petri
1716 4244 1788 4300 de
1834 4247 2067 4313 Anesio,
2177 4247 2365 4311 eidem
2399 4246 2523 4303 loco
2544 4248 2712 4318 justa
2740 4248 3107 4304 servantibus
3137 4248 3217 4304 sit
3244 4265 3358 4320 pax
3382 4245 3611 4309 Domini
3639 4241 3793 4303 nostri

418 4336 722 4393 ecclesiam
753 4338 824 4394 de
854 4338 1024 4394 Doaz.
1059 4336 1123 4391 In
1157 4332 1506 4388 Arvernensi
1538 4332 1842 4390 ecclesiam
1874 4337 2066 4392 Sancti
2175 4336 2313 4393 Jesu
2347 4335 2879 4408 Cbristi,quatenus
2906 4342 2963 4393 et
2994 4336 3087 4393 hic
3117 4338 3376 4394 fructum
3397 4339 3561 4395 bona:
3582 4329 3792 4393 actionis

419 4426 649 4483 Martini
694 4426 764 4482 de
805 4422 1102 4496 Vernojol.
1136 4423 1198 4477 In
1247 4420 1591 4476 Bituricensi
1644 4424 2065 4481 monasterium
2168 4424 2499 4505 percipiant
2521 4429 2580 4481 et
2600 4426 2755 4497 apud
2778 4424 3107 4493 districtum
3124 4426 3388 4498 judicem
3413 4424 3644 4498 prtemia
3662 4425 3795 4478 eter-

415 4514 611 4570 Sancti
642 4513 922 4599 Martialis
972 4511 1128 4584 apud
1180 4508 1511 4578 Rosiacum,
1543 4510 1848 4568 ecclesiam
1880 4513 2067 4571 sancti
2092 4529 2145 4599 Β
2167 4525 2260 4569 ἠω
2293 4516 2455 4586 pacis
2487 4514 2807 4571 inveniant.
2839 4516 3045 4581 Amen,
3078 4531 3273 4585 amen,
3307 4531 3500 4572 amen.
3765 4516 3771 4523 ’

415 4604 752 4677 Leodegarii
784 4588 855 4658 de
907 4599 1182 4664 Malvera,
1213 4598 1410 4653 Sancti
1459 4598 1744 4658 Martialis
1773 4602 1843 4657 de
1873 4602 2061 4658 Duno.
2092 4588 2137 4599 ’⁷
2242 4607 2454 4659 Datum
2497 4603 2807 4659 Sanctonis
2857 4619 2960 4676 per
3008 4619 3253 4660 manum
3299 4603 3564 4673 Joannis,
3611 4599 3792 4656 sancta

414 4692 475 4748 In
508 4691 854 4750 Pictaviensi
896 4688 1053 4762 apud
1096 4689 1354 4742 castrum
1388 4687 1726 4746 Monmorde
1755 4690 2061 4747 ecclesiam
2174 4692 2445 4748 Romanis
2466 4690 2723 4755 ecclesiae
2746 4691 2977 4748 diaconi
2999 4691 3336 4759 cardinalis,
3359 4709 3399 4748 ιι
3422 4692 3559 4749 ldus
3587 4684 3789 4761 Apriliﬁi

408 4783 611 4839 Sancti
634 4780 869 4837 Martini
892 4780 961 4833 de
984 4778 1239 4844 Monzac,
1263 4782 1319 4830 et
1328 4776 1497 4847 juxta
1518 4777 1823 4835 castellum
1848 4797 2060 4836 novum
2171 4779 2489 4835 indictione
2531 4796 2610 4846 IV,
2647 4797 2802 4836 anno
2851 4780 3165 4836 Dominica:
3215 4777 3632 4838 lncarnationis
3656 4773 3789 4840 1097,

413 4872 567 4927 beati
597 4869 880 4926 Martialis
932 4864 1260 4921 ecclesiam.
1296 4865 1357 4920 In
1408 4867 1720 4924 Rutenensi
1754 4868 2059 4933 ecclesiam
2168 4868 2545 4941 pontiﬁcatus
2576 4874 2769 4925 autem
2802 4869 3003 4927 domui
3030 4868 3246 4927 Urbani
3272 4868 3517 4927 secundi
3549 4880 3699 4939 papa
3724 4875 3787 4917 ιι·

412 4961 483 5016 de
513 4959 781 5024 'l‘euciac,
815 4957 1039 5011 Sancta:
1081 4954 1271 5013 Mariae
1303 4956 1372 5010 de
1414 4956 1654 5023 Panesa,
1680 4958 1876 5012 Sancti
1910 4958 2058 5012 Mar-
2916 4957 3068 5013 CXC.

402 5042 567 5105 itialis
623 5047 694 5100 de
753 5044 1169 5116 Rivopetroso.
1207 5043 1264 5098 In
1301 5045 1609 5102 Biterrensi
1660 5045 1937 5101 ecclesias
1988 5048 2061 5103 de
2173 5028 2454 5116 U’ij,"
2474 5045 2635 5116 1’an
2679 5029 3008 5116 εμίειοιει,αά
3054 5028 3430 5116 Παίπῖαηξίωη

411 5137 673 5191 Laurenc
712 5137 768 5187 et
814 5132 886 5186 de
936 5132 1210 5189 Paimolo.
1240 5135 1304 5189 In
1337 5135 1699 5190 Narbonensi
1748 5133 2058 5193 ecclesiam
3171 5101 3395 5167 demas
3442 5115 3536 5172 qm
3579 5099 3785 5155 me".

411 5181 553 5191 ’ων
573 5181 670 5230 vf”
715 5181 768 5187 ’⁷
807 5181 882 5231 .“⁷
910 5181 957 5232 .”
981 5181 1210 5189 ””“””’
1240 5181 1304 5189 ”’
1337 5181 1699 5235 ”“ῖ’”“’”ῖ””
1751 5181 2058 5233 ”““”’ῖ”“”
2238 5181 2389 5225 rium
2417 5181 2474 5225 δ.
2507 5181 2744 5227 Urimu'z'
2767 5181 3127 5228 violaverant.

398 5224 607 5313 Sancti
637 5220 944 5313 -Sassiani.
1007 5222 1095 5313 In!
1126 5223 1583 5313 Petrogoricensi
1632 5227 2058 5313 monasterium
2360 5311 2374 5313 _
2788 5242 2977 5313 (Anno
3011 5243 3196 5312 1096.)

402 5307 604 5366 Sancti
637 5308 919 5365 Martialis
950 5311 1100 5382 apud
1150 5312 1479 5368 Palnatum.
1517 5311 1577 5365 In
1629 5309 2058 5382 Engolismensi
2356 5311 2522 5385 [Dom
2554 5307 2845 5381 Bonoun'r,
2880 5315 3116 5383 Recueil,
3151 5307 3191 5370 ιζ
3224 5313 3370 5380 XIV,
3392 5330 3459 5389 Ap.
3488 5309 3635 5382 725a]

397 5394 715 5455 ecclesiam
747 5398 941 5454 Sancti
975 5399 1255 5456 Martialis
1279 5402 1349 5455 de
1372 5398 1629 5456 Multene
1652 5402 1708 5453 et
1729 5399 1800 5453 de
1820 5399 2056 5458 Cantra-
2242 5399 2518 5457 Una/mus
2549 5401 2880 5475 episcopus,
2910 5419 3116 5461 servus
3138 5395 3783 5467 .servorum'Dei,dilectO

391 5490 527 5544 ‘zac.
559 5487 619 5539 et
646 5484 919 5557 capellam
969 5489 1028 5543 in
1074 5488 1219 5543 silva
1258 5489 1486 5559 Biarga,
1509 5490 1565 5541 et
1590 5485 1762 5542 aliam
1793 5486 1854 5542 in
1886 5488 2058 5546 bosco
2170 5488 2335 5545 fratri
2382 5488 2715 5559 ΗΑιΜυΝοο,
2746 5491 3021 5548 Auxiensi
3073 5490 3529 5566 archiepiscopo,
3559 5487 3781 5547 salutem

402 5575 665 5649 Nigreto,
696 5578 752 5632 et
781 5574 976 5638 Sancti
1021 5574 1224 5635 Hilarii
1276 5575 1335 5635 in
1382 5573 1620 5634 castello
1667 5575 1738 5635 de
1789 5576 1962 5637 Roca.
1986 5578 2058 5681 .ln
2169 5576 2640 5671 etspostolicam
2671 5578 3160 5647 benedictionem.
