3928 6208
171 589 310 648 siam
332 588 573 647 noviter
591 590 676 647 sis
699 589 1025 659 ordinatus,
1040 589 1198 647 sedis
1216 588 1543 664 apostolicae
1574 588 1823 645 decretis

174 678 399 739 obedire
424 684 483 737 te
519 679 1002 754 irret‘ragabiliter
1026 683 1270 752 Oportet.
1307 676 1657 735 Mandamus
1687 695 1823 750 ergo

174 770 525 826 fraternitati
554 773 670 824 tute
694 773 759 824 ut
778 769 850 825 de
871 767 1098 826 clericis
1136 769 1293 824 sedis
1317 773 1448 833 tum,
1480 767 1580 839 qui
1613 783 1821 823 coeme-

160 858 380 915 'teri'um
404 859 571 931 quod
598 858 749 914 beati
801 867 962 930 papae
1006 857 1213 913 Leonis
1242 860 1299 912 et
1351 859 1551 911 nostro
1593 855 1822 911 decreto

170 947 426 1005 ecclesiae
475 946 639 1003 Beati
687 946 929 1003 Orientii
976 946 1276 1001 ﬁrmatum
1326 945 1533 1011 fuerat,
1582 941 1824 999 violave-

170 1033 324 1106 runt,
349 1035 653 1109 justitiam
678 1035 865 1092 facere
895 1033 1175 1091 canonica
1218 1033 1491 1107 aequitate
1522 1047 1818 1106 procures.

168 1120 249 1183 ﬁs
308 1131 523 1182 cetero
574 1129 634 1180 et
682 1124 941 1197 teipsum
997 1128 1056 1180 et
1111 1127 1224 1179 tuae
1281 1122 1438 1178 sedis
1471 1120 1712 1177 clericos
1741 1121 1823 1176 ita

167 1208 493 1284 Custodias,
523 1218 590 1270 ut
618 1214 892 1270 Romanis
919 1212 1187 1273 Ecclesiae
1218 1212 1449 1267 decreta
1480 1209 1822 1266 inconvulsa

165 1304 329 1378 apud
350 1316 480 1371 vos,
531 1302 779 1359 Domino
806 1301 1108 1375 largiente,
1141 1304 1557 1357 conserventur
1585 1303 1643 1355 et
1672 1298 1819 1355 inte-

167 1402 273 1470 ενδ

278 1435 389 1540 ista
418 1481 639 1551 Roma,
671 1498 737 1539 ιιι
769 1480 1058 1537 Kalendas
1091 1478 1246 1537 Maii.

164 1708 421 1766 Urbanus
464 1707 514 1763 ll
554 1706 881 1761 monasterii
912 1614 1213 1759 ἓῗωὶὶῡίηἰ
1258 1701 1663 1773 Andegavensis
1687 1717 1812 1773 pos-

694 1778 957 1834 sessiones
984 1776 1289 1846 conﬁrmat.

792 1884 987 1955 (Anno
1016 1881 1202 1949 1096.)

492 1990 804 2061 [301mm,
845 1989 958 2046 Vita
1000 1987 1223 2052 Urbani,
1258 2002 1313 2058 p.
1346 1986 1498 2056 256.]

891 2095 1094 2160 CXCII.

166 2199 350 2270 Refert
380 2211 508 2270 qu
535 2196 596 2250 in
624 2203 893 2270 concentu
929 2194 1075 2270 apud
1102 2192 1159 2249 S.
1193 2193 1472 2270 Hilarium
1501 2189 1686 2270 habito
1714 2198 1819 2246 sta-

235 2263 355 2325 tuta
379 2263 501 2324 sint
553 2268 835 2323 occasione
880 2263 1375 2321 controversiarum
1403 2278 1523 2335 quae
1555 2263 1701 2317 inter
1728 2277 1818 2316 ca-

186 2358 189 2361 '
230 2342 469 2396 tumhoc
513 2338 568 2394 S.
601 2338 807 2395 Hilarii
860 2346 911 2393 et
966 2337 1258 2393 monachos
1311 2334 1633 2390 monasterii
1685 2334 1820 2389 Novi

202 2476 205 2479 λ
231 2412 606 2539 fictamfnsis
635 2412 695 2466 in
719 2411 973 2482 prioratu
1003 2408 1059 2464 S.
1086 2407 1302 2465 Nicolai
1341 2406 1590 2477 degentes
1613 2415 1819 2462 exortes

260 2500 439 2539 ueran
470 2523 485 2538 .

230 2487 485 2556 fuerant.

797 2570 982 2641 (Anno
1014 2568 1200 2639 4096.)

371 2654 381 2661 ’
492 2668 802 2741 (Bellum,
840 2668 973 2722 Vita
999 2666 1222 2734 Urbani,
1256 2682 1313 2738 p.
1344 2661 1495 2739 255.]

883 2790 1111 2847 CXCIII.

160 2885 382 2943 Urbani
407 2882 643 2953 ll‘papae
668 2881 898 2953 epistola
944 2882 1015 2935 ad
1052 2877 1814 2953 Ansculphum_Angeriacon-

228 2966 349 3013 sam
379 2948 655 3010 abbatem.
687 2948 756 2992 '—
806 2953 1195 3007 Buriacenscm
1234 2948 1290 3005 ei
1330 2949 1632 3014 ecclesiam,
1678 2948 1817 3003 dono

230 3026 482 3099 episcopi
538 3024 878 3080 Beluaccnsis
930 3023 1276 3099 acquisitam,
1325 3024 1377 3099 et
1429 3020 1818 3091 astipulalione

232 3092 386 3168 rogis
415 3092 754 3152 Francorum
781 3092 1054 3149 munitam
1089 3092 1397 3163 conﬁrmat.

795 3192 978 3258 (Anno
1018 3189 1195 3260 I090.)

352 3284 522 3352 [Dom
558 3276 849 3346 B'ouous'r,
880 3280 1118 3345 Recueil,
1153 3283 1193 3334 t.
1225 3278 1367 3345 XIV,
1401 3294 1458 3350 p.
1490 3277 1639 3347 7211.]

172 3446 199 3453 _,
235 3390 526 3446 Unamus
556 3386 1098 3461 episcopus,servus
1120 3401 1421 3441 servorum
1446 3384 1567 3452 Dei,
1591 3382 1819 3439 dilectis

162 3478 307 3543 ﬁliis
340 3480 713 3542 Auscuwuo,
744 3472 1155 3548 Angeriacensi
1188 3472 1405 3540 abbati,
1438 3476 1494 3529 et
1540 3474 1668 3545 ejus
1698 3472 1819 3528 fra-

160 3567 384 3631 tribus,
411 3564 664 3622 salutem
695 3567 755 3619 et
782 3560 1157 3634 apostolicam
1188 3559 1673 3625 benedictionem.

234 3656 393 3723 Quia
419 3653 769 3725 disponente
798 3651 1043 3708 Domino
1064 3650 1255 3707 locum
1289 3654 1546 3706 vestrum
1576 3666 1822 3723 pernos-

162 3745 471 3816 metipsos‘
521 3741 758 3798 visitare
832 3738 1180 3806 meruimus,
1242 3738 1488 3812 dignum
1543 3738 1823 3805 duximus

162 3833 360 3908 quieti
383 3835 587 3888 vestra:
609 3828 970 3887 auctoritatis
1012 3833 1222 3885 nostris
1269 3827 1479 3884 litteris
1500 3827 1819 3901 providere.

163 3922 390 3983 Omnia
418 3920 600 3993 igitur
629 3936 758 3991 quae
786 3918 1310 3990 impraesentiarum
1332 3918 1495 3988 justo
1527 3916 1826 3990 possidere

165 4009 483 4077 videmini,
515 4009 689 4063 firma
714 4006 879 4063 vobis
924 4011 983 4062 et
1012 4006 1239 4080 integra
1286 4010 1563 4078 perpetuo
1590 4022 1825 4062 manere

174 4099 502 4159 sancimus.
535 4096 599 4152 In
643 4095 860 4167 quibus
905 4094 1071 4151 vobis
1116 4093 1463 4150 nominatim
1515 4094 1824 4151 Buriacen-

174 4188 420 4261 comedit)
451 4184 761 4243 ecclesiam
777 4184 1217 4250 conﬁrma-mus,
1240 4187 1306 4238 ut
1326 4182 1479 4239 sicut
1501 4183 1826 4239 reverenda:

175 4277 477 4336 memorias
503 4274 678 4329 Wido
704 4271 1066 4328 Belvacensis
1112 4270 1425 4344 episcopus
1474 4277 1664 4327 vestro
1695 4288 1826 4327 eam

178 4362 537 4426 monasterio
559 4359 833 4430 contulit,
866 4358 1371 4416 consen‘.ientibus
1414 4358 1681 4417 videlicet
1702 4359 1826 4417 Bel-

177 4449 758 4512 vacensis'Ecelesim
785 4448 1101 4517 canonicis,
1135 4452 1195 4504 et
1231 4448 1386 4504 sicut
1434 4448 1703 4507 eamdem
1732 4448 1829 4505 do-

178 4544 487 4607 nationem
514 4540 872 4596 Francorum
896 4552 997 4593 rex
1024 4553 1135 4593 sua
1182 4536 1599 4608 astipulatione
1629 4537 1826 4593 firma-

1352 358 1766 430 musan
1807 346 1910 429 ET
1952 352 2430 433 PRWILEGIA.

180 496 191 504 ’
227 484 379 558 Cum
411 500 474 557 in
511 498 805 557 A‘uxiensi‘
826 497 1131 575 metropoli
1162 515 1265 574 per
1288 499 1612 556 Romanam
1635 489 1826 555 Eccle-
1850 500 1905 570 Α

3467 363 3587 431 λὸϐ

2654 502 2866 561 CXCV.

2043 592 2293 649 Urbanus
2318 593 2373 649 II
2398 593 2652 667 Ecclesiae
2675 593 3122 667 Pampilunensis
3155 593 3473 667 privilegia,

2104 667 2320 735 petente
2348 667 2508 721 Petro
2537 665 2603 720 de
2632 667 2778 723 Roda
2804 665 3072 739 episcopo,
3105 665 3412 737 conﬁrmat.

2558 771 2744 843 (Anno
2778 770 2961 844 1096.)

2266 858 2560 931 mensam,
2602 863 2716 917 Vita
2744 863 2970 929 Urbani,
3006 880 3061 935 p.
3092 864 3245 935 260.]

2638 986 2873 1043 CXCVI.

1930 1072 2094 1127 Bulla
2122 1073 2551 1144 conﬁrmationis
2593 1077 3015 1159 privilegiorum
3062 1079 3385 1134 monasterii
3432 1078 3580 1149 Moy-

2620 1163 2646 1201 .ς
2653 1164 2831 1203 ιαεετιςς
2837 1164 2883 1203 ιδ
2889 1189 2901 1202 .

2557 1234 2741 1306 (Anno
2777 1236 2960 1308 1096.)

2357 1320 2613 1394 [Μυκη
2646 1324 2866 1381 Miscell.
2901 1325 2970 1392 II,
3003 1324 3153 1398 l79.]

1958 1481 1965 1488 ,
2001 1426 2278 1485 Uasanus
2307 1427 2849 1502 episcopus,servus
2880 1449 3179 1489 servorum
3209 1432 3577 1501 Dei,dilectis

1931 1515 2210 1573 fratribus
2261 1519 2319 1573 et
2344 1517 2709 1591 coepiscopis
2760 1520 2971 1576 Ismuc
3029 1520 3337 1589 Tolosano,
3370 1523 3579 1579 Smom

1927 1606 2283 1677 Agennensi,
2315 1607 2584 1662 GERALDO
2628 1608 2987 1676 Caturcensi,
3021 1610 3350 1667 Rursusne
3383 1613 3579 1669 Lecto-

1929 1695 2106 1761 rensi,
2139 1695 2391 1752 salutem
2422 1701 2478 1752 et
2508 1697 2893 1768 apostolicam
2920 1698 3403 1758 benedictionem.

1998 1784 2440 1842 Fraternitatem
2497 1790 2753 1843 vestram
2793 1804 2909 1844 non
2956 1788 3227 1861 ignorare
3276 1790 3573 1848 credimus

1849 1872 1907 1940 Β·
1925 1874 2079 1946 quod
2112 1874 2541 1946 Moyssiacense
2564 1875 2984 1932 monasterium
3018 1894 3244 1952 magna:
3275 1879 3575 1951 quondam

1928 1961 2227 2035 religionis
2257 1966 2314 2019 et
2343 1980 2569 2037 magnis
2600 1964 2766 2021 fama:
2806 1981 3149 2039 magnasque
3196 1967 3370 2024 fuerit
3396 1967 3577 2024 excel-

1926 2050 2140 2107 lentiae.
2165 2052 2541 2109 Postmodum
2574 2068 2706 2109 vero
2736 2071 2871 2111 cum
2898 2054 3019 2111 illic
3050 2055 3445 2113 habitantium
3476 2073 3574 2112 ne-

1927 2141 2209 2215 gligentia
2238 2141 2536 2214 religionis
2583 2142 2772 2215 gloria
2818 2144 3187 2211 decrevisset,
3220 2145 3577 2201 substantia-

1926 2247 2177 2303 rumque
2206 2230 2381 2302 copia
2402 2230 2696 2287 diminuta
2724 2235 2784 2287 et
2804 2247 2950 2303 pene
2971 2233 3049 2287 ad‘
3071 2233 3317 2288 nihilum
3342 2234 3578 2289 redacta

1926 2324 2034 2376 est.
2068 2318 2297 2376 Gratias
2316 2324 2513 2375 autem
2537 2320 2673 2388 Deo,
2706 2320 2807 2393 qui
2828 2320 3045 2378 nostris
3080 2321 3442 2394 temporibus
3473 2338 3579 2394 per

1925 2407 2397 2465 Gluniacensium
2428 2408 2707 2464 abbatum
2756 2409 3109 2465 industriam
3141 2409 3481 2482 religionem
3511 2410 3573 2466 in

1925 2514 1993 2553 eo
2014 2496 2138 2553 loco
2161 2495 2437 2553 abolitam
2462 2513 2730 2569 reparare
2743 2497 3018 2571 dignatus
3041 2502 3152 2555 est.
3174 2499 3412 2571 Oportet
3434 2516 3572 2573 ergo

1927 2589 2245 2642 etvestram
2266 2585 2693 2642 fraternitatem
2713 2603 2817 2658 pro
2840 2587 3147 2645 beatorum
3174 2588 3572 2645 PetrietPauli

1925 2674 2247 2743 devotione,
2275 2691 2529 2746 quorum
2558 2675 2781 2731 nomini
2812 2675 2974 2733 locus
3033 2676 3047 2731 i
3056 2694 3158 2749 pse
3205 2677 3434 2733 dicatus
3462 2680 3572 2747 est,

1925 2781 2163 2836 operam
2196 2764 2335 2821 dare
2378 2767 2669 2837 quatenus
2719 2764 3096 2838 antiquarum
3130 2766 3574 2839 possessionum

1926 2853 2291 2910 substantias
2328 2853 2581 2925 recipere
2612 2854 2907 2927 etquasin
2922 2855 3194 2928 praesenti
3208 2858 3409 2911 tenent
3438 2854 3572 2911 reti-

1925 2959 2065 2998 nere
2085 2942 2352 3009 firmiter,
2376 2943 2445 2998 ad
2469 2960 2612 2999 usus
2633 2959 2930 3000 servorum
2952 2943 3173 3001 ibidem
3205 2944 3573 3000 manentium

1927 3037 2236 3087 mereatur.
2273 3031 2519 3087 Proinde
2572 3032 2929 3089 monasteria
2981 3032 3067 3087 vel
3129 3033 3395 3089 abbatias
3425 3049 3573 3105 quas

1926 3136 2079 3177 nunc
2094 3138 2201 3192 usq
2211 3124 2614 3176 ue'tenuerunt
2634 3120 2719 3176 vel
2741 3124 2941 3177 tenent
2962 3122 3385 3177 confirmamus
3400 3121 3574 3178 eccle-

1928 3209 2025 3265 sia:
2058 3208 2472 3281 Moyssiacensi
2522 3208 2845 3280 apostolica
2893 3208 3258 3276 auctoritate,
3291 3213 3355 3264 ut
3384 3210 3574 3282 possi-

1929 3299 2103 3354 deant
2124 3302 2181 3354 et
2202 3300 2437 3353 teneant
2458 3297 2567 3353 sub
2590 3297 2850 3353 dominio
2888 3296 3291 3353 Cluniacensis
3322 3298 3571 3366 abbatis,

1929 3384 2150 3442 scilicet
2183 3386 2239 3440 in
2270 3385 2607 3457 cpisc0patu
2637 3384 2923 3440 Tolosano
2971 3385 3266 3441 abbatiam
3300 3386 3574 3442 Lezaten-

1929 3474 2141 3542 sem,in
2161 3472 2492 3547 Agennensi
2525 3472 2818 3528 abbatiam
2861 3474 3057 3529 Sancti
3080 3474 3337 3530 Gervasii
3370 3475 3577 3531 Exien-

1930 3564 2032 3629 sis,
2068 3563 2127 3618 in
2157 3561 2425 3618 Elcncnsi
2483 3562 2709 3616 Sanctae
2759 3560 2950 3617 Mariae
3003 3561 3328 3632 Arulensis,
3357 3563 3417 3617 in
3467 3567 3573 3619 Ge-

1931 3651 2212 3708 rundcnsi
2261 3650 2454 3706 Sancti
2505 3650 2663 3705 Petri
2700 3649 3162 3722 Campirolundi.
3202 3651 3310 3707 Sed
3358 3652 3416 3705 in
3467 3652 3577 3708 hac

1930 3739 2344 3798 constituimus
2365 3740 2786 3795 etmandamus
2800 3744 2991 3795 utnon
3021 3738 3101 3795 ibi
3120 3739 3375 3812 amplius
3396 3740 3577 3796 abbas

1931 3830 2256 3899 ordinetur,
2269 3828 2369 3883 sed
2383 3846 2417 3883 a
2431 3826 2841 3900 Moyssiacensi
2856 3828 3068 3885 abbate
3082 3829 3159 3883 ibi
3179 3829 3341 3901 prior
3351 3845 3576 3902 praepo-

1933 3923 2124 3976 natur.
2159 3917 2486 3973 Prioratum
2511 3916 2686 3973 etiam
2715 3920 2936 3973 Sancta:
2967 3917 3160 3974 Maria:
3190 3917 3580 3984 Tolosaa,San-

1933 4008 2011 4065 cti
2030 4007 2178 4063 Petri
2223 4007 2295 4061 de
2328 4005 2626 4077 Coquinis,
2660 4010 2717 4062 et
2746 4006 2940 4062 Sancti
2980 4006 3144 4063 Genii
3188 4006 3575 4064 Lectorensis.

1932 4100 1990 4153 et
2021 4094 2329 4150 Durivollis
2358 4099 2417 4149 et
2444 4093 2769 4149 Villaanova:
2815 4094 2874 4149 in
2930 4094 3295 4152 Ruthenensi
3321 4112 3492 4169 pago,
3523 4099 3581 4152 et

1933 4188 2398 4257 conquetascum
2416 4182 2778 4255 appendiciis
2799 4183 3020 4253 suis,et
3036 4184 3235 4240 omnia
3263 4200 3391 4256 quis
3423 4202 3581 4241 nunc

1936 4274 1995 4329 in
2014 4272 2283 4345 praesenti
2299 4276 2513 4338 tenent,
2537 4271 2667 4327 utin
2690 4276 2974 4328 aeternum
2992 4272 3402 4344 possideantin
3439 4290 3581 4346 pace

1933 4361 2274 4419 volumuset
2287 4361 2642 4418 mandamus
2670 4379 2683 4428 ;
2707 4361 2894 4418 ethoc
2917 4377 2986 4417 ex
3008 4362 3313 4418 beatorum
3348 4366 3580 4433 aposto-

1935 4451 2126 4508 lorum
2148 4450 2293 4507 Petri
2314 4454 2373 4506 et
2390 4448 2909 4506 Pauliauctoritate
2943 4453 3214 4507 etnostra
3243 4449 3584 4521 adjicientes

1935 4544 2003 4597 ut
2022 4540 2081 4595 in
2101 4538 2350 4595 abbatiis
2384 4554 2564 4611 super
2595 4540 2955 4596 enumeratis
2984 4538 3109 4596 sine
3136 4538 3584 4611 Moyssiacensis

176 4606 275 4701 vit,
328 4631 416 4687 sie
459 4645 616 4695 eam,
649 4644 720 4683 ex
766 4629 975 4684 nostras
1033 4606 1400 4682 auctoritatis
1455 4626 1662 4684 robore
1704 4625 1831 4682 sine
1862 4606 1907 4672 D
1937 4628 2425 4689 abbatisconsilio
2443 4606 2810 4685 etvoluntate
2841 4628 3024 4683 abbas
3058 4606 3391 4682 nullatenus
3408 4626 3586 4699 eliga-

179 4732 441 4794 personts
471 4716 732 4788 alicixius
764 4714 1166 4788 inquietudine
1213 4712 1512 4787 possidere
1535 4714 1592 4770 in
1626 4731 1829 4788 perpe-

181 4816 348 4871 tuum
375 4803 839 4874 debeatis,sal.va
867 4801 1151 4862 nimirum
1180 4802 1546 4861 Belvacensis
1575 4801 1833 4877 episcopi

176 4898 462 4958 canonica
492 4892 838 4951 reverentia.

902 4993 1130 5055 CXCIV.

175 5096 431 5155 Urbanus
459 5084 875 5148 ΙΙ’1ηοηαδιθνίθ
902 5088 1257 5143 Cluniacensi
1281 5088 1477 5144 cellam
1515 5088 1570 5145 S.
1602 5089 1833 5146 Michae-

637 5162 707 5215 lis
732 5159 798 5214 de
825 5160 1000 5215 Monte
1027 5160 1146 5215 Allo
1175 5161 1389 5214 asserit.

812 5249 1001 5319 (A’nno
1034 5246 1214 5320 1096.)
1572 5306 1577 5309 _

515 5340 830 5414 [Remum
870 5338 984 5393 Vita
1015 5336 1238 5407 Urbani,
1270 5353 1327 5409 p.
1360 5338 1508 5407 258;]

244 5513 806 5597 (ιιίιμὲιξνίειοοιεξίξ
841 5479 1106 5597 eaeeae
1158 5515 1527 5597 (Eurytsur-le
1561 5515 1834 5597 manu

177 5578 535 5656 acii-0,1084,
586 5603 644 5642 v1
702 5584 855 5657 Kal.”
888 5578 1099 5653 Martii,
1161 5578 1423 5657 adeo'q'u'e
1479 5578 1835 5657 anno‘1'08'5',

176 5679 462 5721 concessa
492 5653 609 5717 fuit
655 5653 1177 5728 Angeliacensibiis
1206 5653 1510 5714 monachis
1529 5655 1590 5713 in
1632 5653 1838 5712 Santoé

1936 4721 2036 4773 tur
2052 4715 2141 4772 vel
2163 4716 2237 4771 ab
2258 4715 2454 4789 aliquo
2476 4716 2796 4772 ordinetur.
2822 4716 2984 4782 Quod
3020 4716 3077 4781 si,
3105 4714 3411 4788 contigerit
3437 4732 3585 4772 ausu

1939 4804 2252 4863 temerario
2286 4805 2358 4860 ab
2390 4803 2587 4877 aliquo
2628 4803 2776 4876 fleri,
2808 4807 2867 4860 et
2913 4801 3133 4860 electus
3182 4806 3239 4859 et
3283 4802 3585 4877 eligentes,

1942 4894 2247 4952 ordinatus
2268 4896 2324 4948 et
2362 4892 2683 4960 ordinator,
2707 4892 3289 4950 excommunicentur
3315 4896 3371 4949 et
3402 4910 3436 4950 a
3464 4894 3589 4950 suis

1943 4983 2251 5041 ordinibus
2271 4997 2349 5037 ex.
2359 4982 2510 5037 beati
2529 4982 2678 5037 Petri
2696 4982 3039 5039 auctoritate
3061 4982 3172 5039 sub
3198 4982 3592 5041 anathematis

1944 5069 2419 5128 interminatione
2476 5069 2865 5141 deponantur.
2916 5074 3366 5144 Conqueruntur
3412 5072 3590 5128 etiam

1946 5161 2052 5234 ipsi
2072 5162 2279 5215 fratres
2311 5158 2772 5231 Moyssiacenses
2795 5158 3082 5232 plurimas
3111 5161 3201 5217 sui
3236 5161 3393 5232 juris
3406 5160 3591 5216 eccle-

1945 5248 2062 5305 sias
2084 5267 2117 5304 a
2137 5247 2302 5304 laicis
2324 5246 2667 5304 hominibus
2683 5248 3037 5320 occupari,in
3053 5248 3591 5318 Tolosanoquidem

1944 5336 2283 5410 episcOpatu
2324 5334 2628 5393 ecclesiam
2679 5335 2877 5393 Sancti
2927 5336 3162 5392 Martini
3211 5337 3284 5392 de
3336 5334 3592 5407 Melzago

1947 5514 2121 5586 nibus
2145 5532 2169 5586 7;,
2191 5514 2361 5586 cujus
2392 5512 2823 5586 concessionis,
2843 5529 3102 5586 necnon
3133 5510 3598 5586 conﬁrmationis

1948 5585 2107 5657 regis
2132 5580 2487 5667 Francorum
2522 5580 3181 5640 meminit’Mabillonius
3213 5583 3356 5639 XCV
3381 5580 3594 5667 Annal.

1949 5655 2270 5722 Benedict.,
2302 5673 2360 5728 p.
2395 5657 2516 5711 144.

1996 5671 2270 5722 enemct.,
2302 5673 2360 5722 p.
2395 5671 2516 5711 1M.
