3928 6208
151 335 259 403 ‘69
1292 333 1700 404 EPISTOLJE

1979 336 2353 411 llVlLEGlA.
3410 346 3530 413 470

830 468 1050 530 CXCIX.
1800 473 1853 543 Α
2659 478 2761 539 CC.

150 583 202 638 in
250 578 472 637 concilio
527 578 669 651 apud
720 579 1069 649 Nemausum,
1127 579 1330 636 abolito
1381 578 1701 651 Gregorii?!

1948 566 2113 623 Bulla
2140 567 2347 625 Urbani
2375 570 2427 626 Il
2448 585 2606 643 papae
2629 585 2728 643 pro
2759 568 2814 627 S.
2847 568 3082 629 Martiae
3111 569 3177 628 de
3208 570 3446 645 Campis.

204 659 478 734 ρτιυοσριον
516 650 755 734 Urbanus
805 654 1137 734 monasteria
1178 650 1493 734 Ρίθίαςεηεε
1521 656 1571 708 ει
1628 650 1765 734 ροη·
2509 660 2696 729 (Amm
2724 661 2909 734 ¹⁰9⁶·)

204 724 382 780 theme
431 725 584 778 um'ri
610 727 774 779 vetat.
811 724 1103 795 Utrumque
1130 724 1527 779 monasterium
1566 724 1755 793 guber-

204 797 321 851 nari
335 812 370 850 a
391 796 616 868 proprio
645 793 839 851 abbate
854 796 1031 866 jubet.

1981 760 2191 815 LIBIEN,
2249 724 2578 804 Histoirede
2632 752 2819 892 Paiigs],
2888 724 3168 816 'Preuvcs,
3224 755 3381 807 tome
3435 750 3532 821 III,

2626 837 2683 893 p.
2776 863 2786 875 .

735 920 923 989 (Anno
957 920 1140 990 1096.)
1945 921 2220 979 URBANUS
2248 939 2286 992 e;

1977 921 2220 979 Insanus
2248 922 2579 997 episcopus,
2605 942 2809 982 servus
2858 943 3159 984 servorum
3206 926 3328 996 Dei,
3362 944 3528 983 vene-

171 1045 435 1118 [ΜΑΒιιῐ.,
469 1043 598 1100 Acta
629 1042 724 1098 SS.
772 1042 996 1110 Bened.,
1049 1043 1171 1099 Sese
1198 1042 1296 1111 III,
1330 1060 1386 1116 p.
1418 1059 1542 1116 u,p.
1577 1043 1722 1115 448.]

1984 1009 2045 1065 ili
2079 1012 2243 1067 fratri
2266 1013 2515 1081 Hucom,
2548 1014 2914 1091 Cluniacensi
2946 1016 3165 1087 abbati,
3199 1017 3451 1073 salutem
3473 1020 3529 1073 et

1978 1098 2255 1158 istolicam
2276 1102 2766 1159 benedictionem.

198 1187 455 1243 Daunus
484 1185 819 1260 episcopus,
854 1203 1058 1243 servus
1087 1202 1387 1243 servorum
1415 1185 1534 1241 Dei.
1942 1187 2061 1244 Pisc
2092 1189 2405 1261 postulatio
2464 1191 2781 1249 voluntatis
2838 1194 3047 1250 eﬂ‘ectu
3099 1194 3270 1250 debet
3327 1210 3524 1266 prosc-

193 1277 320 1334 Cum
351 1294 455 1348 pro
486 1274 737 1349 negotiis
769 1273 1183 1335 ecclesiasticis
1225 1274 1287 1330 in
1339 1280 1533 1347 partes
1562 1274 1760 1331 Gallia:
1871 1282 2085 1349 quente
2112 1277 2413 1351 compleri,
2442 1285 2735 1352 quatenus
2764 1286 2822 1337 et
2851 1283 3175 1338 devotionis
3214 1283 3523 1339 sinceritas

135 1365 488 1433 venissemus,
552 1367 708 1437 apud
765 1365 1102 1422 Arverniam
1169 1364 1453 1437 largiente
1511 1364 1758 1420 Domino
1868 1363 2239 1423 laudabiliter
2267 1368 2565 1437 enitescat,
2599 1373 2654 1425 et
2687 1370 2908 1426 utilitas
2936 1370 3230 1443 postulata
3253 1371 3402 1430 vires
3433 1370 3521 1427 in-

137 1453 422 1526 plenariam
483 1454 779 1528 synodum
838 1453 1306 1511 convocavimus.
1368 1452 1490 1509 Illic
1520 1470 1585 1508 a.
1613 1453 1758 1509 Con-
1869 1454 2206 1511 dubitanter
2235 1461 2521 1512 assumat.
2556 1459 2691 1513 Tuae
2724 1457 2906 1530 igitur
2935 1459 3215 1515 voluntati
3265 1464 3321 1515 et
3353 1477 3521 1514 com-

135 1543 338 1600 chensis
367 1544 713 1601 monasterii
738 1541 1027 1599 fratribus
1074 1542 1398 1603 reverenda:
1459 1543 1759 1598 memorias
1868 1545 2067 1601 munis
2086 1544 2190 1601 filii
2220 1544 2486 1602 Ursionis
2507 1546 2717 1617 prioris
2744 1548 3240 1619 postulationibus
3264 1565 3520 1604 annuen-

133 1632 226 1689 GG.
253 1632 344 1691 νυ
373 1633 479 1689 ΡΡ.
514 1633 729 1689 litteras
759 1635 1122 1705 praesentem:
1169 1637 1329 1697 sunt,
1364 1631 1755 1703 praecipientis
1865 1636 1976 1699 tes,
2009 1634 2160 1689 beati
2192 1633 2426 1691 Martini
2468 1636 2891 1693 monasterium
2953 1637 3109 1708 quod
3164 1637 3235 1692 de
3283 1636 3519 1710 Campis

133 1721 430 1794 Figiacense
484 1721 822 1778 coenobium
879 1719 1201 1777 Conchensi
1259 1720 1520 1776 ccsnobio
1552 1718 1755 1775 unien-
1865 1723 2080 1780 dicitur
2104 1724 2162 1778 in
2195 1723 2815 1796 Parisiensiparocbia
2863 1725 3064 1793 situm,
3097 1725 3400 1798 prazsentis
3422 1727 3521 1782 de-

131 1810 267 1866 dum.
295 1811 360 1867 Et
381 1811 526 1883 quia
563 1826 667 1882 per
685 1810 840 1866 idem
861 1814 1095 1912 tempus
1109 1808 1342 1912 utrique
1367 1808 1492 1865 loco
1514 1809 1755 1909 abbates
1786 1845 1835 1912 Β
1864 1812 2005 1867 creti
2018 1813 2361 1868 auctoritate
2383 1813 3292 1886 munimus,utquemadmodum
3314 1819 3522 1870 cratera

130 1900 313 1972 proprii
364 1899 785 1973 praesidebant,
846 1897 1125 1954 alterutro
1157 1898 1429 1954 defuncto
1484 1914 1621 1955 eum
1654 1898 1753 1970 qui
1786 1897 1835 1912 “’
1864 1899 2264 1957 Cluniacensis
2291 1901 2539 1959 cmnobii
2573 1902 2836 1959 membra
2874 1918 3110 1975 semper
3140 1903 3249 1959 sub
3282 1908 3517 1975 aposto-

127 1993 385 2061 snperstes
415 1992 602 2055 esset,
636 1987 872 2059 utrique
914 1986 1270 2042 monasterio
1303 1986 1748 2058 praeferendum.
1864 1988 1986 2045 licia
2014 1990 2175 2045 sedis
2204 1990 2385 2046 tutela
2405 1995 2827 2063 permneaget
2847 1997 3057 2049 cuncta
3078 2008 3205 2063 Quae
3226 1991 3516 2057 adlocum

127 2076 441 2134 Conchensis
469 2077 680 2148 itaque
710 2075 957 2132 casnobii
1020 2076 1220 2141 abbas,
1253 2074 1391 2148 quia
1421 2079 1624 2131 contra
1657 2074 1751 2131 lit-
1863 2077 2155 2149 ipsumim
2172 2079 2617 2150 pnescntiarum
2640 2080 3241 2152 pertinerevidentur;
3261 2080 3515 2137 ecclesiae

125 2168 342 2222 terarum
397 2166 675 2238 ipsarum
732 2170 993 2221 tenorem
1046 2164 1404 2219 substitutus
1454 2163 1657 2229 fuerat,
1693 2165 1751 2219 in
1859 2166 2127 2224 videlicet
2146 2168 2217 2222 de
2245 2168 2570 2240 Agonvilla,
2593 2169 2666 2224 de
2697 2185 2842 2227 nova
2872 2168 3045 2234 Villa,
3077 2170 3147 2227 de
3182 2169 3421 2236 Marcio,
3444 2171 3516 2225 de

124 2255 291 2310 eodem
319 2254 573 2311 concilio
618 2253 941 2326 depositus,
975 2258 1031 2308 et
1087 2253 1463 2325 Figiacensis,
1496 2251 1595 2326 qui
1649 2270 1750 2308 su-
1860 2254 2424 2327 Monte-Martyrum,
2458 2257 2528 2311 de
2571 2255 2849 2323 Loveriis,
2872 2256 2942 2311 de
2972 2255 3269 2322 Castenio,
3298 2257 3371 2312 de
3391 2258 3515 2312 Noa

126 2344 425 2415 per-vixerat,
461 2342 708 2415 utrique
736 2342 863 2399 loco
894 2342 1167 2415 praelatus
1197 2346 1303 2398 est.
1357 2342 1561 2414 Coepit,
1610 2359 1747 2415 ergo
1858 2342 2052 2399 Sancti
2078 2343 2423 2415 Remigii,de
2452 2344 2573 2399 Non
2595 2343 2793 2399 Sancti
2816 2343 3073 2413 Martini,
3097 2345 3168 2400 de
3194 2345 3505 2416 Renzegio,

126 2431 249 2489 inter
274 2437 595 2506 utrumque
625 2432 1048 2488 monasterium
1088 2430 1378 2487 discordia
1429 2434 1592 2486 tanta
1621 2449 1744 2487 ver-
1855 2431 1926 2486 de
1959 2429 2278 2499 Bolbineio,
2311 2432 2383 2487 de
2405 2431 2613 2500 Caleio,
2648 2432 2718 2487 de
2747 2432 3132 2500 Confluentia,
3156 2432 3229 2489 de
3258 2432 3507 2504 Copeyo,

124 2522 235 2587 seri,
264 2527 321 2578 ut
346 2527 404 2579 et
435 2523 603 2579 bona
633 2520 887 2593 plurima
917 2521 1404 2587 distraherentur,
1439 2525 1495 2575 et
1524 2520 1745 2576 anima—
1852 2520 1923 2575 de
1964 2521 2257 2587 Fontanis,
2315 2521 2386 2577 de
2442 2519 3128 2593 Flamma-Regia-Villa;
3182 2521 3273 2578 de.
3310 2520 3507 2577 Valle-

126 2627 230 2667 rum
264 2611 414 2669 salus
469 2610 856 2667 detrimentis
913 2609 1186 2665 maximis
1238 2610 1739 2680 pessumdaretur.
1850 2607 2105 2677 Villaris,
2137 2610 2210 2665 de
2250 2610 2567 2675 Monciaco,
2619 2609 2754 2664 villa
2799 2626 2926 2681 qua:
2948 2610 3175 2665 dicitur
3233 2610 3500 2679 Bonzeia,

126 2699 364 2757 Praeterea
388 2717 525 2757 cum
560 2699 638 2755 ad
660 2715 833 2756 aures
857 2697 1258 2754 Cluniacensis
1284 2698 1514 2754 abbatis
1539 2697 1743 2769 hujus-
1848 2697 2130 2752 Nuceium
2164 2714 2467 2770 magnum,
2499 2698 2785 2755 Nuceium
2818 2697 3503 2770 minus,Anetum,Majo-

127 2789 254 2845 modi
304 2788 646 2846 constitutio
706 2788 1084 2860 pervenisset,
1145 2787 1320 2858 ccepit
1371 2787 1741 2858 supradictas
1849 2786 2044 2853 riolas,
2102 2787 2314 2842 Sancta
2343 2787 2609 2854 Gemma,
2644 2786 3027 2853 Rodanivilla,
3074 2786 3497 2854 Ursionisvilla,

125 2875 216 2932 GG.
246 2878 338 2934 PP.
361 2878 589 2935 litteras
622 2880 903 2948 tanquam
934 2875 1315 2947 subreptitias
1367 2874 1737 2945 calumniari,
1847 2874 2243 2944 Clamardum,
2303 2874 2634 2944 Sorvillare,
2695 2875 3031 2941 Pentinum,
3101 2876 3497 2945 Ceurennum,

122 2970 169 3019 et
187 2965 567 3024 deﬁnitionem
601 2965 868 3037 ejusdem
902 2964 1117 3037 negotii
1149 2979 1212 3019 se
1243 2968 1525 3035 praesente
1570 2963 1739 3019 aliter
1847 2964 2095 3020 Sanctus
2127 2964 2382 3022 Hilarius
2411 2982 2544 3020 cum
2572 2964 2834 3020 ecclesiis
2865 2969 2922 3020 et
2982 2965 3351 3037 pertinentiis
3399 2983 3500 3021 ea-

122 3058 468 3124 perpetratam
526 3052 735 3110 testari
790 3069 803 3108 :
865 3051 1337 3124 quandoquidem
1398 3051 1471 3106 ab
1534 3053 1737 3108 eodem
1845 3070 1997 3119 rum,
2031 3052 2276 3109 ecclesia
2302 3052 2477 3109 etiam
2512 3055 2581 3109 de
2610 3053 2787 3121 Cone,
2820 3054 2892 3111 de
2924 3053 3185 3120 Bonolla,
3229 3055 3300 3109 de
3332 3053 3493 3109 Prin-

122 3142 354 3211 pontiﬁce
384 3143 747 3217 Figiacensis
778 3141 941 3197 locus
988 3140 1352 3196 Cluniacensi
1384 3141 1737 3196 monasterio
1775 3209 1809 3217 _
1843 3140 1992 3213 gelo.
2026 3141 2323 3213 Quidquid
2374 3146 2651 3212 praeterea
2694 3142 2851 3199 idem
2909 3140 3071 3196 locus
3120 3141 3294 3197 hodie
3331 3143 3495 3212 juste

122 3209 205 3299 per
220 3209 579 3306 privilegium
616 3231 790 3286 fuerit
818 3230 1217 3285 confirmatus.
1254 3229 1438 3299 Igitur
1465 3245 1599 3284 cum
1627 3228 1738 3284 lar-
1765 3209 1811 3280 (ἶ
1848 3209 2111 3302 possidet
2167 3209 2252 3286 vel
2312 3209 2620 3285 collatione
2691 3230 2854 3286 bonas
2912 3229 3206 3284 memoriis
3265 3209 3497 3293 Henrici

121 3318 284 3389 giente
308 3320 554 3377 Domino
589 3319 763 3376 tertia
794 3335 894 3391 per
920 3317 1258 3374 instantiam
1292 3321 1552 3372 nostram
1586 3317 1740 3389 apud
1850 3318 2199 3374 Francorum
2224 3317 2505 3391 regis,qui
2537 3319 2802 3389 ejusdem
2822 3318 2933 3374 loci
2962 3318 3237 3374 fundator
3258 3317 3499 3387 exstitit,

126 3406 441 3466 Nemausum
498 3409 765 3482 synodus
811 3406 1198 3472 convenisset,
1254 3405 1428 3478 caspit
1473 3406 1738 3476 ejusdem
1847 3406 1933 3463 vel
1965 3407 2069 3462 ﬁlii
2099 3408 2228 3478 ejus
2261 3406 2536 3479 Philippi,
2568 3408 2737 3477 cujus
2766 3405 3082 3462 donatione
3130 3404 3273 3462 cella
3303 3406 3507 3462 eadem

124 3497 306 3567 negotii
332 3499 579 3570 quaestio
610 3496 865 3570 graviter
888 3495 1096 3568 agitari
1129 3536 1142 3549 .
1177 3495 1310 3551 Post
1336 3494 1578 3567 longum
1609 3510 1740 3550 vero
1850 3497 1920 3552 ad
1945 3496 2192 3552 vestium
2215 3496 2547 3551 coenobium
2570 3495 2833 3552 noscitur
2852 3494 3141 3567 pertinere
3160 3512 3183 3557 ;
3215 3494 3508 3567 quidquid

121 3600 267 3655 super
301 3587 404 3643 hac
442 3604 503 3644 re
530 3586 946 3658 episcoporum
977 3584 1373 3654 abbatumque
1400 3586 1737 3650 tractatum,
1848 3603 1882 3641 a
1912 3584 2279 3658 quibuslibet
2311 3583 2584 3639 ﬁdelibus
2613 3584 2685 3639 de
2709 3600 2814 3639 suo
2839 3584 2973 3655 jure
3003 3582 3191 3639 eidem
3216 3582 3343 3639 loco
3389 3584 3508 3640 col-

119 3670 305 3741 placuit
329 3691 459 3731 curn
486 3692 599 3748 pro
631 3671 934 3746 apostolici
970 3671 1256 3744 privilegii
1279 3671 1737 3739 conservatione,
1848 3672 2034 3730 latum
2066 3679 2173 3741 est,
2207 3672 2294 3729 vel
2328 3673 2388 3727 in
2422 3672 2688 3728 futurum
2718 3671 2967 3727 conferri
3003 3670 3510 3743 contigerit,ﬁrma

116 3763 221 3816 tum
248 3780 344 3835 pro
362 3762 668 3821 communi
693 3761 1185 3818 monasteriorum
1207 3758 1489 3828 salute,ut
1504 3758 1738 3832 utrique
1849 3779 2080 3835 semper
2109 3767 2168 3818 et
2214 3761 2442 3817 illibata
2484 3764 2886 3832 permaneant,
2920 3763 3040 3816 tam
3072 3777 3107 3815 a
3137 3764 3192 3815 te
3222 3776 3400 3831 quam
3431 3761 3504 3816 ab

114 3843 233 3915 loco,
262 3849 405 3906 sicut
450 3854 631 3906 antea
663 3849 871 3919 fuerat,
904 3847 1088 3904 abbas
1120 3846 1436 3903 cardinalis
1467 3846 1736 3903 restitue-
1846 3850 1938 3907 his
1970 3851 2068 3923 qui
2094 3867 2197 3924 per
2225 3856 2281 3906 te
2308 3848 2397 3905 vel
2429 3866 2798 3906 successores
2828 3854 2960 3905 tuos
2987 3849 3175 3905 eidem
3205 3847 3332 3905 loco
3365 3866 3507 3922 pra:-

114 3940 263 4005 retur,
316 3944 371 3995 et
419 3939 791 4012 Figiacenses
845 3936 1116 3992 monachi
1165 3937 1274 3993 sub
1334 3935 1735 3992 Cluniacensis
1845 3940 2019 4012 positi
2052 3940 2288 4009 fuerint,
2324 3942 2602 4011 perpetuo
2625 3937 2999 4011 possidenda,
3024 3939 3279 4011 regenda
3298 3955 3363 3994 ac
3382 3938 3499 3995 dis-

114 4022 308 4082 abbatis
334 4044 474 4084 cura
519 4028 803 4099 deinceps
850 4031 907 4082 et
956 4023 1287 4098 provisione
1332 4023 1732 4097 persisterent.
1846 4029 2133 4101 ponenda.

114 4108 167 4165 Et
192 4130 285 4170 nos
312 4117 489 4189 igitur
517 4132 834 4173 commune
865 4113 1095 4170 concilii
1150 4114 1449 4169 decretum
1502 4118 1732 4186 aposto-
1914 4117 2292 4175 Decernimus
2313 4132 2452 4189 ergo
2476 4114 2698 4171 utnulli
2722 4114 2963 4174 omnino
2991 4115 3299 4172 hominum
3326 4115 3502 4172 liceat

114 4196 215 4256 lices
238 4206 595 4262 auctoritatis
626 4205 883 4277 pondere
912 4204 1348 4270 confirmantes,
1373 4202 1733 4258 definitionis
1841 4205 1997 4263 idem
2029 4205 2358 4262 coenobium
2392 4210 2608 4261 temere
2658 4205 2989 4277 pertubare,
3039 4209 3142 4261 aut
3187 4206 3315 4276 ejus
3364 4223 3499 4278 pos-

115 4287 265 4359 hlljns
289 4294 553 4350 ordinem
588 4296 866 4366 perpetuo
901 4307 1352 4364 permansurum
1412 4291 1595 4347 nostri
1628 4308 1731 4347 no-
1841 4295 2136 4352 sessiones
2170 4294 2420 4358 auferre,
2454 4292 2542 4350 vel
2596 4292 2822 4350 ablatas
2881 4293 3152 4359 retinere,
3211 4294 3498 4362 minuere,

114 4377 264 4435 minis
288 4381 495 4439 litteris
526 4381 817 4447 adnotari,
840 4386 897 4437 et
927 4379 1102 4454 sigilli
1140 4378 1323 4435 nostri
1348 4379 1731 4452 praecepimus
1840 4384 1926 4439 vel
1958 4384 2286 4439 temerariis
2318 4383 2727 4439 vexationibus
2756 4382 3038 4454 fatigare;
3067 4382 3168 4436 sed
3201 4381 3503 4436 omniain-

112 4462 459 4536 impressione
488 4470 736 4527 firmari.
760 4471 822 4526 Si
857 4469 991 4542 quis
1021 4475 1219 4525 autem
1246 4467 1495 4538 hujusce
1524 4468 1729 4523 deiini-
1842 4476 2005 4545 tegra
2022 4476 2440 4527 conserventur
2455 4487 2658 4526 eorum
2681 4487 2785 4543 pro
2807 4486 3056 4542 quorum
3077 4469 3500 4525 sustentatione

114 4552 264 4611 tionis
288 4562 554 4616 tenorem
589 4560 898 4615 temerario
929 4576 1076 4614 ausu
1129 4557 1304 4613 fuerit
1362 4564 1611 4612 conatus
1656 4555 1741 4615 in-
1767 4573 1823 4644 Β
1846 4577 1915 4617 ac
1944 4560 2372 4631 gubernatione
2405 4576 2683 4615 concessa
2716 4563 2855 4615 sunt
2886 4558 3095 4614 usibus
3145 4557 3502 4612 omnimodis

110 4640 350 4715 fringere,
380 4648 530 4705 sciat
586 4647 915 4717 apostolicae
974 4645 1398 4719 indignationis
1447 4644 1730 4700 ultionem
1769 4640 1807 4644 ”
1846 4650 2174 4721 profutura.
2204 4647 2261 4702 Si
2291 4666 2411 4719 qua
2444 4648 2621 4720 igitur
2647 4646 2704 4703 in
2733 4646 3080 4713 crastinum,
3110 4644 3505 4701 ecclesiastica

110 4729 388 4804 incurrere,
411 4740 470 4792 et
498 4734 914 4792 detrimentum
945 4735 1037 4791 sui
1069 4734 1292 4790 ordinis
1322 4732 1408 4789 Vel
1432 4732 1608 4789 ofﬁcii
1643 4734 1725 4788 in-
1837 4736 2202 4793 saecularisve
2234 4753 2485 4809 persona
2518 4736 2697 4807 hujus
2728 4735 2944 4791 decreti
2995 4734 3271 4806 paginam
3303 4734 3501 4790 sciens

107 4819 294 4877 Venire.
1832 4830 2035 4881 contra
2064 4842 2192 4881 eam
2226 4830 2440 4880 temere
2472 4825 2668 4881 venire
2728 4823 3059 4893 tentaverit,
3092 4823 3348 4879 secundo
3381 4827 3496 4879 ter-

164 4910 356 4967 Actnm
384 4911 445 4967 in
475 4911 720 4969 concilio
751 4913 903 4985 apud
960 4912 1319 4968 Nemausum
1371 4910 1433 4966 in
1480 4909 1725 4966 ecclesia
1832 4913 2568 4982 tiovecommonita,sinon
2596 4912 2997 4969 satisfactione
3020 4929 3284 4985 congrua
3301 4927 3499 4976 omen-
3588 4918 3603 4925 '

108 4992 307 5053 Sancta
336 5000 531 5057 Mariae
561 5017 637 5056 vu
668 5000 752 5057 Id.
782 5000 945 5070 Julii,
980 5017 1135 5056 anno
1167 4998 1482 5057 Dominicis
1530 4999 1723 5055 Incar-
1834 5002 2076 5069 daverit,
2103 5001 2408 5074 potestatis
2440 5001 2799 5074 honorisque
2831 5000 2930 5058 sui
2964 5000 3250 5075 dignitate
3281 5007 3493 5071 careat,

111 5084 337 5144 nationis
365 5090 508 5144 1096
535 5091 660 5161 [leg.
698 5090 875 5161 1096],
907 5088 1109 5145 indict.
1143 5106 1219 5157 ιν,
1252 5104 1405 5145 anno
1433 5104 1569 5143 vero
1590 5104 1728 5160 pon-
1835 5108 2110 5165 reamque
2143 5090 2335 5147 divino
2384 5090 2611 5161 judicio
2641 5108 2703 5147 se
2764 5090 3012 5148 existere
3042 5092 3113 5148 de
3168 5094 3498 5164 perpetrata

112 5170 337 5231 tilicatus
366 5178 568 5233 domni
599 5177 816 5233 Urbani
848 5178 893 5233 ll
924 5178 1028 5234 PP.
1064 5195 1140 5233 1x.
1838 5180 2144 5252 iniquitate
2175 5183 2507 5251 cognoscat,
2542 5183 2599 5234 et
2629 5178 2809 5235 etiam
2864 5196 2898 5235 a
2944 5180 3338 5238 sacratissimo
3372 5196 3495 5236 cor-

172 5260 369 5321 Datum
400 5266 557 5339 apud
585 5264 808 5321 Vallem
869 5266 1200 5323 Flavianam
1252 5265 1312 5322 in
1374 5266 1727 5322 monasterio
1836 5287 1975 5342 pore
2033 5285 2100 5324 ac
2148 5268 2437 5340 sanguine
2494 5267 2595 5323 Dei
2656 5272 2714 5324 et
2786 5266 3020 5325 Domini
3090 5266 3496 5338 Redemptoris

114 5346 289 5408 Sancti
314 5353 524 5427 Egidii,
555 5353 640 5411 Id.
672 5352 829 5410 Julii.
1834 5357 2020 5414 nostri
2049 5356 2189 5413 Jesu
2244 5355 2458 5412 Christi
2508 5354 2702 5412 aliena
2732 5356 2855 5425 ﬁat,
2919 5360 3098 5429 atque
3130 5356 3190 5410 in
3239 5359 3496 5410 extremo

1837 5446 2104 5502 examine
2133 5444 2410 5501 districta-
2443 5444 2656 5501 ultioni
2680 5445 3000 5517 subjaceat.
3032 5443 3273 5501 Cunctis
3301 5446 3498 5498 autem

1838 5533 2026 5590 eidem
2058 5531 2183 5590 loco
2201 5535 2369 5605 justa
2396 5534 2774 5590 servantibus
2805 5534 2882 5589 sit
2912 5550 3027 5605 pax
3065 5531 3291 5589 Domini
3321 5530 3502 5586 nostri

1840 5622 1979 5679 Jesu
2002 5620 2541 5693 Christi,quatenus
2572 5625 2630 5677 et
2659 5621 2755 5678 hic
2785 5621 3042 5678 fructum
3078 5623 3240 5678 bonae
3259 5618 3504 5676 actionis
