3928 6208
353 360 473 424 475

1657 363 1730 429 Β.
1775 357 2071 430 URBANI
2115 356 2170 424 ῙῙ
2213 358 2466 425 ΡΛΡΛΕ.

3628 358 3752 433 476»

355 515 468 572 que
498 496 940 558 successoribus
970 495 1408 556 confirmamus.
1442 495 1736 572 Quidquid
1768 501 1998 570 praeter-
2023 494 2080 562 Α
2110 493 2425 553 indictione
2473 499 2704 570 quarta,
2749 493 3176 554 Incarnationis
3224 491 3536 554 Dominicaa
3591 511 3734 554 anno

355 605 424 645 ea
468 587 555 644 vel
607 605 710 662 per
772 592 1208 645 antecessorum
1273 592 1610 645 nostrorum
1668 585 1996 659 apostolicae

353 677 508 734 sedis
519 677 862 750 pontiﬁcum
879 676 1278 750 privilegiavel
1302 694 1406 750 per
1437 676 1775 733 authentica
1797 692 1996 747 regum

353 785 454 823 seu
486 767 818 840 principum
852 767 1069 839 scripta
1106 766 1194 821 vel
1235 783 1303 822 ex
1335 781 1822 838 quorumcumque
1856 765 1994 819 fide-

349 856 499 912 lium
548 855 943 912 oblationibus
1001 855 1126 911 loco
1173 860 1363 910 vestro
1413 855 1576 926 juste
1635 857 1692 908 et
1735 853 1999 926 legaliter

352 945 630 1000 collatum
663 944 863 1012 est,vel
893 944 953 999 in
977 945 1240 999 futurum
1274 943 1558 1016 largiente
1574 941 1822 999 Domino
1837 942 1998 998 habi-

350 1033 466 1090 turi
497 1034 858 1104 estis,ratum
881 1031 1044 1088 vobis
1075 1036 1133 1088 et
1161 1031 1454 1104 integrum
1487 1031 1704 1087 servari
1738 1031 1996 1104 praecipi-

352 1139 504 1178 mus.
533 1121 911 1178 Decernimus
942 1138 1102 1192 ergo,
1133 1124 1199 1176 ut
1227 1120 1373 1176 nulli
1413 1121 1655 1176 omnino
1688 1119 1994 1176 hominum

351 1211 526 1267 liceat
592 1211 746 1266 idem
817 1208 1146 1266 coenobium
1203 1215 1423 1266 temere
1479 1209 1840 1282 perturbare,
1895 1214 1998 1264 aut

347 1306 554 1372 prmter
575 1299 804 1355 abbatis
835 1304 890 1354 et
922 1299 1171 1354 fratrum
1203 1299 1560 1354 voluntatem
1593 1315 1793 1354 eorum
1827 1299 1993 1353 fami-

346 1390 484 1446 liam
545 1388 809 1445 saeculari
852 1388 1080 1458 judicio
1134 1393 1192 1444 et
1231 1391 1516 1461 potestate
1573 1387 1992 1460 constringere,

345 1483 446 1534 aut
501 1476 745 1534 cmnobii
803 1477 1208 1550 possessiones
1269 1478 1516 1545 auferre,
1573 1475 1860 1543 minuere,
1910 1476 1995 1531 vel

341 1566 673 1623 temerariis
701 1565 1105 1622 vexationibus
1135 1565 1416 1638 fatigare;
1452 1566 1557 1621 sed
1609 1564 1810 1620 omnia
1850 1564 1992 1620 inte-

344 1673 448 1730 gra
477 1659 913 1724 conserventur,
931 1671 1140 1710 eorum
1163 1671 1267 1726 pro
1290 1669 1541 1726 quorum
1569 1653 1996 1709 sustentatione

345 1763 412 1802 ac
442 1744 868 1817 gubernatione
899 1760 1177 1799 concessa
1215 1748 1374 1808 sunt,
1401 1743 1608 1798 usibus
1639 1742 1994 1798 omnimodis

344 1834 666 1931 profutura.
693 1832 954 1931 Obeu‘nte
986 1837 1040 1887 te
1088 1847 1244 1886 nunc
1286 1830 1724 1931 ejusdemﬁloci-
1758 1831 1987 1931 abbate,
2025 1867 2073 1931 Β

341 1923 429 1979 vel
460 1927 695 1978 tuorum
728 1919 988 1992 quolibet
1017 1936 1423 1976 successorum
1459 1919 1664 1976 nullus
1691 1919 1771 1975 ibi
1804 1919 1990 1992 quali-

343 2012 442 2068 bet
471 2010 868 2082 subreptionis
903 2009 1123 2064 astutia
1162 2007 1249 2064 vel
1296 2008 1571 2064 violentia
1601 2014 1991 2080 praeponatur,

345 2100 455 2158 nisi
488 2116 665 2173 quem
699 2099 908 2154 fratres
940 2097 1238 2154 communi
1273 2114 1585 2167 consensu,
1617 2097 1702 2154 vel
1744 2097 1993 2153 fratrum

345 2207 481 2262 pars
523 2187 750 2245 consilii
784 2187 1032 2244 sanioris
1082 2187 1413 2243 secundum
1462 2185 1560 2242 Dei
1611 2187 1905 2253 timorem,
1938 2191 1993 2243 et

345 2279 497 2336 beati
529 2277 822 2334 Benedicti
854 2277 1114 2350 regulam
1145 2275 1444 2349 elegerint.
1477 2276 1766 2342 chrisma,
1799 2275 1992 2331 oleum

345 2366 1110 2434 sanctum,consecrationes
1141 2363 1567 2432 altarium,sive
1590 2363 1990 2430 basilicarum,

343 2456 739 2514 ordinationes
753 2454 1096 2512 clericorum
1113 2453 1222 2510 loci
1237 2453 1412 2510 vestri
1427 2471 1528 2510 seu
1543 2453 1990 2521 monachorum,

343 2545 444 2618 qui
477 2545 550 2601 ad
581 2561 778 2602 sacros
810 2543 1028 2600 fuerint
1069 2543 1306 2600 ordines
1356 2542 1753 2615 promovendi,
1785 2559 1820 2598 a
1850 2558 1992 2613 quo-

345 2651 578 2707 cunque
628 2631 934 2689 volueritis
993 2631 1279 2687 catholico
1335 2631 1634 2702 accipietis
1699 2630 1992 2703 episcopo,

347 2723 501 2780 sicut
523 2739 558 2777 a
586 2720 890 2778 nonnullis
916 2719 1444 2792 praedecessoribus
1466 2719 1683 2776 nostris
1701 2723 1993 2774 monaste-

346 2811 434 2868 rio
457 2814 650 2866 vestro
665 2814 758 2866 est
777 2824 1148 2872 concessum,
1161 2813 1218 2863 et
1240 2825 1274 2863 a
1293 2807 1886 2879 comprovincialibus
1907 2812 1996 2864 est

347 2899 638 2972 episcopis
667 2897 1192 2954 confirmatum.Ad
1222 2895 1666 2968 haecadjicimus
1685 2901 1750 2952 ut
1779 2896 1996 2969 episco-

346 3003 554 3062 porum
585 2985 834 3059 quilibet
862 2985 1187 3040 claustrum
1218 2984 1438 3058 ipsum,
1470 2989 1529 3041 et
1576 2983 1696 3040 illic
1739 2985 1994 3040 Domino

346 3075 684 3143 servientes,
716 3073 1026 3130 temerario
1057 3077 1334 3142 ausu,aut
1363 3073 1487 3130 sine
1521 3075 1766 3130 Romani
1799 3074 1990 3146 ponti-

346 3165 473 3222 ficis
502 3164 589 3220 vel
621 3164 795 3238 legati
811 3165 938 3234 ejus
967 3163 1269 3220 audientia
1300 3163 1992 3234 interdicere,velexcom-

2109 587 2266 652 1096,
2323 586 2700 660 pontiﬁcatus
2754 591 2951 644 autem
2997 584 3200 643 domui
3249 583 3464 644 Urbani
3507 585 3730 645 secundi

2108 693 2268 749 papae
2300 693 2476 734 nono.

2844 765 3029 822 CCIII.

2346 857 2709 927 Privilcgium
2740 855 3057 912 monasteriz
3095 853 3512 910 Juvim’acenu‘s.

2737 945 2924 1016 (Anno
2959 943 3141 1014 1096.)

2391 1034 2695 1106 [ΜΑΒιιι.,
2729 1033 2930 1090 Annal.
2961 1031 3182 1098 Bened.,
3214 1029 3286 1096 V,
3315 1029 3465 1102 658.]

2177 1124 2454 1181 Uaaaxus
2483 1122 3025 1196 episcopus,servus
3054 1136 3357 1177 servorum
3387 1117 3514 1184 Dei,
3527 1117 3730 1198 dilecte

2106 1213 2235 1269 filia:
2267 1211 2898 1282 GALnunoi,abbatissie
2931 1209 3272 1268 monasterii
3301 1207 3728 1277 Juviniacensis,

2104 1307 2162 1357 et
2192 1303 2414 1358 caeteris
2445 1319 2572 1374 quae
2603 1305 2733 1373 post
2751 1317 2882 1356 eam
2906 1299 3254 1372 regulariter
3273 1297 3332 1354 in
3354 1297 3610 1369 ejusdem
3625 1314 3730 1354 mo-

2107 1391 2341 1447 nasterii
2375 1389 2658 1464 regimine
2686 1388 3106 1446 substituendae
3139 1391 3296 1444 sunt.

2176 1479 2517 1553 Apostolicae
2549 1478 2706 1536 sedis
2734 1476 3080 1534 auctoritate
3111 1477 3428 1548 debitaque
3452 1473 3726 1546 compelli-

2105 1587 2239 1625 mur
2269 1587 2373 1642 pro
2417 1569 2820 1624 universarum
2852 1566 3244 1622 Ecclesiarum
3276 1568 3434 1620 statu
3463 1566 3726 1637 satagere,

2104 1664 2161 1715 et
2172 1676 2372 1714 earum
2399 1658 2650 1713 maxime
2663 1673 2790 1729 qua:
2803 1657 2934 1726 ejus
2953 1655 3078 1711 sedi
3101 1651 3418 1728 specialius
3426 1650 3724 1715 adhaerent,

2101 1753 2158 1803 et
2188 1752 2466 1820 tanquam
2499 1744 2731 1819 proprio
2748 1746 2882 1817 jure
2913 1743 3187 1816 subjectae
3217 1739 3728 1814 sunt,quieti,auxi-

2102 1836 2281 1892 liante
2347 1835 2615 1900 Domino,
2677 1833 2996 1906 providere.
3053 1834 3440 1904 Quapropter,
3491 1827 3610 1885 filia
3673 1827 3726 1885 in

2104 1925 2330 1982 Christo
2362 1922 2712 1980 charissima
2738 1919 3071 1994 Galburgis,
3086 1917 3416 1976 devotionis
3435 1922 3544 1974 tua:
3560 1915 3725 1990 preci-

2104 2015 2216 2070 bus
2263 2013 2578 2070 clementer
2631 2010 2972 2077 annuimus,
3027 2013 3085 2065 et
3142 2009 3327 2064 beatae
3380 2004 3725 2065 Scholasticis

2102 2102 2346 2175 virginis
2379 2099 2824 2167 monasterium,
2857 2099 2973 2165 cui,
3007 2096 3255 2154 Domino
3288 2094 3728 2167 auctore,pra:si-

2103 2193 2226 2260 des,
2251 2191 2404 2264 apud
2434 2188 2631 2246 villam
2662 2205 2789 2261 quae
2812 2185 3186 2244 Juviniacum
3217 2185 3437 2241 dicitur
3465 2183 3727 2240 constitu-

2101 2286 2250 2348 tum,
2284 2280 2395 2336 sub
2423 2277 2752 2351 apostolicae
2783 2276 2938 2333 sedis
2971 2274 3392 2348 protectionem
3423 2270 3727 2345 specialiter

2102 2368 2528 2426 confovendum
2559 2369 2863 2440 praesentis
2881 2363 3097 2424 decreti
3127 2361 3480 2420 auctoritate
3505 2359 3728 2432 suscipi-

2105 2457 2430 2522 mus.Quod
2462 2455 2728 2511 videlicet
2747 2453 3169 2510 monasterium
3187 2450 3435 2526 egregia)
3456 2447 3726 2506 memorie

2105 2544 2436 2602 Bonifacius
2467 2541 2746 2608 marcbio,
2778 2545 2836 2596 et
2863 2541 2994 2612 ejus
3023 2555 3170 2595 uxor
3213 2537 3464 2605 Beati-ix,
3494 2551 3622 2592 cum
3647 2533 3726 2590 in-

2103 2633 2255 2708 signi
2287 2633 2407 2689 ﬁlia
2435 2649 2545 2688 sua
2573 2630 2814 2688 domina
2842 2627 3324 2694 Mathilde,beato
3357 2625 3520 2682 Petro
3547 2627 3604 2681 et
3624 2620 3729 2694 epi-

2103 2721 2298 2794 scopis
2344 2724 2557 2776 sanctas
2607 2719 2880 2774 Romanis
2925 2714 3191 2772 Ecclesiae
3240 2713 3598 2771 obtulerunt.
3634 2709 3728 2765 Per

2103 2809 2408 2884 praesentis
2439 2807 2616 2882 igitur
2627 2805 2912 2880 privilegii
2939 2805 3212 2878 paginam
3228 2801 3729 2876 apostolicaaucto-

2103 2900 2273 2956 ritate
2303 2898 2620 2954 statuimus
2652 2901 2718 2952 ut
2747 2895 2966 2968 quasvis
2996 2895 3151 2951 bona
3169 2910 3203 2949 a
3225 2889 3521 2965 praedictis
3542 2885 3730 2962 princi-

2103 2989 2278 3062 pibus
2309 2987 2498 3043 eidem
2532 2984 2888 3041 monasterio
2917 2981 3254 3052 data,lirma
3283 2984 3344 3036 et
3372 2979 3730 3038 illibatasem-

2104 3093 2207 3149 per
2236 3079 2616 3150 permaneant
2647 3091 2660 3128 :
2695 3073 2826 3146 ipsa
2853 3070 3124 3128 videlicet
3149 3065 3580 3126 Juviniacensis
3607 3062 3730 3120 villa

2105 3166 2334 3238 integra
2359 3180 2492 3220 cum
2525 3161 2792 3234 utrisque
2809 3159 3222 3217 medietatibus
3251 3158 3648 3230 suis,quarum
3661 3151 3728 3208 al-

348 3253 648 3312 municare
679 3232 805 3309 non
837 3232 1063 3319 debeat,
1097 3268 1284 3324 neque
1311 3253 1532 3308 ceteris
1563 3232 1768 3308 advos
1817 3251 1992 3324 perti-
2024 3232 2068 3300 (ἶ
2104 3232 2290 3311 teram
2321 3252 2597 3326 praefatus
2618 3232 2876 3306 marchio
2906 3253 2962 3305 et
2991 3247 3117 3318 ejus
3148 3248 3364 3319 conjux
3393 3246 3451 3302 in
3472 3244 3586 3300 vita
3611 3257 3724 3306 sua,

347 3343 623 3401 nentibus
652 3342 798 3398 locis
829 3341 955 3397 sine
987 3341 1368 3398 certiscausis
1393 3341 1797 3414 prmjudicium
1815 3357 1990 3396 cano-

348 3433 490 3488 nica:
521 3430 765 3488 ultionis
795 3431 1029 3486 inferre.
1064 3428 1277 3487 Missas
1317 3447 1451 3486 vero
1481 3429 1748 3504 publicas
1787 3433 1994 3502 praeter

347 3521 576 3578 abbatis
605 3526 661 3576 et
691 3519 938 3576 fratrum
969 3517 1328 3576 voluntatem
1349 3519 1406 3574 in
1421 3519 1625 3575 eodem
1640 3517 1992 3574 monasterio

349 3627 452 3684 per
478 3609 821 3683 episcopum
851 3607 1154 3674 celebrari,
1191 3612 1291 3664 aut
1319 3609 1602 3664 stationes
1635 3606 1780 3670 fieri,
1800 3605 1888 3662 vel
1919 3605 1990 3662 ad

349 3698 605 3770 agendas
635 3712 845 3752 causas
877 3694 1186 3768 populares
1212 3701 1533 3752 conventus
1551 3695 1996 3768 aggregaripro-

348 3787 642 3852 bibemus,
675 3801 749 3840 ne
782 3785 840 3838 in
855 3800 1172 3840 servorum
1204 3785 1304 3841 Dei
1336 3783 1667 3841 recessibus
1696 3783 1992 3856 populari-

347 3877 460 3932 bus
489 3873 718 3931 occasio
741 3873 1028 3945 prazbeatu
1039 3891 1066 3928 r
1079 3873 1197 3929 ulla
1211 3871 1995 3944 conventibus.Sepulturam

350 3979 586 4036 quoque
606 3961 869 4034 ejusdem
883 3959 990 4016 loci
1008 3962 1246 4018 omnino
1263 3961 1507 4018 liberam
1523 3975 1652 4016 esse
1674 3959 1995 4026 sancimus,

351 4057 417 4108 ut
440 4067 642 4108 eorum
675 4050 772 4122 qui
805 4049 924 4106 illic
954 4049 1186 4124 sepeliri
1209 4046 1996 4114 deliberaverint,devotioni,

349 4146 410 4198 et
464 4145 732 4196 extremae
784 4137 1088 4207 voluntati,
1148 4138 1262 4194 nisi
1320 4135 1806 4194 excommunicati
1859 4135 1997 4206 sint,

353 4229 552 4286 nullus
579 4228 843 4284 obsistat.
877 4229 936 4284 Si
968 4245 1084 4301 qua
1113 4228 1295 4302 igitur
1324 4227 1382 4281 in
1435 4224 1764 4281 crastinum
1813 4224 2000 4282 eccle-

353 4316 589 4374 siastica
620 4317 985 4374 szecularisve
1017 4314 1472 4390 persona,hujus
1493 4313 1706 4369 decreti
1729 4313 2000 4386 paginam

353 4407 544 4464 sciens
573 4410 774 4464 contra
804 4423 933 4462 eam
953 4411 1172 4462 temere
1201 4402 1394 4459 venire
1409 4401 2002 4470 tentaverit,secundo

351 4495 592 4553 tertiove
617 4496 996 4564 commonita,
1031 4495 1080 4551 si
1133 4510 1248 4549 non
1299 4489 1696 4548 satisfactione
1743 4508 2005 4565 congrua

2099 3342 2341 3400 alteram
2389 3343 2522 3414 post
2568 3338 2794 3396 obitum
2843 3353 3046 3394 eorum
3097 3335 3402 3392 comitissa
3448 3329 3725 3389 Mathildis

2101 3433 2279 3488 beatae
2309 3428 2677 3486 Scholasticaa
2707 3426 3019 3483 tradidisse
3049 3417 3726 3498 cognosciturzBemonis

2099 3519 2238 3576 villa
2266 3535 2401 3575 cum
2433 3515 2804 3590 pertinentiis
2836 3515 2965 3572 suis
3007 3519 3065 3570 et
3089 3513 3436 3581 redditibus,
3464 3509 3726 3568 medietas

2100 3608 2250 3665 villae
2279 3605 2536 3663 Verinoli
2568 3603 2787 3678 Magni,
2817 3603 2989 3660 Yreia
3019 3617 3152 3659 cum
3185 3601 3421 3657 duabus
3463 3595 3728 3659 ecclesiis,

2103 3694 2346 3754 Bosonis
2372 3693 2512 3751 villa
2532 3710 2660 3750 cum
2686 3690 3050 3766 appendiciis
3065 3685 3730 3748 suis.MinusVirolinum

2103 3785 2382 3853 totum,in
2413 3781 2552 3839 villa
2580 3781 2827 3839 Vismoli
2851 3781 3042 3838 mansi
3075 3776 3473 3846 duodecim,in
3503 3769 3732 3832 Marccio

2105 3879 2224 3931 tres
2256 3872 2445 3930 mansi
2479 3887 2614 3927 cum
2645 3869 2909 3940 ecclesia,
2939 3869 2998 3924 in
3031 3866 3400 3940 Clymenccio
3429 3869 3584 3922 terra
3611 3874 3732 3917 cum

2106 3966 2316 4036 quarta
2339 3964 2500 4034 parte
2528 3958 2806 4024 ecclesiae,
2839 3957 2899 4013 in
2929 3955 3157 4013 Hastoit
3196 3953 3390 4010 mansi
3421 3955 3662 4025 quatuor
3686 3948 3736 4036 et

2106 4033 2278 4108 tertia
2306 4033 2444 4122 pars
2471 4046 2725 4104 ecclesiae
2750 4063 2886 4102 cum
2903 4043 3332 4108 molendino,in
3350 4033 3733 4100 Betruimansi

2108 4140 2226 4196 duo
2255 4153 2392 4194 cum
2423 4134 2688 4203 ecclesia,
2713 4135 2772 4190 in
2801 4132 3062 4190 Vellanis
3093 4130 3286 4188 mansi
3314 4131 3432 4187 duo
3463 4132 3519 4186 et
3547 4122 3734 4188 semis,

2109 4231 2270 4284 sexta
2299 4242 2434 4298 pars
2465 4223 2656 4280 mansi
2686 4221 2941 4280 ecclesiis
2970 4225 3030 4278 et
3055 4218 3373 4276 molendini
3403 4221 3462 4278 et
3488 4211 3736 4290 piscatio-

2111 4316 2204 4372 nis
2232 4334 2245 4383 ;
2279 4314 2338 4371 in
2369 4311 2746 4386 Gualkeringi
2779 4327 3022 4368 mensus
3055 4326 3230 4378 unus,
3265 4307 3421 4381 apud
3449 4307 3561 4362 Ase
3580 4302 3736 4374 juxta

2113 4404 2505 4461 Masenceium
2553 4406 2742 4469 terrea,
2788 4401 2942 4472 apud
2993 4397 3154 4455 aliud
3201 4399 3313 4453 Ase
3367 4396 3574 4468 quarta
3617 4401 3738 4462 pars

2113 4491 2495 4564 mansi,apud
2527 4488 2911 4545 Nemachium
2944 4483 3384 4557 mansus,apud
3415 4483 3559 4538 Ham
3589 4490 3738 4564 man-

354 4583 767 4652 emendaverit,
813 4563 1125 4656 potestatis
1171 4578 1530 4650 honorisque
1577 4579 1671 4634 sui
1721 4563 2004 4652 dignitate
2031 4598 2081 4665 Ι)
2111 4599 2215 4639 sus
2240 4563 2610 4651 cumdquarta
2632 4582 2794 4650 parte
2813 4575 3070 4634 ecclesias
3093 4580 3152 4631 et
3174 4570 3516 4665 molendini.

353 4678 566 4741 careat,
603 4689 886 4746 reamque
918 4689 980 4729 se
1011 4669 1204 4726 divino
1227 4667 1456 4740 judicio
1499 4667 1743 4724 existere
1775 4669 1847 4725 de
1873 4685 2000 4742 per-

354 4767 580 4836 patrata
608 4762 921 4834 iniquitate
952 4759 1284 4831 cognoscat,
1313 4759 1370 4812 et
1399 4773 1432 4810 a
1452 4755 1851 4814 sacratissimo
1877 4774 2002 4814 cor-

354 4868 495 4926 pore
524 4868 590 4908 ac
621 4849 906 4923 sanguine
936 4847 1038 4904 Dei
1069 4851 1127 4902 et
1156 4843 1584 4902 Domininostri
1612 4845 1754 4902 Jesu
1785 4845 2000 4904 Christi

357 4942 548 4998 aliena
577 4941 698 5008 fiat,
733 4943 907 5010 atque
928 4937 987 4992 in
1018 4940 1276 4992 extremo
1306 4933 1572 4990 examine
1601 4933 1880 4992 districtaa
1911 4935 2000 4992 ul-

357 5029 503 5086 tioni
551 5029 871 5099 subjaceat.
901 5024 1142 5081 Cunctis
1185 5025 1382 5078 autem
1433 5021 1624 5080 eidem
1671 5023 1796 5080 loco
1835 5025 2004 5095 justa

357 5117 725 5175 servantibus
755 5113 832 5170 sit
863 5129 975 5186 pax
1004 5109 1434 5168 Domininostri
1465 5112 1603 5170 Jcsu
1620 5113 2006 5187 Christi,qua-

354 5211 529 5264 tenus
557 5208 614 5261 et
641 5202 738 5258 hic
769 5203 1025 5256 lructum
1056 5200 1220 5256 bona:
1272 5199 1519 5256 actionis
1570 5201 1916 5275 percipiant,
1949 5207 2007 5258 et

363 5294 519 5369 apud
554 5289 887 5346 districtum
913 5288 1175 5360 judicem
1206 5289 1446 5362 praemia
1473 5293 1699 5344 aeternae
1731 5290 1892 5360 pacis
1925 5290 2009 5344 in-

355 5382 614 5440 veniant.
647 5379 855 5446 Amen,
890 5393 1084 5446 amen,
1116 5395 1308 5435 amen.

431 5469 646 5526 Datum
677 5464 735 5520 in
769 5465 1122 5522 monasterio
1169 5466 1366 5524 Sancti
1415 5463 1630 5537 Ᾰέείάίί
1681 5466 1838 5537 apud
1885 5465 2008 5522 val-

358 5559 474 5614 lem
506 5553 905 5611 Flavinianam
935 5571 1039 5628 per
1073 5572 1314 5614 manum
1345 5553 1614 5621 Joannis,
1651 5557 1866 5610 sanctae
1899 5554 2010 5612 Ro-

361 5660 546 5701 manre
574 5641 840 5700 Ecclesiae
872 5644 1101 5701 diaconi
1133 5642 1572 5711 cardinalis,x1v
1613 5641 2011 5718 Kal.Augusti,

2111 4686 2345 4727 mamus
2373 4649 2549 4725 etiam
2563 4649 2726 4723 vobis
2747 4665 3052 4723 ecclesiam
3074 4665 3146 4721 de
3167 4660 3401 4720 Surreio
3424 4674 3556 4716 cum
3568 4649 3740 4710 alodio

2112 4763 2172 4816 et
2201 4755 2560 4827 municipiis,
2594 4770 2800 4811 novem
2856 4752 3140 4826 perticata
3167 4751 3468 4807 vinearum
3507 4745 3740 4827 Laasura.

2112 4824 2505 4920 quadraginta
2550 4847 2611 4899 et
2632 4824 3158 4915 septem—diurnata
3186 4839 3363 4896 boum
3394 4836 3454 4892 in
3485 4824 3742 4904 ﬂamoni-

2109 4934 2268 5003 villa,
2294 4949 2412 5006 qua
2443 4936 2546 4988 tua
2576 4930 2888 5005 prudentia
2918 4930 2989 4986 ab
3024 4928 3263 4986 Arluino
3293 4923 3480 5000 pretio
3524 4929 3740 4989 compa-

2113 5019 2576 5094 ravit.Quidquid
2599 5019 3045 5092 pratereaidem
3059 5018 3240 5076 beata:
3254 5009 3617 5073 Scholastica
3630 5018 3739 5094 mo-

2114 5110 2438 5168 nasterium
2453 5093 2590 5182 jure
2611 5107 3002 5182 possidet,aut
3019 5107 3079 5163 in
3102 5108 3368 5165 futurum
3387 5093 3741 5159 concessione

2116 5181 2481 5274 pontiﬁcum,
2534 5181 2884 5254 liberalitate
2933 5195 3289 5269 principum,
3330 5189 3419 5248 vel
3468 5181 3737 5276 oblatione

2114 5270 2378 5345 fidelium
2420 5287 2583 5358 juste
2637 5288 2814 5358 atque
2870 5283 3148 5342 canonice
3220 5279 3432 5358 poterit
3487 5270 3734 5344 adipisci.

2117 5381 2310 5433 ratum
2338 5373 2502 5432 vobis
2531 5372 2880 5447 illatumque
2930 5371 3151 5430 servari
3200 5368 3520 5429 sancimus.
3549 5360 3736 5418 Decre-

2117 5465 2313 5522 vimus
2336 5479 2474 5536 ergo
2505 5466 2570 5518 ut
2603 5461 2750 5518 nulli
2780 5461 3020 5519 omnino
3041 5459 3350 5518 hominum
3382 5453 3554 5510 liceat
3579 5455 3738 5536 supra

2119 5552 2256 5610 dicti
2298 5535 2544 5607 cmnobii
2589 5550 3102 5626 congregationem
3153 5553 3371 5606 temere
3398 5535 3733 5626 perturbate:

2123 5645 2225 5699 aut
2251 5641 2378 5712 ejus
2408 5614 3202 5712 possessionesvauferremut
3212 5614 3738 5704 oblatav[al.,ablatal
