3928 6208
413 397 544 464 479-

1719 393 1789 460 Β.
1835 393 2139 461 URBANP
2171 393 2225 460 III
2267 393 2519 462 PAPAB.

3680 391 3790 467 486

410 534 736 607 regularem
768 533 946 592 vitam
976 531 1274 608 professis,
1297 534 1354 589 et
1381 547 1583 589 eorum
1615 532 2051 589 successoribus
2079 531 2134 600 Α
2163 530 3024 607 utnullaeisergaprzepositum
3038 533 3792 595 suuminobedientisacausa-

410 626 470 683 in
503 627 705 684 eadem
738 625 1019 700 religione
1049 625 1290 680 victuris
1345 625 1401 679 in
1435 627 1792 696 perpetuam.

481 717 646 772 Sicut
675 716 895 788 injusta
921 714 1302 786 poscentibus
1345 713 1541 768 nullus
1591 717 1678 767 est
1708 711 2054 766 tribuendus

410 805 758 869 eil‘ectu's,ita
779 805 1041 877 legitima
1063 802 1521 859 desiderantium
1548 818 1660 855 non
1676 806 1763 855 est
1783 801 2052 855 differen-

409 896 484 949 da
508 892 974 968 petitio.Querela
1005 890 1296 962 siquidem
1314 889 1410 944 illa
1424 906 1550 960 quae
1569 889 1718 943 inter
1740 904 1841 942 vos
1866 893 1923 943 et
1942 889 2053 943 fra-

409 988 850 1040 trem'nostrum
892 981 1180 1046 Isarnum,
1213 978 1568 1033 Tolosanum
1599 978 1959 1049 episcopum,
1983 977 2054 1031 de

408 1073 768 1129 oblationum
801 1070 1001 1126 altaris
1031 1072 1088 1124 et
1116 1066 1368 1122 ecclesia)
1393 1070 1558 1138 parte
1589 1070 1794 1138 quarta
1815 1063 2063 1137 prolixis-

407 1161 773 1232 temporibus
803 1158 1083 1230 agebatur
1114 1172 1214 1228 per
1238 1143 1654 1226 omnipotentis
1684 1154 1780 1209 Dei
1806 1155 2053 1226 gratiam

405 1249 790 1324 praesentibus
822 1245 990 1301 nobis
1021 1247 1133 1312 (17)
1164 1244 1486 1316 synodique
1533 1248 1625 1298 est
1665 1243 1888 1314 judicio
1933 1260 2055 1314 per-

402 1341 649 1394 tractata
677 1339 734 1391 et
762 1333 1156 1406 legitimorum
1207 1332 1444 1387 testium
1495 1332 1594 1404 qui
1646 1332 1952 1386 audierant
2000 1337 2057 1386 et

401 1428 670 1483 viderant
690 1423 1079 1495 jurejurando
1114 1421 1278 1475 finita
1298 1418 1611 1476 est.Patuit
1630 1420 1784 1475 enim
1815 1419 2054 1476 clericos

404 1515 720 1588 quondam,
755 1513 854 1584 qui
887 1512 1041 1582 apud
1077 1510 1227 1564 beati
1259 1508 1558 1564 Saturnini
1583 1508 1887 1564 ecclesiam
1921 1514 2054 1564 ante

400 1608 593 1660 vestra
601 1607 866 1673 tempora
879 1601 1023 1654 citra
1034 1599 1372 1652 canonicam
1387 1597 1758 1670 disciplinam
1773 1596 2052 1665 vixerant,

401 1691 764 1748 oblationum
778 1688 1090 1743 altari-sseu
1109 1687 1362 1742 ecclesiae
1385 1691 1440 1741 ct
1461 1691 1728 1758 quartam
1741 1691 1798 1742 et
1819 1691 2054 1742 caeteras

402 1778 969 1855 portiOnesintegras
990 1775 1434 1841 tenuisse.Quod
1459 1774 1723 1830 videlicet
1743 1780 1881 1829 tunc
1906 1780 2050 1830 tem-

2163 626 2219 676 et
2249 623 2533 694 superbia:
2567 622 2948 695 relinquatur.
2981 624 3156 680 Porro
3198 624 3604 698 praepositurte,
3633 626 3779 683 deero

2165 712 2292 777 nire,
2327 711 2999 785 sacristizs,capitiscol¢e,
3020 718 3078 770 et
3100 718 3302 770 cetera
3326 713 3588 770 ecclesias
3604 720 3780 774 vestrm

2165 802 2318 856 bona
2349 802 2546 856 omnia
2575 803 2737 858 vobis
2766 803 3092 875 vestrisque
3123 803 3566 860 successoribus
3595 806 3779 861 conﬁr—

2165 891 2941 948 mamus.Archidiaconatus
2971 893 3147 948 etiam
3171 892 3510 965 dignitatern
3534 897 3780 951 et‘cmme-

2162 977 2397 1045 terium,
2443 979 2593 1034 sicut
2641 978 2699 1034 in
2750 981 3004 1052 episcopi
3054 986 3111 1036 et
3153 981 3564 1036 canonicorum
3607 982 3784 1038 Sancti-

2163 1066 2438 1140 Stephani
2473 1067 2859 1141 chirographo
2891 1068 3238 1124 continetur.
3265 1068 3555 1125 Candelas
3576 1083 3786 1143 quoque

2163 1171 2378 1221 cereas,
2411 1173 2558 1227 quas
2606 1156 2764 1212 filius
2809 1161 3010 1213 noster
3057 1157 3444 1225 Raimundus,
3489 1158 3785 1216 Tolosauus‘

2162 1259 2378 1310 comes,
2413 1244 2469 1298 in
2497 1244 2751 1300 ecclesia;
2792 1245 3156 1302 dedicatione
3207 1245 3378 1302 nobis
3424 1247 3776 1319 praestitibus

2163 1332 2470 1397 abdicavit,
2505 1349 2576 1388 ne
2607 1333 2741 1405 quis
2773 1333 3018 1390 ulterius
3049 1334 3276 1408 exigere
3305 1335 3518 1391 audeat
3565 1335 3778 1391 interdi-v

2162 1421 2764 1477 cimus.Prohibemus
2793 1422 2967 1477 etiam
3001 1440 3072 1478 ne
3103 1423 3238 1494 quis
3263 1423 3526 1494 ejusdem
3554 1423 3782 1480 wcleeie

2161 1509 2483 1566 claustrum
2530 1511 2812 1566 violenter
2861 1511 3108 1577 insilire,
3137 1516 3238 1568 aut
3278 1512 3428 1568 infra
3458 1512 3772 1585 id‘ra'pinam

2161 1604 2263 1654 aut
2307 1599 2582 1670 injuriam
2643 1601 2853 1656 audeat
2910 1601 3185 1673 irrogare.
3217 1602 3311 1656 A'd'
3364 1601 3484 1656 hazc
3537 1601 3785 1657 ecclesias

2161 1687 2319 1743 Beati
2364 1689 2513 1743 Petri
2565 1689 2634 1744 de
2688 1688 2930 1745 Valeriis
2981 1694 3038 1746 et
3095 1690 3165 1746 de
3223 1692 3528 1757 Artaxena,
3573 1691 3783 1746 abbatis-

2160 1793 2392 1848 quoque
2447 1777 2638 1832 Sancti
2696 1778 2866 1848 Aviti,
2940 1777 3136 1833 Sancti
3201 1777 3493 1850 Cypriani,
3564 1777 3778 1834 ecclesia

403 1871 562 1944 poris
591 1869 680 1924 ita-
702 1870 896 1924 actum
946 1865 1123 1920 etiam
1173 1869 1306 1919 ante
1354 1865 1596 1919 testium
1649 1864 2048 1934 probationem
2081 1893 2137 1966 Β
2159 1866 2356 1921 Sancti
2393 1866 2539 1922 Petri
2564 1867 2634 1921 de
2659 1865 2925 1922 Slaniaco
2956 1871 3012 1922 et
3041 1868 3112 1922 de
3142 1867 3490 1934 Misearano,
3521 1867 3780 1939 quidquid

400 1960 649 2032 ipsemet
676 1956 983 2027 episcopus
1015 1953 1616 2016 fatebatur.Quoniam
1649 1957 1781 2007 ante
1811 1954 2044 2008 Petrum

400 2045 991 2120 Rogeri,Tolosanum
1013 2042 1478 2114 episcopum,qui
1505 2041 1826 2096 oblationes
1842 2057 2046 2097 omnes

397 2151 577 2192 causa
607 2132 959 2190 mdiﬂcandm
1005 2147 1164 2186 novae
1196 2130 1447 2186 basilicae
1479 2129 1772 2201 recollegit
1819 2131 1878 2186 in
1920 2131 2045 2187 suis

395 2224 672 2282 domibus
727 2223 984 2276 viventes
1061 2219 1255 2276 clerici
1315 2219 1492 2276 libere
1532 2219 1688 2274 Beati
1743 2220 2043 2275 Saturnini

395 2313 788 2370 oblationibus
822 2312 1184 2366 fruebantur.
1216 2309 1487 2381 Iniquum
1521 2311 1714 2382 itaque
1733 2310 1920 2365 visum
1957 2316 2046 2366 est

393 2409 460 2460 ut
491 2403 652 2476 quod:
669 2401 1049 2458 saecularibus
1065 2399 1292 2455 clericis
1310 2399 1628 2455 anteriores
1649 2399 1904 2472 episcopi
1922 2417 2046 2472 per-

393 2493 677 2549 miserant
702 2490 866 2546 vobis
887 2491 1010 2562 jam
1045 2505 1146 2560 per
1171 2489 1270 2544 Dei
1301 2488 1551 2560 gratiam
1575 2489 1965 2545 communiter
1986 2494 2044 2545 et

391 2582 502 2638 sub
532 2579 781 2653 regulari
812 2577 1126 2650 disciplina
1158 2577 1483 2632 viventibus
1519 2577 2044 2634 auferretur.Unde

391 2670 566 2728 etiam
598 2669 752 2724 idem
784 2668 962 2723 frater
1012 2671 1209 2722 noster
1258 2667 1496 2722 Isarnus
1544 2665 1603 2721 in
1652 2667 1945 2739 praepositi
1987 2671 2044 2721 et

392 2757 784 2830 quorumdam
801 2756 872 2811 de
882 2759 1072 2811 vestro
1086 2755 1323 2827 collegio
1337 2759 1604 2827 quartam
1628 2761 1852 2826 partem
1880 2754 2040 2811 illam

391 2861 570 2918 quam
600 2845 834 2900 tenebat
862 2843 919 2898 in
954 2849 1267 2915 conspectu
1318 2848 1518 2899 nostro
1549 2848 1607 2898 et
1647 2844 1891 2899 fratrum
1940 2845 2041 2916 qui

390 2935 698 2992 nobiscum
729 2934 974 2988 aderant
1000 2933 1471 3004 refutavit,atque
1504 2937 1568 2988 ut
1599 2933 1656 2988 id
1702 2937 1901 2988 nostro
1933 2933 2044 3005 pri-

389 3020 599 3096 vilegio
632 3023 966 3077 firmaretur
996 3020 1340 3093 suppliciter
1384 3022 1656 3077 exoravit.
1705 3023 2039 3078 Secundum

388 3112 578 3184 ipsius
605 3124 741 3183 ergo
772 3112 828 3166 et
857 3113 1108 3165 vestram
1142 3109 1566 3181 petitionem,et
1587 3115 1858 3183 quartam
1878 3109 2036 3166 illam

388 3206 443 3258 et
473 3204 710 3256 caeteras
739 3199 1102 3255 oblationum
1135 3197 1336 3254 altaris
1357 3199 1443 3254 vel
1464 3199 1717 3255 ecclesiae
1746 3199 2039 3272 portiones

2158 1959 2436 2026 praeterea
2465 1955 2665 2010 eadem
2698 1954 2941 2011 ecclesia
2958 1956 3122 2027 juste
3151 1955 3776 2028 possid'et'sive'in-futw

2155 2059 2283 2098 rum
2336 2044 2496 2112 j‘uste
2555 2048 2731 2116 atque
2785 2045 3063 2101 canonice
3100 2045 3318 2117 poterit
3345 2045 3601 2118 adipisci,
3632 2044 3777 2098 vobis

2153 2131 2477 2204 vestrisque
2498 2133 2939 2189 successoribus
2959 2132 3312 2206 regulariter
3327 2132 3643 2189 viventibus
3656 2148 3773 2186 cono

2154 2220 2544 2276 ﬁrmamus.Si
2565 2222 2697 2293 quis
2713 2221 2894 2293 igitur
2915 2223 2970 2277 in
2995 2223 3319 2278 crastinum
3338 2221 3778 2294 archiepiscopus

2155 2313 2256 2364 aut
2285 2309 2940 2382 episcopus,imperator
2969 2316 3072 2367 aut
3101 2311 3499 2383 rex,pn'nceps
3537 2311 3632 2364 aut
3653 2309 3766 2372 dux,

2152 2413 2370 2463 comes,
2402 2399 2954 2470 vicecomes,judex,
2981 2403 3083 2454 aut
3109 2398 3510 2455 ecclesiastica
3535 2397 3775 2470 queiibet

2155 2486 2525 2543 sacularisve
2558 2504 2805 2559 persona
2837 2488 3014 2560 hujus
3046 2487 3260 2544 decreti
3293 2489 3563 2561 paginam
3583 2485 3763 2551 sciens,

2155 2575 2300 2630 citra
2330 2592 2459 2632 eam
2491 2581 2710 2632 temere
2738 2577 2933 2634 venire
2955 2577 3542 2643 tentaverit,secu-ndo
3564 2575 3770 2632 tertiove

2154 2665 2568 2733 commonitus,
2595 2666 2643 2720 si
2675 2683 2786 2722 non
2821 2666 3220 2722 satisfactione
3250 2675 3513 2739 congrua
3536 2661 3770 2721 emenda-

2152 2754 2316 2823 verit,
2353 2754 2657 2827 potestatis
2713 2755 3067 2828 houorisque
3115 2755 3208 2810 sui
3259 2755 3542 2828 dignitate
3581 2754 3766 2816 careat,

2153 2859 2433 2914 reumque
2466 2858 2528 2898 se
2558 2843 2754 2898 divino
2799 2843 3020 2915 judicio
3063 2843 3312 2899 existere
3359 2844 3432 2900 de
3477 2842 3767 2914 perpetrata

2150 2931 2460 3004 iniquitate
2489 2936 2821 3004 cognoscat,
2854 2936 2912 2986 et
2959 2949 2993 2986 a
3039 2931 3446 2987 sacratissimo
3468 2937 3689 3003 corpore
3711 2941 3766 2983 ac

2149 3020 2434 3092 sanguine
2475 3019 2574 3074 Dei
2625 3035 2691 3075 ac
2745 3019 2973 3075 Domini
3008 3019 3418 3092 Redemptoris
3447 3015 3761 3074 nostriiJesu

2147 3108 2362 3165 Christi
2393 3107 2621 3164 alienus
2655 3110 2774 3175 fiat,
2809 3112 2984 3180 atque
3014 3108 3074 3163 in
3107 3111 3365 3164 extremo
3411 3105 3664 3164 examine“
3693 3102 3763 3158 dl-

2107 3261 2110 3264 ι
2149 3197 2361 3253 strictas
2392 3197 2595 3252 ultioni
2627 3197 2945 3268 subjaceat.
2965 3195 3203 3253 Cuncti
3233 3200 3430 3252 autem
3454 3193 3630 3250 eidem
3659 3191 3762 3247 loco

389 3291 447 3346 in
480 3289 770 3361 integrum
794 3292 982 3344 vestro
1006 3293 1450 3360 ve'strorumque
1472 3270 1879 3344 successorum
1905 3289 2038 3345 usui
2071 3270 2114 3335 (ἶ
2143 3287 2308 3358 justa
2337 3285 2702 3342 servantibus
2733 3285 2810 3340 sit
2831 3301 2942 3356 pax
2958 3285 3186 3340 Domini
3207 3277 3760 3343 nostri-lesuChristi,

389 3393 492 3452 per
519 3377 821 3450 prasentis
832 3376 1046 3432 decreti
1068 3377 1342 3450 paginam
1357 3377 1674 3449 apostolica
1693 3377 2040 3434 auctoritate

389 3472 665 3541 perpetuo
696 3467 1137 3534 conﬁrmamus,
1179 3470 1238 3521 et
1283 3482 1355 3521 ne
1402 3467 1535 3538 quis
1583 3468 1896 3539 episcopus
1941 3484 2042 3524 eas

387 3555 662 3628 deinceps
718 3555 948 3628 exigere
1011 3555 1218 3611 debeat
1274 3556 1698 3612 interdicimus.
1761 3550 2042 3612 Praeterea

388 3645 667 3716 quoniam
679 3641 962 3714 largiente
981 3643 1230 3699 Domino
1244 3644 1396 3698 Beati
1418 3641 1718 3700 Saturnini
1735 3642 2040 3699 ecclesiam

389 3732 606 3789 nostris
637 3732 912 3787 manibus
943 3731 1496 3797 consecravimus,et
1515 3732 1820 3787 sanximus
1833 3735 2040 3786 etsan-

388 3819 586 3876 cimus
612 3835 682 3873 ne
713 3818 847 3890 quis
887 3818 1195 3891 episcopus
1243 3825 1345 3875 aut
1392 3819 1867 3891 archiepiscopus
1916 3821 2041 3875 sine

389 3912 592 3964 nostra
616 3905 706 3961 vel
733 3905 908 3977 legati
939 3907 1120 3964 nostri
1145 3907 1445 3964 audientia
1485 3906 1909 3963 interdictionis
1954 3907 2042 3964 vel

389 3993 1006 4053 excommunicationis
1038 3996 1094 4050 in
1127 3995 1321 4051 locum
1355 3996 1572 4050 audeat
1603 3997 1856 4068 proferre
1904 4013 2039 4052 sen-

392 4083 766 4147 tentiam,nec
792 4083 964 4139 alicui
999 4083 1172 4140 liceat
1199 4098 1333 4140 eum
1352 4081 1582 4155 quiillic
1607 4083 1776 4139 hodie
1797 4082 2044 4140 habetur

390 4177 610 4229 statum
642 4172 862 4228 ordinis
893 4177 1288 4239 commutare;
1324 4187 1428 4227 nec
1449 4175 1583 4244 post
1611 4172 2041 4244 possessionem

389 4261 801 4318 canonicorum
859 4261 1134 4334 cuiquam
1192 4259 1439 4316 facultas
1499 4259 1575 4316 sit
1608 4265 1710 4316 aut
1739 4261 2040 4333 preprium

390 4351 604 4408 habere
634 4355 734 4407 aut
755 4352 883 4408 sine
913 4349 1206 4423 praepositi
1220 4347 1307 4405 vel
1323 4349 1788 4420 congregationis
1808 4350 2043 4406 licentia

389 4441 459 4496 de
488 4440 744 4496 claustro
775 4439 1094 4495 discedere.
1126 4437 1288 4501 Quod
1321 4436 1370 4491 si
1400 4436 1756 4503 discesserit,
1791 4443 1849 4493 et
1878 4455 2042 4494 com-

390 4530 650 4585 monitus
680 4529 867 4585 redire
899 4525 1360 4598 comtempserit,
1392 4525 1686 4597 prmpositi
1710 4525 1957 4594 intersit,
1991 4529 2039 4584 si

389 4622 785 4708 opportunum
827 4615 1057 4708 viderit,
1101 4630 1236 4669 eum
1287 4613 1531 4708 ubilibet
1577 4632 1612 4670 a
1657 4615 1783 4670 suis
1831 4615 2042 4708 ofticiis
2070 4635 2116 4700 Ι)
2147 4640 2188 4708 E-

389 4704 1143 4764 iuterdicere.lnterdictum
1175 4719 1308 4759 vero
1329 4703 1737 4776 episcoporum
1760 4705 1845 4761 vel
1869 4705 2042 4761 abba-

389 4795 656 4852 tumsine
672 4793 859 4866 ipsius
877 4791 1264 4864 permissione
1279 4791 1475 4848 nullus
1495 4792 2044 4850 absolvat.0beunte

388 4885 655 4958 ejusdem
687 4882 795 4938 loci
829 4880 1160 4954 praposito,
1194 4881 1391 4938 nullus
1423 4881 1503 4936 ibi
1525 4882 1784 4954 qualibet
1803 4883 2040 4955 subrep-

388 4972 568 5028 tionis
599 4970 815 5026 astutia
844 4970 929 5026 vel
978 4967 1253 5025 violentia
1299 4977 1687 5044 praeponatur,
1722 4971 1832 5028 nisi
1863 4988 2040 5044 quem

391 5061 601 5116 fratres
651 5057 947 5130 regulares
995 5058 1291 5113 communi
1339 5071 1624 5115 consensu
1673 5059 1763 5115 vel
1794 5061 2038 5116 fratrum

390 5164 527 5222 pars
557 5145 785 5202 consilii
817 5147 1067 5202 sanioris
1096 5149 1417 5204 secundum
1443 5148 1539 5203 Dei
1563 5149 1832 5204 timorem
1862 5147 2044 5219 provi-

391 5236 585 5292 derint
602 5234 1374 5308 regularitereligendum.Si
1395 5237 1494 5308 qui
1528 5254 1667 5292 sane
1690 5236 1882 5291 clerici
1907 5252 2040 5290 cum

389 5325 800 5397 episcOperum
849 5339 1090 5379 suorum
1138 5323 1375 5382 licentia
1420 5323 1816 5380 conversionis
1855 5323 2045 5396 gratia

390 5412 582 5470 locum
615 5414 812 5484 ipsum
845 5411 1423 5487 adierint,praaposito
1454 5411 1704 5466 liberum
1729 5411 1808 5466 sit
1837 5419 2044 5483 praeter

389 5520 622 5560 omnem
637 5500 1168 5572 episcopiTolosani
1187 5499 1707 5559 contradictionem
1722 5499 2041 5572 suscipere,

461 5682 572 5754 (47)
604 5676 896 5736 Nimirum
922 5679 982 5736 in
1015 5679 1258 5735 concilio
1290 5675 1698 5735 Nemausensi.

2149 3379 2441 3448 quatenus
2467 3379 2524 3430 et
2551 3374 2644 3429 hic
2679 3373 2931 3429 fructum
2965 3375 3128 3430 bona;
3159 3374 3430 3430 actionis-
3459 3367 3759 3445 percipiant,

2149 3468 2206 3520 e't
2235 3465 2387 3535 apud
2420 3463 2752 3519 districtum
2775 3463 3039 3534 jud‘icem
3087 3461 3334 3535 praemia;
3367 3466 3591 3517 sternar
3632 3453 3770 3528 pascis

2149 3552 2468 3608 inveniant.
2492 3555 2695 3607 Amen.

2221 3641 2435 3696 Datum
2496 3639 2647 3713 apu’d
2698 3641 2950 3697 Montem
2995 3641 3298 3696 Andaonis
3351 3641 3407 3696 in
3449 3631 3766 3694 monasterio

2151 3730 2345 3784 Sancti
2377 3730 2618 3784 Andreas
2649 3745 2751 3801 per
2777 3745 3016 3785 manum
3047 3729 3316 3793 Joannis,
3339 3728 3476 3784 BLK.
3500 3716 3760 3782 Esdiaeoni

2150 3818 2485 3883 cardinalis,
2519 3835 2576 3873 x1
2608 3817 2736 3874 Kal.
2768 3819 3038 3890 Augusti,
3070 3817 3398 3873 indictione
3418 3833 3494 3879 ιν,
3526 3813 3758 3869 lucerna-

2151 3907 2326 3964 tionis
2372 3907 2684 3963 Dominicae
2746 3922 2899 3963 anno
2963 3907 3125 3974 1097,
3183 3905 3556 3979 pontificatus
3597 3901 3764 3956 autem

2149 3996 2350 4053 domui
2384 3995 2598 4052 Urbani
2636 3995 2680 4052 Il
2713 4013 2873 4068 papa;
2903 4011 2981 4052 rx.
3481 3997 3485 4001 '
3747 4014 3752 4018 -

2888 4118 3070 4175 CCVI.

2149 4211 2175 4234 *
2210 4210 2455 4267 Urbanus
2486 4209 2807 4265 monasterii
2834 4209 2888 4264 S.
2921 4207 3153 4264 Andreae
3173 4205 3550 4262 Avenionensis
3564 4194 3760 4274 privile-

2521 4283 2620 4350 gia
2648 4285 2701 4335 et
2723 4282 3083 4352 possessiones
3112 4278 3418 4347 conﬁrmet.

2777 4371 2963 4440 (Anno
2999 4367 3182 4437 1096.)

2484 4455 2788 4528 [ηυιηλησικ
2827 4458 2943 4514 Vita
2977 4455 3201 4522 Urbani,
3237 4463 3291 4526 p.‘
3325 4451 3472 4520 270.]

2877 4562 3085 4619 CCVII.

2185 4640 2385 4724 ipistola
2421 4653 2625 4724 Urbani
2650 4667 2821 4724 papa:
2843 4653 2892 4708 II
2917 4652 2988 4706 ad
3019 4652 3370 4707 Colomanum
3392 4640 3758 4724 Ηίιημαλξίἃξ

2185 4711 2664 4850 ’ἵεετη,1ῗίίιγενδιις’
2699 4711 3016 4779 Guibermm
3063 4725 3402 4794 antipapam,
3435 4711 3526 4773 vei
3551 4711 3758 4767 Cim-

2185 4819 2188 4821 λ
2271 4809 2325 4848 m
2438 4837 2450 4849 .

2777 4885 2966 4951 (Anno
2996 4882 3182 4952 1096.)

2149 4973 2444 5044 [Mss/mu,
2505 4972 2741 5027 Histoire
2787 4971 2862 5044 de,
2898 4973 3102 5037 Ninus,
3162 4951 3366 5044 rem,
3407 4955 3560 5028 mea
3616 4951 3756 5012 iw,

2697 5047 2739 5097 t.
2772 5044 2813 5108 l,
2846 5043 3115 5108 Preuves,
3151 5042 3263 5113 45.]

2221 5149 2496 5204 Uasaxus
2527 5149 3068 5221 episcOpus,servus
3099 5153 3407 5204 servorum
3427 5139 3543 5207 Deli
3573 5129 3754 5190 dilecto

2151 5238 2208 5292 in
2242 5237 2468 5292 Christo
2500 5237 2618 5293 lilio
2666 5238 3037 5306 COLOMANNO,
3074 5236 3382 5310 magnifico
3432 5226 3752 5299 Ungarorum

2154 5326 2296 5398 regi,
2331 5325 2584 5382 salutem
2617 5330 2675 5382 et
2700 5325 3081 5399 apostolicam
3113 5319 3580 5382 benedictionem.
3611 5395 3622 5399 Α
3673 5391 3706 5399 _
3741 5384 3750 5395 '

2222 5391 2539 5470 audientes
2561 5391 3059 5487 magniﬁcentiam
3077 5419 3244 5470 tuam
3259 5391 3752 5480 omnipotentis?“

2154 5502 2539 5574 dispositione
2569 5505 2640 5560 ad
2673 5503 2947 5578 Ungarici
2996 5503 3158 5577 regni
3210 5500 3462 5575 regimen
3500 5502 3617 5548 esse
3643 5491 3752 5554 ΡΓ⁰⁹
