3928 6208
405 315 530 376 483

1714 312 1783 376 Β.
1830 311 2123 376 URBANI
2164 313 2220 374 Il
2263 309 2518 378 PAPE.

3669 311 3766 388 iliis

409 449 617 504 abbate
659 446 744 501 vel
796 447 1244 520 congregatione
1271 448 1326 502 in
1358 465 1556 519 pacem
1581 449 1864 516 integram
1904 449 2049 501 redi-
2085 449 2130 512 Α
2168 466 2362 504 amore
2394 452 2740 512 corroboret,
2776 457 2828 505 et
2861 452 2934 506 ab
2966 453 3253 509 universis
3285 455 3527 526 peccatis
3563 461 3614 512 et
3639 475 3764 513 erro.

408 535 570 602 retis,
605 535 874 592 restituto
922 535 1007 592 eis
1057 537 1232 590 fratre
1274 554 1448 607 quem
1473 553 1539 591 ex
1569 554 1769 591 eorum
1803 537 2057 590 claustro

409 623 628 680 dolosis
657 623 1253 680 circumventionibus
1312 624 1616 680 eduxistis.
1677 625 1794 679 Vos
1837 629 2056 688 autem,

409 713 566 784 quod
591 711 928 785 religionem
968 716 1216 768 vestram
1257 711 1498 767 minime
1527 713 1739 777 decuit,
1773 723 1828 768 et
1857 727 2059 784 preces

409 805 642 858 nostras
688 801 1012 873 sprevistis,
1045 805 1102 856 et
1144 802 1542 856 auctoritatem
1600 801 1659 855 in
1702 802 1869 856 nobis
1901 801 2057 857 sedis

409 888 742 961 apostolicae
774 889 1244 960 parvipendistis.
1302 889 1452 956 Quin
1509 889 1684 944 etiam
1716 889 1922 956 Deum,
1956 890 2055 962 qui

407 978 666 1034 charitas
697 982 804 1042 est,
858 977 1204 1044 offendistis,
1239 994 1373 1033 cum
1433 978 1734 1050 religiosos
1790 977 1943 1033 viros
1983 979 2055 1034 ad

405 1065 934 1123 reconciliationem
966 1071 1219 1122 vestram
1250 1071 1652 1139 congregatos,
1681 1072 1738 1123 et
1756 1068 2054 1123 venerabi-

404 1153 520 1211 lem
551 1155 986 1212 Scafuseusium
1021 1155 1312 1222 abbatem,
1351 1155 1474 1211 solo
1507 1154 1810 1210 charitatis
1839 1155 2055 1212 intuitu

403 1242 464 1298 in
493 1249 805 1315 conspectu
837 1249 1030 1298 vestro
1061 1243 1460 1312 humiliatum,
1497 1243 1738 1300 irridere
1760 1250 1816 1300 et
1845 1261 2055 1317 propo-

404 1332 516 1388 sita
551 1332 1012 1404 praesumpsistis
1070 1331 1488 1404 pollicitatione
1545 1333 1807 1388 frustari.
1867 1334 2053 1398 Quam

401 1419 804 1476 inobedientiae
825 1425 881 1474 et
903 1419 1229 1476 dolositatis
1255 1419 1510 1493 culpam,
1559 1438 1676 1493 qua
1705 1423 2055 1478 deberemus

401 1508 742 1564 austeritate
775 1509 1066 1580 persequi,
1098 1515 1352 1564 vestram
1386 1509 1646 1581 ipsorum
1681 1511 2054 1582 prudentiam

402 1597 461 1652 in
494 1598 687 1652 cordis
717 1596 919 1652 tabula
941 1597 1132 1670 legere
1175 1615 1288 1652 non
1313 1598 1660 1654 diffidimus.
1678 1599 1810 1655 Post
1843 1599 2052 1654 harum

402 1685 585 1757 igitur
613 1684 939 1740 litterarum
973 1686 1392 1756 acceptioncm,
1442 1687 1554 1741 nisi
1603 1687 1754 1743 infra
1793 1687 1916 1743 dies
1945 1706 2054 1743 xxx

2171 537 2333 593 ribus
2346 539 2648 595 absolutos
2669 541 2740 594 ad
2765 557 3010 596 summa:
3035 542 3336 599 cbaritatis
3357 550 3412 599 et
3423 560 3559 600 versa
3571 545 3766 617 pietatis

2167 627 2445 696 perducat
2478 628 2778 684 intuitum.
3499 650 3506 656 ‘

2239 715 2386 771 Data
2413 716 2731 788 Papiae,xm
2763 717 2885 773 Kal.
2919 719 3118 777 Octob.

2902 824 3076 881 CCXI.

2169 910 2457 983 Urbani"
2503 927 2668 982 papae
2715 912 2883 976 bulla,
2919 929 3026 983 qua
3055 914 3388 970 monz’alibus
3433 914 3765 973 Cremmwnei-

2238 983 2336 1054 bus
2366 982 2556 1037 Sancti
2611 986 2848 1038 Joannis
2905 982 3292 1054 Evangelistaz,
3337 989 3520 1042 omnia
3571 989 3766 1044 illarum

2229 1053 2364 1123 jura
2392 1055 2694 1124 conﬁrmat.
2719 1102 2730 1110 .

2786 1145 2974 1214 (Anno
3008 1145 3192 1216 1096.)

2483 1233 2837 1302 [Munarom,
2871 1235 3055 1304 Anizq.
3088 1235 3214 1290 Ital.
3251 1234 3323 1301 V,
3348 1234 3492 1302 809.]

2235 1337 2514 1392 Unsanus
2527 1338 2857 1411 episcopus,
2890 1354 3091 1395 servus
3113 1355 3414 1396 servorum
3435 1341 3550 1410 Dei,
3579 1341 3766 1398 dilecte

2163 1425 2294 1480 filis:
2325 1426 2559 1490 GISILE,
2592 1427 2899 1483 abbatissa:
2958 1427 3297 1484 monasterii
3327 1429 3518 1484 Sancti
3560 1430 3766 1487 Joannis

2163 1515 2540 1587 Evangelistai
2597 1533 2764 1571 secus
2794 1521 3158 1584 Cremonam,
3211 1522 3269 1574 et
3299 1522 3430 1590 post
3457 1533 3578 1573 eam
3619 1523 3758 1592 regu-

2163 1602 2362 1657 lariter
2389 1603 2448 1658 in
2471 1604 2669 1658 eodem
2705 1605 2828 1659 loco
2859 1605 3291 1662 substituendis
3331 1607 3391 1661 in
3441 1611 3764 1680 perpetuum.

2239 1693 2596 1747 Desiderium
2652 1693 2806 1764 quod
2840 1695 2909 1748 ad
2955 1694 3298 1766 religiosum
3359 1695 3694 1768 propositum
3720 1701 3764 1752 et

401 1774 592 1830 eidem
623 1774 820 1830 abbati
845 1774 1602 1843 satisfeceritis,divinorum
1621 1777 1896 1850 deinceps
1927 1778 2052 1833 offi-
2085 1813 2132 1879 Β
2163 1781 2492 1836 animarum
2525 1781 2776 1836 salutem
2809 1783 3098 1853 pertinere
3129 1787 3512 1848 monstratur,
3567 1789 3764 1839 auctore

402 1861 772 1920 ciorum......

1149 1952 1306 2008 CCX.

401 2023 643 2095 Epistolu
693 2023 900 2080 Urbani
935 2023 987 2078 II
1024 2039 1179 2095 papa:
1225 2023 1296 2079 ad
1325 2025 1705 2080 Bononienses.
1757 2057 1821 2066 -—
1851 2028 2053 2081 Eorum

471 2095 630 2164 ﬁdem
675 2095 884 2150 (ululat.
929 2095 1188 2150 Omnibus
1243 2097 1338 2165 qui
1395 2095 1534 2150 bello
1566 2097 2050 2168 Ilicrosolymitano

471 2167 845 2238 interfuerint,
869 2173 1212 2237 peccatorum
1243 2169 1459 2221 veniam
1489 2169 1762 2238 proponit.

1008 2256 1194 2323 (Anno
1219 2256 1410 2325 .1096.)

400 2325 674 2398 [Ssvmu,
720 2325 925 2380 Annali
981 2326 1617 2468 Boilognesi'37BJassaiio,
1666 2329 1822 2395 1784,
1859 2328 1939 2382 in-
1971 2330 2047 2396 4ο,

1095 2437 1108 2462 ,
1144 2414 1205 2461 ιι,
1289 2422 1294 2425 ·
1356 2439 1368 2451 .

469 2483 748 2540 Uuemus
771 2483 1102 2558 episcopus,
1135 2501 1339 2541 servus
1356 2503 1656 2542 servorum
1677 2487 1800 2552 Dei,
1821 2487 2050 2544 dilectis

397 2572 536 2628 {iliis
571 2571 873 2628 catholicis
895 2573 952 2628 in
977 2573 1382 2645 clero,populo
1415 2575 1766 2631 Bononiensi
1797 2575 2046 2632 salutem

399 2667 455 2718 et
485 2661 866 2733 apostolicam
899 2661 1385 2717 benedictionem.

471 2749 718 2804 Bonitati
749 2754 951 2806 vestrae
982 2751 1202 2822 gratias
1235 2751 1464 2823 agimus
1523 2752 1676 2822 quod
1707 2752 1859 2808 inter
1888 2752 2047 2808 schi-

402 2837 678 2892 smaticos
699 2841 753 2891 et
775 2837 1076 2893 haereticos
1099 2840 1423 2907 constituti,
1449 2839 1690 2911 quidam
1726 2857 1956 2913 semper
1987 2841 2045 2896 in

401 2925 514 2980 ﬁde
547 2924 833 2981 catholica
864 2927 1290 2997 permansistis,
1333 2928 1571 2999 quidam
1634 2945 1765 2985 vero
1813 2946 1914 3000 per
1943 2929 2044 2984 Dei

399 3013 648 3085 gratiam
692 3014 934 3068 veritate
964 3020 1262 3086 comperta
1293 3021 1349 3070 et
1379 3031 1642 3072 errorum
1673 3019 1840 3072 devia
1867 3017 2044 3072 dimi-

399 3101 582 3170 sistis,
615 3105 672 3158 et
691 3103 818 3173 jam
849 3119 976 3174 quae
1000 3102 1296 3158 catholicae
1321 3103 1454 3159 fidei
1480 3107 1864 3178 suntsapitis.
1900 3107 2042 3162 Hor-

2162 1869 2278 1924 Deo
2299 1870 2424 1924 sine
2447 1869 2644 1942 aliqua
2665 1875 2756 1925 est
2775 1871 3048 1927 dilatione
3080 1870 3513 1944 complendum.
3540 1871 3668 1928 Tuis
3683 1871 3766 1944 igi-

2161 1963 2618 2030 turtuarumque
2631 1975 2895 2015 sororum
2917 1960 3067 2016 votis
3085 1959 3422 2032 apostolica,
3436 1959 3762 2032 benignitatis

2160 2062 2332 2102 aures
2365 2051 2606 2118 paterno
2637 2047 2990 2103 inclinamus
3023 2049 3259 2116 affectu,
3301 2054 3364 2104 et
3387 2049 3535 2106 beati
3563 2048 3765 2104 Joannis

2161 2134 2539 2206 Evangelistae
2572 2137 3016 2204 monasterium,
3064 2139 3158 2192 cui
3187 2143 3426 2194 auctore
3467 2138 3577 2194 Deo
3603 2135 3764 2210 presi-

2159 2224 2294 2278 dere
2343 2223 2725 2295 dignosceris,
2781 2225 3054 2281 Romanis
3101 2225 3468 2282 auctoritatis
3511 2223 3764 2298 privilegio

2160 2311 2786 2376 communimus.Quod
2817 2313 3084 2368 videlicet
3114 2315 3533 2372 monasterium
3567 2317 3764 2370 Bernar-

2158 2399 2271 2454 dus
2289 2415 2504 2466 comes,
2527 2405 2584 2455 et
2612 2417 2758 2456 uxor
2781 2402 2912 2472 ejus
2930 2402 3120 2470 Berta,
3155 2404 3494 2476 sumptibus
3511 2402 3636 2460 suis
3659 2401 3766 2458 adi-

2159 2488 2496 2554 ﬁcaverunt,
2530 2493 2588 2543 et
2617 2489 2675 2544 in
2722 2506 2936 2545 manus
2986 2492 3481 2548 reverentissime!
3512 2490 3762 2548 memoris

2158 2576 2414 2647 Gregorii
2435 2577 3142 2650 septimi,prmdecessoris
3162 2580 3350 2636 nostri
3363 2581 3543 2646 ,beato
3567 2580 3763 2635 Petroet

2157 2669 2372 2720 sancta:
2403 2665 2531 2736 ejus
2564 2666 2835 2720 Romanae
2867 2666 3134 2722 Ecclesiae
3188 2667 3544 2724 obtulerunt.
3571 2665 3760 2723 Statui-

2157 2770 2290 2808 mus
2307 2769 2443 2826 ergo
2466 2758 2531 2808 ut
2551 2769 2915 2826 quaecunque
2931 2756 3083 2810 bona
3108 2757 3300 2812 eidem
3319 2757 3442 2813 loco
3472 2773 3568 2829 per
3593 2771 3761 2838 supra-

2154 2841 2340 2896 dictos
2357 2842 2600 2897 comites
2621 2841 2706 2896 vel
2725 2843 2922 2898 fideles
2943 2844 3239 2915 quoslibet
3255 2846 3328 2900 de
3341 2843 3760 2916 suejureeblata

2154 2929 2402 2995 sunt,vel
2438 2931 2496 2984 in
2529 2930 2791 2986 futurum
2823 2931 3105 3004 largiente
3137 2933 3384 2990 Domino
3440 2933 3619 2989 offerri
3644 2947 3756 2987 con-

2152 3019 2366 3089 tigerit,
2398 3019 2560 3073 vobis
2589 3023 2646 3073 et
2674 3019 2748 3072 iis
2797 3035 2925 3092 quae
2959 3026 3088 3092 post
3115 3038 3216 3077 vos
3247 3038 3599 3078 successum
3625 3023 3754 3082 sunt,

2154 3109 2323 3162 firma
2352 3122 2583 3178 semper
2612 3107 2954 3180 illibataque
2981 3114 3384 3180 permaneant.
3427 3097 3758 3166 Decet-nimus

397 3191 813 3263 tamurergoin
839 3191 1085 3246 Domino
1104 3191 1496 3261 dilectissimi,
1522 3201 1587 3248 ut
1611 3195 1665 3249 in
1689 3177 2051 3251 veritatisvia
2079 3177 2123 3245 (ἶ
2158 3211 2294 3266 ergo
2317 3199 2381 3250 ut
2401 3193 2798 3251 nulliomnino
2814 3177 3120 3252 hominum
3144 3197 3588 3255 liceateumdem
3601 3197 3759 3252 locum

393 3278 634 3335 viriliter
664 3279 936 3335 incidatis
966 3284 1024 3334 et
1065 3279 1236 3336 bonis
1262 3279 1444 3336 initiis
1495 3283 1763 3338 meliores
1795 3287 2038 3340 eventus

397 3368 608 3424 addere
637 3368 986 3440 procuratis.
1021 3369 1144 3424 Non
1195 3369 1352 3424 enim
1383 3369 1484 3441 qui
1517 3372 1774 3442 coeperit,
1810 3372 1910 3426 sed
1942 3373 2042 3444 qui

395 3458 843 3529 perseveraverit
866 3457 1122 3528 usquein
1147 3457 1325 3514 finem
1346 3457 1441 3514 hic
1456 3458 1653 3514 salvus
1665 3461 2048 3516 erit.Venera-

395 3543 569 3600 bilem
589 3545 827 3601 fratrem
841 3550 1108 3601 nostrum
1129 3550 1186 3601 et
1215 3546 1626 3620 coepiscopum
1658 3549 2040 3617 Bernardum,

393 3649 566 3704 quem
597 3639 887 3704 pastorem
911 3635 1076 3689 vobis
1099 3651 1202 3705 per
1217 3652 1428 3690 manus
1451 3640 1679 3693 nostras
1701 3637 1894 3693 divina
1913 3655 2044 3710 pro-

391 3720 650 3776 videntia
664 3722 924 3789 conferre
941 3722 1180 3794 dignata
1193 3727 1300 3791 est,
1335 3723 1607 3780 charitati
1621 3731 1826 3782 vestrae
1855 3732 2044 3783 atten-

395 3809 1016 3870 tiuscommendamus
1039 3814 1102 3864 ut
1150 3810 1196 3865 si
1219 3811 1405 3871 Deum
1443 3812 1684 3887 diligitis
1706 3815 1764 3870 in
1799 3817 1926 3885 ejus
1956 3817 2044 3870 vi-

395 3896 552 3952 cario
586 3897 928 3954 ostendatis.
963 3897 1092 3970 Ipse
1111 3899 1267 3954 enim
1283 3899 1706 3973 dehujusmodi
1729 3903 1906 3959 dixit:
1941 3906 2046 3973 Qui

393 4001 486 4040 vos
516 3984 692 4049 audit,
717 4001 802 4040 me
830 3986 1002 4042 audit.
1038 3987 1364 4044 Nonnullos
1399 3995 1625 4046 vestros
1679 3992 1738 4047 in
1771 3992 2045 4049 Hierusa-

396 4072 512 4128 lem
549 4073 724 4128 eundi
757 4073 1112 4132 desiderium
1154 4079 1490 4149 concepisse
1522 4081 1855 4136 audivimus
1883 4083 2042 4152 quod

395 4161 566 4218 nobis
584 4161 901 4233 plurimum
925 4164 1283 4237 complacare
1311 4167 1823 4224 noveritis.Sciatis
1847 4173 2044 4226 autem

393 4250 480 4306 eis
510 4250 784 4308 omnibus
805 4253 904 4323 qui
939 4252 1076 4309 illuc
1109 4271 1221 4310 non
1257 4255 1472 4311 terreni
1502 4256 1792 4312 commodi
1823 4257 2046 4330 cupidi-

392 4343 532 4407 tate,
565 4340 666 4397 sed
687 4357 790 4414 pro
817 4341 941 4396 sola
980 4341 1189 4398 anima:
1207 4361 1327 4399 suae
1358 4343 2043 4402 saluteetEcclesimlibe-

395 4429 621 4486 ratione
641 4431 885 4502 profecti
908 4431 1549 4503 fuerint,pmnitentiam
1567 4435 1751 4488 totam
1783 4440 2044 4506 peccato-

2154 3287 2372 3338 temere
2392 3283 2724 3354 pertubare,
2755 3289 2855 3340 aut
2871 3285 2922 3340 ei
2955 3286 3223 3342 subbitas
3271 3287 3656 3360 possessiones
3677 3299 3760 3338 aa-

2154 3371 2322 3438 ferre,
2355 3371 2732 3439 minuere,vel
2760 3375 3502 3432 temerariisvexationibus
3525 3373 3759 3446 fatigare;

2153 3460 2255 3515 sed
2273 3459 2474 3516 omnia
2493 3459 2720 3533 integra
2740 3466 3157 3518 conserventur
3203 3479 3408 3520 earum
3426 3480 3528 3537 pro
3546 3473 3758 3535 quarum

2153 3549 2576 3604 sustentatione
2592 3553 2651 3604 et
2681 3551 3102 3622 gubernatione
3131 3548 3758 3618 concessa-sunt,usibus

2153 3637 2508 3693 omnimodis
2537 3639 2841 3708 profutura
2865 3657 2878 3705 ;
2911 3639 3072 3695 salva
3101 3642 3386 3697 canonica
3406 3640 3630 3712 justitia
3653 3637 3759 3692 Cre—

2153 3725 2453 3781 monensis
2483 3726 2761 3798 episcopi,
2821 3727 3114 3800 siquidem
3146 3727 3470 3785 catholicus
3520 3726 3694 3794 fuerit,
3717 3725 3762 3777 et

2153 3814 2627 3871 communionem
2644 3819 2701 3870 et
2720 3817 2968 3888 gratiam
2992 3817 3322 3890 apostolicae
3341 3819 3496 3874 sedis
3511 3813 3758 3872 habuerit.

2152 3903 2255 3960 Cui
2276 3908 2471 3958 tamen
2486 3903 2724 3959 omnino
2744 3921 2858 3959 non
2873 3904 3042 3960 liceat
3057 3906 3211 3961 idem
3228 3904 3636 3964 monasterium
3652 3915 3764 3974 pra-

2153 4008 2412 4064 gravare,
2443 3996 2546 4046 aut
2566 3993 2926 4048 exactionem
2947 3993 3035 4050 vel
3057 3996 3680 4064 consuetudinemque!
3703 3986 3758 4042 li-

2153 4081 2362 4137 bertati
2391 4085 2448 4136 et
2471 4081 2650 4152 quieti
2673 4083 3005 4138 monasticae
3024 4084 3554 4152 noceat,80roribus
3567 4079 3676 4135 illic
3692 4076 3758 4131 vi-

2152 4170 2420 4226 ventibus
2441 4169 2876 4242 irrogare.Saue
2901 4171 2971 4226 ad
3004 4171 3286 4228 indicium
3309 4173 3490 4244 hujus
3514 4169 3758 4243 percepta!

2153 4276 2187 4314 a
2209 4259 2470 4314 Romana
2490 4257 2746 4314 Ecclesia
2767 4259 3164 4331 protectionis,
3198 4278 3303 4334 per
3329 4277 3510 4316 annos
3533 4252 3761 4329 singulos

2153 4345 2604 4402 Mediolanensis
2635 4352 2880 4402 moneta:
2909 4347 3181 4406 denarios
3227 4349 3533 4406 duodecim
3569 4349 3762 4402 Latera-

2154 4434 2321 4490 neusi
2351 4434 2564 4507 palatio
2580 4435 3006 4506 persolvetis.Si
3034 4438 3166 4510 quis
3188 4437 3369 4511 igitur
3391 4438 3450 4493 in
3477 4433 3760 4492 crastinum

397 4535 529 4574 rum
559 4519 631 4574 de
661 4519 878 4590 quibus
894 4535 1089 4574 veram
1115 4523 1174 4575 et
1188 4520 1502 4591 perfectam
1525 4521 1948 4578 confessionem
1965 4525 2043 4580 fe-
2074 4541 2120 4607 ι)
2153 4523 2630 4595 archiepiscopus
2686 4528 2789 4579 aut
2815 4524 3146 4597 episcopus,
3205 4525 3518 4598 imperator
3548 4527 3642 4579 aut
3666 4533 3760 4607 rex,

392 4607 574 4662 cerint
593 4623 696 4679 per
736 4607 1157 4678 omnipotentis
1172 4607 1272 4662 Dei
1290 4605 1748 4664 misericordiam
1770 4615 1828 4666 et
1858 4612 2045 4668 Eccle-

393 4695 802 4752 siaecatholicaz
821 4711 1042 4768 preces,
1078 4699 1196 4749 tam
1230 4699 1432 4773 nostra
1451 4711 1629 4767 quam
1653 4699 1913 4755 omnium
1949 4718 2046 4773 pe-

395 4799 465 4840 ne
498 4784 1074 4856 archiepiscoporum
1105 4788 1162 4837 et
1190 4771 1600 4855 episcoporum
1623 4786 1722 4858 qui
1753 4787 1812 4842 in
1847 4771 2052 4846 Galliis

393 4869 1571 4942 suntauctoritatcdimittimus,quoniam
1589 4891 1679 4930 res
1702 4881 2048 4949 etpersonas

393 4978 532 5016 suas
548 4977 653 5032 pro
676 4961 778 5016 Dei
827 4962 885 5012 et
909 4957 1152 5026 proximi
1195 4959 1476 5016 charitate
1507 4970 1919 5034 exposuerunt,
1953 4984 2050 5023 ne-

394 5065 507 5120 que
523 5048 749 5104 clericis
765 5059 921 5107 vero,
955 5059 1144 5112 neque
1170 5047 1472 5104 monachis
1494 5050 1620 5106 sine
1643 5053 2046 5126 episcoporum

389 5137 478 5194 vel
509 5137 790 5194 abbatum
812 5127 1049 5184 licentia
1071 5131 1211 5190 illuc
1250 5137 1429 5192 eundi
1461 5141 1835 5198 concedimus
1867 5144 2048 5198 falcu-

389 5229 590 5281 tatem.
625 5226 805 5279 Porro
853 5214 1114 5289 episcopi
1152 5239 1290 5280 cura
1307 5225 1382 5281 sit
1405 5243 1477 5284 ne
1493 5229 1882 5300 parochianos
1910 5249 2050 5288 suos

394 5315 520 5368 sine
540 5310 892 5368 clericorum
913 5307 1160 5366 concilio
1183 5317 1238 5368 et
1254 5315 1578 5386 provisione
1603 5317 1923 5376 dimittant.
1955 5321 2054 5377 Ju-

393 5400 638 5456 venibus
660 5393 840 5452 etiam
865 5390 1194 5467 conjugatis
1205 5403 1630 5472 providendum
1653 5410 2052 5466 estnetemere

391 5489 622 5540 tantum
639 5484 753 5538 iter
768 5478 899 5570 sine
926 5485 1294 5546 conniventia
1315 5508 1563 5548 uxorum
1586 5509 1827 5550 suarum
1849 5512 2052 5570 aggre-

393 5571 650 5636 diantur.
712 5565 1098 5645 Omnipotens
1155 5577 1310 5640 Deus
1359 5581 1420 5642 in
1477 5597 1588 5642 suo
1617 5597 1720 5641 vos
1747 5565 1956 5648 timore
1997 5591 2056 5651 et

2153 4612 2426 4685 princeps
2451 4615 2553 4666 aut
2573 4612 3482 4686 dux,comes,vicecomes,judex,
3501 4616 3596 4670 aut
3620 4605 3764 4665 eccle-

2159 4699 2397 4755 siastica
2425 4699 2697 4771 quaelibet
2716 4699 3082 4758 saecularisve
3114 4719 3382 4776 persona,
3415 4702 3559 4758 hanc
3587 4699 3763 4754 nostris

2157 4788 2592 4844 constitutionis
2619 4789 2898 4862 paginam
2947 4791 3158 4859 sciens,
3191 4796 3392 4848 contra
3429 4805 3552 4847 eam
3582 4792 3762 4842 temere

2155 4877 2352 4934 venire
2409 4878 2738 4944 tentaverit,
2811 4881 3069 4936 secundo
3131 4881 3369 4938 tertiove
3427 4871 3762 4936 commonita,

2158 4967 2206 5022 si
2237 4982 2350 5020 non
2383 4965 2732 5021 satisfecerit
2757 4968 3166 5025 emendatione
3189 4985 3465 5042 congrua,
3497 4956 3766 5040 potestatis

2160 5053 2518 5126 honorisque
2537 5052 2628 5108 sui
2649 5054 2936 5126 dignitate
2967 5061 3178 5125 careat,
3212 5069 3487 5129 reamque
3513 5065 3573 5110 se
3599 5047 3766 5106 dit/i110

2150 5142 2374 5215 judicio
2422 5141 2666 5198 existere
2683 5143 2754 5198 de
2772 5149 3104 5216 perpetrata
3131 5145 3438 5216 iniquitate
3465 5137 3756 5220 0031103089

2159 5236 2217 5289 et
2238 5247 2272 5286 a
2295 5228 2690 5286 sacratissimo
2747 5247 2985 5304 corpore
2999 5237 3058 5288 et
3072 5227 3355 5308 sanguine
3377 5230 3472 5288 Dei
3491 5233 3548 5286 et
3564 5217 3758 5282 Deini

2160 5337 2226 5377 ac
2246 5318 2650 5389 Redemptoris
2671 5321 2856 5376 nostri
2875 5325 3015 5380 Jesu
3036 5322 3250 5378 Christi
3268 5321 3458 5378 aliena
3475 5318 3586 5383 ttat,
3611 5317 3755 5382 atque

2161 5409 2220 5464 in
2253 5410 2510 5463 extremo
2565 5407 2831 5464 examine
2884 5409 3162 5466 districta:
3221 5407 3428 5466 ultioni
3477 5397 3752 5474 subiaceat-

2161 5493 2401 5554 Cunctis
2413 5499 2607 5551 autem
2629 5496 2819 5553 eidem
2843 5497 3149 5569 locojusta
3189 5495 3546 5555 servantibus
3572 5491 3642 5548 sit
3667 5495 3756 5556 pl!

2161 5582 2396 5647 Domini
2424 5583 2607 5646 nostri
2624 5583 2766 5646 Jesu
2785 5585 2999 5647 Christi
3029 5592 3319 5670 quatenus
3341 5590 3400 5647 et
3423 5583 3516 5648 hi0
3541 5579 3757 5643 fructm
