3928 6208
133 260 264 328 ’485

1330 252 1732 324 EPISTOL/E
1775 258 1876 322 ET
1916 250 2399 323 PRIVILEGIA.

3439 260 3557 325 486

144 401 309 457 bona:
339 396 597 453 actionis
626 394 970 469 percipiant,
993 399 1050 452 et
1078 396 1233 469 apud
1265 395 1597 453 districtum
1640 394 1802 465 jndi-
1833 399 1884 463 Α
1914 393 2081 448 rabili
2131 393 2289 448 fratri
2326 394 2574 459 IIUGONI,
2630 392 2994 450 Cluniacensi
3044 394 3260 462 abbati,
3312 397 3559 468 ejusque

145 504 270 547 cem
301 486 547 560 praemia
578 490 805 542 aeternis
833 486 995 560 pacis
1025 484 1340 541 inveniant.

218 577 333 649 Ego
365 575 671 641 Unsanus,
701 574 1000 631 catholica
1022 573 1290 630 Ecclesia:
1323 573 1654 646 episcopus,
1674 571 1809 629 sub-

143 664 380 739 scripsi.

221 758 433 810 Datum
463 754 762 809 Cremonae
777 770 882 827 per
902 769 1146 809 manum
1168 752 1437 818 Joannis,
1464 754 1678 807 sanctae
1705 749 1811 806 Ro-

144 860 337 901 mana:
390 842 666 899 Ecclesiae
695 841 927 899 diaconi
967 840 1305 905 cardinalis.
1354 858 1468 896 xvu
1520 839 1811 894 Kalendas

142 932 520 997 Novembris,
554 930 879 988 indictione
916 949 970 1000 v,
1022 930 1446 987 Incarnationis
1500 928 1809 984 Dominicze

145 1039 307 1079 anno
322 1018 879 1094 10%,pontiﬁcatus
897 1025 1092 1076 autem
1113 1019 1313 1075 domni
1330 1018 1545 1073 Urbani
1569 1017 1809 1073 secundi

143 1127 315 1185 papa
351 1126 529 1167 nono.

884 1215 1087 1270 CCXII.

147 1308 370 1367 Urbani
400 1308 451 1362 ll
487 1306 718 1377 epistola
760 1303 830 1360 ad
866 1305 1124 1377 Alesiam
1157 1303 1815 1374 Constantinopolitanum

226 1375 646 1450 immutarem.
670 1407 739 1417 -—
770 1377 842 1430 De
869 1375 1214 1450 expeditione
1230 1377 1286 1429 in
1321 1383 1522 1430 terram
1548 1383 1815 1438 sanctam,

220 1459 277 1506 et
301 1447 372 1505 de
400 1464 562 1504 cruce
589 1447 958 1519 suscipienda.

788 1536 978 1608 (Anno
1011 1536 1192 1607 1096.)

592 1626 824 1695 [Mane],
853 1624 1060 1680 Concil.
1097 1624 1207 1694 XX,
1239 1626 1389 1693 660.]

1917 482 2355 538 successoribus
2384 481 2730 556 regulariter
2770 482 3199 540 substitucndis
3255 485 3311 539 in
3359 502 3559 558 perpe-

1914 574 2102 626 tuum.

1987 661 2132 716 Cum
2164 661 2429 716 omnium
2460 660 2719 717 fidelium
2753 663 3137 736 petitionibus
3162 667 3219 719 et
3249 663 3565 720 necessita-

1916 750 2076 804 tibus
2107 749 2413 805 subvenire
2444 749 2652 806 debeat
2680 751 3008 823 apostolicae
3039 752 3340 807 charitatis
3358 752 3563 826 gratia,

1920 838 2102 893 multo
2135 838 2323 910 magis
2345 836 2438 892 his
2467 843 2556 893 est
2585 839 2974 912 impertienda
3004 841 3133 912 ejus
3165 842 3427 897 beneficii
3449 842 3567 897 cle-

1922 929 2158 993 mentia,
2192 943 2339 998 quos
2389 926 2768 1000 singulariter
2813 928 2963 984 ﬁlios
3009 946 3068 983 se
3117 930 3331 1003 gaudet
3355 930 3569 987 habere

1922 1016 2185 1071 Romana
2217 1019 2403 1070 mater
2432 1014 2707 1071 Ecclesia.
2742 1016 2897 1071 Inter
2941 1035 3087 1089 quos
3130 1018 3403 1090 quoniam
3436 1019 3571 1075 Clu-

1922 1104 2216 1160 niacensis
2267 1105 2663 1177 congregatio,
2715 1105 2911 1161 divino
2964 1105 3318 1163 charismate
3350 1109 3571 1166 caeteris

1924 1194 2151 1249 imbuta
2182 1192 2433 1265 plenius,
2468 1198 2533 1249 ut
2563 1193 2708 1249 alter
2730 1194 2816 1250 sol
2850 1194 3030 1251 enitet
3052 1196 3109 1250 in
3141 1197 3483 1263 terris,adco
3511 1200 3574 1253 ut

1923 1282 2017 1338 his
2051 1298 2205 1338 nunc
2258 1282 2540 1353 temporis
2589 1282 2698 1354 ipsi
2753 1283 2948 1356 potius
2994 1285 3298 1341 conveniat
3344 1287 3501 1358 quod
3542 1303 3577 1341 a

1924 1370 2171 1427 Domino
2202 1371 2424 1425 dictum
2471 1375 2578 1435 est,
2617 1372 2712 1426 Vos
2732 1374 2859 1426 estis
2893 1373 2993 1426 Iu.r
3020 1367 3232 1440 mundi,
3265 1391 3331 1429 eo
3363 1374 3572 1447 magis,

1926 1478 1958 1516 o
1990 1460 2333 1516 charissime
2367 1460 2543 1514 frater
2586 1460 2770 1531 Hugo,
2815 1460 3194 1517 sublimitatis
3244 1463 3575 1535 apostolicae

1927 1548 2246 1604 auctoritas
2276 1549 2502 1621 cogitur
2533 1550 2787 1620 praebere
2820 1550 3029 1604 vestris
3070 1550 3447 1620 petitionibus
3478 1570 3574 1607 as-

1928 1653 2204 1704 sensum;
2238 1652 2369 1690 cum
2405 1637 2579 1691 etiam
2606 1654 2705 1707 pro
2721 1638 3109 1692 sanctimonia
3134 1640 3257 1693 vita:
3272 1641 3579 1697 desideriis

228 1734 517 1791 Unsanus
549 1732 866 1799 secundus,
922 1732 1220 1787 Romanus
1266 1728 1544 1803 pontifex,
1575 1730 1811 1797 ALBXIO,
1855 1766 1901 1832 B
1929 1726 2139 1780 vestris
2170 1741 2370 1796 parere
2385 1725 2654 1780 novimus
2674 1727 2980 1779 Auctorem
3005 1728 3384 1783 omnium.Ea
3406 1745 3577 1801 prop-

146 1821 815 1895 Constantin0politano
838 1820 1200 1893 imperatori,
1234 1824 1342 1876 etc.

229 1913 383 1970 Cum
418 1915 708 1967 statutum
745 1908 948 1965 fuisset
968 1909 1041 1964 ad
1072 1908 1304 1964 Clarum
1338 1911 1597 1963 montem
1618 1909 1825 1961 Arver-

158 2003 277 2059 nize
313 2005 382 2058 ut
412 1996 832 2056 communibus
848 1998 996 2054 votis
1042 1996 1262 2054 bellum
1304 1996 1580 2053 adversus
1627 1995 1824 2051 Sarra-

162 2105 352 2148 cenos
390 2093 717 2162 gereretur,
742 2090 906 2143 tanta
947 2085 1254 2142 hominum
1294 2084 1610 2141 multitudo
1658 2100 1826 2139 cruce

157 2179 404 2253 signata
432 2180 544 2247 est,
576 2181 641 2232 ut
687 2176 759 2231 ad
802 2179 1060 2230 trecenta
1098 2174 1402 2229 hominum
1448 2171 1631 2228 millia
1653 2189 1828 2227 censa

151 2268 643 2324 fuerint.Ducum
675 2269 869 2320 autem
903 2263 1360 2319 fortissimorum
1392 2267 1592 2317 tantus
1633 2262 1826 2328 ardor,

152 2361 225 2412 ut
255 2356 332 2412 de
379 2353 787 2425 recuperanda
830 2351 1230 2423 Hierosolyma
1281 2349 1535 2406 multum
1594 2365 1828 2422 sperare

150 2446 514 2502 debeamus.
529 2442 761 2498 Primus
773 2441 1039 2511 omnium
1065 2440 1267 2496 Petrus
1287 2438 1528 2495 eremita
1556 2440 1825 2493 innume-

152 2533 460 2591 rabilibus
490 2548 554 2587 se
581 2531 790 2586 ducem
820 2529 1088 2601 praebuit,
1112 2528 1205 2583 cui
1224 2528 1602 2595 Godefredus,
1626 2528 1829 2583 Eusta-

153 2622 337 2679 chius
366 2625 430 2677 et
446 2618 771 2675 Balduinus
797 2616 1280 2683 fratres,Bolionii
1302 2617 1636 2679 comites,se
1666 2616 1828 2671 addi-

157 2709 672 2778 derunt,majores
703 2706 876 2762 etiam
912 2706 1107 2777 copias
1131 2709 1499 2778 paraverunt.
1534 2705 1679 2760 Hinc
1726 2709 1831 2759 Po-

156 2798 397 2856 diensis
422 2796 734 2870 episcOpus
765 2794 901 2850 belli
948 2796 1086 2860 dux,
1118 2801 1174 2848 et
1223 2793 1592 2850 Raimundus
1635 2792 1830 2848 Sancti

159 2886 387 2961 [Egidii
411 2900 633 2952 comes,
658 2884 794 2939 inde
817 2884 983 2955 Hugo
1011 2881 1280 2954 Magnus.
1306 2881 1552 2954 Philippi
1585 2883 1830 2937 Franco-

158 2992 301 3033 rum
333 2973 770 3047 regisfrater,et
792 2972 1083 3027 Robertus
1112 2970 1569 3037 Northmannize,
1602 2970 1652 3025 ei
1687 2969 1833 3024 alter

158 3066 471 3123 Robertus
503 3060 807 3129 Flandrire,
841 3066 897 3115 et
925 3059 1255 3132 Stephanus
1288 3058 1526 3114 Carnuti
1565 3059 1827 3114 comites.

1936 1818 2024 1869 ter
2037 1812 2319 1885 quidquid
2337 1813 2644 1877 libertatis,
2678 1814 2960 1885 quidquid
2988 1815 3269 1885 tuitionis,
3292 1817 3578 1888 quidquid

1935 1902 2302 1958 auctoritatis
2324 1902 2776 1974 prmdecnssores
2804 1902 2987 1957 nostri
3016 1904 3284 1959 Ecclesia:
3307 1905 3581 1962 Romanis

1936 1991 2262 2062 pontiﬁces,
2296 1992 2616 2062 praesertim
2652 1990 2981 2063 apostolicaa
3031 1993 3324 2049 memoriae
3365 1994 3582 2068 Grego-

1937 2080 2060 2135 rius
2086 2080 2207 2148 νη,
2238 2085 2430 2135 vestro
2463 2080 2816 2135 monasterio
2844 2085 2900 2136 et
2930 2080 3070 2136 locis
3101 2083 3169 2137 ad
3208 2083 3262 2137 id
3295 2084 3584 2155 pertinen-

1937 2169 2095 2222 tibus
2144 2167 2535 2223 contulerunt.
2582 2168 2698 2223 Nos
2748 2185 2979 2241 quoque
3028 2171 3296 2241 praesenti
3354 2174 3583 2229 decreto

1938 2262 2172 2311 auctore
2205 2261 2314 2311 Deo
2347 2257 2786 2323 confirmamus,
2816 2257 3035 2311 scilicet
3054 2263 3117 2312 ut
3144 2264 3356 2315 cuncta
3385 2261 3509 2318 loca
3529 2266 3586 2317 et

1938 2346 2296 2400 monasteria
2324 2345 2395 2399 ad
2424 2344 2827 2400 Cluniacense'
2850 2346 3178 2401 cmnobium
3210 2348 3581 2421 pertinentia,

1939 2452 2065 2507 quae
2115 2435 2187 2488 ab
2235 2433 2531 2505 aliquibus
2589 2434 2859 2489 ﬁdelibus
2907 2434 3273 2501 Christianis,
3325 2438 3582 2509 regibus,

1938 2522 2248 2595 episcOpis,
2268 2522 2859 2589 ducibus,comitibus
2879 2540 2977 2577 seu
3003 2524 3584 2597 principibus,eidem

1939 2612 2064 2667 loco
2098 2616 2233 2667 sunt
2262 2615 2624 2677 concessa,et
2653 2611 2725 2665 ab
2745 2612 3213 2668 antecessoribus
3242 2614 3360 2669 tuis
3391 2617 3587 2688 acqui-

1939 2701 2135 2765 sita,et
2166 2716 2526 2772 quaecunque
2566 2700 2637 2755 ad
2670 2700 2940 2755 eumdem
2975 2700 3164 2756 locum
3197 2701 3391 2775 aliquo
3414 2705 3586 2761 modo

1939 2790 2231 2862 pertinere
2251 2789 2540 2857 videntur,
2570 2788 2657 2844 vel
2688 2788 2746 2842 in
2780 2794 3082 2861 posterum
3119 2790 3434 2859 dabuntur,
3469 2793 3587 2850 sive

1942 2883 2131 2943 terrae,
2163 2879 2283 2933 sive
2315 2877 2590 2941 ecclesize,
2643 2878 2761 2931 sive
2808 2877 3068 2944 decimae,
3122 2885 3177 2934 et
3224 2896 3587 2954 quaecunque

1943 2983 2431 3040 quorumcumque
2468 2966 2748 3022 beneficia
2801 2965 3083 3035 fidelium,
3129 2969 3353 3040 absque
3410 2970 3589 3028 ullius

1942 3056 2404 3112 contradictione
2436 3072 2570 3110 cum
2605 3072 2816 3127 magna
2847 3056 3040 3127 quiete
3088 3060 3142 3110 et
3185 3058 3495 3116 securitate
3523 3065 3587 3116 tu

155 3153 319 3220 Quid
373 3150 569 3207 dicam
603 3150 674 3204 de
706 3131 1042 3205 Boamundo
1079 3148 1205 3220 ipso
1256 3146 1357 3219 qui
1390 3147 1611 3220 ingenti
1643 3148 1825 3203 animi
1859 3131 1902 3198 C
1940 3149 1997 3200 et
2027 3145 2113 3200 tui
2146 3144 2514 3215 possideatis,
2558 3148 2615 3198 et
2658 3160 2760 3215 per
2808 3148 2862 3198 te
2913 3145 3169 3199 universi
3219 3163 3590 3205 successores

155 3238 665 3314 magnanimitate
693 3239 767 3293 iis
796 3254 859 3294 se
878 3237 1147 3293 comitem
1170 3234 1434 3307 adjunxit
1453 3252 1586 3291 cum
1612 3241 1833 3307 septem

156 3328 444 3409 millibus
476 3326 711 3383 delectae
744 3325 1076 3398 juventulis
1119 3325 1347 3391 ltaliezs,
1410 3324 1610 3380 relicta
1668 3326 1831 3380 fratri

155 3434 369 3476 rerum
387 3414 657 3471 omnium
672 3430 955 3486 cura,quo
970 3429 1104 3469 cum
1133 3414 1233 3467 diu
1254 3412 1401 3469 bello
1418 3414 1835 3468 contenderat?

157 3507 246 3564 Ad
280 3505 402 3561 hos
434 3501 573 3560 belli
620 3503 910 3558 maximos
952 3507 1272 3574 apparatus
1323 3517 1503 3557 unum
1554 3498 1702 3556 illud
1731 3501 1836 3557 im-

159 3594 389 3669 primis
421 3596 512 3648 est
539 3592 957 3656 necessarium,
992 3595 1057 3645 ut
1083 3596 1182 3645 tuo
1231 3591 1501 3662 presidio
1541 3606 1833 3646 commea-

161 3690 361 3756 tuque
382 3686 563 3738 tante
594 3680 772 3753 copia:
802 3680 1289 3745 iuventur.0uare
1313 3679 1387 3735 ab
1417 3683 1472 3734 te
1495 3684 1626 3751 peto
1658 3682 1836 3752 majo-

164 3787 305 3829 rem
334 3771 401 3825 in
431 3769 771 3835 modum,ut
797 3766 1249 3840 quibuscunque
1270 3767 1447 3823 rebus
1466 3768 1683 3838 poteris
1703 3769 1833 3840 jus-

166 3859 419 3918 tissimo
436 3856 589 3913 bello
618 3857 988 3929 gloriosoque
1010 3855 1379 3912 faveas.lllud
1397 3860 1614 3925 autem,
1630 3861 1835 3912 tamet-

170 3950 226 4005 si
260 3963 387 4003 non
420 3945 684 4001 dubitem
718 3946 823 4001 abs
853 3949 909 4000 te
939 3948 1208 3999 curatum
1239 3943 1332 4011 iri,
1365 3943 1516 3999 volui
1552 3949 1745 4000 tamen
1778 3951 1836 4001 te

166 4051 287 4111 per
313 4034 545 4091 litteras
574 4038 807 4090 nostras
837 4033 984 4088 scire
1012 4033 1070 4089 id
1097 4031 1239 4087 mihi
1269 4038 1325 4089 et
1344 4033 1625 4089 universa:
1647 4033 1836 4090 Chris-

169 4126 357 4183 tiane
387 4120 724 4195 reipublicm
740 4120 1243 4193 jucundissimum
1276 4122 1416 4177 fore.
1449 4120 1611 4177 Vale.

247 4215 474 4280 Roma,
504 4215 616 4268 etc.

897 4300 1130 4355 CCXIII.

173 4391 394 4451 Urbani
419 4389 653 4461 epistola
674 4389 745 4443 ad
766 4388 1064 4444 Gerardum
1088 4389 1537 4461 Tarvamzenscm.
1572 4417 1638 4428 —
1664 4388 1836 4444 Cano-

356 4458 497 4517 παθη
526 4464 920 4531 οωιιετηριονεδ
949 4476 1077 4515 exeo
1085 4458 1497 4514 mmunicandos
1524 4474 1656 4514 esse.

644 4548 823 4619 (Intra
853 4565 1073 4603 annum
1103 4547 1387 4615 1088-97.)

630 4641 767 4704 tivo,
789 4638 1021 4704 Decret.,
1056 4653 1133 4705 1v,
1166 4652 1215 4691 c.
1247 4636 1397 4705 219.]

246 4744 559 4801 Canonum
591 4747 1025 4815 contemptores
1055 4741 1600 4798 excommunicandi
1633 4745 1772 4796 sunt
1786 4746 1843 4797 et

172 4832 530 4897 damnandi,
563 4831 1041 4903 quandoquidem
1085 4847 1120 4886 a
1149 4831 1334 4886 sacris
1385 4830 1587 4886 altaris
1625 4835 1838 4901 myste-

171 4922 282 4980 riis
311 4926 405 4978 est
434 4919 829 4977 removendus
856 4920 955 4991 qui
989 4919 1170 4974 sacris
1200 4936 1316 4974 non
1347 4919 1471 4973 vult
1491 4918 1723 4973 obedire
1745 4936 1837 4973 ca-

172 5010 318 5069 noni
327 5011 457 5066 bus.
1084 5049 1119 5061 ..

898 5094 1124 5153 CCXIV.

179 5188 437 5247 Urbanus
466 5186 796 5242 monasterii
825 5184 1203 5257 Cluniacensi:
1233 5186 1502 5241 libertates
1527 5193 1577 5240 et
1600 5184 1838 5257 privile-

651 5258 747 5327 gia
772 5256 1058 5326 conﬁrmat
1081 5260 1367 5330 augetque.

813 5346 1002 5416 (Anno
1032 5344 1213 5414 1097.)

583 5432 868 5506 [Βίὸιιοιὴ.
898 5432 1173 5501 (πωπω,
1210 5450 1264 5506 p.
1296 5433 1447 5503 520.]

249 5541 541 5605 Uscanae
572 5538 905 5619 episcopus,
946 5552 1148 5599 servus
1179 5552 1479 5603 servorum
1511 5537 1635 5611 Dei,
1666 5551 1836 5599 vene-

1942 3233 2028 3289 tui
2061 3233 2118 3287 in
2154 3237 2518 3304 perpetuum.
2553 3231 2785 3286 Necnon
2831 3232 2942 3287 sub
2990 3233 3169 3288 divini
3204 3235 3413 3305 judicii
3456 3254 3590 3310 pro-

1943 3319 2323 3392 mulgatione,
2356 3325 2411 3375 et
2460 3320 2919 3387 conﬁrmatione,
2966 3324 3021 3375 et
3072 3323 3461 3381 anathematis
3500 3326 3586 3381 in-

1944 3410 2287 3465 terdictione
2343 3408 2785 3464 corroborantes
2846 3409 3210 3467 decrevimus
3269 3418 3332 3468 ut
3390 3413 3590 3471 nullus

1943 3500 2276 3571 episcopus,
2300 3513 2401 3552 seu
2435 3496 2681 3568 quilibet
2729 3498 3060 3554 sacerdotes
3090 3500 3148 3554 in
3182 3502 3385 3557 eodem
3418 3520 3591 3560 vene-

1944 3585 2112 3641 rabili
2144 3586 2427 3649 coenobio,
2460 3601 2647 3656 neque
2692 3586 2930 3640 omnino
2961 3586 3019 3640 in
3064 3586 3259 3659 aliquo
3301 3589 3424 3647 loco
3456 3591 3592 3649 huic

1942 3675 2178 3732 subdito
2210 3690 2313 3746 pro
2353 3673 2550 3745 aliqua
2590 3672 2954 3730 ordinatione
2997 3692 3096 3731 seu
3158 3681 3594 3740 consecratione

1944 3763 2169 3831 altaris,
2203 3762 2289 3819 vel
2325 3762 2605 3830 ecclesiae,
2645 3763 3138 3835 presbyterorum,
3184 3766 3273 3821 vel
3313 3768 3592 3826 diacono-

1945 3870 2075 3908 rum
2110 3852 2543 3925 missarumque
2574 3852 2983 3920 celebratione,
3010 3854 3119 3910 nisi
3141 3856 3213 3911 ab
3238 3857 3448 3914 abbate
3465 3860 3596 3932 ejus

1944 3941 2212 4008 cosnobii,
2273 3940 2361 3995 vel
2422 3939 2714 4012 prioribus
2779 3940 2966 3997 eidem
3023 3945 3285 4000 ccenobio
3343 3947 3596 4007 subditis

1945 4031 2224 4085 invitatus
2250 4028 2646 4093 fuerit,venire
2676 4029 2746 4084 ad
2780 4031 3069 4102 agendum
3110 4039 3447 4104 praesumat.
3483 4037 3594 4093 Sed

1943 4119 2113 4174 liceat
2134 4116 2440 4173 monachis
2462 4116 2581 4172 tuis
2601 4117 2933 4191 ubicunque
2956 4119 3598 4198 positis,cujuscunque

1943 4207 2225 4263 voluerint
2246 4206 2631 4262 ordinationis
2663 4208 2909 4279 gradum
2938 4210 3235 4280 suscipere
3265 4211 3597 4285 ubicunque

1945 4296 2050 4351 tibi
2109 4299 2167 4351 et
2222 4294 2353 4351 aliis
2409 4294 2737 4366 vestrisque
2796 4297 3232 4352 successoribus
3288 4297 3593 4371 placuerit.

1946 4384 2353 4440 Interdicimus
2375 4387 2570 4438 autem
2594 4384 2706 4437 sub
2728 4382 2903 4438 simili
2932 4384 3321 4442 anathematis
3341 4388 3599 4459 promul-

1871 4497 1916 4560 υ
1946 4473 2203 4548 gatione,
2238 4478 2304 4528 ut
2347 4489 2533 4543 neque
2581 4471 2948 4537 Cluniacum,
2982 4489 3171 4545 neque
3228 4474 3355 4530 loca
3409 4478 3480 4532 ad
3536 4477 3595 4532 id

1950 4561 2304 4634 pertinentia
2334 4561 2669 4632 ubicunque
2712 4560 2967 4633 episcopi
3002 4561 3084 4617 vel
3138 4564 3456 4621 sacerdotis
3498 4566 3595 4622 de-

1950 4650 2281 4721 primantur
2311 4648 2737 4703 interdictionis
2767 4648 2957 4715 titulo,
2986 4666 3087 4705 seu
3128 4654 3596 4711 excommunica-

1950 4738 2129 4793 tionis
2159 4737 2389 4793 vinculo
2439 4736 2524 4793 vel
2574 4736 2988 4793 anathematis.
3021 4738 3145 4795 Non
3187 4740 3347 4796 enim
3377 4741 3600 4815 patitur

1951 4827 2109 4883 sedis
2140 4831 2351 4882 sanctae
2383 4827 2713 4899 apostolica:
2745 4828 3081 4895 auctoritas,
3114 4835 3179 4885 ut
3209 4829 3369 4887 illius
3399 4834 3596 4906 cujus-

1950 4934 2181 4987 cunque
2204 4933 2461 4988 pcrsonre
2495 4916 2853 4989 obligatione
2880 4913 3298 4988 proscindatur
3328 4940 3361 4977 a
3390 4938 3453 4979 se
3482 4923 3600 4980 cui-

1948 5005 2090 5061 libet
2119 5020 2396 5063 concessa
2420 5004 2706 5060 libertatis
2737 5007 3148 5078 potestas.Non
3180 5008 3361 5083 igitur
3392 5010 3598 5068 fratres

1948 5095 2035 5149 tui
2069 5099 2126 5150 et
2155 5092 2449 5161 monachi,
2481 5093 2839 5165 ubicunque,
2888 5095 3293 5170 cujuscunque
3341 5098 3598 5171 episcopi

1944 5182 2033 5239 vel
2066 5180 2512 5248 maledictionis,
2543 5181 2633 5237 vel
2682 5178 3326 5252 excommunicationis,
3373 5203 3475 5241 seu
3504 5187 3597 5241 in-

1947 5271 2312 5327 terdictionis
2341 5269 2571 5326 vinculo
2600 5266 2927 5347 teneantur'
2941 5273 3181 5329 astricti.

2018 5359 2180 5426 Quod
2214 5359 2262 5415 si
2282 5358 2416 5433 quis
2433 5359 2623 5415 sciens
2647 5359 2795 5414 hanc
2808 5369 3066 5417 nostram
3089 5361 3599 5433 paginam,contra

1946 5448 2097 5503 hanc
2128 5448 2315 5503 facere
2345 5447 2805 5520 praesumpserit,
2853 5447 3195 5504 auctoritate
3234 5449 3388 5507 beati
3420 5449 3594 5513 Petri,

1947 5537 2041 5595 eui
2066 5534 2344 5597 Conditor
2368 5534 2633 5597 omnium
2680 5534 2903 5614 ligandi
2933 5540 3107 5618 atque
3137 5535 3397 5599 solvendi
3425 5543 3597 5617 pote-
