3928 6208
407 283 522 346 487

1702 282 1772 344 Β.
1821 277 2111 345 URBANI
2156 280 2205 340 ll
2253 279 2502 342 PAPIE.

409 424 614 470 statam
650 417 966 480 commisit,
1002 415 1246 473 ecclesia
1277 422 1468 471 vestra
1513 422 1565 471 et
1618 417 1725 488 ipsi
1789 415 2051 470 rnonnclii
2089 415 2134 479 Α
2175 414 2245 466 rit.
2276 415 2584 484 cpiscopus
2635 414 2970 469 advooelur.
3016 414 3291 470 Praeterea
3321 415 3710 474 constituimus
3738 429 3788 476 ut

407 504 803 561 absolvantur.
843 508 910 561 Et
958 506 1008 561 is
1059 506 1395 576 quicunque
1455 507 1549 568 sil,
1586 507 1682 576 qui
1733 505 2058 574 apostolicus

406 594 564 650 sedis
592 593 777 648 filium
802 593 1140 663 ligare,sive
1160 594 1505 650 maledicere
1536 597 1735 648 contra
1766 594 2060 647 decretura

406 688 673 739 nostrum
733 670 999 748 voluerit,
1044 681 1452 738 maledictione
1511 686 1787 753 perpetua
1827 680 2060 749 ligetur,

405 771 951 836 anathematizetur,
985 771 1423 826 condemnetur.
1459 771 1516 825 Si
1567 786 1681 841 qua
1732 786 1862 824 vero
1903 785 2057 823 com-

405 865 609 932 petens
664 863 810 915 ratio
841 860 1119 914 adversus
1167 858 1489 930 quidquam
1531 858 1793 926 moverit,
1849 861 1905 912 et
1952 857 2059 911 hoc

403 949 570 1004 aliter
599 946 974 1004 determinari
1007 947 1093 1001 vel
1127 946 1369 1001 difﬁniri
1395 947 1741 1017 nequiverit,
1763 945 2057 1017 judicium

404 1036 813 1109 apostolicum,
849 1036 1002 1106 quod
1057 1035 1203 1090 nulli
1257 1035 1658 1107 przejudicium
1704 1035 2058 1106 praetendere

401 1125 828 1198 patitur,super
857 1123 966 1178 hoc
996 1123 1285 1195 patienter
1313 1123 1696 1197 praestoletur,
1731 1129 1788 1177 et
1817 1121 2058 1178 humili-

403 1218 490 1268 ter
518 1211 1075 1285 requiratur.Liceat
1105 1229 1340 1284 quoque
1369 1212 1534 1267 vobis
1555 1227 1660 1266 ceu
1693 1210 1974 1266 fratribus
1998 1210 2054 1265 in

401 1300 664 1358 ecclesiis
694 1299 901 1355 vestris
931 1301 1302 1373 presbyteros
1354 1299 1590 1372 eligere,
1634 1300 1714 1354 ita
1762 1304 1957 1356 tamen
1992 1303 2057 1354 ut

401 1391 473 1445 ab
503 1389 810 1462 episcopis,
847 1388 934 1444 vel
958 1389 1031 1444 ab
1054 1389 1461 1462 episcoporum
1481 1388 1711 1444 vicariis
1723 1389 2054 1444 animarum

399 1495 599 1534 curam
631 1478 854 1549 absque
879 1477 1190 1533 venalitate
1223 1478 1568 1549 suscipiant,
1603 1495 1747 1549 quas
1795 1477 1842 1531 si
1894 1494 2053 1531 com-

401 1568 630 1622 mittere
661 1567 927 1638 illi,quod
961 1566 1135 1631 absit,
1171 1583 1238 1621 ex
1269 1567 1554 1638 pravitate
1586 1564 1896 1629 noluerint,
1915 1571 2053 1620 tunc

403 1656 724 1728 presbyteri
772 1672 839 1708 ex
888 1655 1218 1726 apostolicis
1269 1655 1426 1711 sedis
1474 1655 1830 1727 benignitate
1862 1655 2054 1709 officia

400 1744 732 1800 celebrandi
757 1744 1048 1798 licentiam
1070 1761 1236 1816 asseq
1249 1743 1876 1800 uantur.Ecclcsiarum
1897 1760 2048 1807 vero,
2081 1780 2128 1845 Β

399 1850 500 1890 seu
535 1831 807 1888 altarium
842 1832 1309 1888 consecrationes
1359 1835 1428 1887 ab
1477 1832 1766 1904 episcopis
1816 1832 1871 1886 in
1904 1847 2046 1904 quo-

398 1940 528 1977 rum
560 1921 908 1977 dioecesibus
939 1927 1099 1986 sunt,
1153 1921 1412 1976 locorum
1463 1925 1791 1976 vestrorum
1839 1922 2046 1976 fratres

397 2012 717 2083 accipiant;
753 2010 1040 2081 siquidem
1075 2011 1254 2079 gratis
1283 2027 1348 2065 ac
1379 2010 1504 2065 sine
1538 2009 1818 2081 pravitate
1850 2009 2044 2064 volue-

398 2101 516 2154 rint
546 2098 1112 2170 exhibere.Alioquin
1145 2118 1177 2154 a
1207 2097 1512 2163 catholico,
1568 2114 1742 2170 quem
1778 2097 2047 2154 malueri-

395 2189 490 2253 tis,
525 2188 794 2261 episcopo
825 2188 1331 2243 consecrationum
1382 2187 1646 2258 ipsarum
1679 2189 2047 2242 sacramenta

397 2276 745 2349 suscipiant.

463 2365 841 2423 Decernimus
869 2365 1043 2419 etiam
1077 2363 1234 2419 illius
1266 2363 1434 2433 cuius
1466 2364 1609 2431 vice,
1643 2362 1910 2434 quamvis
1951 2363 2044 2418 in-

392 2454 575 2528 digni,
609 2453 990 2526 fungimur,et
1022 2453 1362 2508 auctoritate
1409 2452 1728 2520 sancimus,
1781 2457 1845 2507 ut
1888 2452 2042 2507 idem

392 2544 554 2599 locus
612 2547 668 2598 et
725 2542 850 2597 loca
906 2542 956 2597 ei
1017 2541 1252 2597 subdita
1320 2541 1596 2596 omnibus
1663 2541 1734 2595 ob
1791 2540 2041 2595 salutem

391 2631 865 2705 confugientibus
897 2631 1016 2685 sint
1046 2630 1462 2685 misericordiae
1493 2629 1681 2695 sinus,
1719 2628 1839 2683 sint
1863 2629 2042 2685 totius

391 2719 624 2791 pietatis
683 2724 738 2772 et
769 2716 976 2773 salutis
1028 2723 1268 2789 portus;
1302 2719 1565 2773 obtineat
1615 2718 1672 2771 in
1727 2717 1798 2773 iis
1845 2717 2039 2772 locum

384 2810 607 2879 justus,
642 2824 744 2862 nec
794 2806 1111 2878 repellatur
1158 2807 1436 2878 poenitere
1482 2806 1678 2861 volens
1731 2807 2036 2877 injustas;

391 2896 718 2969 praabeatur
747 2894 1154 2950 innocentibus
1186 2895 1441 2950 charitas
1468 2900 1684 2950 mutuae
1715 2896 2039 2951 fraternita-

391 2986 490 3053 tis,
523 3001 636 3039 non
668 2988 908 3054 negetur
935 2984 1170 3038 offensis
1202 3000 1337 3056 spes
1366 2982 1572 3039 salutis
1595 2988 1651 3038 et
1672 2983 2040 3055 indulgentia

391 3071 718 3146 pietatis.Et
748 3071 796 3126 si
829 3069 1040 3142 aliquis
1068 3073 1242 3126 etiam
1293 3073 1696 3143 cujuscunque
1745 3069 2038 3145 obligatus

390 3142 760 3218 anathemate
809 3161 1076 3214 eumdem
1137 3160 1329 3215 locum
1382 3160 1470 3215 vel
1529 3142 1649 3215 loca
1705 3160 1757 3216 ei
1801 3142 2036 3216 subdita
2067 3142 2110 3209 Ο

389 3248 834 3326 expetierit,sive
864 3265 967 3320 pro
999 3248 1258 3320 corporis
1289 3249 1611 3321 sepultura,
1644 3267 1743 3305 seu
1797 3249 2039 3306 alterius

392 3338 661 3396 utilitatis
687 3353 751 3392 ac
771 3335 991 3393 salutis
1023 3337 1232 3409 gratia,
1256 3337 1500 3392 minime
1517 3355 1550 3392 a
1582 3339 1748 3393 venia
1768 3343 1824 3393 et
1845 3341 2041 3408 optata

390 3425 786 3483 misericordia
844 3425 1207 3493 excludatur,
1269 3425 1370 3482 sed
1437 3425 1562 3482 oleo
1631 3425 2039 3482 medicamenti

391 3515 666 3572 salutaris
723 3515 1006 3570 fovendus
1069 3513 1398 3587 benigniter
1453 3514 1761 3586 obligetur,
1811 3515 1950 3586 quia
1986 3519 2043 3570 et

383 3606 614 3678 justum
648 3604 732 3658 sic
763 3609 942 3670 est,ut
969 3602 1028 3657 in
1061 3603 1233 3659 domo
1265 3603 1500 3674 pietatis
1524 3608 1580 3658 et
1602 3604 1762 3674 justo
1793 3605 2042 3676 praebea-

345 3701 489 3750 'tur
545 3691 778 3749 dilectio
837 3696 1049 3747 sanctze
1109 3693 1510 3758 fraternitatis,
1565 3697 1624 3748 et
1681 3693 1753 3748 ad
1811 3693 2039 3750 veniam

393 3782 749 3853 confugienti
789 3779 1073 3852 peccatori
1127 3797 1237 3836 non
1274 3786 1518 3853 negetur
1548 3781 2040 3838 medicamentum

393 3869 768 3942 indulgentia:
826 3873 882 3922 et
937 3867 1166 3924 salutis.
1225 3869 1313 3923 Sit
1380 3874 1576 3924 autem
1631 3871 1908 3925 omnibus
1958 3869 2038 3924 ibi

394 3956 839 4014 advenientibus
870 3972 1042 4012 causa
1091 3956 1299 4012 salutis
1327 3957 1421 4012 hic
1459 3964 1517 4013 et
1557 3959 1616 4013 in
1669 3961 2036 4029 perpetuum,

393 4047 599 4104 divina:
631 4043 1018 4100 miserationis
1051 4049 1107 4100 et
1138 4046 1370 4117 pietatis
1401 4047 1778 4118 refugium,et
1807 4051 2039 4115 aposto-

391 4135 516 4190 licae
547 4133 967 4188 benedictionis
996 4139 1055 4189 et
1084 4133 1467 4190 absolutionis
1501 4133 1856 4205 praesidium.
1881 4132 2040 4187 Hanc

393 4223 568 4278 etiam
599 4221 760 4278 vobis
792 4222 1229 4295 prmrogativam
1262 4223 1642 4278 concedimus
1672 4224 1736 4274 ut
1770 4218 2040 4292 quisquis

393 4313 598 4368 ad‘vos
629 4311 799 4368 alieni
833 4311 1163 4367 monasterii
1199 4310 1522 4366 monachus
1553 4326 1655 4380 pro
1685 4307 1811 4362 vitae
1843 4308 2042 4364 melio-

392 4402 614 4460 ratione
688 4401 1008 4466 transierit,
1077 4399 1320 4456 licenter
1389 4397 1725 4468 recipiatur,
1803 4397 2040 4455 remotis

390 4491 601 4564 prioris
647 4489 759 4545 loci
818 4490 1226 4561 querimoniis,
1287 4492 1372 4552 ut,
1432 4484 1712 4557 largiente
1769 4487 2034 4555 Domino,
2067 4509 2115 4574 Β

390 4579 598 4636 salutis
629 4594 807 4650 quam
839 4594 1098 4649 quaerere
1151 4577 1385 4631 videtur
1427 4574 1581 4646 apud
1628 4588 1729 4631 vos
1781 4576 2040 4648 potiatur

388 4669 616 4724 effectu.
648 4666 899 4722 Clericos
931 4682 1164 4736 quoque
1197 4663 1513 4736 regulares,
1547 4679 1695 4734 quos
1726 4665 2036 4721 canonicos

386 4762 611 4820 vocant,
647 4755 747 4828 qui
781 4755 868 4810 vel
916 4754 974 4808 in
1008 4752 1148 4808 locis
1191 4753 1314 4808 suis
1361 4752 1570 4807 salvari
1618 4771 1732 4808 non
1765 4759 2032 4825 possunt,

388 4847 477 4902 vel
531 4862 632 4918 pro
692 4842 1138 4899 necessitatibus
1168 4842 1240 4896 ad
1287 4840 1411 4896 loca
1441 4845 1630 4896 vestra
1672 4844 2034 4913 confugiunt,

387 4934 766 5006 suscipiendi,
800 4936 857 4985 et
887 4935 1144 4983 vestrum
1181 4929 1537 5000 propositum
1577 4931 1922 4986 admittendi
1968 4931 2035 4985 li-

387 5024 639 5079 centiam
674 5019 1066 5092 impcrtimur.
1088 5016 1464 5074 Decernimus
1495 5025 1788 5092 praeterea,
1823 5025 1879 5075 et
1908 5037 2035 5075 om-

387 5114 525 5168 nino
551 5108 988 5169 constituimus,
1021 5110 1085 5159 ut
1115 5107 1371 5177 prmdicti
1404 5106 1510 5163 loci
1533 5108 1781 5165 abeunte
1804 5109 2033 5175 abbate,

386 5219 501 5257 non
534 5199 615 5254 ibi
646 5195 1130 5264 alicujuscunque
1149 5211 1404 5266 personae
1425 5197 1695 5253 violentia
1721 5197 2037 5254 constitua-

383 5296 482 5346 tur
502 5283 888 5345 ordinandus,
923 5278 1023 5332 sed
1057 5281 1128 5336 ab
1160 5283 1286 5355 ipsa
1322 5287 1766 5359 congregatione
1811 5285 1921 5340 loci
1952 5303 2035 5342 se-

386 5378 645 5434 cundum
701 5372 975 5425 timorem
1010 5366 1106 5422 Dei
1139 5378 1194 5426 et
1222 5371 1648 5430 institutionem
1682 5372 2034 5445 legislatoris

386 5459 880 5527 Benedicti,Pater
909 5452 1011 5522 qui
1044 5455 1150 5512 sibi
1193 5477 1436 5532 praeesse
1485 5461 1714 5525 debeat,
1761 5461 2030 5533 eligatur,

385 5560 562 5632 atque
573 5548 646 5606 ad
669 5558 804 5604 eum
819 5539 1213 5607 ordinandum
1228 5549 1654 5627 qualiscunque
1667 5546 1785 5608 illis
1805 5548 2034 5625 placue-

2175 503 2316 556 nulli
2352 503 2591 557 omnino
2624 503 2930 559 hominum
2974 501 3143 558 liccat
3191 507 3446 580 vestrum
3494 511 3788 570 venerabile

2172 591 2496 648 cmnobium
2525 596 2578 646 et
2630 590 2758 646 loca
2799 591 2849 646 ei
2901 591 3138 646 subdita
3195 594 3410 646 temere
3461 596 3785 664 perturbare,

2170 681 2271 736 sed
2303 697 2502 735 eorum
2535 679 2812 746 ecclesiis,
2839 680 3095 748 decimae,
3131 680 3528 752 possessiones
3570 688 3624 742 et
3655 686 3788 744 bona

2169 774 2392 834 caatera,
2423 786 2549 840 qua:
2578 785 2680 840 pro
2712 769 3043 824 animarum
3079 768 3268 824 salute
3281 769 3407 839 jam
3427 755 3631 826 donata
3648 778 3783 845 sunt,

2168 857 2252 913 vel
2283 858 2342 912 in
2375 859 2663 924 futurum,
2693 857 2942 914 Domino
2977 857 3528 925 miscrante,donari
3549 861 3783 932 contige-

2169 946 2442 1014 rit,firma
2472 947 2638 1003 vobis
2665 945 2990 1018 vestrisque
3033 945 3466 1003 successoribus
3506 951 3561 1002 et
3586 947 3782 1016 illibata

2167 1035 2634 1107 permaneant.Si
2665 1053 2779 1106 qua
2811 1035 2991 1106 igitur
3019 1034 3412 1091 ecclesiastica
3450 1035 3779 1110 saecularisve

2168 1141 2418 1196 persona
2441 1124 2593 1180 hanc
2616 1129 2879 1181 nostram
2899 1123 3375 1180 constitutionem
3398 1113 3779 1192 sciens,contra

2166 1229 2294 1268 eam
2345 1217 2562 1268 temere
2619 1213 2812 1269 venire
2871 1213 3196 1276 tentaverit,
3259 1212 3514 1268 secundo
3569 1214 3776 1270 tertiove

2166 1302 2539 1368 commonita,
2573 1303 2621 1357 si
2655 1319 2769 1358 non
2819 1302 3218 1358 satisfactione
3257 1316 3516 1374 congrua
3542 1303 3777 1364 emenda-

2165 1391 2329 1456 verit,
2382 1391 2685 1462 potestatis
2728 1389 3083 1462 honorisque
3129 1390 3220 1446 sui
3268 1389 3546 1466 dignitate
3593 1395 3772 1466 careat,

2165 1496 2441 1550 reamque
2473 1495 2535 1533 se
2585 1479 2778 1534 divino
2811 1479 3027 1550 judicio
3075 1479 3321 1535 existere
3369 1478 3440 1534 de
3479 1483 3776 1550 perpetrata

2163 1567 2472 1639 iniquitate
2502 1572 2834 1637 cognoscat,
2866 1571 2925 1621 et
2973 1584 3007 1621 a
3049 1565 3426 1626 sanctissimo
3471 1582 3691 1638 corpore
3729 1569 3774 1622 et

2161 1656 2447 1727 sanguine
2479 1655 2602 1720 Dei,
2644 1661 2700 1710 et
2732 1655 2961 1710 Domini
3010 1654 3416 1727 Redemptoris
3461 1651 3632 1708 nostri
3655 1653 3772 1707 Jesu

2161 1745 2376 1799 Christi
2421 1743 2609 1799 aliena
2639 1744 2763 1810 iiut,
2797 1749 2971 1816 atque
3015 1745 3071 1800 in
3105 1748 3364 1799 extremo
3395 1741 3648 1799 examine
3672 1741 3770 1796 dis-

2160 1835 2341 1888 trictae
2374 1831 2575 1887 ultioni
2608 1833 2926 1904 subjaceat.
2959 1832 3198 1888 Cunctis
3219 1832 3390 1902 justa
3411 1831 3594 1888 eidem
3614 1845 3770 1886 emno-

2160 1923 2254 1977 bio
2287 1923 2527 1994 suisque
2556 1921 2698 1977 locis
2721 1923 3088 1978 servantibus
3120 1921 3196 1978 sit
3227 1938 3342 1993 pax
3362 1918 3587 1976 Domini
3605 1917 3769 1996 nostri

2153 2012 2293 2067 Jesu
2325 2011 2559 2080 (.‘hristi,
2594 2014 2885 2083 quatenus
2916 2011 3010 2065 hic
3059 2011 3319 2068 fructum
3369 2009 3528 2068 bona:
3557 2006 3768 2066 actionis

2156 2100 2500 2172 percipiant,
2549 2105 2606 2155 et
2657 2100 2809 2170 apud
2874 2098 3208 2156 districtum
3260 2098 3520 2172 judicem
3565 2092 3767 2170 premis

2155 2193 2377 2244 internae
2409 2187 2568 2260 pacis
2600 2187 2915 2244 inveniant.
2948 2189 3150 2243 Amen.

2226 2277 2434 2332 Datum
2467 2275 2736 2332 Laterani
2769 2293 2802 2330 v
2832 2276 2966 2331 ldus
2996 2275 3286 2345 Januarii,
3321 2273 3626 2333 indictione
3649 2287 3695 2326 v.

2871 2381 3073 2438 CCXV.

2157 2473 2363 2528 Urbani
2405 2472 2452 2527 II
2479 2488 2636 2543 papa:
2663 2434 3002 2542 epistola
3028 2434 3248 2525 clerum
3292 2479 3344 2526 ει
3365 2465 3628 2541 populum
3659 2434 3763 2521 Traé

2732 2543 2917 2598 nensis
2942 2542 3214 2597 Ecclesia.

2775 2632 2961 2702 (Anno
3001 2629 3178 2692 1097.)

2427 2719 2581 2790 [Acta
2603 2724 2934 2784 sanctorum,
2964 2723 3006 2774 t.
3040 2719 3061 2774 Ι
3093 2718 3257 2788 Jun.,
3284 2735 3342 2790 p.
3374 2716 3521 2787 249.]

2223 2809 2495 2864 URBANUS
2527 2809 2856 2880 episcopus,
2889 2823 3093 2864 servus
3137 2823 3440 2864 servorum
3485 2801 3598 2868 Dei,
3637 2799 3762 2856 clero

2149 2904 2206 2952 et
2236 2897 2447 2963 ordini,
2480 2895 2779 2952 nobilibus
2806 2903 2862 2952 et
2902 2895 3057 2968 plebi
3099 2895 3277 2951 Trani
3324 2888 3760 2950 consistentibus.

2149 2986 2397 3042 salutem
2430 2990 2486 3041 et
2515 2985 2893 3057 apostolicam
2919 2983 3408 3040 benedictionem.
3618 3054 3624 3059 ν

2219 3075 2366 3130 Cum
2396 3073 2678 3146 largiente
2707 3073 2950 3128 Domino
2973 3087 3157 3144 nuper
3180 3089 3320 3128 cum
3346 3063 3762 3152 magnaepisco-

2147 3181 2354 3238 porum
2387 3164 2783 3234 abbatumque
2816 3161 3144 3233 frequentia
3174 3158 3454 3232 synodale
3481 3151 3758 3213 concilium

2147 3269 2474 3328 ageremus,
2508 3250 2851 3308 venerabilis
2895 3250 3072 3306 frater
3104 3255 3305 3306 noster
3351 3245 3654 3308 Bisantius,
3679 3253 3755 3328 ve:

2149 3324 2281 3398 atrae
2311 3339 2559 3397 civitatis
2585 3336 3439 3412 archiepisCOpus,venerabilis
3453 3324 3752 3412 viriNicolai

2148 3430 2272 3502 (qui
2292 3429 2445 3502 apud
2477 3411 3330 3499 vosPeregrinusinominatur)
3370 3413 3642 3489 nonnulla
3667 3411 3755 3502 mi.

2150 3501 2348 3575 recula
2369 3534 2564 3574 coram
2597 3516 2867 3572 universo
2898 3513 3140 3570 concilio
3185 3513 3404 3586 scripto
3452 3509 3602 3567 edita
3641 3501 3758 3560 ieci-

2148 3609 2310 3670 tavit.
2342 3613 2400 3662 et
2426 3606 2698 3664 eumdem
2730 3604 2832 3660 Dei
2864 3600 3540 3670 hominem,auctoritate
3570 3596 3759 3657 nostra,

2147 3698 2206 3752 in
2240 3701 2575 3752 sanctorum
2625 3691 2886 3765 catalogo
2935 3691 3313 3752 annumerari
3365 3681 3757 3773 instantissimﬂ.

2149 3783 2483 3859 postulavit.
2515 3787 2634 3838 Nos
2684 3781 2862 3854 igitur
2904 3797 3142 3836 causam
3191 3780 3383 3851 ipsam
3415 3775 3595 3834 eidem
3623 3770 3761 3826 fratri

2148 3879 2346 3930 nostro
2377 3871 2814 3934 commisimus,
2847 3870 2919 3925 de
2939 3869 3068 3940 ejus
3100 3861 3685 3938 nimirumprobitate
3707 3867 3763 3909 ao

2148 3962 2394 4020 scientia
2425 3959 2572 4017 nihil
2603 3959 2965 4025 haesitantes,
3001 3964 3064 4012 ut
3094 3957 3249 4029 quod
3283 3957 3335 4012 ei
3369 3951 3644 4011 revelante
3669 3943 3760 4000 Do-

2149 4052 2308 4107 mino
2336 4049 2529 4104 visum
2561 4047 2754 4113 fuerit,
2779 4047 3084 4102 maturiori
3134 4044 3549 4102 deliberatione
3579 4029 3760 4128 consti-

2149 4145 2307 4206 tuat;
2341 4138 2412 4194 ad
2443 4136 2678 4192 laudem
2707 4141 2763 4190 et
2788 4135 3032 4207 gloriam
3064 4134 3224 4192 illius
3273 4133 3372 4206 qui
3403 4126 3648 4205 gratuita
3668 4126 3759 4180 mi-

2148 4226 2465 4284 sericordia
2514 4223 2768 4281 famulos
2811 4241 2948 4280 suos
3003 4225 3246 4279 mirifice
3293 4220 3612 4296 gratiﬁcare
3654 4225 3762 4268 οοῐιο

2149 4316 2354 4372 suevit.

2859 4400 3078 4456 CCXVI.

2243 4493 2447 4551 Urbani
2477 4494 2524 4548 Il
2554 4491 2785 4564 epistola
2813 4489 2898 4564 ad_
2924 4494 3214 4557 [lagonam
3239 4485 3686 4556 archiepiscopum

2750 4559 3178 4631 Lugdunensem.

2759 4650 2945 4718 (Anno
2986 4648 3172 4718 4097.)

2399 4739 2655 4812 [ΒΑιυΖ.,
2689 4737 2910 4793 Misccll.
2945 4736 3082 4792 edit.
3119 4737 3257 4792 Luc.
3293 4734 3363 4801 II,
3397 4731 3537 4796 180.]

2221 4847 2498 4902 Uasauus
2528 4845 2858 4917 episcopus,
2887 4860 3090 4899 servus
3119 4857 3418 4899 servorum
3466 4833 3580 4902 Delo
3613 4838 3752 4921 νθῐῖῗ

2148 4936 2316 4993 rabili
2349 4936 2512 4990 fratri
2542 4913 2598 4989 et
2618 4913 2956 5006 coepiscopo
2988 4933 3234 4999 Hucom,
3266 4924 3586 5004 apostolicae
3624 4913 3754 4974 sedlﬂ

2144 5027 2357 5098 legato,
2391 5023 2642 5079 salutem
2667 5027 2724 5077 et
2754 5020 3130 5092 apostolicam
3163 5015 3632 5076 benedictionem.

2215 5092 2376 5178 Quod
2389 5114 2458 5170 de
2471 5109 2822 5183 Guapicensi
2839 5126 2941 5166 seu
2953 5109 3149 5166 Diensi
3173 5092 3750 5180 coepiscOpispruden-

2144 5205 2286 5259 tiam
2300 5208 2461 5258 tuam
2475 5201 2665 5274 egisse
2683 5197 3023 5271 signiﬁcasti
3045 5198 3213 5270 nobis
3225 5195 3535 5254 admodum
3549 5185 3748 5274 gratum

2143 5296 2313 5356 est,et
2339 5290 2385 5346 si
2409 5272 2535 5360 jam
2567 5287 2822 5359 amplius
2846 5292 3046 5346 actum
3086 5291 3258 5354 esset,
3290 5280 3510 5357 gratius
3538 5272 3747 5360 habere-

2143 5397 2296 5446 mus,
2332 5356 2479 5433 utiet
2507 5356 2832 5446 Guapensis
2863 5375 2935 5430 ab
2964 5356 3484 5443 incubantisiporci
3515 5356 3746 5419 faucibus

2142 5471 2522 5538 erueretur,et
2541 5465 2767 5521 Diensis
2795 5468 3023 5536 pastore
3044 5479 3218 5536 quem
3245 5459 3462 5534 appetit
3476 5449 3744 5546 frueretur.

2142 5559 2209 5617 In
2239 5555 2494 5616 Ecclesia
2523 5552 3018 5617 Lemovciensinil
3066 5549 3371 5630 potestatis
3392 5543 3749 5608 confratrino-
