3928 6208
117 293 231 363 ’489

1304 304 1708 366 spis'roms
1753 305 1852 366 ET
1896 286 2366 367 PRIVILEGIA.

3409 280 3530 367 4'90

123 441 234 514 stre
256 436 317 490 A.
343 451 456 491 nos
498 423 730 492 dedisse
777 451 1113 506 cognoscas,
1151 437 1263 491 nisi
1323 437 1475 508 quod
1532 451 1666 492 cum
1693 439 1765 492 ab
1794 439 1847 506 Α
1880 437 2222 510 perveniens
2246 438 2668 494 monasterium
2691 440 2846 511 quod
2861 437 3292 494 Glannafolium
3315 435 3529 494 dicithr

125 527 241 598 ipso
262 541 363 598 pro
386 524 596 580 eadem
630 524 889 581 Ecclesia
930 541 1292 598 rogaremur,
1325 530 1389 580 ut
1411 527 1564 598 apud
1590 526 1768 583 comi-

125 619 230 670 tem
241 615 375 677 Lam
385 614 610 670 ovicem
629 613 959 671 consuleret
973 631 1076 686 pro
1092 613 1359 686 ampliori
1377 614 1772 671 familiaritate

123 704 516 777 pracipimus.
536 703 889 759 Electionem
921 703 1102 775 igitur
1126 705 1244 759 sive
1265 704 1769 760 consecrationem

123 791 235 848 illic
259 809 372 848 non
397 793 536 864 jure
560 791 783 849 factam
803 810 910 849 nos
942 793 1181 865 quidem
1212 792 1436 849 irritam
1458 793 1766 860 habemus,

124 882 218 938 sed
247 880 439 938 adhuc
475 881 839 958 sententiam
873 898 976 954 pro
1033 899 1149 938 non
1201 882 1530 954 spernenda
1569 881 1768 938 domni

123 971 298 1044 patris
312 971 500 1026 nostri
513 969 918 1026 Cluniacensis
938 970 1165 1028 abbatis
1184 969 1573 1043 postulatione
1588 971 1771 1026 distu-

123 1060 313 1117 limus.
341 1058 700 1132 Suppliciter
715 1059 870 1116 enim
905 1060 1243 1116 exoravitne
1261 1059 1320 1114 in
1345 1060 1583 1116 fratrem
1601 1058 1767 1115 illum

126 1149 491 1222 impatienter
513 1149 966 1222 ageremus.Nos
988 1149 1256 1206 autemin
1281 1149 1440 1205 nullo
1459 1147 1766 1220 legationis

127 1242 226 1294 tuae
237 1239 339 1311 jus
357 1242 635 1310 operante
651 1237 898 1295 Domino
913 1238 1270 1303 minuemus,
1295 1243 1492 1310 etquae
1513 1236 1766 1292 dictante

118 1327 344 1398 juStitia
365 1327 486 1382 oris
524 1343 898 1399 nequaquam
922 1344 1024 1399 per
1063 1344 1170 1383 nos
1207 1344 1313 1382 suo
1348 1328 1552 1383 robore
1574 1343 1764 1383 cessa-

123 1417 280 1492 bunt.
315 1416 395 1472 De
424 1415 826 1472 Aurelianensi
859 1417 1014 1489 quod
1044 1416 1300 1473 statuisti
1334 1420 1391 1472 et
1423 1433 1528 1472 nos
1560 1414 1764 1472 statui-

125 1501 572 1577 mus,siquidem
602 1523 727 1577 qua:
759 1506 828 1560 de
859 1521 925 1562 eo
946 1510 1066 1561 tam
1095 1505 1252 1578 apud
1281 1522 1386 1562 nos
1405 1522 1586 1576 quam
1611 1505 1765 1577 apud

124 1598 172 1650 te
193 1592 446 1666 allegata
477 1598 619 1648 sunt
646 1610 781 1648 vera
814 1611 941 1650 esse
988 1593 1337 1650 constiterit.
1372 1594 1534 1660 Quod
1567 1598 1766 1650 autem

125 1683 186 1740 de
212 1682 652 1739 Senonensibus
683 1682 909 1739 clericis
953 1682 1263 1755 postulasti
1297 1681 1574 1738 libentius
1605 1699 1764 1738 exse-

123 1788 384 1846 quemur,
418 1770 468 1826 si
500 1770 694 1827 clerici
725 1771 834 1843 ipsi
882 1789 986 1844 pro
1032 1771 1197 1827 electi
1229 1772 1320 1827 sui
1353 1788 1530 1828 causa
1555 1772 1627 1827 ad
1659 1787 1766 1826 nos

123 1862 255 1933 forte
288 1860 676 1934 pervenerint.
705 1861 786 1916 De
817 1859 1149 1917 Belvacensi
1196 1861 1370 1916 etiam
1406 1861 1561 1932 quod
1593 1859 1766 1933 egisti

121 1951 279 2008 nobis
301 1948 544 2006 omnino
569 1965 684 2005 non
708 1950 995 2022 displicet,
1015 1949 1153 2022 quia
1175 1967 1277 2022 pro
1301 1949 1566 2022 personis
1588 1948 1766 2004 nullis

118 2042 345 2095 sanctos
367 2053 622 2094 canones
647 2037 919 2094 volumus
942 2042 1041 2094 aut
1063 2037 1303 2110 impune
1327 2041 1642 2111 praestante
1663 2036 1769 2092 Do-

119 2124 269 2183 mino
300 2125 564 2199 patimur
597 2125 946 2182 conculcari.
982 2125 1089 2182 Pro
1137 2144 1315 2182 causa
1365 2126 1767 2183 Cluniacensis

118 2215 455 2272 monasterii
488 2214 897 2271 strenuitatem
929 2218 1094 2271 tuam
1125 2214 1436 2272 sollicitam
1470 2214 1764 2284 volumus,

118 2311 179 2361 ut
207 2323 340 2361 cum
373 2321 409 2360 a
438 2303 674 2360 domino
709 2303 915 2359 abbate
945 2303 1263 2376 requisitus
1297 2303 1498 2370 fueris,
1518 2304 1588 2358 de
1619 2304 1766 2359 duce

119 2392 486 2467 Burgundim,
525 2393 594 2448 de
623 2391 866 2448 Aimone
897 2393 1277 2460 Borbonensi,
1297 2391 1396 2464 qui
1427 2409 1525 2448 eos
1556 2392 1769 2448 acriter

118 2483 875 2554 molestant,congruentem
885 2481 1184 2552 justitiam
1199 2481 1642 2553 exsequaris.De
1655 2485 1771 2537 sta-

120 2577 176 2627 tu
195 2575 397 2628 nostro
420 2570 729 2626 nobiscum
764 2571 880 2626 Deo
903 2571 1123 2643 gratias
1147 2586 1273 2643 age,
1307 2570 1447 2642 quia
1477 2585 1663 2641 usque
1695 2570 1766 2626 ad

120 2661 328 2717 Urbem
379 2675 515 2715 cum
562 2663 719 2714 Com.
780 2659 857 2714 M.
913 2658 1150 2731 paciﬁce
1205 2659 1493 2725 venimus,
1559 2659 1766 2714 urbem

119 2749 534 2806 honestissime
598 2765 732 2803 cum
786 2747 1221 2820 procedentium
1283 2748 1594 2820 stipatione
1653 2747 1766 2802 fre-

117 2837 509 2910 quentissima
535 2835 927 2893 introivimus.
953 2837 1166 2893 Urbem
1191 2838 1382 2908 ipsam
1407 2835 1615 2907 majori
1637 2837 1766 2906 jam

114 2946 178 2983 ex
207 2919 374 3000 parte
406 2926 712 2982 habemus.
761 2927 1058 2998 Synodum
1107 2926 1371 2982 Laterani
1430 2925 1770 2982 solemniter

121 3014 562 3072 celebravimus.
589 3014 752 3070 Cives
775 3015 944 3070 nobis
967 3019 1024 3070 et
1042 3015 1307 3087 regiones
1338 3029 1542 3069 omnes
1568 3029 1766 3068 sacra-

115 3105 328 3161 mentis
379 3103 787 3175 astringimus.
841 3102 1068 3160 Gratias
1129 3103 1264 3170 Deo,
1308 3103 1569 3170 honeste,
1623 3105 1766 3170 tute,

1881 527 1940 582 in
1999 526 2499 584 Andecavensium
2554 526 2808 595 dicecesi,
2855 526 3051 583 divina
3088 526 3280 599 gratia
3326 539 3529 598 prose-

1883 620 2114 687 quente,
2149 617 2492 685 construxit,
2527 617 2682 690 quod
2731 616 3035 674 Casinensi
3057 613 3346 684 ‘cmnobio,
3377 609 3532 671 unde

1882 705 2192 777 prodierat,
2229 705 2652 774 commisit,ubi
2685 699 2819 762 cum
2843 705 3114 779 plurimis
3139 703 3425 761 virtutum
3441 703 3532 760 in-

1881 793 2169 866 signibus,
2203 799 2547 867 cooperante
2578 791 3530 864 Domino,etl‘ulsisset,'Bertull‘um

1882 882 2241 956 discipulum
2275 900 2448 940 suum
2479 885 2751 941 abbatem
2803 885 3193 952 substituens,
3225 880 3531 940 monachis

1879 971 2297 1029 Casinensibus
2330 973 2429 1045 qui
2460 990 2581 1029 una
2635 989 2833 1030 secum
2881 976 3160 1030 venerant
3187 985 3365 1046 super
3393 981 3530 1028 eum

1881 1059 2189 1117 sollicitius
2230 1060 2532 1133 invigilare
2556 1063 2850 1135 praecepit,
2883 1079 2956 1119 ne
2979 1063 3036 1118 in
3071 1059 3267 1134 aliquo
3298 1077 3332 1116 ε.
3359 1057 3529 1116 recti-

1878 1149 2079 1206 tudine
2097 1149 2379 1222 regularis
2396 1149 2646 1206 tramitis
2661 1151 2943 1222 deviaret,
2969 1151 3166 1224 sicque
3187 1147 3527 1224 temporalis

1877 1239 2004 1294 vita:
2029 1238 2204 1295 finem
2252 1239 2491 1295 sortitus
2515 1244 2621 1309 est,
2649 1255 2715 1296 ac
2757 1240 3043 1314 sepultus.
3079 1240 3216 1296 Post
3245 1237 3527 1296 nonnulla

1877 1327 2056 1400 igitur
2077 1343 2363 1384 annorum
2388 1345 2455 1384 cu
2466 1329 2958 1403 rricula,peccatis
2973 1327 3523 1401 exigentibus,idem

1878 1416 2299 1472 monasterium
2332 1434 2364 1473 a
2394 1417 2665 1474 Gaidulfo
2698 1420 2994 1492 quondam
3016 1409 3523 1486 destructum,‘sed

1879 1506 2253 1578 postmodum
2300 1505 2708 1578 religiosorum
2754 1507 3013 1563 virerum
3065 1505 3260 1563 studio
3291 1515 3524 1578 repara-

1877 1599 2023 1650 tum.
2057 1596 2135 1650 Eo
2153 1596 2351 1668 itaque
2367 1599 2626 1668 tempore
2640 1597 2981 1652 venerandae
3016 1594 3309 1651 memorie
3321 1593 3525 1650 Adria-

1878 1701 1990 1741 nus
2013 1701 2162 1757 papa
2179 1684 2354 1740 simul
2373 1701 2506 1741 cum
2524 1684 2890 1758 Carolo,rege
2907 1685 3260 1742 Francorum
3272 1687 3334 1746 et
3350 1675 3530 1756 patri-

1876 1773 1955 1828 tio
1987 1772 2403 1843 Romanorum,
2423 1774 2730 1846 praefatum
2759 1772 3182 1830 monasterium
3211 1770 3527 1829 Glannafo~

1878 1861 2060 1917 liense
2115 1861 2429 1918 venerabili
2488 1863 2911 1920 Theodemario
2969 1860 3272 1920 Casinensi
3329 1859 3529 1918 abbati

1877 1965 2053 2022 super
2082 1950 2191 2006 hac
2219 1966 2279 2006 re
2304 1951 2731 2022 querimoniam
2764 1951 3017 2021 facienti,
3051 1949 3286 2026 cognita
3305 1949 3529 2007 ratione

1875 2037 2153 2105 restituit,
2188 2044 2365 2111 atque
2396 2041 2736 2098 auctoritate
2786 2039 3106 2114 apostolica
3135 2039 3524 2097 confirmavit.

1874 2131 2090 2183 Verum
2115 2127 2254 2200 quia
2271 2128 2373 2184 Dei
2392 2129 2620 2200 judicia
2643 2130 2892 2202 abyssus
2913 2129 3122 2197 multa,
3148 2131 3275 2202 jam
3297 2127 3525 2185 dictum

1875 2216 2606 2274 cmnobiumbarbarorum
2630 2218 2872 2274 incursu
2892 2221 3189 2274 vastatum
3223 2217 3436 2273 iterum
3468 2219 3526 2274 et

1874 2305 2236 2360 destructum
2261 2305 3046 2378 asseritur.Depopulationis
3067 2318 3202 2377 ergo
3217 2303 3378 2359 illius
3390 2304 3526 2359 bar-

1874 2393 2083 2450 baricaa
2098 2392 2414 2450 solitudine
2432 2399 2828 2466 permanente,
2847 2392 3169 2450 illustrium
3183 2392 3524 2465 principum

1875 2483 2069 2538 studio
2086 2482 2384 2554 provisum
2408 2481 3322 2555 fuitquatenusGlannafoliensis
3337 2479 3524 2548 locus,

1875 2571 2232 2627 monachicae
2265 2575 2405 2627 tunc
2438 2571 2618 2644 quieti
2650 2573 3032 2646 incongruus,
3067 2587 3171 2644 per
3218 2569 3528 2629 Fossaten-

1876 2677 1969 2716 ses
1998 2660 2321 2717 monachos
2353 2661 2788 2734 disponeretur;
2815 2677 2942 2734 quae
2962 2661 3201 2734 quidem
3223 2657 3529 2732 dispositio

1877 2765 2063 2821 usque
2098 2749 2169 2805 ad
2201 2753 2466 2822 tempora
2497 2753 2698 2806 nostra
2749 2749 3136 2806 immobiliter
3173 2747 3528 2822 perduravit.

1875 2838 2159 2894 Caeterum
2186 2855 2321 2895 cum
2355 2840 2720 2896 Fossatensis
2740 2840 2915 2895 etiam
2940 2838 3104 2895 locus
3153 2838 3225 2895 ab
3257 2838 3529 2894 observa-

1877 2927 2035 2982 tione
2085 2927 2384 3000 religionis
2433 2927 2722 2998 desiisset,
2757 2926 3252 2985 Glannafoliensis
3282 2925 3529 2983 ecclesia

1876 3032 1978 3088 per
2006 3016 2115 3071 loci
2148 3016 2334 3088 ipsius
2375 3018 2717 3089 praepositos
2746 3035 2861 3074 non
2883 3022 3004 3074 tam
3045 3015 3330 3090 disposita
3350 3027 3526 3087 quam

1876 3105 2161 3176 dissipata
2182 3105 2406 3160 diutius
2435 3105 2764 3162 videbatur.
2799 3106 3052 3178 Contigit
3080 3108 3277 3161 autem
3316 3103 3523 3159 divinis

115 3193 385 3250 alacriter
406 3209 636 3249 sumus.
669 3191 785 3247 Vos
808 3192 1116 3249 nobiscum
1136 3192 1252 3248 Deo
1270 3192 1489 3264 gratias
1507 3191 1680 3263 agite,
1709 3195 1766 3246 et
1796 3177 1838 3245 C
1872 3191 2255 3264 dispositione
2269 3192 2753 3259 clementiae,cum
2775 3209 2878 3265 pro
2900 3177 3311 3248 ecelesiasticis
3328 3190 3524 3248 causis

113 3300 214 3356 pro
248 3282 419 3339 nobis
451 3283 580 3352 ejus
619 3279 1080 3337 misericordiam
1111 3285 1361 3345 exorate,
1395 3296 1584 3351 neque
1613 3279 1767 3335 inter

113 3373 232 3427 haec
256 3371 432 3426 matri
461 3374 668 3425 vestrae
719 3369 991 3426 Romanis
1038 3368 1305 3426 Ecclesiae
1347 3368 1652 3424 subvenire
1679 3371 1763 3423 at-

109 3459 334 3516 tentius
367 3457 700 3531 negligatis.

827 3572 1077 3628 CCXVII.

110 3670 130 3688 ’
167 3665 424 3722 Urbanus
483 3663 644 3717 Petro
687 3662 1132 3732 ‘Arago-nensium
1171 3669 1222 3716 et
1263 3661 1768 3732 Pampilonensium

177 3737 296 3805 regi
325 3735 644 3804 caeterisque
673 3748 866 3788 earum
895 3735 1181 3805 regionum
1207 3733 1461 3804 ﬁdelibus
1489 3733 1768 3788 ecclesiam

177 3807 665 3878 Pampilonensem
688 3807 1046 3860 commendat.

748 3893 935 3960 (Anno
967 3891 1152 3964 4097.)

448 3981 760 4053 [Burman
801 3983 918 4038 Vita
952 3981 1177 4049 Urbani,
1207 3997 1264 4054 p.
1295 3981 1446 4054 282.]

810 4096 1091 4152 CCXVIII.

107 4189 360 4246 Urbanus
394 4186 679 4250 Oderisio,
712 4185 991 4241 cardinali
1022 4187 1270 4242 Ecclesiae
1301 4188 1565 4243 Romam?
1593 4193 1644 4242 et
1673 4186 1768 4241 ab-

180 4261 298 4315 bati
327 4258 659 4314 monasterii
705 4257 1037 4326 Casinensis,
1072 4275 1105 4312 α
1146 4273 1256 4313 sese
1302 4266 1633 4323 consecrato,
1664 4273 1774 4312 mo-

180 4333 500 4387 nasterium
547 4328 1010 4399 Glannafoliense,
1043 4327 1322 4385 monachis
1369 4329 1773 4385 Fossatensibus

177 4403 570 4475 adjudicatum
599 4402 856 4456 restituit.
1131 4423 1134 4426 ·

745 4491 934 4559 (Anno
973 4489 1151 4558 1097.)

557 4578 793 4649 [Mane],
826 4579 1030 4635 Coacil.
1058 4577 1172 4646 XX,
1195 4578 1344 4648 928.]

181 4705 473 4761 URBANUS
508 4702 842 4776 episcopus,
875 4720 1075 4759 servus
1116 4718 1415 4760 servorum
1463 4703 1582 4768 Dei,
1621 4716 1778 4758 reve-

105 4793 460 4857 rentissimo
508 4796 565 4847 et
622 4791 965 4848 charissimo
1019 4793 1182 4848 fratri
1241 4792 1535 4864 Ooamsro,
1564 4790 1779 4848 nostris

107 4869 215 4956 per
246 4883 348 4939 Dei
385 4882 643 4955 gratiam
696 4881 970 4937 manibus
1006 4886 1062 4937 et
1088 4882 1145 4936 in
1179 4881 1534 4938 cardinalem
1565 4885 1779 4937 sanctae

109 4961 402 5028 Remane:
435 4957 716 5026 [Ecclesiae
762 4970 1070 5038 sacerdoti,
1105 4974 1161 5026 et
1206 4971 1266 5026 in
1321 4971 1590 5027 abbatem
1618 4971 1780 5026 Casi-

108 5061 321 5117 nensis
356 5057 703 5116 monasterii
734 5062 1092 5126 consecrato,
1143 5059 1388 5132 ejusque
1438 5059 1783 5116 successori-

107 5151 228 5206 bus
264 5147 625 5222 regulariter
656 5147 1086 5204 substituendis
1115 5148 1175 5203 in
1208 5152 1574 5220 perpetuum.

183 5225 368 5299 Pater
397 5242 456 5294 et
486 5237 760 5310 princeps
788 5235 1140 5293 monachicae
1163 5236 1571 5305 institutionis,
1597 5237 1786 5311 gratia

106 5332 168 5384 et
197 5313 456 5384 nomine
487 5325 857 5394 Benedictus,
900 5324 1257 5399 discipulum
1307 5343 1480 5383 suum
1524 5326 1788 5383 beatissi-

106 5433 288 5477 mum
313 5415 602 5474 Maurum
634 5415 707 5490 ob
737 5413 1038 5486 religionis
1079 5413 1341 5470 studium
1370 5414 1698 5470 docendum
1729 5419 1786 5471 et

102 5504 471 5581 augendum
495 5503 556 5560 in
586 5501 804 5560 Gallias
825 5502 1158 5574 destinavit,
1187 5501 1339 5560 sicut
1369 5503 1427 5560 in
1459 5519 1660 5560 eorum
1687 5518 1786 5577 ge-

102 5585 398 5658 stis'luce
429 5591 650 5651 clarius
696 5592 1045 5666 reperimus,
1078 5589 1179 5667 qui
1225 5591 1296 5653 ad
1335 5591 1465 5653 loca
1493 5592 1787 5656 destinata

455 5718 728 5790 Panos.
773 5717 919 5783 GLI.

1873 3282 1933 3336 in
1953 3280 2170 3337 Gallias
2182 3282 2606 3337 transissemus
2621 3297 2727 3338 nos
2748 3281 2942 3338 locum
2966 3279 3132 3336 illum
3146 3295 3279 3336 cum
3294 3279 3523 3336 confra-

1875 3369 2064 3425 tribus
2086 3369 2302 3426 nostris
2331 3370 2621 3442 episcopis
2660 3373 2717 3427 et
2737 3369 3010 3426 Romanae
3033 3367 3301 3425 Ecclesiae
3332 3367 3522 3423 cardi-

1876 3455 2112 3512 nalibus
2138 3455 2426 3512 visitasse.
2467 3457 2730 3512 Fratrum
2762 3455 2943 3530 igitur
2987 3455 3105 3512 Deo
3137 3455 3520 3513 servientium

1875 3544 1993 3600 illic
2025 3549 2081 3600 et
2111 3545 2334 3600 circum
2369 3544 2762 3602 habitantium
2803 3544 3092 3601 nobilium
3122 3543 3382 3601 virorum
3415 3557 3523 3602 nos

1877 3635 2051 3690 turba
2079 3633 2467 3690 circumstetit
2515 3650 2692 3708 super
2745 3634 3128 3707 dissipatione
3173 3631 3526 3690 multimoda

1878 3721 2362 3793 conquerentium
2393 3737 2520 3793 quae
2544 3723 2615 3778 ab
2641 3723 2732 3779 his
2755 3722 3395 3796 inferebatur,quorum
3424 3733 3527 3778 eos

1879 3816 2218 3885 oportuerat
2265 3811 2560 3868 industria
2603 3810 2918 3884 gubernari
2948 3829 2961 3880 ;
2990 3811 3226 3883 adjectae
3267 3809 3361 3867 his
3391 3811 3533 3867 sunt

1881 3899 2211 3956 communis
2243 3899 2343 3954 ﬁlii
2371 3899 2556 3956 nostri
2587 3901 2852 3968 Joannis,
2875 3900 2933 3956 S.
2963 3899 3238 3957 Romanae
3253 3897 3534 3956 Ecclesiae

1881 3988 2107 4046 diaconi
2125 3989 2460 4057 cardinalis,
2488 3994 2546 4046 et
2564 3988 2741 4046 vestri
2763 3988 3097 4046 Casinensis
3129 3986 3379 4045 cmnobii
3409 4003 3536 4043 mo-

1882 4078 2074 4145 nachi,
2108 4095 2212 4151 pro
2243 4083 2406 4152 parte
2439 4084 2539 4135 tua
2583 4083 2641 4136 et
2687 4078 3036 4136 venerabilis
3093 4077 3292 4135 fratris
3350 4074 3537 4134 nostri

1882 4166 2122 4224 Goil‘ridi
2163 4168 2592 4225 Andecavensis
2641 4167 2920 4240 episcopi,
2947 4172 3003 4223 et
3052 4165 3156 4222 ﬁlii
3187 4165 3373 4223 nostri
3403 4163 3536 4221 Ful-

1884 4257 2045 4312 conis
2067 4256 2499 4314 Andecavensis
2548 4256 2781 4313 comitis
2828 4272 3052 4329 preces,
3088 4255 3394 4327 proprium
3422 4244 3538 4309 Mei

1883 4344 1968 4400 illi
1992 4345 2263 4400 abbatem
2285 4346 2396 4400 sub
2417 4345 2698 4402 ditionem
2715 4344 3050 4401 Casinensis
3073 4341 3328 4399 ecclesia
3341 4344 3536 4398 aucto-

1883 4432 2052 4488 ritate
2083 4433 2239 4490 sedis
2290 4434 2618 4506 apostolicae
2678 4432 2904 4490 restitui
2948 4427 3394 4505 postulantium,
3427 4429 3534 4485 nec

1804 4543 1850 4609 D
1884 4539 2093 4594 parum
2122 4522 2182 4577 in
2217 4523 2373 4579 brevi
2422 4524 2746 4596 profectum
2778 4522 2903 4579 loco
2952 4523 3297 4578 eventurum
3332 4533 3530 4590 spera-

1885 4613 2109 4679 bant,et
2130 4611 2200 4666 de
2222 4612 2540 4680 tricesimo,
2565 4613 2664 4684 qui
2695 4627 2851 4667 nunc
2875 4611 3086 4681 inerat,
3112 4606 3533 4664 monachorum

1887 4716 2156 4766 numero,
2190 4704 2422 4773 repente
2462 4699 2807 4773 ampliorem
2854 4699 3144 4766 futurum,
3176 4695 3537 4768 siquidem‘a

1891 4788 2330 4844 Fossatensium
2353 4789 2535 4861 erepti
2557 4787 2862 4862 tyrannide
2885 4786 3114 4844 abbatis
3135 4784 3354 4859 proprii
3384 4781 3537 4858 regi-

1891 4877 2048 4932 mine
2071 4876 2420 4933 fruerentur.
2453 4877 2698 4933 Proinde
2745 4874 3192 4934 Fossatensibus
3231 4871 3539 4931 monachis

1891 4966 2046 5022 diem
2069 4969 2292 5021 certum
2319 4967 2658 5032 statuimus,
2678 4983 2794 5039 quo
2821 4983 2882 5023 se
2903 4969 3116 5022 nostra
3152 4960 3540 5031 audientia'ﬁi

1891 5054 2177 5111 habentes
2208 5054 2526 5127 privilegiis
2556 5059 2994 5129 praesentarent.

1963 5142 2411 5200 Considentibus
2424 5159 2560 5217 ergo
2592 5145 2898 5201 nobiscum
2929 5143 2989 5198 in
3017 5141 3542 5200 Turonensieccle-

1893 5233 1982 5289 sia
1999 5232 2476 5306 archiepisc0pis,
2506 5233 2796 5306 episcopis
2827 5236 2887 5288 et
2921 5231 3258 5300 abbatibus,
3293 5241 3540 5286 numero

1895 5321 2286 5395 quadraginta
2297 5326 2548 5394 quatuor
2563 5323 2712 5379 facta
2725 5324 2796 5378 de
2807 5322 2917 5378 hoc
2941 5321 3173 5394 negotio
3199 5317 3544 5393 quastione,

1895 5411 2158 5466 chartam
2174 5410 2340 5467 nobis
2354 5410 2612 5484 pradicti
2628 5411 2832 5468 fratres
2845 5411 2904 5466 in
2923 5409 3226 5466 communi
3247 5402 3545 5466 audientis.

1895 5503 2341 5574 praesentarunt,
2366 5501 2533 5574 quasi
2548 5500 2794 5558 Romani
2816 5497 3111 5575 pontiﬁcis
3129 5493 3392 5562 Adriani,
3413 5501 3545 5566 quas

1897 5589 2137 5650 omnino
2151 5588 2300 5649 falsa
2311 5588 2638 5658 manifestis
2657 5594 2746 5649 est
2761 5586 2994 5649 iudiciis
3012 5585 3409 5662 comprobata.
3423 5579 3546 5641 Plac

3152 5711 3228 5779 16
