3928 6208
461 250 575 312 491

1760 245 1830 319 B.
1875 242 2168 320 UBBANI
2217 257 2267 318 ιι
2313 251 2561 320 PAP/E.

3695 257 3797 334 492'

457 385 579 442 cuit
601 385 799 466 itaque
829 386 1056 442 cunctis
1089 387 1146 442 in
1181 403 1489 444 commune
1530 389 1808 446 fratribus
1839 391 1938 462 qui
1971 407 2102 446 con-
2129 392 2183 459 Α
2212 393 2346 446 stat.
2380 391 2438 445 Si
2466 408 2582 464 qua
2607 407 2748 448 sane
2781 393 2838 447 in
2870 392 3193 450 crastinum
3231 394 3623 468 ecclesiastica,
3642 417 3785 460 seen.

456 475 749 545 sederant,
779 476 1257 548 quandoquidem
1289 478 1348 534 in
1372 479 1700 534 Fossatensi
1749 479 2102 536 monasterio

459 563 759 636 religionis
801 564 1168 622 observantia
1205 568 1332 639 jam
1381 585 1484 640 per
1531 573 1792 640 tempora
1830 568 1954 624 loca
2011 570 2099 640 [f.,

411 717 420 722 _
461 652 661 728 longe]
693 653 1000 722 defecerat,
1031 661 1086 711 et
1116 655 1603 712 Glannal‘olicnsis
1629 657 1790 712 locus
1846 675 1948 730 per
2003 675 2102 712 eos

417 795 420 799 ,
461 759 578 798 non
613 741 1126 814 meliorationi,sed
1149 744 1575 802 deteriorationi
1595 745 1901 802 videbatur
1929 763 2098 818 expo-

462 831 636 899 situs,
678 837 942 888 cessante
993 849 1170 889 causa
1225 833 1397 892 etiam
1457 839 1708 889 cessaret
1751 833 2012 901 effectus,
2047 840 2102 890 ct

460 920 1030 978 Glannafoliensibus
1057 921 1360 978 monachis
1391 922 1619 978 abbatis
1664 922 1977 979 cardinalis
2008 941 2098 979 so-

415 995 424 1080 ξ
458 1010 664 1086 latium
696 1011 1054 1068 redderetur.
1089 1011 1159 1066 Et
1187 1015 1328 1067 tunc
1358 1027 1495 1084 ergo
1527 1011 1840 1067 communi
1871 1013 2100 1069 decreto

459 1101 843 1168 sancimus,et
871 1116 1026 1155 nunc
1051 1117 1154 1172 per
1180 1101 1486 1173 praesentis
1509 1100 1792 1174 privilegii
1825 1101 2098 1174 paginam

456 1188 784 1270 legitimum
815 1188 1235 1270 sempiternum
1269 1189 1587 1263 apostolica
1615 1189 1958 1246 auctoritate
1990 1194 2103 1246 sta-

413 1267 417 1270 ’
453 1267 697 1345 tuimus,
719 1281 784 1332 ut
808 1277 868 1332 in
894 1267 1024 1334 loco
1046 1277 1146 1334 illo
1173 1279 1489 1335 venerabili
1522 1295 1672 1352 saepe
1694 1279 1966 1351 superius
1997 1296 2102 1334 no-

417 1355 422 1359 ’
455 1367 676 1422 minato
705 1365 1019 1422 cardinalis
1051 1369 1234 1424 abbas
1263 1369 1562 1440 perpetuis
1601 1368 1965 1440 temporibus
1997 1368 2098 1424 ba-

452 1454 876 1538 beaturksalva
907 1474 1008 1528 per
1055 1458 1252 1514 omnia
1301 1457 1636 1524 reverentia,
1670 1461 1727 1512 et
1774 1457 2102 1513 obedientia

417 1533 838 1613 ,matrisnsuae
896 1545 1149 1602 ecclesiae
1197 1547 1555 1603 Casinensis.
1601 1547 2098 1603 Praedecessorum

455 1637 791 1690 nostrorum
823 1650 960 1706 ergo
991 1635 1386 1692 Romanorum
1411 1637 1756 1708 pontiﬁcum
1786 1635 2022 1690 Adriani
2043 1639 2101 1692 et

2211 478 2419 534 larisve
2445 497 2694 553 persona
2719 481 2872 538 hanc
2890 487 3103 538 nostrze
3127 483 3544 543 constitutionis
3563 489 3786 562 paginam

2211 568 2422 634 sciens,
2447 573 2647 626 contra
2659 587 2789 626 eam
2803 574 2918 626 tem
2927 587 3022 626 ere
3037 570 3232 626 venire
3247 575 3557 643 tentaverit,
3579 581 3787 636 secundo

2212 657 2452 713 tertiove
2485 659 2860 729 commonita,
2893 658 2942 714 si
2977 676 3091 715 non
3144 660 3529 719 satisfactione
3581 679 3791 738 congrua

2210 747 2623 814 emendaverit,
2675 748 2978 821 potestatis
3024 747 3376 821 honorisque
3425 750 3510 806 sui
3555 751 3788 826 dignitate

2208 840 2420 897 careat,
2448 853 2722 909 reamqne
2745 854 2808 893 se
2823 838 3068 894 existere
3088 837 3282 894 divino
3298 837 3512 910 judicio
3529 839 3593 896 de
3619 857 3787 914 perpe-

2211 929 2360 980 trata
2391 925 2697 997 iniquitate
2727 932 3056 999 cognoscat,
3089 931 3146 983 et
3189 944 3222 981 a
3273 927 3626 985 sanctissimo
3651 935 3788 987 etsao

2209 1013 2540 1070 cratissimo
2571 1031 2810 1087 corpore
2841 1019 2897 1070 et
2927 1015 3216 1090 sanguine
3246 1015 3343 1072 Dei
3389 1020 3444 1071 et
3474 1016 3676 1073 Domini
3704 1019 3787 1074 lle-

2210 1103 2532 1175 demptoris
2560 1103 2700 1160 Jesu
2729 1103 2940 1160 Christi
2963 1104 3155 1162 aliena
3184 1105 3481 1177 ﬁat,atque
3500 1103 3558 1160 in
3582 1109 3788 1162 extremo

2208 1190 2473 1247 examine
2506 1193 2779 1248 districta:
2811 1193 3020 1249 ultioni
3053 1194 3372 1266 subjaceat.
3395 1193 3614 1250 Cunctis
3632 1199 3788 1250 autem

2207 1281 2394 1336 eidem
2427 1287 2732 1354 vestroque
2755 1282 3014 1338 coenobio
3045 1284 3212 1354 justa
3257 1283 3608 1338 servantibus
3622 1282 3688 1338 sit
3703 1299 3790 1354 pax

2209 1369 2438 1424 Domini
2471 1370 2649 1425 nostri
2669 1371 2699 1426 ,Ι
2709 1387 2808 1426 esu
2833 1371 3068 1439 Christi,
3092 1375 3382 1442 quatenus
3404 1375 3459 1426 et
3476 1370 3565 1426 hic
3581 1370 3788 1426 fructum

2209 1459 2371 1513 bona:
2401 1459 2647 1514 actionis
2677 1459 3003 1532 percipiant
3048 1464 3106 1514 et
3155 1459 3312 1531 apud
3344 1457 3654 1514 districtum
3673 1459 3793 1530 judi-

2208 1563 2333 1602 cem
2367 1547 2605 1618 praemia
2635 1552 2860 1604 aeterna:
2895 1548 3056 1620 pacis
3087 1547 3390 1604 inveniant
3416 1565 3430 1616 ;
3458 1563 3788 1614 amen,amea.

2279 1635 2571 1707 Scriptum
2607 1654 2708 1709 per
2739 1653 2982 1692 manum
3017 1637 3190 1704 Petri,
3227 1635 3515 1692 scriniarii
3562 1633 3692 1692 sacri
3716 1651 3791 1707 pa-

415 1787 430 1794 -
454 1721 673 1820 lfli‘colai
695 1721 1826 1820 vestigiacomitantes,praenominatum
1845 1723 2098 1779 Glanna-
2131 1756 2177 1820 Β
2208 1721 2352 1777 latii.

456 1809 698 1868 foliense
723 1811 1052 1868 coenobium
1086 1830 1216 1868 cum
1250 1814 1525 1870 omnibus
1549 1812 1918 1886 pertinentiis
1951 1813 2094 1882 suis,

455 1899 615 1957 salva
637 1899 905 1957 libertate
925 1905 982 1957 et
1002 1901 1286 1974 dignitate
1307 1903 1569 1974 ejusdem
1589 1901 1721 1969 loci,
1745 1901 1848 1958 tibi
1881 1905 2098 1974 tuoque

454 1988 757 2046 Casinensi
806 1991 1160 2048 monasterio
1218 1991 1521 2063 praesentis
1575 1991 1760 2047 nostri
1814 1987 2096 2064 privilegii

450 2065 668 2152 pagina
697 2095 828 2134 cum
848 2079 1123 2136 omnibus
1145 2079 1616 2152 possessionibus
1639 2080 1763 2135 suis
1793 2080 2098 2135 conﬁrma-

453 2184 608 2224 mus.
644 2169 708 2224 In
739 2169 955 2240 quibus
986 2168 1107 2224 haec
1154 2170 1406 2242 propriis
1453 2169 1727 2225 duximus
1761 2169 2096 2224 nominibus

449 2257 803 2313 adnotanda.
838 2257 901 2313 In
934 2256 1142 2330 primis
1171 2257 1308 2313 villa
1359 2257 1592 2323 Blazon,
1629 2262 1738 2313 etc.
1767 2257 2097 2312 Statuimus

452 2345 630 2404 etiam
663 2349 726 2400 ut
755 2347 1008 2406 obeunte
1037 2345 1281 2402 Girardo
1333 2364 1484 2416 nunc
1534 2347 1662 2418 ejus
1715 2346 1823 2402 loci
1866 2345 2094 2414 abbate,

455 2433 762 2496 nullusibi
785 2435 1180 2507 subreptionis
1211 2436 1428 2491 astutia
1467 2434 1553 2490 vel
1577 2433 1848 2490 violentia
1876 2451 2096 2507 praepo-

451 2528 644 2590 natur,
678 2524 789 2580 nisi
839 2539 1017 2597 quem
1065 2525 1272 2580 fratres
1319 2524 1614 2580 communi
1669 2539 1977 2590 consensu,
2008 2522 2095 2580 vel

451 2613 698 2668 fratrum
733 2628 868 2683 pars
899 2611 1124 2667 consilii
1176 2611 1424 2667 sanioris
1473 2611 1796 2666 secundum
1836 2615 1891 2666 Β.
1929 2613 2099 2668 Bene-

451 2700 592 2755 dicti
626 2698 889 2770 regulam
920 2697 1220 2771 elegerint,
1257 2699 1410 2770 apud
1452 2699 1725 2754 Casinum
1775 2701 2094 2755 secundum

453 2791 715 2844 tenorem
737 2786 1172 2860 privilegiorum
1185 2804 1423 2842 suorum
1447 2787 1906 2843 benedicendum
1935 2789 2096 2855 Quod

456 2876 504 2932 si
539 2875 706 2947 forte,
731 2876 892 2947 quod:
911 2875 1136 2933 evenire
1159 2875 1250 2930 vix
1272 2876 1586 2944 credimus,
1611 2877 1666 2931 in
1701 2876 1828 2950 ipsa
1859 2893 2096 2950 congre-

451 2964 684 3038 gatione
714 2963 930 3037 aliquis
960 2965 1031 3020 ad
1055 2964 1164 3021 hoc
1185 2965 1441 3021 officium
1469 2965 1713 3020 idoneus
1746 2983 1855 3020 non
1883 2965 2095 3039 reperi-

421 3043 426 3048 ’
449 3059 565 3120 tur,
591 3055 662 3110 de
681 3053 978 3110 Casinensi
1011 3054 1271 3110 eoenobio
1309 3054 1578 3109 abbatem
1602 3053 1712 3110 sibi
1737 3054 1954 3127 eligant
1985 3054 2092 3110 ibi-

445 3143 578 3199 dem
601 3141 872 3199 similiter
901 3142 1383 3209 benedicendum,
1407 3141 1607 3214 sicque
1645 3145 2092 3215 praeposituram

421 3232 824 3298 ,Casinensem
850 3236 909 3288 et
937 3231 1281 3288 vicariatum
1325 3232 1587 3303 ejusdem
1637 3231 1968 3288 Casinensis
1998 3232 2094 3288 ab-

451 3322 604 3378 batis
616 3339 719 3395 per
729 3325 910 3378 totam
925 3319 1171 3377 Galliam
1190 3320 1479 3393 accipiens
1493 3321 1563 3376 ad
1577 3337 1748 3376 suum
1765 3321 2092 3377 coenobium

452 3413 668 3468 redeat.
712 3410 998 3467 Omnibus
1047 3415 1242 3468 autem
1284 3408 1544 3482 quinque
1581 3409 1751 3464 annis
1794 3409 1998 3464 limina
2029 3409 2090 3464 B.

451 3498 750 3556 Benedicti
780 3499 1116 3555 Casinensis
1131 3497 1344 3564 visitet,
1377 3497 1435 3552 in
1471 3497 1658 3554 Mauri
1690 3496 1815 3552 loco
1846 3497 2096 3552 resideat

450 3587 512 3643 in
525 3587 818 3654 Casino,et
837 3586 897 3641 in
920 3587 1193 3642 omnibus
1209 3585 1368 3643 cellis
1394 3587 1521 3657 ejus
1543 3601 1721 3659 super
1737 3602 1871 3642 eum
1895 3584 2093 3641 nullus

452 3676 636 3745 abbas
667 3676 886 3740 sedeat,
919 3678 976 3729 et
1007 3673 1152 3730 nulli
1182 3675 1294 3730 alio
1331 3673 1476 3742 loco,
1511 3674 1622 3730 nisi
1675 3678 1902 3731 tantum
1934 3673 2090 3731 Casi-

452 3763 655 3820 nensis
685 3763 993 3818 subdatur.
1024 3763 1080 3818 Si
1105 3763 1244 3834 quid
1283 3763 1506 3820 vero-de
1537 3763 1739 3820 ordine
1771 3765 2092 3820 monastico

453 3851 826 3908 tractandum
840 3850 1012 3907 fuerit
1025 3851 1266 3907 arbitrio
1280 3855 1398 3907 tam
1423 3853 1716 3925 praepositi
1735 3853 2089 3921 Casinensis,

452 3957 633 4013 quam
653 3945 710 3995 et
734 3939 960 3996 abbatis
982 3939 1238 3996 B.Mauri
1259 3940 1882 4014 disponatur.lnsuper
1895 3947 2090 3999 autem

452 4030 728 4103 praesenti
752 4028 1051 4102 privilegio
1091 4029 1490 4101 supradictum
1535 4031 1728 4086 locum
1785 4047 1901 4084 una
1957 4047 2089 4088 cum

445 4117 728 4196 omnibus
759 4117 882 4174 suis
911 4117 1361 4190 pertinentibus,
1397 4117 1660 4173 ecclesiis
1691 4120 1746 4171 et
1775 4121 2091 4188 possessio-

449 4207 624 4288 nibus
645 4224 746 4280 per
768 4211 951 4287 totum
978 4207 1176 4262 orbem
1196 4207 1562 4271 roboramus,
1584 4209 1760 4276 atque
1781 4210 1846 4260 ut
1871 4207 2090 4264 nullius

449 4281 689 4353 alterius
714 4281 989 4361 ecclesia,
1019 4293 1106 4350 vel
1159 4293 1440 4366 episcopi,
1473 4292 1589 4348 nisi
1643 4293 1974 4351 Casinensis
2004 4312 2091 4352 ee-

447 4385 636 4442 clesize
657 4383 976 4441 ditionibus
998 4380 1749 4446 submittatur,auctoritate
1772 4383 2089 4454 apostolica

2279 1816 2421 1866 Data
2468 1812 2619 1883 apud
2669 1812 3041 1869 Tarracinam
3087 1830 3190 1886 per
3229 1828 3467 1868 manum
3496 1809 3725 1876 Joannis,
3745 1809 3790 1864 S.

2206 1901 2274 1956 Β.
2331 1901 2389 1955 E.
2438 1900 2666 1956 diaconi
2719 1900 3054 1968 cardinalis,
3097 1919 3176 1958 xu
3237 1901 3361 1958 Kal.
3419 1899 3640 1974 Aprilis,
3671 1897 3792 1954 indi-

2205 1989 2391 2045 ctione
2423 2007 2476 2055 v,
2509 2005 2660 2045 anno
2691 1989 3003 2045 Dominicae
3054 1989 3478 2046 Incarnationis
3501 1988 3646 2056 4097,
3674 2002 3794 2042 anno

2205 2082 2398 2135 autem
2431 2077 2802 2150 pontiﬁcatus
2834 2079 3035 2134 domni
3067 2096 3228 2152 papae
3271 2077 3486 2135 Urbani
3515 2075 3725 2135 secundi
3748 2091 3795 2130 x.‘

2914 2166 3136 2223 CCXIX.

2209 2257 2453 2314 Urbanus
2489 2257 2547 2312 II
2593 2273 2734 2326 papa
2779 2271 2999 2310 sacrum
3047 2255 3342 2312 Casina-me
3388 2253 3668 2310 cwnobium
3691 2252 3800 2326 ejus:

2275 2327 2500 2410 demth
2548 2319 2686 2410 gena
2737 2327 2805 2380 ab
2859 2328 3011 2410 omni
3051 2326 3448 2410 jurisdietione
3493 2319 3798 2410 liberu‘m’su‘b

2276 2395 2483 2454 sancta:
2542 2399 2800 2452 Romana:
2855 2395 3113 2470 Ecclesia:
3167 2399 3503 2470 protectione
3544 2395 3798 2470 conﬁrmat.

2275 2472 2594 2540 ueterisque
2643 2485 2742 2540 per
2789 2467 3126 2525 Occidentem
3166 2467 3517 2526 'monasteriis
3549 2468 3803 2540 przfn'en-

2275 2540 2405 2595 dum
2432 2539 2543 2595 esea
2572 2539 2839 2595 dederat.

2828 2627 3015 2696 (Anno
3048 2627 3236 2696 1097.)

2361 2700 2742 2769 [humanm],
2775 2700 2987 2754 Butler.
3024 2695 3235 2766 (latim,
3269 2703 3310 2754 t.
3348 2699 3416 2765 Il,
3451 2716 3505 2770 p.
3541 2695 3672 2765 119.]

2278 2787 2555 2843 Uaemus
2583 2787 3128 2860 episcopus,servus
3148 2804 3450 2844 servorum
3474 2786 3805 2854 Dei,reveren-

2205 2875 2433 2932 tissimo
2456 2892 2521 2930 ac
2548 2875 2897 2931 charissimo
2917 2875 3080 2930 fratri
3102 2875 3614 2944 Ooeaisiomostris
3627 2887 3714 2945 per
3724 2867 3798 2925 Dei

2205 2964 2453 3036 gratiam
2473 2963 2770 3030 manibus,
2803 2964 2931 3019 etin
2956 2963 3319 3021 cardinalem
3344 2968 3554 3022 sanctae
3575 2962 3799 3018 Romane

2207 3051 2475 3109 Ecclesia)
2503 3055 2562 3108 et
2591 3053 2974 3122 sacerdotem,
3011 3059 3069 3110 et
3098 3053 3158 3110 in
3203 3054 3478 3110 abbatem
3525 3044 3801 3108 Casinensis

2205 3141 2546 3197 monasterii
2576 3145 2911 3198 consecrato
2936 3142 3184 3214 ejusque
3213 3140 3648 3200 successoribus
3673 3151 3802 3207 regu-

2199 3229 2399 3285 lariter
2429 3229 2860 3285 substituendis
2893 3229 2952 3285 in
2983 3235 3360 3302 perpetuum.

2272 3318 2486 3373 Praeter
2513 3317 2782 3391 generale
2811 3317 3116 3376 cbaritatis
3155 3319 3448 3387 debitum,
3475 3319 3670 3391 praeter
3710 3308 3802 3367 sin-

2201 3405 2465 3479 gularem
2517 3410 2721 3463 vestrae
2779 3407 3027 3463 coenobii
3097 3408 3565 3482 praerogativam,
3609 3417 3722 3476 qua
3758 3397 3800 3451 in

2202 3495 2536 3552 monasticae
2579 3493 2966 3568 legislatione,
2992 3500 3049 3550 et
3067 3494 3253 3552 latore
3276 3494 3642 3552 sanctissimo
3668 3491 3802 3544 Bene-

2201 3583 2374 3652 dicto,
2403 3582 2808 3640 universorum
2841 3597 2944 3656 per
2963 3583 3340 3641 Occidentem
3361 3578 3796 3640 monasteriorum

2201 3676 2378 3747 caput
2401 3671 2696 3730 aDomino
2723 3673 3059 3730 institutum
3082 3676 3172 3729 est
3199 3691 3212 3742 ;
3249 3672 3353 3728 illa
3383 3672 3558 3728 etiam
3585 3659 3800 3737 benigni-

2199 3764 2337 3818 tatis
2361 3761 2951 3834 magniﬁcentia,quae
2974 3777 3228 3834 semper,
3245 3765 3306 3818 et
3327 3760 3544 3818 nostris
3562 3753 3800 3832 praecipuo

2200 3850 2589 3922 temporibus,
2628 3849 2999 3923 congregatio
3044 3854 3259 3919 vestra,
3314 3853 3529 3906 sanctae
3575 3847 3801 3902 Romane

2199 3940 2470 3996 subvenit
2518 3937 2804 4006 Ecclesiae,
2841 3938 3092 3994 multum
3152 3956 3262 3995 nos
3309 3939 3502 3996 eidem
3559 3935 3671 3992 loco
3711 3929 3802 3985 fore

2199 4027 2498 4101 compellit
2525 4027 2826 4084 obnoxios.
2860 4027 2916 4084 Is
2947 4028 3104 4084 enim
3136 4027 3323 4097 locus,
3344 4031 3670 4085 nostrorum
3695 4031 3801 4092 pau-

2200 4133 2407 4190 perum
2456 4115 2748 4188 relevatio,
2801 4115 3152 4189 fugientium
3209 4115 3530 4189 refugium,
3563 4113 3801 4170 fossorum

2199 4205 2356 4260 sedis
2377 4203 2710 4279 apostolicae
2732 4203 2985 4260 filiorum
3007 4204 3240 4278 requies
3256 4206 3554 4263 indefessa
3571 4210 3800 4275 perman-

2198 4293 2275 4350 sit
2303 4298 2360 4350 et
2391 4298 2714 4367 permanet.
2743 4295 2813 4349 Et
2841 4311 2948 4350 nos
2978 4310 3114 4368 ergo
3143 4298 3265 4351 tam
3307 4295 3520 4351 divinae
3561 4285 3802 4368 constituf

2197 4366 2409 4451 tionis,
2439 4399 2615 4456 quam
2673 4387 2731 4438 et
2787 4366 3064 4438 fraternae
3109 4383 3497 4457 benignitatis
3552 4366 3802 4441 dulcedini

413 4459 1250 4544 :interdicimusﬂuaecunque
1281 4474 1561 4542 praeterea
1591 4469 1649 4524 in
1683 4470 1947 4529 futurum
1975 4475 2092 4532 sive
2121 4475 2168 4541 D
2199 4471 2640 4543 respondentes,
2674 4470 2866 4526 locum
2913 4470 3131 4542 ipsum,
3153 4475 3212 4527 et
3266 4471 3544 4528 universa
3587 4466 3654 4524 ad
3696 4471 3801 4518 eum

416 4561 817 4620 ,concessione
849 4558 1352 4634 pontiﬁcum,sive
1383 4557 1726 4616 liberalitate
1757 4561 2085 4635 principum

413 4636 424 4642 ’
442 4651 532 4708 vel
563 4650 854 4706 oblatione
875 4647 1132 4704 ﬁdelium
1149 4649 1312 4719 juste
1332 4651 1506 4718 atque
1531 4647 1804 4705 canonice
1827 4652 2088 4722 poteritis

410 4737 710 4811 _adipisci,
745 4726 912 4793 ﬁrma
943 4730 1131 4792 eidem
1165 4733 1291 4791 loco
1334 4739 1392 4790 et
1433 4733 1656 4792 illibata
1683 4745 2082 4810 permaneant.

442 4826 824 4886 Decernimu's
853 4841 991 4896 ergo
1015 4827 1079 4878 ut
1107 4822 1251 4878 nulli
1307 4822 1545 4878 omnino
1575 4825 1878 4883 hominum
1916 4827 2086 4886 liceat

439 4917 597 4973 idem
619 4913 945 4970 coenobium
980 4915 1196 4966 temere
1221 4913 1680 4983 perturbare,aut
1703 4917 1830 4987 ejus
1860 4934 2085 4990 posses-

438 5005 636 5062 siones
697 5002 925 5056 auferre
971 4996 1056 5051 vel
1117 4998 1342 5058 ablatas
1400 4999 1668 5072 retinere,
1702 5004 1967 5062 minuere
1997 5006 2080 5062 vel

436 5089 766 5168 temerariis
788 5083 1189 5142 vexationibus
1211 5087 1481 5162 fatigare;
1507 5092 1606 5147 sed
1630 5093 1828 5150 omnia
1856 5093 2084 5168 integra

403 5166 854 5260 ‘conserventur
877 5186 1080 5228 eorum
1113 5191 1213 5246 pro
1261 5195 1511 5252 quorum
1564 5166 2081 5240 sustentatione‘ac

434 5263 858 5342 gubernatione
890 5273 1166 5319 concessa
1197 5272 1334 5324 sunt
1355 5269 1561 5325 usibus
1587 5271 1862 5326 omnibus
1891 5271 2080 5328 modis

401 5347 406 5356 ’
430 5352 754 5428 profutura;
775 5342 1142 5420 sepulturam
1165 5371 1398 5434 quoque
1417 5357 1682 5428 ejusdem
1703 5358 1816 5414 loci
1836 5359 2079 5416 liberam

429 5453 558 5514 esse
591 5435 856 5504 facimus,
895 5436 965 5487 ut
992 5449 1191 5498 eorum
1223 5444 1323 5518 qui
1356 5435 1496 5500 illic'
1525 5444 1753 5516 sepeliri
1803 5447 2082 5505 delibera-

391 5523 610 5595 _verint
637 5518 943 5588 devotioni
973 5526 1028 5582 et
1055 5535 1324 5594 extreme:
1371 5529 1659 5594 voluntati
1701 5534 1902 5598 nullus
1927 5537 2082 5599 obsi-

2197 4559 2775 4632 pertinentia,quieta
2805 4559 3332 4632 semper,omnium
3357 4551 3801 4622 mortaliumjug0

2197 4647 2380 4704 libera
2410 4664 2769 4720 permanere,
2801 4652 2858 4704 et
2895 4648 3008 4704 sub
3066 4647 3250 4704 solius
3308 4653 3526 4716 sanctas
3573 4645 3800 4701 Romana

2194 4734 2461 4791 Ecclesiae
2478 4736 2614 4806 jure
2651 4752 2716 4790 ac
2749 4734 3089 4791 defensione
3105 4737 3393 4808 perpetua
3417 4731 3613 4790 haberi
3641 4729 3801 4783 decer-

2195 4825 2410 4878 nimus.
2445 4823 2555 4878 Sed
2592 4823 3087 4894 praedecessorum
3131 4827 3471 4880 nostrorum
3517 4811 3801 4876 munimina

2191 4912 2432 4968 Casinen
2441 4911 2487 4966 si
2502 4910 2762 4966 eoenobio
2775 4909 3318 4984 collata,proprium
3333 4912 3513 4967 robur
3524 4900 3800 4964 obtineant-

2191 4999 2543 5057 Eorumdem
2575 5003 2630 5054 et
2660 5015 2766 5054 nos
2813 4999 3078 5072 vestigiis
3127 4998 3498 5066 insistentes,
3527 4993 3802 5058 Casinenw

2191 5086 2519 5146 coenobium
2551 5086 2774 5143 caeteris
2815 5103 2920 5160 per
2966 5086 3342 5143 Occidentem
3389 5083 3660 5150 coenobiis
3683 5091 3798 5152 pw-

2192 5175 2494 5233 ferendum
2534 5175 2875 5244 asserimus,
2907 5179 2963 5231 et
2983 5180 3103 5232 tam
3147 5179 3205 5232 te
3247 5190 3431 5246 quam
3477 5175 3803 5230 successores

2187 5270 2323 5322 tuos
2353 5263 2412 5318 in
2434 5261 2594 5320 omni
2611 5267 2896 5319 conventu
2914 5263 3462 5338 episcoporum,seu
3485 5257 3803 5338 principum.

2189 5351 2549 5425 superiorem
2571 5351 2848 5408 omnibus
2867 5351 3182 5408 abbatibus
3197 5351 3541 5420 consedere,
3571 5349 3727 5415 atque
3752 5337 3799 5390 ίῐι

2187 5438 2720 5511 omnibusjudiciis
2761 5439 3014 5512 priorem
3047 5439 3272 5496 ceteris
3320 5439 3410 5496 tui
3441 5434 3654 5496 ordinis
3668 5425 3799 5504 juris

2188 5527 2492 5591 scientiam
2524 5527 2783 5606 proferre
2813 5528 3134 5591 sancimus.
3162 5525 3222 5590 Si
3253 5527 3393 5604 quis
3422 5541 3561 5590 sane
3583 5524 3642 5586 in
3665 5529 3797 5582 orer
