3928 6208
115 297 220 379 49;}
1277 298 1683 363 EPISTOLE
1724 302 1826 365 ET
1869 304 2318 369 PRIVILEGIA
2332 351 2348 369 .
3388 319 3508 380 494

127 435 297 501 tinum
325 428 800 504 archiepiscopus
830 433 930 485 aut
958 430 1294 502 episcopus,
1312 430 1628 503 imperator
1651 438 1752 489 aut
1781 433 1837 502 Α
1863 436 2195 510 episcopus,
2227 438 2315 493 vel
2348 442 2753 515 episcoporum
2778 446 3063 511 minister,
3084 462 3260 521 super
3279 448 3507 506 hismo-

129 543 229 592 rex,
250 522 522 596 princeps
552 518 634 576 vel
666 519 803 589 dux,
836 535 1055 588 comes,
1088 519 1427 589 vicecomes,
1445 521 1627 592 judcx
1650 526 1754 578 aut
1863 521 2094 581 lestiam
2116 525 2281 582 vobis
2314 527 2596 603 ingerere,
2637 535 2695 588 et
2726 533 2942 591 nostris
2991 518 3509 597 constitutionibus

128 610 498 670 ecclesiastica
529 626 628 665 seu
669 606 965 665 saecularis
1011 625 1281 680 persona,
1344 609 1495 665 hanc
1543 616 1753 668 nostra:
1864 612 2093 670 obviam
2126 615 2209 671 ire
2237 620 2697 693 praesumpserit,
2730 624 3006 696 procedis
3035 626 3364 701 apostolicae
3381 644 3513 686 con-

124 698 541 759 constitutionis
572 698 844 771 paginam
878 698 1091 767 sciens,
1125 703 1327 755 contra
1358 716 1488 756 eam
1536 703 1753 757 temere
1862 704 2109 775 temptu,
2143 707 2469 764 secundum
2489 709 2644 766 beati
2670 710 2883 768 Gelasii
2910 698 3515 782 sententiam,suierit

120 789 382 847 contraire
395 786 989 855 tentaverit,secundo
1004 787 1244 844 tertiove
1257 788 1614 846 commonita
1626 788 1752 846 sise
1862 791 2088 849 ordinis
2117 797 2174 850 et
2203 794 2442 853 honoris
2473 798 2669 856 elisor.

119 875 627 937 nonsatisfactione
658 891 917 949 congrua
951 875 1363 942 emendaverit,
1389 876 1628 933 honoris
1658 876 1749 934 sui
1930 882 2224 955 Scriptum
2284 903 2388 961 per
2440 903 2652 946 manus
2704 884 3031 962 Lanfranci,
3090 892 3300 950 notarii
3358 894 3508 951 sacri

118 969 375 1043 dignitate
396 970 618 1033 careat,
641 982 915 1037 reamque
938 981 999 1020 se
1035 964 1230 1020 divino
1253 964 1478 1037 judicio
1505 967 1749 1024 existere
1857 971 2079 1044 palatii.

116 1060 175 1116 de
200 1053 847 1144 perpetratainiquitate
859 1057 1191 1144 cognoscat,
1207 1057 1263 1144 et
1278 1071 1318 1144 pa
1348 1055 1748 1112 sacratissimo
1928 1061 2141 1118 Datum
2177 1063 2442 1121 Laterani
2468 1082 2571 1139 per
2600 1084 2839 1125 manum
2855 1069 3125 1144 Joannis,
3156 1075 3370 1130 sancta:
3396 1071 3504 1130 Ro-

114 1165 344 1222 corpore,
379 1152 441 1202 et
499 1143 788 1218 sanguine
813 1141 914 1199 Dei
946 1147 1005 1199 et
1060 1142 1291 1199 Domini
1342 1144 1746 1218 Redemptoris
1858 1168 2042 1207 mana:
2101 1152 2367 1210 Ecclesiae
2418 1155 2647 1212 diaconi
2703 1141 3158 1228 cardinalis,1tv
3210 1160 3501 1220 Kalendas

111 1236 273 1296 ηοείτί
318 1236 461 1293 ³⁸8⁸³
493 1234 715 1291 Christi
764 1232 954 1290 05008
1010 1233 1138 1301 ﬁat;
1174 1236 1348 1305 at(lue
1378 1233 1437 1288 in
1490 1237 1745 1290 extremo
1856 1240 2015 1309 Maii,
2049 1240 2364 1300 indictione
2393 1260 2448 1312 v,
2497 1261 2650 1301 anno
2705 1245 3019 1303 Dominicis
3077 1248 3501 1310 Incarnationis

111 1331 350 1390 examine
379 1325 667 1384 districtce
697 1322 905 1379 ultioni
935 1321 1256 1412 subjaceat.
1289 1321 1526 1412 Cunctis
1548 1326 1743 1378 autem
1854 1328 2015 1398 4097,
2044 1331 2421 1403 pontificatus
2434 1337 2629 1390 autem
2642 1334 3071 1394 domniUrbani
3084 1341 3499 1412 papaIecundi

111 1422 274 1479 eidem
300 1419 429 1475 loco
453 1418 628 1489 justa
657 1412 1047 1479 servantibus,
1080 1410 1157 1468 sit
1178 1428 1288 1485 pax
1305 1410 1529 1468 Domini
1561 1412 1743 1469 nostri
1854 1434 2007 1474 anno
2040 1418 2287 1476 decimo.

108 1514 227 1569 Jesu
242 1506 480 1574 Christi,
506 1508 802 1576 quatenus
832 1507 888 1556 et
917 1500 1010 1556 hic
1026 1501 1280 1556 fructum
1314 1502 1476 1556 bona:
1499 1501 1743 1557 actionis
2563 1511 2787 1568 ccxx}.

109 1599 404 1675 percipiant
434 1601 496 1652 et
518 1594 679 1666 apud
697 1590 1300 1662 districtumjudicem
1332 1590 1742 1663 praemiateter-
1854 1599 1875 1621 "
1938 1597 2185 1687 Urbanus
2210 1598 2259 1687 ιι
2280 1599 2549 1687 Ecclesia:
2605 1592 2961 1687 Arvernemis
2976 1605 3288 1687 privilegii
3303 1609 3499 1687 ειρρς-

111 1671 180 1746 ius
208 1671 360 1761 pacis
393 1683 724 1741 inveniant.
756 1682 963 1747 Amen,
997 1695 1189 1734 amen.
1921 1671 3059 1761 {sals-ggnstc-ogﬁquﬁr“islamaquqim
3244 1671 3502 1761 Εῳιὲάφ

165 1742 447 1849 Scriptum
484 1789 595 1846 per
628 1786 869 1826 manum
910 1768 1061 1824 Petri
1109 1767 1397 1825 scriniarii
1452 1768 1601 1824 sacri
1632 1785 1717 1842 par

1923 1742 2149 1796 antistes
2181 1744 2241 1797 in
2288 1742 2639 1799 ordinatione
2677 1742 3120 1817 metropolitani
3140 1748 3501 1809 Bituricensis

1912 1814 2161 1883 primum
2191 1814 2369 1870 locum
2398 1815 2658 1872 obtineat.
2692 1837 2723 1867 ››

101 1867 262 1949 Ιαῑὶἱσ,
382 1954 476 1960 _.
648 1950 658 1960 _
1084 1950 1107 1960 ο
1271 1946 1281 1957 ,
1520 1949 1531 1960 ,
1620 1946 1658 1960 ἢ
1768 1867 1811 1873 ⁷
1912 1867 2873 1960 "'“""'""'aasatom.)

156 1942 348 2012 Datum
378 1950 787 2052 Late'rani‘per
816 1946 1339 2052 manum‘doa‘nnis,
1372 1949 1587 2052 salicta
1620 1946 1731 2052 Ro-
2176 1942 2482 2043 mum”;
2512 1942 2883 2050 ιγίιαυνὺαηί,
2915 1996 2973 2051 Ρ,
3002 1979 3155 2052 235.]

101 2063 259 2102 mane
312 2040 592 2100 Ecclesia:
649 2038 877 2095 diaconi
935 2035 1269 2102 cardinalis,
1331 2052 1387 2091 IV
1444 2033 1732 2091 Kalendas
2177 2033 2192 2042 ’
2456 2033 2469 2043 ’
2541 2033 2791 2122 CCXXII.

97 2134 297 2207 Aprilis,
326 2148 482 2189 anno
515 2127 841 2186 Dominicce
885 2124 1314 2217 incarnationis
1577 2140 1730 2217 anno
1842 2131 2310 2217 Urbani'llpapae
2356 2136 2681 2217 epistolam!
2725 2137 3098 2217 Raitnundum
3142 2140 3491 2217 Apamensem

95 2205 260 2281 autem
286 2221 676 2295 pontiﬁcatus
700 2215 901 2272 domni
926 2213 1145 2271 Urbani
1185 2230 1347 2286 papae
1379 2213 1427 2270 ΙΙ
1474 2213 1724 2270 decimo.
1908 2205 2784 2331 archiepiscopum-ﬁumina:
2811 2210 3058 2277 clericos,
3114 2213 3212 2281 qui
3239 2220 3490 2270 comete-

805 2302 983 2331 N‘VV
1908 2291 2059 2331 rium
2130 2318 2142 2331 .
2178 2276 2413 2331 Orientii
2443 2279 2805 2331 violaverant.

805 2302 1006 2360 ccxx,
1186 2276 1206 2286 ’
1263 2276 1282 2286 ’
1908 2276 2059 2331 riam
2088 2276 2142 2331 S.
2178 2276 2415 2332 orientii
2443 2279 2805 2336 violaverant.

2460 2366 2650 2436 (Anno
2682 2367 2867 2435 1097.)

95 2400 419 2471 Privilegium
475 2395 695 2455 Urbani
743 2395 795 2449 II
840 2408 1005 2466 papae
1051 2393 1123 2448 ad
1174 2395 1233 2450 S.
1296 2393 1571 2464 Hugoncm
1623 2408 1717 2464 pro

154 2472 482 2514 ivnmunitnll
526 2467 804 2514 cellarum
851 2464 1296 2514 Cluniacensium
1324 2467 1375 2514 et
1412 2463 1717 2514 interdicto.

2022 2433 2188 2505 [Dom
2219 2393 2787 2506 Βουουιςέιπῗῖἰὲἔαέἦῗ
2797 2393 2867 2494 lt.)
2882 2438 3024 2509 XIV,
3052 2457 3111 2514 p.
3143 2441 3297 2514 725.]

154 2463 482 2527 immanitate
526 2467 804 2523 cellarum
840 2463 1296 2519 'Climiacensium
1324 2463 1388 2519 el
1412 2463 1721 2533 interdicto,

501 2522 845 2596 convocandi
889 2536 1035 2608 apud
1073 2535 1397 2608 Cluniacttm
1445 2552 1605 2606 quem
1633 2522 1717 2592 vo:

1906 2522 2174 2579 Uaemus
2200 2524 2532 2597 episcopus,
2564 2541 2766 2581 servus
2796 2543 3096 2585 servorum
3116 2527 3242 2598 Dei,
3276 2528 3487 2588 dilecto

155 2614 303 2692 luerit
318 2613 649 2692 antistitem
673 2609 744 2664 ad
773 2606 1013 2663 chrisma
1042 2606 1438 2678 conﬁciendum
1463 2611 1515 2662 et
1543 2608 1725 2663 oleum
1830 2610 1996 2667 fratri
2028 2612 2095 2669 R.
2132 2612 2800 2683 [Rsmunno],Auxiensi
2833 2615 3292 2692 archiepiscopo.
3325 2618 3484 2676 salu-
3516 2656 3520 2661 -

158 2685 591 2741 benedicendum.
703 2752 717 2774 I
736 2752 755 2774 Α
774 2767 884 2774 ﬂ“
921 2749 1058 2774 mm
1089 2749 1101 2771 κ
1829 2704 1951 2757 tem
1981 2706 2038 2757 et
2066 2700 2445 2774 apostolicam
2475 2703 2961 2762 benedictionem.

701 2752 889 2822 (Auno
921 2749 1104 2822 1097.)

549 2842 793 2915 [Βαιιαν.
822 2840 1093 2908 Cluniac.,
1123 2838 1239 2910 28.]

156 2934 409 2991 Uamnus
436 2933 783 3006 episcopus,
816 2946 1019 2986 servus
1048 2944 1348 2984 servorum
1397 2926 1519 2995 Dei,
1563 2942 1717 2983 reve-

100 3025 394 3081 rentissimo
424 3019 842 3079 fratriHuoom
863 3015 1455 3086 abbati,etuniversis
1483 3014 1717 3072 Clunia-

98 3115 259 3169 censis
285 3111 534 3169 cmnobii
592 3108 893 3174 fratribus,
944 3105 1193 3162 salutem
1245 3108 1302 3161 et
1331 3104 1712 3177 apostolicam

101 3202 528 3259 benedictionem
541 3241 556 3255 .

154 3290 413 3354 Quoniam
434 3285 1103 3357 abundanteiniquitate
1117 3283 1441 3357 refrigescit
1462 3282 1717 3340 charitas

100 3379 404 3447 multorum,
437 3381 675 3452 oportet
704 3392 811 3431 nos
828 3391 931 3447 pro
945 3374 1054 3430 loci
1072 3373 1241 3430 nobis
1273 3372 1549 3429 divinitus
1564 3389 1719 3429 com-

100 3467 233 3525 missi
263 3468 550 3542 regimine
579 3480 923 3538 paucorum,
957 3464 1013 3519 id
1038 3469 1128 3520 est
1152 3479 1452 3520 servorum
1474 3461 1574 3518 Dei
1592 3462 1720 3519 reli-

98 3556 228 3627 gioni
254 3558 534 3615 attentius
569 3554 889 3629 providere.
924 3552 1032 3608 Per
1061 3551 1192 3609 illos
1223 3553 1380 3608 enim
1423 3552 1718 3625 plerisque

102 3645 148 3700 in
175 3646 300 3705 locis
331 3645 607 3704 serviDei
641 3648 696 3700 et
718 3641 987 3700 monachi
1018 3642 1720 3716 perturbantur,perquos

1901 2789 2045 2845 Cum
2077 2791 2138 2846 in
2168 2791 2444 2849 Auxiensi
2476 2792 2786 2866 metropoli
2805 2810 2911 2868 per
2937 2795 3265 2853 Romanam
3290 2796 3485 2854 Ecale-

1828 2877 1977 2935 siam
2009 2880 2231 2936 noviter
2249 2880 2333 2937 sis
2353 2880 2682 2951 ordinatus,
2712 2883 2873 2940 sedis
2885 2884 3218 2957 apostolica
3231 2885 3482 2943 decretis

1829 2968 2067 3024 obedire
2096 2972 2153 3025 te
2183 2969 2664 3043 irret'ragabiliter
2684 2976 2932 3045 oportet.
2952 2973 3305 3032 Mandamus
3334 2991 3477 3049 ergo

1829 3056 2181 3113 fraternitati
2215 3062 2331 3115 tute
2360 3062 2427 3114 ut
2453 3059 2526 3115 de
2556 3059 2955 3118 clericissedis
2983 3068 3117 3131 tuae,
3151 3062 3254 3136 qui
3274 3080 3480 3121 cosme-

1743 3171 1787 3238 ρ
1826 3144 2039 3238 terium
2069 3147 2227 3238 qpod
2251 3147 2415 3238 beati
2442 3164 2606 3238 papae
2653 3148 2894 3238 Leonis
2921 3154 2981 3205 et
3009 3154 3208 3238 nostro
3246 3153 3477 3209 decreto

1825 3233 2080 3289 ecclesiae
2108 3233 2263 3289 Beati
2296 3233 2539 3291 Orientii
2559 3234 2856 3291 ﬁrmatum
2869 3236 3078 3305 fuerat,
3094 3237 3475 3308 violaverunt,

1818 3321 2116 3393 justitiam
2164 3322 2353 3378 facere
2410 3324 2693 3379 canonica
2724 3324 2998 3395 aequitate
3051 3338 3352 3397 procures.
3398 3325 3480 3383 De

1827 3414 2031 3467 caetero
2061 3417 2119 3466 et
2144 3411 2218 3466 tei
2226 3427 2401 3483 psum
2414 3415 2472 3467 et
2483 3416 2594 3466 tute
2609 3411 2769 3469 sedis
2788 3411 3031 3470 clericos
3055 3413 3137 3470 ita
3153 3413 3479 3484 custodias,

1827 3504 1893 3555 ut
1922 3500 2194 3555 Romane
2225 3498 2495 3555 Ecclesiae
2527 3500 2759 3557 decreta
2786 3499 3126 3558 inconvulsa
3164 3503 3321 3575 apud
3352 3518 3478 3575 vos,

1828 3587 2076 3645 Domino
2107 3587 2410 3660 largiente,
2443 3593 2865 3645 conserventur
2892 3593 2950 3647 et
2979 3590 3235 3667 integra.

1899 3678 2045 3734 Data
2076 3677 2291 3746 Romae,
2325 3692 2387 3734 III
2411 3676 2696 3734 Kalendas
2725 3677 2883 3734 Maii.

102 3734 433 3805 potissimum
464 3751 575 3793 eos
619 3732 817 3823 foveri
845 3749 912 3788 ac
959 3732 1179 3823 protegi
1229 3730 1539 3823 expediret-
1586 3731 1719 3797 Ουεε
2325 3730 2799 3823 '"‘""eaﬁlii;

102 3824 349 3931 nimirum
368 3825 549 3931 culp.a
578 3820 893 3931 mimum?
905 3820 1383 3931 “Psffite‘mporis
1413 3821 1718 3931 θΡξῗθοΡοδ
1962 3856 2289 3913 Salmoriaci
2310 3873 2491 3928 pagus
2516 3820 3342 3931 Gratianopolian

102 3913 321 3984 respicit,
352 3915 455 3987 qui
481 3913 632 3969 dum
654 3910 912 3970 .terrenis
943 3909 1195 3975 inhiant,
1228 3926 1328 3966 eos
1358 3909 1457 3982 qui
1491 3914 1721 3967 terrena
2310 3909 2339 3928 τ
2359 3909 2792 3985 "russea-tis.

100 4001 335 4060 videntur
363 4001 706 4076 despexisse
744 3999 1108 4074 perturbant.
1161 3999 1420 4091 Quorum
1460 4000 1717 4091 profecto

2164 4089 2190 4091 Α
2451 4018 2647 4091 (Anno,
2668 4016 2857 4091 1097.)

104 4089 349 4148 molestiis
370 4108 472 4165 per
498 4088 832 4164 apostolicae
856 4088 1010 4146 sedis
1027 4088 1526 4160 dispensationem
1552 4088 1717 4144 duxi-
2137 4089 2440 4162 [Romaar,
2460 4087 2598 4145 ‘Vita
2631 4087 2856 4160 Urbani,
2888 4087 2985 4159 Ill,
3015 4089 3167 4164 366.]

106 4181 571 4238 musobviandum
594 4182 915 4252 ;quatenus
943 4176 1392 4252 opitulanteDeo
1422 4195 1457 4234 a
1486 4177 1720 4234 smcula-
1900 4180 2179 4236 URBANUS
2227 4178 2559 4253 episcopus,
2591 4195 2791 4236 serms
2834 4195 3137 4238 servorum
3168 4179 3296 4251 Dei,
3324 4195 3483 4238 reve-

105 4266 240 4324 ribus
266 4270 621 4327 tumultibus
647 4266 970 4333 liberi,tam
1003 4284 1107 4340 pro
1138 4267 1328 4339 nobis,
1343 4284 1520 4340 quam
1549 4271 1605 4324 et
1616 4284 1719 4340 pro
1827 4268 2164 4326 rentissimo
2197 4268 2358 4325 fratri
2390 4274 2448 4324 et
2475 4268 2818 4343 coepiscopo
2849 4269 3100 4338 Huoom,
3149 4267 3483 4343 apostolica!

104 4354 244 4426 ipsis.
264 4364 316 4415 et
331 4358 620 4415 universis
637 4356 852 4413 Christi
879 4355 1150 4413 fidelibus
1162 4372 1397 4413 exorare
1410 4355 1719 4413 sollicitius
1829 4357 1987 4415 sedis
2015 4356 2251 4428 vicario,
2308 4355 2559 4414 salutem
2608 4361 2666 4413 et
2695 4357 3076 4431 apostolicam
3124 4358 3484 4415 benedictio‘

101 4443 329 4503 valeatis.
361 4446 639 4504 Praesenti
658 4444 839 4519 igitur
868 4443 1286 4502 constitutione
1314 4444 1720 4514 sancimus,ne
1828 4464 1985 4504 nem.

102 4531 346 4592 cellarum
372 4540 703 4593 vestrarum
733 4532 985 4589 ubilibet
1011 4533 1341 4606 positarum
1383 4533 1592 4590 fratres
1613 4551 1717 4607 pro
1748 4543 1796 4609 1)
1896 4536 2083 4600 Quam
2114 4538 2474 4609 arroganter,
2507 4550 2685 4607 quam
2718 4533 2956 4609 indigne
2988 4534 3271 4591 adversus
3300 4550 3408 4591 nos
3428 4537 3488 4591 et

102 4619 395 4681 vicinarum
417 4624 734 4681 diceeesum
759 4622 1189 4694 interdictione,
1214 4622 1303 4679 vel
1323 4624 1725 4680 excommuni-
1833 4629 2099 4682 sanctam
2133 4623 2459 4681 Romanam
2488 4622 2807 4681 Ecclesiam
2857 4624 3040 4681 frater
3077 4626 3280 4681 noster
3306 4624 3486 4681 Vien-

105 4710 299 4769 catione
326 4714 658 4770 divinorum
679 4712 1005 4769 ofﬁciorum
1035 4711 1482 4786 suspensionem
1500 4716 1721 4787 patian-
1829 4714 2032 4771 nensis
2056 4712 2526 4786 archiepiscopus
2545 4712 2734 4770 Guido
2764 4730 2826 4770 se
2856 4712 3146 4784 habuerit,
3179 4711 3487 4771 scientiam

105 4800 428 4865 tur,sedtam
442 4800 861 4874 monachiipsi,
886 4818 1063 4874 quam
1078 4806 1135 4858 et
1148 4801 1594 4874 famulieorum,
1621 4808 1725 4879 qui
1833 4808 2086 4860 vestram
2118 4818 2493 4875 nequaquam
2524 4801 2701 4873 latet;
2733 4806 2944 4877 praeter
2970 4805 3178 4860 cetera
3203 4818 3338 4860 vero
3359 4819 3487 4860 cer-

102 4884 338 4945 videlicet
362 4892 695 4948 monasticae
728 4908 789 4948 se
802 4891 1542 4964 professionidevovcrunt,
1565 4894 1725 4953 clau-
1833 4893 2014 4949 vicem
2047 4909 2218 4949 suam
2250 4891 2532 4949 adversus
2586 4890 2982 4949 humilitatem
3030 4893 3293 4949 nostram
3342 4892 3487 4949 adeo

107 4971 175 5028 sis
201 4978 565 5036 ecclesiarum
586 4978 815 5051 januis,
859 4996 974 5036 non
1023 4980 1301 5038 admissis
1351 4982 1723 5057 dicecesanis,
1833 4980 2094 5049 sustulit,
2128 4985 2193 5037 ut
2221 4980 2717 5038 etRomanensem
2738 4979 3085 5038 abbatiama
3114 4979 3283 5039 nobis
3307 4980 3491 5038 inter-

106 5060 284 5121 divinae
327 5069 622 5125 servitutis
682 5068 874 5124 officia
923 5068 1234 5139 celebrent,
1293 5075 1352 5128 et
1408 5071 1723 5145 sepultura:
1832 5070 2047 5128 dictam
2078 5069 2924 5139 reinvaderet,etfratrinostro
2953 5069 3491 5146 Gratianopolitano

107 5149 277 5210 debita
302 5163 599 5231 peragant.
631 5157 1114 5230 Vobispraeterea,
1149 5160 1248 5233 qui
1279 5160 1337 5215 in
1352 5160 1479 5234 ipso
1498 5160 1725 5219 Clunia—
1831 5160 2104 5234 episcopo
2133 5158 2410 5216 ecclesias
2441 5176 2591 5232 quas
2621 5159 2932 5217 nobiscum
2982 5159 3110 5234 ipse
3157 5161 3494 5219 restituerat

107 5243 242 5298 censi
271 5247 1724 5325 ccenohioﬁommoramini,licentiamindulgemus
1832 5250 1959 5307 sine
1972 5248 2199 5322 judicio
2242 5248 2582 5307 reauferret.
2633 5250 2821 5306 Tuam
2870 5265 3007 5324 ergo
3063 5249 3493 5307 fraternitatem

106 5332 162 5384 ut
186 5331 248 5386 ad
278 5333 532 5393 chrisma
545 5336 991 5409 conficiendum,
1017 5339 1138 5395 sive
1156 5338 1349 5395 oleum
1377 5340 1724 5399 benedicen-
1831 5356 1937 5413 pro
1965 5339 2136 5396 nobis
2165 5338 2407 5396 omnino
2429 5339 2502 5395 ad
2524 5337 2826 5410 justitiam
2842 5338 3079 5395 excitari
3095 5338 3493 5413 praecipimus.

88 5414 226 5474 'dum
250 5426 454 5482 vestris
469 5430 912 5499 vestrorumque
929 5426 1158 5498 usibus,
1192 5445 1368 5502 quem
1394 5429 1724 5488 malueritis
1832 5427 2058 5485 Sentiat
2088 5432 2152 5484 ut
2198 5428 2571 5485 adamantem
2602 5431 2661 5482 et
2691 5425 2920 5483 silicem
2949 5426 3159 5484 faciem
3192 5430 3381 5494 tuam,
3411 5441 3499 5482 re.

109 5506 430 5569 catholicum
460 5514 799 5587 episcopum
826 5516 1135 5584 advocetis,
1170 5518 1268 5591 qui
1300 5524 1502 5578 nostra
1540 5518 1723 5576 fultus
1832 5520 2109 5591 motaque
2165 5517 2470 5592 praeteritae
2522 5515 2784 5573 lenitatis
2855 5514 3201 5585 reverentia,
3261 5512 3500 5571 omnino

106 5598 427 5665 αυοιοινίιαιθ
472 5619 601 5683 qua
630 5603 929 5681 postulant
957 5605 1274 5684 indulgeat.
1325 5609 1386 5670 Si
1426 5608 1561 5689 quis
1589 5623 1723 5672 vero
1832 5606 2161 5672 secundum
2185 5605 2483 5685 justitiam
2514 5602 3067 5685 Gratianopolitann
3095 5601 3368 5666 Ecclesiae
3391 5619 3502 5668 sua
