3928 6208
407 358 524 421 495
1713 352 1784 417 B.
1831 347 2126 418 URBANI
2167 349 2222 411 11
2265 345 2512 410 mas.
3105 413 3110 419 ,
3707 339 3850 435 495

397 493 540 564 jura
570 492 869 564 restituas,
903 497 960 549 et
991 492 1319 568 apostolicae
1353 491 1510 550 sedis
1542 490 1784 561 injurias
1816 487 2059 544 ulcisca-
2081 471 2146 551 Ἀ
2177 484 2572 554 apostolorum
2604 484 2892 555 omnium,
2913 482 2971 538 in
2985 483 3132 540 festo
3163 481 3227 537 B.
3261 475 3592 549 Martini,in
3609 472 3849 567 solem-

411 582 513 650 ris,
545 581 605 638 in
637 583 1046 656 episcoporum
1087 581 1516 638 mutationibus
1546 580 1830 636 hactenus
1883 575 2060 631 nimis
2171 572 2452 626 nitatibus
2483 572 2540 627 S.
2575 576 2896 646 martyrum
2931 572 3082 629 Justi
3115 577 3172 628 et
3213 569 3492 637 Pastoris,
3543 586 3614 658 ac
3663 569 3848 625 Pauli

391 656 561 728 Ilenis
573 689 678 745 pro
695 671 1027 744 apostolicae
1043 669 1510 728 mansuetudinis
1529 669 1717 742 gratia
1744 665 2064 724 Gallicano-
2171 661 2542 731 confessoris,
2578 661 2637 716 in
2667 659 3102 718 consecratione
3131 661 3540 734 episcoporum
3561 656 3626 716 et
3655 659 3850 734 eccle-

413 778 546 816 rum
578 759 962 834 petitionibus
987 759 1534 827 condescendimus,
1563 757 1836 828 deinceps
1869 760 2062 811 autem
2173 751 2417 818 sim-um,
2449 750 2508 806 in
2571 750 2936 807 ordinatione
2993 747 3359 807 clericorum.
3406 747 3471 806 In
3503 765 3626 832 quo
3689 749 3848 822 quid

413 847 472 902 id
499 833 731 921 penitus
760 847 1067 920 praecaveri
1098 846 1488 920 praecipimus,
1506 841 1869 916 nequeenim
1893 839 2066 896 Niczc-
2173 839 2447 912 ponderis
2467 839 2650 896 tibiae
2677 839 3087 898 sollicitudinis
3105 833 3434 912 injungitur
3453 837 3848 921 considerare

416 955 501 992 na:
533 937 758 1010 synodi,
792 954 970 1009 quam
997 952 1159 1008 zeque
1182 940 1244 989 ut
1272 937 1540 990 sanctum
1574 929 1949 1003 Evangelium
1970 945 2065 984 ve-

415 1042 710 1095 neramur,
735 1023 1139 1082 auctoritatem
1155 1021 1494 1096 hujusmodi
1511 1019 1918 1078 occasionibus
1937 1036 2063 1074 cva-

403 1105 576 1170 cuari
607 1112 852 1170 ulterius
883 1113 1197 1186 patiemur.

404 1191 410 1196 ’
489 1202 632 1259 Data
661 1200 964 1258 Lateranis
995 1219 1034 1257 ιι
1054 1199 1252 1257 Nonas
1278 1200 1462 1256 Junii.

1104 1307 1379 1364 CCXXIV.

423 1398 626 1453 Urbani
680 1398 732 1453 II
783 1415 856 1469 pa
897 1415 942 1452 ξε
994 1398 1222 1468 epistola
1285 1397 1354 1452 ad
1425 1395 1790 1450 Bertramlum
1862 1394 2070 1449 Narbo-

489 1487 710 1522 nensem
761 1414 1247 1522 arciiieuisconum.
1297 1501 1361 1508 —
1401 1468 1648 1522 Ecclesiae
1712 1466 2070 1521 Narbonensis

489 1487 710 1524 nenscm
761 1466 1247 1541 archiepiscopum.
1297 1501 1361 1508 —
1401 1468 1648 1522 Ecclesiae
1712 1466 2073 1521 Narbonensis

385 1549 396 1561 ‘
487 1541 786 1612 privilegia
816 1541 1153 1597 corroborat.

1046 1631 1232 1700 (Anno
1270 1628 1448 1700 1097.)

653 1719 740 1786 [D.
771 1719 1060 1786 Bouous'r,
1093 1718 1328 1783 Recueil,
1355 1721 1396 1772 t.
1433 1717 1574 1788 XIV,
1608 1734 1665 1789 p.
1696 1719 1842 1784 727.]

497 1826 774 1882 URBANUS
797 1825 1128 1898 episcopus,
1151 1841 1355 1880 servus
1386 1841 1683 1880 servorum
1717 1822 1838 1890 Dei,
1865 1823 2075 1878 dilecto
2111 1853 2154 1923 Β

424 1917 484 1971 in
515 1914 745 1972 Christo
774 1913 939 1970 fratri
969 1919 1336 1979 Ben'rnmoo,
1370 1911 1736 1968 Narbonensi
1796 1912 2077 1984 archiepi-

421 2020 620 2076 scopo,
653 2008 992 2076 perpetuam
1022 2002 1274 2058 salutem
1307 2001 1366 2056 in
1394 2000 1663 2056 Domino.

497 2095 847 2149 Potestatem
878 2091 1100 2164 ligandi
1133 2095 1306 2164 atque
1337 2089 1597 2146 solvendi
1630 2089 1688 2144 in
1733 2089 1891 2146 ccelis
1929 2093 1986 2145 et
2017 2089 2075 2144 in

425 2186 582 2239 terra
611 2182 674 2238 B.
707 2181 876 2238 Petro
903 2181 1150 2252 ejusque
1179 2179 1642 2247 successoribus,
1675 2183 1907 2235 auctore
1937 2177 2075 2246 Deo,

426 2269 829 2344 principaliter
853 2269 1132 2326 traditam
1155 2268 1270 2324 illis
1284 2268 1539 2324 Ecclesia
1565 2268 1760 2324 verbis
1791 2267 2074 2340 agnoscit,

429 2360 644 2432 quibus
672 2359 906 2415 Petrum
939 2363 1026 2414 est
1056 2359 1340 2413 Dominus
1371 2356 1698 2414 allocutus:
1735 2358 2079 2428 Quaecunque

431 2450 688 2518 ligaveris
715 2465 877 2520 super
929 2451 1158 2516 terram,
1219 2451 1380 2502 erant
1441 2449 1611 2518 ligata
1657 2455 1710 2502 et
1735 2448 1796 2502 in
1851 2447 1999 2501 castis
2028 2455 2078 2502 et

428 2554 768 2611 quacunque
797 2539 1020 2592 solveris
1059 2554 1224 2608 super
1271 2545 1494 2594 terram.
1527 2540 1688 2591 erant
1734 2537 1909 2591 soluta
1939 2543 1988 2591 et
2017 2537 2077 2590 in

426 2629 574 2683 caelis
605 2627 813 2700 (Matth.
845 2642 1004 2694 xvm,
1053 2628 1132 2697 8).
1165 2626 1281 2696 Ipsi
1334 2641 1568 2697 quoque
1617 2630 1675 2680 et
1705 2625 1947 2697 propriae
1981 2625 2078 2680 fir-

429 2717 602 2773 mitas
633 2720 690 2771 et
717 2715 918 2772 alienae
962 2714 1098 2769 ﬁdei
1148 2714 1536 2781 conﬁrmatio,
1583 2713 2078 2769 eodem‘Domino

431 2810 685 2872 auctore,
712 2806 1070 2874 ‘prazstatur,
1129 2817 1264 2857 cum
1298 2802 1370 2856 ad
1422 2818 1554 2857 eum
1587 2800 1842 2856 dicitur:
1880 2803 2080 2871 Rogaui

423 2911 528 2967 pro
556 2893 719 2959 ηεξατ
745 2909 854 2948 non.
883 2892 1102 2963 deﬁciat
1128 2891 1259 2961 fides
1279 2899 1392 2946 tua.
1424 2893 1487 2946 Et
1517 2895 1577 2945 tu
1607 2891 1900 2964 atz'quando
1951 2908 2078 2946 con-

429 2999 616 3038 versus
646 2971 912 3038 confirma"
935 2984 1135 3052 fratres
1165 2986 1282 3036 (nos
1309 2982 1459 3052 (Luc.
1507 2997 1644 3047 χχιι,
1681 2982 1791 3052 32).
1843 2981 2080 3053 Oportet

421 3086 570 3144 ergo
602 3085 729 3137 nos,
763 3070 884 3142 qui,
918 3069 1054 3126 licet
1097 3055 1344 3142 indigni,
1379 3069 1529 3125 Petri
1583 3069 2078 3126 sedem'videmus
2167 3123 2174 3130 .

433 3147 666 3229 habere,
701 3173 878 3233 prava
905 3159 1213 3232 corrigere,
1247 3162 1404 3214 recta
1433 3159 1688 3226 firmare,
1735 3164 1791 3215 et
1818 3159 1878 3214 in
1915 3160 2076 3216 omni

430 3247 688 3306 Ecclesia
717 3249 788 3304 ad
821 3250 1015 3304 aeterni
1050 3247 1354 3304 arbitrium
1367 3247 1585 3320 judicis
1610 3247 1694 3304 sic
1716 3249 2081 3321 disponenda

433 3337 760 3412 disponere,
791 3342 858 3394 ut
887 3338 960 3394 de
988 3336 1152 3394 vultu
1183 3337 1314 3409 ejus
1336 3337 1628 3409 judicium
1662 3341 1927 3393 nostrum
1956 3355 2084 3410 pro-

431 3429 584 3496 deat,
615 3427 834 3485 etoculi
865 3426 1294 3484 nostrivideant
1313 3425 1668 3498 aequitatem.
1687 3427 2082 3483 Fraternitatis

417 3519 616 3590 igitur
642 3522 754 3574 tuae
804 3517 981 3589 ju'stis
1036 3515 1418 3589 petitionibus
1468 3532 1755 3585 annuens,
1815 3521 2081 3573 sanctam

433 3607 870 3664 Narbonensem
903 3605 1240 3674 Ecclesiam,
1291 3606 1383 3661 cui
1415 3605 1610 3662 divina
1658 3604 1939 3678 largiente
1966 3605 2078 3662 cle-

433 3697 656 3753 mentia
681 3696 980 3768 praesides,
1011 3693 1450 3766 possidendam,
1485 3694 1818 3767 regendam,
1863 3712 1928 3750 ac
1959 3695 2080 3750 dis-

432 3786 765 3858 ponendam
806 3783 1112 3857 praasentis
1143 3783 1248 3838 tibi
1278 3784 1494 3842 decreti
1537 3783 1750 3856 pagina
1778 3785 2082 3840 confirma-

435 3890 591 3931 mus.
615 3873 734 3928 Nos
747 3873 903 3928 enim
917 3876 971 3926 te
985 3872 1043 3927 in
1061 3872 1445 3930 Nemausensi
1461 3871 1720 3929 Ecclesia
1740 3870 2080 3944 episcopum

433 3961 926 4028 consecravimus,
955 3964 1028 4025 et,
1064 3963 1324 4035 exigente
1343 3959 1712 4027 necessitate,
1736 3961 1805 4015 ad
1840 3966 2002 4016 tuam
2025 3966 2082 4018 te

433 4049 736 4107 transferri
785 4050 1150 4124 metropolim
1186 4069 1291 4124 per
1317 4052 1828 4122 suil‘raganeorum
1856 4048 2082 4107 electio-

435 4155 570 4196 nem
601 4139 964 4214 auctoritatis
993 4145 1205 4198 nostrae
1224 4139 1458 4215 scriptis
1489 4137 1898 4209 permisimus;
1925 4140 2079 4212 quod

435 4227 580 4284 nulli
603 4219 885 4302 deinceps
915 4219 1292 4288 concedimus
1331 4225 1812 4301 permittendum.
1839 4227 1953 4284 llas
1978 4228 2082 4302 igi-

433 4306 817 4376 tur‘civitates
845 4319 1035 4376 eidem
1067 4317 1331 4374 Ecclesiae
1357 4323 1466 4373 tua:
1507 4316 1854 4372 fraternitati
1887 4319 2076 4374 sanci-

435 4425 566 4464 mus
589 4425 717 4464 esse
747 4405 1370 4480 subjectas,Tolosam,
1386 4407 1829 4476 Carcassonam,
1853 4407 2076 4476 Elxam,

433 4497 724 4566 Biterrim,
753 4499 1000 4572 Aydam,
1021 4494 1410 4568 Magalonam,
1435 4495 1810 4569 Nemausam,
1830 4497 2076 4570 Uticem,

432 4587 780 4667 Lugdevem,
801 4587 958 4642 salvo
973 4583 1245 4643 tamenin
1257 4585 1529 4646 omnibus
1561 4586 1719 4643 sedis
1748 4587 2078 4660 apostolicae
2107 4601 2154 4667 D

423 4677 580 4750 jure.
613 4663 894 4732 Pr'eterea
921 4674 1241 4748 primatum
1263 4675 1520 4748 Aquensi
1561 4677 1918 4750 metropolis,
1953 4697 2082 4752 qua:

431 4772 521 4824 est
547 4764 912 4822 Narbonensi
943 4763 1222 4829 secunda,
1251 4768 1308 4820 et
1337 4764 1624 4837 quidquid
1672 4765 1973 4840 dignitatis
1990 4769 2076 4827 vel

429 4853 672 4912 honoris
685 4853 947 4934 eamdem
965 4853 1400 4910 Narbonensem
1425 4854 1744 4910 Ecclesiam
1757 4857 2082 4930 antiquitus

418 4939 870 5026 jure‘habuisse
924 4941 1274 5010 constiterit,
1337 4961 1444 5000 nos
1483 4961 1728 5016 quoque
1781 4949 2080 5017 przrscntis

431 5015 648 5086 decreti
663 5015 884 5110 pagina
911 5031 1327 5088 inconcussum
1359 5036 1416 5088 et
1443 5015 2082 5109 inviolabile—perpetuo

397 5194 402 5200 ρ
429 5133 670 5204 placere
701 5117 1088 5178 decernimus.
1111 5119 1358 5177 Pallium
1381 5126 1573 5178 autem
1605 5122 1952 5180 fraternitati
1970 5131 2084 5182 tuae

431 5208 506 5265 ad
539 5207 858 5268 missarum
883 5213 1114 5266 tantum
1145 5209 1426 5266 solemnia
1455 5210 1803 5268 celebranda
1831 5229 1901 5268 ex
1922 5231 2082 5271 more

431 5297 828 5367 concedimus,
879 5315 996 5371 quo
1040 5297 1100 5355 in
1151 5301 1499 5374 subscriptis
1553 5301 1656 5358 tibi
1709 5301 2080 5360 solummodo

427 5383 630 5444 licebit
662 5387 1054 5456 utidiebus,iu
1086 5390 1493 5464 epiphania,in
1509 5391 1787 5448 omnibus
1811 5390 2080 5448 B.Mariae

427 5467 866 5546 festivitatibus,
932 5478 991 5533 in
1043 5497 1203 5538 coena
1251 5481 1504 5552 Domini,
1537 5481 1597 5535 in
1657 5481 2082 5538 resurrectione

431 5565 918 5624 Dominiduobus
961 5567 1187 5642 diebus,
1237 5571 1293 5630 in
1327 5569 1682 5626 Ascensione
1736 5568 1987 5638 Domini,
2021 5571 2080 5627 in

386 5647 396 5658 ’
432 5659 789 5726 Pentecoste,
821 5656 878 5715 in
929 5658 1228 5719 nativitate
1267 5660 1332 5719 B.
1382 5656 1650 5732 Joannis,
1683 5657 1742 5716 in
1798 5657 2080 5718 natalitiis

2173 934 2228 984 te
2260 929 2708 1001 diligentissime
2740 928 3025 985 convenit.
3061 927 3250 1000 Hujus
3303 927 3461 988 enim
3494 916 3851 983 indumenti

2177 1015 2362 1072 honor
2393 1015 2695 1074 humilitas
2717 1023 2891 1090 atque
2915 1016 3150 1090 justitia
3179 1022 3286 1086 est,
3323 1021 3432 1074 etc.
3705 1081 3710 1086 I

2247 1107 2541 1179 Scriptum
2569 1124 2670 1180 per
2699 1123 2942 1164 manum
2975 1105 3148 1175 Petri,
3184 1101 3476 1162 scriniarii
3529 1105 3694 1162 sacri
3729 1123 3842 1179 pa-

2176 1195 2324 1252 latii.

2249 1285 2457 1340 Datum
2485 1283 2768 1354 Laterani,
2803 1303 2902 1342 vui
2937 1280 3072 1342 Idus
3101 1281 3464 1354 Novembris,
3483 1302 3591 1359 per
3623 1283 3852 1342 manus

2182 1373 2699 1443 Lnnl'ranci,vicem
2719 1373 2946 1447 agentis
2972 1372 3488 1442 cancellarii,anno
3516 1367 3854 1452 Dominicis.|

2183 1462 2606 1519 hicat-nationis
2625 1463 2783 1529 1097,
2815 1462 3134 1520 indictione
3146 1481 3220 1532 vn,
3239 1462 3619 1534 pontificatus
3641 1461 3850 1528 autem

2183 1552 2381 1606 domui
2419 1551 2630 1609 Urbani
2665 1553 2712 1609 ll
2743 1569 2905 1625 papa:
2933 1569 3086 1608 anno
3119 1569 3176 1608 Χ.
3817 1555 3822 1560 “

2882 1659 3126 1714 CCXXV.

2187 1748 2392 1805 Urbani
2418 1748 2464 1803 ΙΙ
2483 1762 2645 1823 papa?
2673 1749 2898 1823 cpistola
2949 1749 3020 1804 ad
3057 1750 3280 1823 Petrum
3323 1745 3567 1823 Gojfreglj
3622 1749 3847 1823 Macn-

2254 1836 2365 1874 sem
2442 1815 2926 1891 ιιἱϊΙὶίθρίέιοομιινη.
2989 1851 3054 1860 -—
3111 1815 3330 1876 Nandat
3384 1815 3442 1874 iit
3495 1815 3846 1880 Νανὸιῖηὲηδι

2255 1892 2676 1962 archiepiscopo,
2713 1894 2974 1961 tanquam
3005 1894 3255 1963 primati,
3287 1894 3654 1948 reverentiam
3683 1893 3848 1950 exiti-

2259 1963 2397 2016 bcal.

2809 2035 2995 2105 (A'nno
3031 2034 3212 2106 1097.)

2410 2123 2499 2193 [D.
2533 2123 2817 2190 Bouous'r,
2849 2123 3083 2180 Recueil.
3116 2127 3158 2179 t.
3193 2123 3338 2188 XIV,
3373 2139 3431 2196 p.
3461 2124 3616 2195 728.]
3817 2176 3824 2182 .

2258 2211 2534 2266 Uneaxos
2568 2211 2899 2284 cpiscopus.
2931 2228 3134 2268 servus
3149 2227 3451 2270 servorum
3483 2213 3608 2280 Dei,
3629 2212 3848 2270 dilecto

2185 2300 2347 2355 fratri
2379 2301 2636 2373 Aquensi
2670 2301 3126 2374 archiepiscopo,
3174 2300 3425 2358 salutem
3475 2306 3534 2358 et
3561 2302 3847 2375 apostoli-

2187 2407 2314 2445 cam
2350 2389 2834 2446 benedictionem.
3733 2409 3738 2412 ·

2259 2479 2464 2534 Frater
2488 2484 2686 2535 noster
2734 2468 3130 2537 Narbonensis
3177 2479 3656 2554 archiepiscopus
3705 2497 3848 2536 con-

2187 2574 2431 2640 questus
2462 2573 2550 2624 est
2572 2585 2746 2640 super
2765 2573 2844 2638 te,
2877 2569 3032 2640 quod
3083 2569 3132 2625 ei
3176 2571 3310 2640 jure
3360 2570 3650 2642 primatus
3701 2569 3848 2625 obe-

2186 2658 2309 2714 dire
2367 2662 2726 2713 contemnas.
2791 2657 3178 2714 Praesentibus
3239 2659 3418 2731 igitur
3466 2657 3680 2716 litteris
3726 2663 3842 2715 tua

2187 2745 2484 2801 dilectioni
2509 2747 2860 2802 mandamus
2905 2752 2972 2802 ut
3018 2747 3380 2804 Narbonensi
3431 2747 3697 2805 Ecclesiae
3747 2765 3838 2804 re-

2187 2835 2503 2890 verentiam
2537 2834 2790 2890 debitam
2851 2835 3150 2908 exsolvas;
3213 2835 3496 2908 alioquin,
3551 2843 3838 2910 tanquam

2187 2923 2514 2996 apostolicae
2537 2924 2692 2980 sedis
2705 2929 3087 2998 contemptor,
3104 2925 3430 2998 apostolica:
3445 2926 3840 2997 sedisjudicio

2187 3013 2316 3084 subj
2327 3013 2540 3070 acehis.

2875 3103 3152 3160 CCXXVI.

2108 3226 2152 3292 C
2194 3192 2828 3292 U’l’ﬁ‘!§f.’£f’3i"0’“
2869 3195 3156 3292 ibi???
3191 3193 3837 3292 €Y?§?Ii€?fff"mf"€"i‘

2260 3267 2802 3340 episcopum.__—-_Ut
2855 3271 3156 3340 Aquam-em
3203 3265 3672 3340 archiepiscopum
3721 3271 3838 3340 pri-

2261 3337 2532 3463 mitiltitsuo
2586 3337 2932 3392 Narbonensi
2974 3337 3644 3410 archiepiscopo’obedire
3692 3337 3838 3396 com-

2257 3423 2325 3480 pc
2373 3425 2448 3463 ιι..

2817 3497 3004 3568 (Anno
3037 3497 3222 3568 4097.)

2407 3587 2497 3659 [Β.
2530 3586 2820 3666 Βουουετ,
2851 3588 3088 3654 Rea-acii,
3122 3591 3164 3642 t.
3199 3588 3346 3654 XIV,
3377 3604 3435 3660 p.
3467 3585 3624 3662 728.]

2263 3675 2304 3732 U
2315 3693 2538 3732 nemus
2550 3677 3088 3749 episcopus,servus
3103 3691 3408 3738 servorum
3424 3677 3840 3750 Dei,venerabi-

2189 3764 2230 3820 li
2260 3765 2850 3838 Huoom,apostolicae
2861 3767 3016 3822 sedis
3031 3766 3244 3822 vicario
3267 3765 3519 3823 salutem
3537 3773 3596 3824 et
3609 3775 3834 3842 aposto-

2189 3853 2362 3909 licam
2393 3854 2876 3911 benedictionem.
3437 3917 3442 3922 ,

2265 3944 2460 3998 Frater
2499 3949 2696 4000 noster
2752 3943 3148 4001 Narbonensis
3180 3945 3661 4020 archiepiscopus
3709 3965 3838 4005 con-

2189 4037 2433 4105 questus
2455 4036 2544 4110 est
2561 4034 2994 4106 superAquensi
3008 4027 3633 4112 archiepiscopo,quod
3653 4038 3702 4093 ei
3712 4039 3837 4111 jure

2190 4119 2478 4194 primatus
2509 4121 2745 4178 obedire
2777 4127 3134 4179 contemnat.
3168 4123 3331 4180 Unde
3357 4125 3714 4183 fraternitati
3734 4133 3836 4184 tua:

2189 4209 2722 4283 prmsentiascripta
2735 4211 3064 4286 dirigimus,
3073 4200 3242 4286 prisci
3251 4213 3477 4286 pientes
3491 4217 3834 4272 uteumdem

2189 4303 2516 4371 Aquensem
2550 4300 3054 4374 archiepiscopum
3094 4301 3268 4373 juxta
3309 4301 3465 4366 sedis
3507 4305 3836 4376 apostolica

2187 4387 2458 4444 instituta
2488 4386 2720 4461 primati
2752 4393 2851 4446 tuo
2883 4389 3117 4446 obedire
3148 4389 3486 4464 compellas.
3526 4391 3688 4450 Vale.

2863 4495 3158 4554 CCXXVII.

2468 4585 2833 4656 Privilcgium
2841 4601 2942 4658 pro
2971 4586 3209 4643 Ecclesia
3241 4587 3511 4644 Verulana
3531 4628 3545 4642 .

2816 4675 3000 4747 (Anno
3033 4675 3216 4745 1097.)

2525 4763 2814 4837 [Ucuean
2843 4765 3004 4820 Italia
3033 4781 3212 4834 sacra,
3244 4765 3286 4832 l,
3319 4765 3503 4838 4390.]

2265 4854 2542 4911 URBANUS
2573 4853 2899 4926 episcopus,
2923 4870 3127 4910 servus
3156 4871 3458 4911 servorum
3492 4856 3616 4923 Dei,
3635 4851 3835 4915 dilecto

2193 4943 2354 5000 fratri
2385 4947 2673 5009 Acasn'ro,
2703 4941 3008 5020 Verulensi
3031 4943 3586 5018 episcopo,ejusque
3613 4963 3833 5004 succes-

2193 5034 2426 5090 soribus
2455 5031 2729 5090 canonice
2761 5031 3278 5090 substituendis'in
3295 5029 3665 5108 perpetuum.

2261 5123 2290 5178 J
2303 5122 2449 5178 ustis
2470 5121 2618 5178 votis
2649 5137 2960 5198 assensum
2990 5123 3268 5195 praebere,
3293 5122 3597 5196 justisque
3620 5119 3836 5198 petitio-

2192 5211 2371 5268 nibus
2402 5227 2573 5268 aures
2605 5197 3046 5267 accom'modare
3079 5228 3184 5267 nos
3217 5211 3504 5281 convenit,
3531 5197 3657 5284 qui,
3709 5211 3836 5270 licet

2191 5300 2439 5374 indigni,
2453 5299 2694 5372 justitiae
2718 5300 2992 5356 custodes
3007 5304 3182 5374 atque
3203 5317 3500 5374 praecones
3529 5301 3589 5356 in
3617 5299 3834 5361 excelsa

2193 5389 2585 5464 apostolorum
2619 5388 2900 5462 principis
2933 5389 3086 5446 Petri
3115 5393 3171 5445 et
3189 5389 3353 5446 Pauli
3385 5389 3626 5462 specula
3645 5388 3832 5470 positi,

2189 5479 2440 5537 Domino
2489 5478 2834 5551 disponente
2878 5478 3148 5536 videmur
3175 5479 3440 5537 existere.
3473 5477 3618 5541 Tuis
3642 5473 3833 5554 igitur,

2191 5565 2439 5624 fraterin
2463 5567 2691 5624 Christo
2723 5565 3068 5624 charissime
3110 5565 3362 5637 Alberte,
3388 5568 3574 5640 justis
3621 5567 3834 5642 petitio-

2194 5658 2369 5717 nibus
2399 5660 2745 5727 annuentes,
2776 5660 2832 5718 Β.
2867 5656 3217 5721 Verulanam
3248 5655 3594 5731 Ecclesiam,
3621 5659 3713 5720 cui
3743 5675 3833 5720 au-
