3928 6208
24 2656 26 2683 γ

58 341 174 435 φτ

1269 333 1676 401 EPliSTOLJE
1716 330 1818 397 ΕΤ
1862 330 2335 397 PRIVILEGIA.

3384 325 3505 395 498

61 484 217 541 ctore
270 473 406 561 Deo
463 470 765 555 praesides,
806 468 1137 551 apostolica
1186 469 1343 530 sedis
1397 468 1739 528 auctoritate
1851 483 2100 541 rumque
2147 478 2554 541 personarum,
2600 458 2752 520 hanc
2801 465 3014 520 nostrae
3067 462 3504 525 constitutionis

62 567 405 628 munimus.
447 563 785 626 Statuimus
815 565 972 623 enim
1022 569 1087 620 ut
1137 577 1520 637 quaecumque
1550 561 1739 617 eidem

63 658 397 717 venerabili
460 656 589 714 loco
637 674 672 712 a
719 654 1079 728 quibuslibet
1125 651 1465 709 hominibus
1515 649 1748 724 proprio

59 751 192 823 jure
213 750 354 821 jam
390 747 619 803 donata
650 749 807 813 sunt,
838 744 923 800 vel
967 743 1027 798 in
1077 743 1341 798 futurum
1375 741 1749 797 concessione

68 837 454 913 pontiﬁcum,
520 832 866 890 liberalitate
912 832 1266 906 principum,
1314 829 1401 886 vel
1457 829 1748 884 oblatione

71 926 361 993 ﬁdelium,
399 925 529 981 Deo
560 923 896 989 miserante,
928 920 1137 977 collata
1166 919 1402 987 fuerint,
1442 920 1613 973 ﬁrma
1643 915 1747 972 tibi

71 1015 307 1088 tuisque
340 1012 802 1070 successoribus
832 1016 890 1067 et
909 1009 1132 1066 illibata
1162 1005 1749 1083 permaneant.Vallis

76 1104 296 1163 scilicet
326 1104 407 1173 de
440 1101 719 1181 Literana
749 1117 882 1156 cum
915 1098 1191 1156 afﬁnibus
1218 1098 1371 1164 suis;
1402 1096 1565 1152 lacus
1615 1112 1750 1149 cum

74 1191 456 1268 pertinentiis
491 1178 976 1258 Suis,Astianum,
1011 1188 1273 1256 Pattena,
1297 1186 1748 1249 Mundezanum,

80 1272 419 1350 Paternum,
457 1277 887 1351 casale,Criptae
917 1276 1202 1342 Anselmi,
1235 1275 1580 1334 Cassianum
1616 1289 1751 1329 cum

75 1388 270 1429 eorum
303 1368 730 1443 pertinentiis;
764 1365 1008 1423 ecclesia
1046 1367 1105 1422 S.
1153 1365 1377 1436 Crucis,
1421 1365 1479 1421 S.
1535 1363 1750 1430 Mariae,

82 1478 199 1535 quae
231 1459 467 1516 dicitur
499 1457 796 1527 Rotunda,
850 1456 909 1512 S.
959 1454 1327 1531 Archangeli,
1355 1459 1411 1509 S.
1459 1452 1649 1509 Mariae
1681 1453 1753 1507 de

85 1538 311 1607 Paretis’
328 1564 476 1604 cum
516 1544 882 1625 pertinentiis
907 1542 1642 1617 suis,Molendinum,quod
1666 1545 1756 1597 est

87 1638 139 1695 in
166 1637 439 1713 Maeona,
477 1651 622 1691 cum
653 1633 1021 1706 pertinentiis
1053 1633 1199 1702 suis,
1229 1631 1473 1689 ecclesia
1523 1632 1578 1688 S.
1625 1632 1756 1686 Ste—

82 1726 276 1799 phani,
312 1728 373 1782 et
404 1726 469 1783 S.
508 1723 630 1779 Viti
660 1740 793 1779 cum
828 1722 1193 1795 pertinentiis
1240 1738 1468 1789 earum,
1510 1719 1756 1777 ecclesia

84 1816 174 1873 SS.
204 1818 434 1871 Cosme:
466 1816 536 1870 et
565 1812 855 1879 Damiani,
889 1828 1023 1869 cum
1073 1810 1440 1883 pertinentiis
1481 1810 1625 1878 suis,
1662 1827 1753 1865 ee-

84 1902 249 1960 clesia
277 1904 337 1963 S.
366 1900 593 1975 Angeli
624 1901 695 1957 de
727 1904 952 1975 Forgna
981 1917 1116 1957 cum
1165 1900 1329 1957 silvis
1359 1904 1417 1955 et
1448 1898 1754 1959 territoriis

86 1992 220 2060 suis,
252 1989 521 2048 ecclesia.
561 1993 617 2045 S.
651 1988 897 2045 Joannis
944 1988 1004 2046 in
1055 1988 1346 2045 territorio
1390 1987 1755 2055 Frusinonis,

87 2068 202 2157 Quae
233 2080 349 2143 sita
379 2083 475 2136 est
502 2078 681 2150 juxta
711 2078 929 2135 ﬂumen
981 2094 1178 2134 casam
1210 2094 1346 2134 cum
1377 2076 1651 2134 omnibus
1683 2078 1755 2133 ad

85 2169 279 2251 ipsum
302 2166 778 2246 pertinentibus.
792 2167 970 2223 Lacus
984 2167 1056 2223 de
1069 2167 1447 2233 Masciano,et
1468 2166 1754 2238 quidquid

89 2259 142 2314 in
168 2252 461 2325 territorio
498 2255 756 2312 Surricis
789 2274 892 2328 per
921 2255 1259 2312 authentica
1280 2255 1615 2312 chartarum
1640 2271 1759 2312 mo-

95 2351 367 2405 numenta
415 2344 618 2417 eidem
668 2344 972 2402 Verulanus
1022 2344 1290 2402 Ecclesiae
1340 2344 1629 2417 pertinere
1658 2361 1754 2400 co-

94 2437 404 2513 gnoscitur.
444 2436 558 2494 Per
608 2434 798 2508 ipsam
847 2434 1046 2507 itaque
1094 2439 1214 2491 tam
1264 2434 1392 2504 tibi,
1425 2450 1602 2507 quam
1637 2434 1754 2490 tuis

97 2523 537 2581 successoribus
572 2521 887 2595 episcopali
912 2523 1048 2594 jure
1077 2522 1332 2596 regenda
1356 2526 1655 2595 perpetuo,
1689 2541 1756 2579 ac

100 2608 454 2687 disponenda
507 2611 911 2677 concedimus,
945 2616 1122 2683 atque
1170 2613 1476 2667 ﬁrmamus
1524 2611 1756 2668 civitate

24 2758 25 2761 η
100 2698 392 2765 Verulana;
446 2717 591 2758 cum
643 2700 918 2757 omnibus
950 2699 1351 2771 adiacentibus
1384 2700 1536 2756 Eccl.
1570 2700 1751 2771 intus,

24 2832 27 2865 ς
102 2789 349 2863 velforis
379 2784 803 2858 Frusinonem,
833 2805 968 2847 sum
1023 2790 1299 2847 omnibus
1343 2789 1487 2846 suis.
1530 2790 1755 2863 Oppida

24 2928 25 2935 η
106 2877 366 2947 Turricis,
400 2876 706 2949 Larnaria,
740 2877 974 2950 Paphen
1016 2895 1149 2935 cum
1199 2878 1458 2934 ecclesiis
1490 2880 1546 2935 S.
1578 2879 1755 2947 Petri,

108 2968 159 3021 et
180 2970 235 3023 8.
266 2967 591 3035 Columbae,
634 2966 1056 3024 monasterium
1102 2967 1159 3023 S.
1209 2966 1507 3039 Sylvestri.
1554 2967 1752 3039 Ripas,

109 3044 381 3130 Castrum:
409 3046 620 3113 monte
648 3044 914 3130 Nigrum,
952 3055 1342 3114 Fabrateriam
1373 3072 1506 3111 cum
1540 3056 1756 3113 ﬁnibus

109 3147 160 3205 et
210 3145 584 3219 pertinentiis
639 3161 863 3211 earum,
923 3148 1345 3220 Ceperannum,
1404 3144 1753 3215 Cannetum,

1807 548 1821 569 ⁵
1856 559 2132 633 paginam
2159 559 2581 626 sciens,eontra
2611 571 2739 610 eam
2762 557 2978 611 temere
3007 552 3203 610 venire
3233 571 3508 626 praesum-

1852 649 2057 724 pserit,
2091 646 2392 720 potestatis
2425 645 2779 717 honorisque
2826 644 2918 700 sui
2969 643 3253 729 dignitate
3294 649 3507 713 careat,

1857 754 2143 811 reumque
2174 753 2237 792 se
2265 737 2460 793 divino
2491 734 2716 807 judicio
2765 734 3009 790 existere
3059 734 3130 789 de
3180 736 3512 806 perpetrata

1858 828 2172 900 iniquitate
2222 830 2557 898 cognoscat,
2591 829 2647 878 et
2696 822 2806 877 nisi
2856 838 2923 878 ea
2976 840 3100 897 quin
3133 823 3204 877 ab
3245 820 3345 879 illo
3378 824 3517 891 sunt

1860 917 2011 973 male
2043 916 2256 981 ablata,
2284 913 2713 981 restituerit,vel
2745 913 2921 985 digna
2944 912 3286 984 pcenitentia
3316 900 3515 968 illicite

1860 1012 1990 1063 acta
2019 1005 2332 1073 deﬁeverit,
2366 1022 2399 1060 a
2431 1002 2830 1059 sacratissimo
2862 1018 3099 1074 corpore
3130 1006 3186 1058 et
3226 1002 3515 1074 sanguine

1862 1096 1959 1151 Dei
1974 1113 2040 1151 ac
2058 1094 2288 1150 Domini
2309 1092 2694 1166 redemptoris
2707 1092 2888 1147 nostri
2903 1092 3041 1149 Jesu
3056 1090 3271 1147 Christi
3288 1091 3513 1148 alienus

1860 1186 1981 1253 ﬁat,
2032 1189 2206 1256 atque
2248 1183 2307 1237 in
2360 1187 2615 1238 extremo
2664 1182 2929 1237 examine
2978 1181 3254 1238 districtos
3304 1166 3511 1237 ultioni

1862 1274 2178 1345 subjaeeat.
2208 1272 2445 1328 Cunctis
2470 1277 2663 1327 autem
2695 1270 2884 1326 eidem
2917 1270 3040 1326 loco
3066 1271 3227 1351 justa
3276 1280 3509 1326 servan-

1860 1364 2040 1429 tibus,
2075 1362 2150 1417 sit
2182 1379 2293 1435 pax
2325 1366 2386 1418 D.
2421 1363 2485 1416 N.
2520 1362 2570 1417 J.
2608 1362 2692 1427 (3.,
2718 1358 3010 1441 quatenus
3043 1365 3098 1416 et
3128 1359 3222 1416 hic
3253 1360 3509 1443 fructum

1860 1455 2025 1509 bonze
2054 1452 2320 1519 actionis,
2358 1450 2700 1524 percipiant,
2733 1456 2791 1508 et
2822 1451 2975 1522 apud
3006 1449 3517 1527 districtuﬁmjudi-

1861 1559 1986 1598 cem
2019 1541 2258 1614 praemia
2287 1545 2511 1596 aeternae
2543 1540 2703 1612 pacis
2734 1539 3047 1595 inveniant.
3082 1540 3287 1608 Amen,
3321 1556 3515 1607 amen,

1864 1648 2055 1687 amen.

1934 1720 2231 1793 Scriptum
2262 1719 2491 1785 Albani,
2515 1722 2571 1774 et
2601 1719 2803 1775 datum
2836 1734 2939 1791 per
2969 1735 3211 1774 manum
3244 1718 3519 1774 Lanfran-

1864 1809 1913 1864 ci
1943 1809 2097 1867 vices
2119 1808 2372 1884 gerentis
2411 1808 2764 1879 cancellarii,
2799 1826 2951 1865 anno
2980 1807 3209 1864 Domini
3241 1808 3399 1875 1097,
3434 1808 3517 1863 in-

1865 1898 2117 1955 dictione
2149 1903 2331 1969 sexta,
2364 1898 2584 1954 domini
2617 1898 2834 1954 Urbani
2865 1897 2913 1954 ll
2942 1916 3101 1972 papae
3133 1915 3284 1955 anno
3315 1916 3370 1953 χ.

2524 2014 2855 2071 CCXXVIII.

1870 2105 2114 2162 Urbanus
2145 2106 2191 2160 II
2212 2104 2454 2159 ecclesiis
2482 2103 2539 2159 S.
2569 2103 2752 2159 Maria:
2778 2105 3112 2161 Buronensz's
3129 2106 3517 2175 protectionem

1934 2177 2158 2247 suscipit
2171 2197 2189 2243 ,-
2222 2176 2361 2230 hona
2402 2176 2704 2244 conﬁrmat,
2734 2176 3032 2247 privilegia
3078 2177 3378 2242 constituit,
3412 2176 3515 2229 im-

1929 2250 2105 2320 posito
2134 2247 2400 2319 fratribus
2425 2247 2658 2301 bitavnlii
2688 2249 2847 2302 aurei
2871 2263 3036 2302 censu
3065 2262 3266 2331 annuo.

2491 2336 2677 2407 (Anno
2710 2335 2894 2408 1097.)

1864 2426 2114 2491 PETRUS,
2148 2426 2347 2481 Suevia
2378 2426 2763 2496 ecclesiastica.
2818 2426 3092 2496 Augusta:
3144 2428 3202 2480 et
3246 2421 3512 2496 Dillingm

2346 2498 2507 2565 1699,
2540 2494 2757 2566 in-fol.,
2789 2514 2844 2568 p.
2878 2494 3029 2565 212.)
3220 2496 3225 2501 ’

1935 2615 2211 2670 υηΒΑΝυε
2242 2613 2572 2687 episcopus,
2606 2629 2808 2668 servus
2840 2629 3155 2691 servorum.
3177 2611 3512 2680 Dei,dilecto

1866 2702 1983 2759 ﬁlio
2013 2703 2351 2759 Bsn'ruowo
2385 2701 2718 2774 praeposito,
2749 2702 2993 2772 ejusque
3024 2700 3300 2773 fratribus
3330 2700 3388 2756 in
3419 2718 3514 2758 ec-

1864 2791 2042 2848 clesia
2070 2791 2161 2847 cui
2196 2789 2543 2847 vocabulum
2593 2795 2682 2845 est
2727 2790 2789 2846 Β.
2824 2788 3082 2859 Martini,
3135 2780 3510 2863 quasconée-

1863 2882 2081 2937 eranda
2107 2885 2195 2936 est
2244 2880 2301 2935 in
2347 2879 2630 2936 honorem
2662 2878 2726 2936 B.
2758 2879 2951 2937 Marias
2981 2876 3260 2954 Virginis,
3294 2879 3354 2936 in
3385 2878 3508 2937 loco

1865 2970 1963 3045 qui
1995 2970 2188 3025 Buron
2221 2970 2452 3039 dicitur,
2483 2970 2637 3024 inter
2664 2969 2810 3025 duos
2836 2972 3091 3037 montes,
3114 2986 3291 3043 super
3318 2968 3508 3042 ripam

1865 3058 2127 3115 fluminis
2160 3058 2429 3123 Danubii,
2462 3059 2520 3113 in
2552 3057 2845 3112 territorio
2877 3054 3508 3124 Constantiensi,cano-

1864 3149 2052 3203 uicani
2087 3147 2265 3202 vitam
2297 3146 2596 3220 professis,
2631 3162 2949 3219 eorumque
2983 3147 3422 3204 successoribus
3452 3146 3515 3202 in

111 3228 410 3305 Castellum
470 3251 716 3300 novum,
774 3233 1337 3307 Strangulagallum,
1406 3234 1755 3306 Carpenum,
1789 3222 1831 3289 C
1870 3240 2237 3309 perpetuum.

24 3346 33 3367 ε
114 3319 351 3401 Montem
384 3326 444 3381 S.
479 3320 754 3390 Joannis,
786 3340 921 3380 cum
951 3324 1219 3397 ejusdem
1252 3324 1510 3381 nominis
1558 3341 1759 3380 mona-

115 3410 568 3471 sterio.Ecclesia
595 3410 654 3468 S.
688 3413 837 3468 Petri
871 3412 941 3468 de
970 3412 1246 3482 Arenula,
1277 3419 1332 3468 ὃ.
1369 3413 1763 3481 Pudentianm,

118 3497 404 3558 Babucuin
456 3518 599 3558 cum
650 3501 926 3557 omnibus
973 3501 1234 3558 ecclesiis
1284 3502 1473 3557 eidem
1527 3502 1764 3558 castello

120 3587 948 3663 adjacentibus.Duoprasterea
962 3591 1373 3668 canonicorum
1391 3592 1765 3660 monasteria;

23 3674 34 3712 ῖ
118 3691 290 3733 unum
320 3679 597 3736 videlicet
624 3679 683 3736 S.
719 3678 1072 3745 Paterniani,
1109 3678 1356 3734 alterum
1402 3683 1458 3734 S.
1493 3678 1647 3734 Petri
1697 3681 1770 3736 de

24 3768 27 3799 ί
120 3763 650 3839 Ganneto.Ecclesia
673 3767 981 3825 S.Joannis
1004 3767 1060 3823 in
1087 3768 1408 3840 Ceperano,
1433 3771 1487 3823 et
1508 3769 1769 3841 S.Magni

122 3866 245 3908 cum
277 3858 555 3915 omnibus
589 3855 739 3915 aliis.
772 3856 1030 3913 Ecclesia
1061 3858 1119 3913 S.
1154 3856 1447 3915 Benedicti
1468 3857 1640 3923 inter
1668 3862 1768 3913 Ca-

24 3943 37 3979 l
125 3943 321 4009 strum,
355 3949 411 4001 rt
441 3948 704 4002 montem
738 3945 982 4018 Nigrum
1014 3944 1126 4000 sita
1156 3961 1288 4000 cum
1339 3945 1465 4001 suis
1496 3944 1772 4002 omnibus

24 4032 39 4069 ῖ
127 4030 496 4099 pertinentiis.
536 4034 790 4090 Ecclesia
820 4035 879 4091 S.
915 4034 1114 4106 Angeli
1164 4035 1234 4089 de
1287 4034 1589 4101 Meruleta,
1621 4039 1679 4090 et
1710 4034 1768 4090 S.

23 4122 53 4183 ε,
130 4118 394 4189 Stephani
426 4139 564 4177 cum
591 4122 865 4179 omnibus
898 4122 1048 4189 aliis,
1082 4128 1217 4188 tuae,
1250 4127 1606 4195 tuorumque
1637 4140 1773 4178 suc-

24 4194 49 4250 ᾖ.

134 4218 414 4266 cessorum
447 4211 817 4284 dispositioni
854 4215 1130 4285 perpetuo
1163 4212 1403 4267 subesse
1452 4212 1772 4267 sancimus.

24 4316 58 4357 ν’»
135 4291 191 4373 In
223 4300 571 4356 monasterio
603 4300 1208 4373 monachorum,quod
1241 4300 1454 4357 dicitur
1484 4301 1775 4357 SS.Joan-

23 4850 43 4890 ἰς

24 4922 62 4979 Lt‘

141 4379 224 4477 nis
236 4384 781 4477 etPauli,quidquid
794 4389 867 4444 ad
890 4372 1197 4460 antiquum
1220 4388 1496 4444 Verulani
1518 4390 1776 4462 episcopi

131 4475 224 4536 Jus
253 4475 526 4532 canonice
556 4477 1131 4550 pertinet,integrum
1164 4476 1326 4533 vobis
1348 4483 1626 4549 perpetuo
1657 4494 1777 4533 ser-

1945 3326 2108 3381 Sicut
2138 3322 2559 3379 irrationabilia
2588 3322 2966 3395 poscentibus
2997 3324 3194 3396 negari
3221 3324 3391 3381 debet
3433 3342 3523 3405 as;

1875 3430 2110 3481 sensus,
2141 3414 2224 3468 sic
2247 3414 2411 3485 justa
2442 3411 2767 3484 petentium
2798 3410 2945 3468 votis
2973 3411 3232 3485 benigna
3263 3412 3526 3468 assensio

1876 3520 2235 3560 concurrere.
2291 3502 2431 3557 Tuis
2483 3500 2680 3573 igitur,
2717 3499 2797 3555 lili
2846 3498 3260 3573 Bertholdelin
3303 3500 3528 3561 Christo

1876 3590 2425 3662 charissime,justis
2457 3588 2837 3662 petitionibus
2868 3589 3528 3657 annuentes,ecclesiam

1876 3681 1977 3737 Dei
2002 3679 2312 3737 Genitricis
2334 3684 2391 3735 et
2413 3694 2644 3754 semper
2668 3677 2924 3750 Virginis
2946 3666 3348 3751 Marize,quam
3371 3677 3530 3769 ﬁlius

1879 3775 2075 3826 noster
2104 3768 2447 3842 Peregrinus
2478 3768 2536 3823 in
2571 3766 2802 3839 proprio
2828 3766 3007 3823 fundo
3036 3766 3434 3824 constructam
3464 3767 3527 3824 B.

1880 3861 2046 3915 Petro
2081 3861 2326 3930 ejusque
2356 3875 2531 3914 sacrae
2565 3858 2837 3912 Romanae
2869 3856 3132 3913 Ecclesiae
3154 3857 3213 3913 in
3249 3856 3531 3913 allodium

1882 3947 2183 4020 proprium
2220 3945 2448 4014 obtulit,
2499 3946 2591 4001 cui
2642 3949 2875 4001 auctore
2923 3946 3039 4001 Deo
3091 3946 3387 4019 praesides,
3423 3947 3533 4003 sub

1883 4036 2211 4109 apostolicae
2245 4037 2400 4092 sedis
2450 4034 2806 4110 proiectione
2855 4034 3182 4107 specialiter
3226 4036 3535 4100 confoven-

1884 4118 2040 4193 dam,
2076 4130 2353 4197 tanquam
2379 4126 2482 4197 jus
2506 4125 2807 4197 proprium
2836 4125 3218 4196 suscipimus,
3250 4129 3307 4181 et
3338 4130 3538 4181 contra

1886 4232 2195 4288 pravorum
2227 4214 2490 4270 omnium
2542 4213 2864 4285 nequitiam
2911 4213 3273 4269 auctoritatis
3315 4215 3443 4286 ejus
3481 4218 3539 4270 et

1886 4308 2099 4360 nostra:
2131 4303 2431 4376 privilegio
2462 4301 3208 4358 communimnsPraasenti
3231 4301 3426 4372 itaque
3446 4303 3541 4357 de-

1888 4398 2043 4449 creto
2070 4394 2391 4448 statuimus
2406 4396 2845 4464 utquaecunque
2876 4390 3048 4446 hodie
3077 4389 3543 4459 vestra_ecclesia

1881 4484 2040 4553 juste
2074 4480 2487 4553 possidet,sive
2516 4481 2574 4534 in
2608 4481 2870 4534 futurum
2903 4478 3275 4549 concessione
3294 4478 3540 4550 pontiﬁ-

137 4557 249 4611 vari
278 4565 773 4634 censemus,salva
802 4566 1082 4621 nimirum
1118 4571 1328 4621 nostrae
1358 4566 1490 4622 8.3.
1514 4564 1778 4621 Ecclesiae
1813 4596 1861 4657 υ
1892 4586 2045 4634 cum,
2076 4568 2415 4623 liberalitate
2447 4567 2779 4640 principum
2812 4567 2898 4624 vel
2931 4565 3222 4624 oblatione
3254 4564 3537 4642 ﬁdelium,

140 4652 693 4710 reverentia.Adhaac
720 4671 822 4727 per
844 4654 1150 4727 praesentis
1174 4654 1457 4727 privilegii
1482 4655 1778 4727 paginam,
1814 4652 1849 4671 τ
1885 4661 2044 4730 juste
2075 4664 2249 4730 atque
2281 4658 2556 4712 canonice
2607 4656 2819 4728 poterit
2866 4656 3132 4730 adipisci,
3167 4652 3338 4735 ﬁrma
3376 4656 3542 4712 vobis

141 4737 448 4801 apostolica
477 4742 818 4799 auctoritate
849 4744 1244 4812 decernimus,
1280 4747 1344 4798 ut
1369 4743 1511 4799 nulli
1543 4744 1782 4799 omnino

139 4816 436 4882 hominum
464 4827 636 4887 liceat
664 4832 932 4888 eamdem
963 4830 1279 4888 Ecclesiam
1304 4837 1521 4889 temere
1551 4838 1781 4905 pertur-

140 4904 291 5005 bare,
315 4919 417 4970 aut
435 4917 562 4988 ejus
587 4921 1021 4991 possessionem
1052 4912 1413 4990 auferre,aut
1440 4904 1781 4992 subicujus-

141 4991 276 5053 libet
303 5015 492 5058 causa:
520 5007 910 5067 occasionisve
954 5009 1146 5082 specie
1190 5015 1475 5078 minuere,
1507 5009 1626 5066 sive
1655 4991 1782 5065 suis

24 5108 52 5153 ξ,
143 5084 344 5144 usibus
372 5091 682 5165 applicare,
712 5098 801 5165 vel
832 5098 961 5156 aliis
994 5098 1165 5170 quasi
1196 5099 1311 5171 piis
1340 5099 1412 5156 de
1452 5099 1649 5155 causis
1679 5115 1782 5171 pro

146 5185 258 5229 sum
315 5179 565 5247 avaritias
614 5187 982 5251 excusatione
1044 5184 1386 5256 Concedere;
1436 5186 1539 5243 sed
1587 5187 1784 5243 omnia

24 5278 56 5333 gs
88 5353 96 5359 ‘
146 5257 359 5359 intcgrc
386 5279 820 5343 conserventur,
844 5281 965 5333 tam
995 5276 1208 5332 vestris
1228 5293 1407 5348 quam
1438 5275 1781 5332 clericorum

23 5379 56 5425 εὖ

241 5366 553 5428 Ραμρθτιιῐη
586 5362 792 5420 usibus
823 5364 1178 5421 omnimodis
1208 5365 1529 5437 profutura.
1562 5364 1619 5418 Si
1651 5364 1783 5436 quis

24 5464 71 5535 ti.
150 5433 323 5507 ἰδίων
346 5451 714 5509 sacerdotum
745 5455 845 5509 aut
872 5433 1786 5525 clericorum_,imperatorum—aut

24 5542 61 5602 ξέν’
155 5539 366 5605 νθειιω,
392 5537 721 5612 principum
749 5546 851 5598 aut
880 5538 1120 5610 ducum,
1154 5534 1461 5611 comitum,
1482 5543 1783 5598 vicecomi-

24 5644 62 5695 ut
156 5630 295 5695 tum,
320 5621 608 5698 indicum,
638 5628 727 5686 vel
757 5628 1151 5701 quarumlibet
1178 5646 1526 5702 magnarum
1576 5647 1783 5702 parva-

1892 4745 2216 4817 vestrisque
2247 4744 2683 4800 successoribus
2728 4748 2785 4800 et
2816 4744 3040 4800 illibata
3071 4745 3180 4800 sub
3213 4744 3542 4819 apostolica:

1892 4835 2050 4891 sedis
2083 4851 2313 4906 semper
2331 4832 2513 4888 tutela
2544 4826 3029 4905 permaneant;ad
3052 4833 3172 4888 haec
3203 4832 3546 4905 adjicientes

1892 4923 2193 4980 sancimus
2225 4928 2289 4978 ut
2317 4921 2537 4977 nemini
2570 4922 2721 4976 inter
2749 4939 2850 4977 vos
2878 4912 3242 4994 professione
3288 4918 3549 4982 exhibita

1891 5012 2192 5087 proprium
2226 5012 2367 5084 quid
2399 5010 2746 5077 habere,nec
2777 5010 2903 5067 sine
2930 5016 3053 5079 tua,
3084 5012 3164 5066 ﬁli
3202 5000 3551 5071 chariSsime

1892 5100 2309 5168 Bertholde,vel
2341 5116 2543 5155 eorum
2576 5099 2675 5171 qui
2700 5096 2983 5172 potestate
3010 5099 3070 5155 in
3093 5101 3297 5158 eodem
3321 5102 3554 5177 regimi.

1892 5208 1964 5248 ne
1995 5189 2406 5256 successerint,
2441 5191 2544 5244 aut
2573 5188 2700 5244 sine
2731 5189 3034 5245 communi
3079 5190 3551 5265 congregationis

1890 5268 2126 5335 licentia
2157 5279 2226 5334 de
2257 5277 2511 5333 claustro
2539 5277 2836 5334 discedere
2860 5268 3130 5333 'liberum
3164 5277 3279 5345 ‘sit;
3313 5280 3467 5351 quod
3499 5282 3549 5337 si

1891 5368 2246 5436 discesserit,
2262 5371 2317 5423 et
2347 5366 2742 5423 commonitus
2775 5366 2962 5423 redire
2994 5358 3546 5441 contempserit,tibi

1890 5457 2126 5528 tuisque
2157 5455 2594 5513 successoribus
2618 5455 2861 5512 facultas
2885 5456 2963 5511 sit
2984 5454 3034 5526 ej
3045 5448 3275 5510 usmbdi
3300 5455 3547 5512 ubilibet

1892 5565 1925 5603 a
1956 5545 2081 5602 suis
2113 5545 2321 5601 ofﬁciis
2351 5536 2727 5613 interdicere;
2760 5544 3134 5600 interdictum
3154 5556 3289 5598 vero
3322 5543 3541 5600 nullius

1892 5636 2302 5708 episcoporum
2335 5634 2684 5709 abbatumve
2728 5650 2830 5689 seu
2873 5629 3316 5704 praepositorum
3350 5632 3544 5691 susci-
