3928 6208
118 317 248 385 501
1339 317 1746 386 ΕΡΙεΤΟΙιᾸέ

1985 317 2406 387 RIVILEGIA.
3449 326 3568 394 502

129 441 423 532 devotius
455 452 862 533 prosequaris.
897 453 1059 525 Quod
1113 470 1246 515 vero
1308 455 1477 514 nobis
1526 454 1814 531 legatione
1840 440 1899 523 Α
1928 456 2098 532 cujus
2127 455 2358 517 dioecesi
2388 454 2528 519 estis
2565 454 2883 535 accipietis,
2907 456 3198 535 siquidem
3228 463 3477 539 gratiam
3508 468 3567 523 et

136 545 423 621 petitoris
461 547 925 622 suggessisti,de
957 548 1345 605 construendo
1368 546 1632 604 videlicet
1661 547 1814 603 circa

142 652 364 693 novam
376 635 692 694 ecclesiam
705 636 971 693 eceuobiii
983 637 1161 694 vestri
1174 636 1494 710 cimeterio,
1518 637 1810 711 siquidem

140 727 442 784 fratribus
474 726 836 783 laboriosum
864 731 921 784 et
951 726 1212 800 religioni
1245 728 1603 784 contrarium
1623 731 1813 791 est,ut

138 815 472 890 scripsisti,
503 817 579 872 ad
612 816 822 873 veteris
851 815 1108 872 ecclesiae
1140 815 1357 885 locum,
1383 816 1521 889 quia
1579 816 1811 889 longius

136 907 263 962 sita
285 910 402 973 est,
428 906 681 962 fratrum
709 906 913 961 funera
935 906 1259 979 deportare,
1283 923 1392 962 nos
1431 906 1810 980 praesentium

136 995 493 1051 litterarum
527 995 872 1051 auctoritate
904 996 1299 1052 concedimus.

216 1085 377 1141 Data
407 1083 680 1141 Laterani
703 1100 780 1140 vn
812 1084 933 1141 Kal.
963 1083 1202 1157 Aprilis,
1234 1101 1387 1140 anno
1419 1085 1492 1140 ab
1543 1085 1812 1141 Incarua-

98 1213 105 1217 ς
132 1175 313 1231 tione
348 1172 601 1240 Domini,
626 1174 951 1229 secundum
973 1172 1338 1245 Dionysium,
1365 1172 1676 1230 millesimo
1708 1191 1809 1231 no-

135 1262 462 1337 nagesimo
474 1266 698 1328 octavo,
714 1263 1040 1319 secundum
1054 1278 1187 1318 vero
1200 1261 1502 1318 certiorem
1520 1263 1810 1336 Evangelii

135 1352 566 1426 probationem
597 1351 909 1409 millesimo
940 1350 1257 1409 centesimo
1290 1352 1564 1408 vicesimo
1596 1354 1807 1425 primo,

134 1440 474 1498 indictione
502 1458 581 1509 γι,
614 1444 818 1513 epaeta
845 1458 938 1511 xv,
970 1445 1351 1497 concurrente
1378 1458 1451 1496 ῐν.

804 1529 1135 1585 CCXXXIII.

217 1620 439 1678 Urbani
464 1620 516 1675 Il
536 1635 693 1691 papae
724 1620 876 1675 bulla
898 1635 1000 1691 pro
1029 1620 1355 1675 monasterio
1388 1619 1759 1689 Wiblingensi.

786 1709 974 1781 (Auno
1004 1707 1190 1777 4098.)

288 1800 383 1871 [1).
420 1799 708 1865 Genesar,
743 1800 982 1855 Historia
1010 1798 1405 1868 Nigrae-Silva,
1438 1798 1537 1864 IlI,
1568 1799 1683 1870 34.]

223 1889 505 1945 [insanus
533 1888 865 1961 episcopus,
889 1904 1090 1944 servus
1125 1903 1427 1944 servorum
1454 1886 1578 1958 Dei,
1603 1886 1812 1943 dilecto

133 1978 270 2034 filio
304 1982 624 2044 Wsaxsao,
656 1976 855 2033 abbati
898 1976 1243 2033 monasterii
1275 1980 1331 2031 S.
1367 1976 1624 2044 Martini,
1656 1977 1813 2049 quod

138 2067 492 2141 Wibliugeu
513 2066 753 2131 dicitur,
771 2066 1037 2137 ejusdem
1055 2065 1494 2122 successoribus
1525 2064 1806 2137 regulari-

142 2162 241 2213 ter
273 2155 696 2229 promovendis
724 2154 781 2209 in
806 2159 1173 2226 perpetuum.

216 2244 540 2319 Religiosis
569 2242 871 2300 desideriis
902 2243 1153 2314 dignum
1182 2246 1272 2298 est
1301 2242 1535 2298 facilem
1554 2244 1814 2315 praebere

147 2350 540 2401 consensum,
577 2337 643 2388 ut
699 2331 886 2388 ﬁdelis
945 2330 1172 2387 devotio
1232 2332 1479 2388 celerem
1533 2332 1819 2387 sortiatur

148 2426 454 2481 effectum.
484 2422 630 2489 Quia
679 2421 859 2494 igitur
888 2422 1155 2488 Romanis
1186 2420 1453 2477 Eccieslze
1502 2420 1606 2477 lilii
1649 2421 1813 2477 Hart-

154 2529 421 2569 manuus
447 2527 642 2567 comes
670 2514 729 2565 et
765 2508 911 2565 Otho
933 2509 1109 2565 frater
1131 2509 1258 2581 ejus
1296 2508 1357 2563 Β.
1383 2507 1615 2565 Martini
1636 2507 1813 2564 eccle-

150 2602 311 2657 siam
345 2601 405 2656 in
436 2599 562 2656 loco
594 2597 695 2669 qui
723 2597 940 2653 dicitur
970 2596 1297 2667 Wibliugen
1324 2597 1450 2651 suis
1475 2584 1813 2669 sumptibus

153 2690 507 2747 sdiﬁcatam
558 2692 621 2742 B.
652 2687 818 2742 Petro
848 2690 906 2742 et
932 2690 987 2740 b‘.
1013 2686 1136 2742 sedi
1197 2686 1526 2758 apostolica:
1559 2685 1809 2743 tradide-

152 2782 298 2833 runt
316 2794 447 2833 eam
472 2776 649 2847 iujus
697 2778 756 2830 et
780 2774 1024 2830 tutelam
1057 2774 1445 2846 suscipientes
1477 2774 1808 2846 apostolica}

155 2864 552 2930 auctoritatis,
603 2862 906 2936 privilegio
970 2864 1432 2925 commuuimus,
1485 2867 1808 2920 statuentes

152 2961 222 3012 ut
262 2970 625 3028 quiscunque
682 2952 918 3024 praedia,
963 2968 1327 3023 quaecunque
1358 2952 1529 3019 dona,
1564 2957 1684 3008 tam
1741 2969 1810 3009 ex

152 3045 425 3118 ipsorum
477 3042 725 3098 fratrum
786 3041 1116 3114 largitione,
1151 3057 1328 3113 quam
1360 3058 1429 3097 ex
1467 3042 1804 3098 devotorum

154 3132 423 3189 ﬁdelium
442 3130 735 3187 oblatione
757 3130 1094 3201 supradicta
1108 3131 1167 3185 Β.
1185 3128 1417 3185 Martini
1441 3129 1684 3185 ecclesia
1700 3130 1802 3185 im-

1921 550 2396 608 communionem
2453 550 2782 625 apostolica:
2843 551 2999 609 sedis
3033 552 3323 624 habuerit,
3357 555 3466 613 etsi
3500 571 3569 613 ea

1921 640 2204 711 gratis,ac
2237 640 2362 697 sine
2382 642 2665 714 pravitate
2701 641 2949 698 voluerit
2979 642 3271 713 exhibere,
3306 643 3569 717 alioquin

1920 727 2087 785 liceat
2137 729 2301 786 vobis
2360 731 2737 797 catholicum,
2792 748 2967 803 quem
3025 731 3373 799 malueritis,
3410 734 3573 791 adire

1919 819 2266 884 antistitem,
2299 823 2358 875 et
2414 821 2485 875 ab
2517 837 2583 876 eo
2637 820 3144 877 consecrationum
3199 829 3573 880 sacramenta

1920 907 2236 981 suscipere,
2270 909 2368 980 qui
2401 908 2730 981 apostolicae
2758 910 2914 966 sedis
2959 910 3147 967 fultus
3197 912 3567 980 auctoritate,

1922 997 2075 1069 quod
2096 998 2446 1069 postulatur,
2479 997 2796 1071 indulgeat.
2831 999 3095 1056 Obeuute
3127 1004 3182 1056 te
3233 1017 3389 1057 nunc
3436 1003 3567 1074 ejus

1872 1146 1877 1151 ,
1920 1086 2272 1156 lociabbate,
2288 1086 2376 1143 vel
2396 1090 2630 1142 tuorum
2650 1087 3349 1160 quolibetsuccessorum,
3368 1090 3567 1148 nullus

1922 1176 1999 1232 ibi
2040 1175 2706 1249 qualibetsubreptiouis
2731 1177 2949 1233 astutia
2970 1195 3073 1234 seu
3104 1178 3381 1235 violentia
3412 1198 3561 1251 pra:-

1922 1270 2193 1338 pouatur,
2229 1264 2340 1320 nisi
2368 1281 2542 1336 quem
2574 1265 2779 1321 fratres
2812 1267 3109 1322 communi
3138 1284 3450 1336 consensu,
3474 1268 3564 1324 vel

1921 1353 2166 1409 fratrum
2191 1370 2325 1425 pars
2347 1353 2574 1409 consilii
2618 1353 2868 1411 sanioris
2895 1345 3224 1411 secundum
3256 1356 3357 1412 Dei
3392 1357 3563 1412 timo-

1922 1458 2066 1509 rem,
2089 1446 2143 1498 et
2166 1442 2231 1497 D.
2256 1441 2547 1498 Benedicti
2574 1441 2834 1514 regulam
2862 1441 3161 1513 elegerint.
3178 1444 3263 1498 Ad
3269 1443 3564 1515 judicium

1922 1536 2118 1587 autem
2164 1535 2443 1603 perceptae
2475 1547 2509 1586 a
2540 1530 2803 1586 Romana
2857 1530 3112 1586 Ecclesia
3143 1530 3432 1589 libertatis
3472 1534 3565 1588 Bi-

1922 1621 2181 1677 zantium
2205 1636 2447 1676 aureum
2470 1619 2721 1692 singulis
2743 1620 2914 1675 annis
2937 1620 3313 1676 Lateraueusi
3348 1620 3564 1695 palatio

1924 1708 2286 1783 persolvetis.

1842 1831 1890 1896 Β
1995 1800 2054 1857 Si
2087 1817 2205 1872 qua
2234 1799 2414 1872 igitur
2444 1797 2838 1855 ecclesiastica
2893 1798 3259 1855 saecularisve
3315 1816 3567 1872 persona

1925 1890 2075 1946 hanc
2106 1894 2315 1944 nostrae
2356 1887 2787 1943 constitutionis
2817 1886 3091 1959 paginam
3122 1889 3334 1955 sciens,
3367 1893 3568 1945 contra

1922 1994 2050 2035 eam
2099 1982 2315 2034 temere
2372 1975 2570 2031 venire
2630 1977 2953 2044 tentaverit,
3015 1978 3269 2033 secundo
3328 1979 3567 2035 tertiove

1923 2066 2297 2130 commonita,
2315 2065 2362 2119 si
2389 2080 2449 2120 se
2467 2082 2577 2120 non
2601 2065 3000 2121 satisfactione
3016 2082 3273 2138 congrua
3297 2068 3568 2123 emenda-

1923 2156 2086 2221 verit,
2119 2154 2424 2228 potestatis
2483 2153 2837 2227 honorisque
2892 2154 2982 2209 sui
3042 2154 3321 2227 dignitate
3351 2158 3564 2227 careat,

1924 2260 2202 2315 reamque
2260 2260 2320 2299 se
2352 2243 2548 2297 divino
2574 2242 2799 2314 judicio
2835 2242 3083 2299 existere
3138 2244 3209 2298 de
3238 2247 3570 2315 perpetrata

1924 2332 2230 2405 iniquitate
2259 2336 2593 2405 cognoscat,
2623 2336 2681 2385 et
2711 2348 2745 2386 a
2775 2330 3171 2387 saeratissimo
3203 2346 3442 2402 corpore
3503 2346 3569 2386 ac

1924 2423 2211 2495 sanguine
2245 2421 2338 2476 Dei
2365 2425 2421 2475 et
2453 2420 2684 2475 Domini
2742 2419 3129 2491 redemptoris
3186 2419 3372 2475 nostri
3431 2419 3573 2475 Jesu

1922 2510 2137 2567 Christi
2159 2509 2353 2566 aliena
2375 2511 2682 2581 ﬁat,atque
2706 2508 2764 2563 iu
2791 2506 3035 2563 extremi
3061 2507 3268 2579 judicii
3304 2507 3570 2565 examine

1923 2600 2197 2656 dlStl‘ICItB
2256 2598 2461 2654 ultioni
2513 2598 2831 2669 subjuceat.
2867 2597 3105 2652 Cunctis
3154 2601 3347 2653 autem
3378 2596 3571 2653 eidem'

1919 2689 2045 2745 loco
2060 2689 2223 2759 justa
2258 2686 2644 2751 servantibus,
2674 2685 2750 2741 sit
2780 2702 2892 2759 pax
2922 2684 3151 2741 Domini
3208 2686 3388 2741 nostri
3419 2686 3563 2741 Jesu

1918 2778 2154 2845 Christi,
2180 2783 2472 2849 quatenus
2519 2778 2576 2831 et
2614 2774 2708 2831 hic
2757 2775 2981 2831 fuctum
3012 2775 3149 2831 boni
3181 2778 3343 2831 actus
3374 2775 3558 2848 perci-

1918 2868 2100 2940 piant,
2133 2870 2192 2922 et
2218 2866 2371 2938 apud
2400 2864 2733 2921 districtum
2774 2864 3033 2936 judicom
3067 2864 3306 2937 praemia
3333 2868 3557 2920 (sternte

1916 2957 2077 3029 pacis
2108 2954 2424 3011 inveniant.
2456 2956 2661 3024 Amen,
2694 2970 2886 3021 amen,
2920 2969 3112 3009 amen.

1985 3045 2215 3117 Scripta
2245 3060 2345 3115 per
2393 3058 2635 3097 manum
2693 3041 2868 3111 Petri,
2901 3041 3189 3099 scriniarii
3249 3042 3398 3098 sacri
3455 3058 3557 3115 pa-

1912 3133 2057 3189 lutii.

154 3220 604 3293 praesentiarum
630 3196 885 3290 possidet
915 3217 1034 3273 sive
1058 3217 1115 3271 iu
1149 3218 1411 3273 futurum
1434 3219 1596 3287 juste
1627 3222 1801 3289 atque
1831 3196 1874 3264 (ἶ
1986 3222 2134 3277 Data
2160 3218 2426 3276 Laterani
2450 3237 2510 3274 ιιι
2535 3219 2731 3274 Nonas
2752 3218 2969 3290 Aprilis
2994 3236 3097 3291 per
3125 3235 3365 3275 manum
3388 3223 3560 3275 Joan-

154 3309 438 3366 canonice
456 3306 701 3379 adipisci
727 3306 955 3379 poterit,
982 3306 1152 3361 firma
1173 3305 1277 3361 tibi
1303 3305 1539 3378 tuisque
1570 3323 1803 3362 succes-

152 3399 391 3456 soribus
421 3401 479 3453 et
508 3394 733 3452 illibata
763 3399 1161 3468 permaneant.
1698 3386 1707 3393 ’

224 3485 611 3543 Decernimus
630 3499 767 3556 ergo
791 3488 855 3538 ut
877 3482 1022 3539 nulli
1044 3483 1283 3539 omnino
1307 3482 1609 3539 hominum
1636 3483 1807 3539 liceat

151 3577 308 3633 idem
366 3572 792 3630 monasterium
851 3577 1067 3627 temere
1124 3573 1484 3644 perturbare,
1518 3578 1620 3628 aut
1675 3574 1803 3644 ejus

153 3662 560 3738 possessiones
584 3662 828 3727 auferre,
851 3659 938 3716 vel
970 3659 1194 3716 ablatas
1216 3660 1482 3727 retinere,
1517 3661 1800 3728 minuere,

152 3754 242 3810 vel
300 3751 636 3809 temerariis
691 3750 935 3822 fatigare
987 3748 1409 3814 vexationibus,
1452 3750 1552 3805 sed
1607 3751 1806 3805 omnia

154 3845 380 3914 integre
401 3844 819 3896 conserventur
837 3855 1059 3905 eorum,
1076 3854 1179 3909 pro
1229 3854 1480 3910 quorum
1513 3844 1802 3895 sustenta-

154 3932 314 3987 tione
331 3933 389 3985 et
409 3927 833 4003 gubernatione
849 3943 1125 3982 concessa
1156 3932 1313 3994 sunt,
1348 3926 1510 3983 salva
1521 3926 1801 3983 Constan-

153 4020 361 4075 tieusis
410 4016 714 4090 [episcopi]
747 4015 1026 4072 canonica
1083 4017 1422 4081 reverentia,
1456 4015 1547 4071 cui
1606 4020 1802 4072 tamen

157 4125 271 4164 non
303 4108 477 4162 liceat
533 4105 776 4161 omnino
829 4104 1186 4160 exactionem
1220 4104 1501 4175 aliquam,
1533 4104 1619 4160 vel
1666 4122 1801 4160 con-

159 4197 555 4261 suetudinem,
572 4211 699 4266 quae
713 4192 1068 4265 regularium
1085 4192 1265 4265 quieti
1289 4198 1510 4258 noceat,
1526 4193 1801 4266 irrogare.

156 4284 529 4341 Advocatiam
589 4282 777 4354 ipsius
837 4280 1174 4337 monasterii
1206 4286 1337 4352 post
1376 4281 1802 4337 Hartmannum

158 4373 501 4446 religiosum
532 4371 828 4437 comitem,
861 4370 1045 4426 haeres
1068 4371 1219 4440 ejus,
1253 4385 1426 4441 quem
1454 4372 1636 4425 abbas
1668 4388 1801 4426 eum

158 4463 435 4518 fratribus
455 4460 755 4532 elegerint,
787 4458 1191 4525 administret;
1217 4459 1317 4529 qui
1349 4458 1396 4513 si
1429 4460 1802 4528 postmodum

1916 3310 2028 3376 nis,
2061 3314 2274 3365 sauctze
2307 3309 2578 3363 Romanae
2637 3305 2906 3363 Ecclesiae
2938 3307 3161 3363 diacdni
3222 3308 3558 3376 cardinalis,

1916 3416 2069 3455 anno
2106 3395 2411 3453 Dominicee
2472 3395 2895 3451 Incaruatiouis
2942 3396 3127 3465 1098;
3186 3394 3561 3468 pontificatus

1912 3505 2047 3544 vero
2068 3486 2269 3542 domui
2300 3483 2517 3540 Urbani
2548 3484 2596 3540 II
2627 3501 2789 3556 papm
2821 3484 2908 3539 XI.

2529 3572 2852 3629 CCXXXIV.
3258 3600 3262 3605 -
3288 3606 3293 3607 κ

2122 3664 2281 3719 Bulla
2315 3660 2520 3719 Urbani
2549 3663 2598 3717 II
2621 3677 2721 3732 pro
2750 3662 2987 3718 Ecclesia
3021 3663 3340 3735 Urgellensi.
3406 3688 3411 3693 ι

2529 3750 2717 3820 (Anno
2749 3751 2933 3822 1098.)
3286 3735 3293 3745 ’

2022 3842 2263 3907 [M.mc.\,
2298 3840 2480 3896 Murco
2510 3840 2824 3911 Hispanico,
2852 3841 3139 3913 Append.,
3174 3858 3232 3913 p.
3266 3841 3449 3909 1270.]

1988 3932 2260 3987 [luemus
2291 3929 2840 4001 cpiscopus,servus
2862 3945 3162 3985 servorum
3198 3929 3315 3997 Dei,
3349 3929 3560 3985 dilecto

1917 4020 2079 4076 fratri
2102 4019 2307 4083 Ooom,
2325 4016 2645 4090 Ui-gellensi
2668 4017 3227 4090 episcopo,cjusque
3258 4033 3560 4074 successo-

1915 4108 2079 4163 ribus
2106 4106 2383 4162 canonice
2415 4104 2827 4178 promoveudis
2859 4105 2919 4161 in
2951 4112 3319 4180 perpetuum.
3366 4148 3373 4154 .

1984 4196 2015 4251 J
2022 4196 2168 4252 ustis
2187 4195 2333 4251 votis
2354 4210 2662 4250 assensum
2677 4195 3242 4268 praeberejustisque
3268 4195 3563 4267 petitioni-

1916 4286 2026 4341 bus
2085 4301 2256 4340 aures
2312 4283 2757 4339 accommodare
2818 4296 2923 4339 nos
2954 4283 3241 4348 convenit,
3270 4285 3395 4355 qui,
3429 4284 3565 4340 licet

1915 4371 2412 4444 indigni,justitia:
2430 4372 2701 4426 custodes
2719 4374 2895 4441 atque
2917 4387 3210 4443 prmcoues
3242 4370 3299 4424 in
3336 4372 3566 4428 excelsa

1916 4460 2307 4534 apostolorum
2344 4458 2672 4530 principum
2704 4458 2856 4513 Petri
2887 4464 2945 4515 et
2994 4458 3157 4515 Pauli
3191 4450 3427 4531 specula
3459 4475 3582 4532 po--

157 4547 512 4605 monasterio
544 4547 772 4603 inutilis
819 4548 1013 4617 fuerit,
1047 4553 1267 4602 remoto
1319 4563 1386 4601 eo
1416 4547 1598 4602 alium
1659 4566 1802 4619 prze-
1836 4568 1881 4631 ι)
1914 4551 2011 4606 siti
2071 4550 2315 4604 Domino
2359 4547 2707 4618 disponente
2760 4547 3028 4603 videmur
3086 4548 3357 4603 existere.
3418 4547 3563 4603 Tuis

158 4638 372 4693 ﬁeiant.
406 4635 784 4708 Sepulturam
815 4652 1047 4707 quoque
1076 4635 1341 4707 ejusdem
1403 4635 1509 4690 loci
1565 4637 1803 4691 omnino

161 4726 405 4781 liberam
427 4741 557 4780 esse
578 4724 971 4791 decernimus,
1008 4730 1074 4780 ut
1116 4724 1457 4797 e-irum,qui
1502 4722 1618 4779 illic
1642 4741 1804 4797 sepe-

162 4813 262 4870 lire
292 4813 761 4878 deliberaverint,
793 4812 1081 4869 devotioni
1131 4816 1189 4867 et
1209 4817 1477 4868 extremas
1501 4812 1804 4876 voluntati,

162 4903 271 4958 nisi
317 4903 468 4959 forte
523 4902 1011 4957 excommunicati
1092 4900 1231 4967 sint,
1280 4900 1477 4957 nullus
1537 4902 1804 4958 obsistat.

163 4993 443 5048 Praeterea
464 5005 745 5061 mansuro
763 4991 823 5045 in
843 4999 1190 5062 perpetuum
1223 4990 1451 5046 decreto
1483 4989 1806 5056 sancimus,

164 5085 228 5136 ut
266 5079 413 5136 nulli
451 5077 694 5134 omnino
726 5078 1043 5135 viventium
1075 5076 1266 5145 liceat,
1293 5078 1350 5133 iu
1382 5083 1573 5134 vestro
1607 5094 1807 5135 mona-

166 5168 337 5226 sterio
351 5166 586 5238 aliquas
601 5167 974 5239 proprietatis
991 5166 1376 5234 conditiones,
1402 5184 1518 5223 non
1568 5167 1809 5223 haeredi-

168 5256 489 5327 tarii-juris;
522 5272 637 5309 non
660 5256 1035 5316 iuvestituras,
1060 5270 1161 5309 uec
1212 5254 1528 5324 cujuslibet
1556 5260 1810 5327 potesta-

167 5346 255 5413 tis,
269 5362 397 5417 quae
416 5343 745 5400 libertatiet
775 5344 956 5416 quieti
969 5343 1231 5399 fratrum
1257 5348 1479 5411 noceat,
1495 5344 1807 5400 vindicare.

166 5434 450 5498 Chrisma,
476 5430 672 5486 oleum
703 5437 997 5499 sanctum,
1031 5432 1497 5487 consecratioues
1514 5431 1811 5500 altarium,

170 5523 279 5580 sive
298 5518 704 5585 basilicarum,
732 5520 1129 5577 ordinationes
1159 5519 1601 5590 monachorum,
1618 5521 1717 5593 qui
1740 5523 1813 5577 ad

172 5628 355 5670 saeros
374 5607 617 5666 ordines
666 5608 881 5666 fuerint
902 5607 1301 5681 promovendi,
1324 5608 1398 5664 ab
1430 5609 1723 5681 episcopo,
1753 5609 1813 5665 in

1915 4640 2112 4713 igitur,
2133 4639 2308 4693 frater
2357 4636 2414 4691 in
2440 4635 2668 4690 Christo
2700 4636 3047 4692 charissime
3078 4636 3221 4701 Odo,
3247 4635 3431 4705 justis
3463 4651 3562 4707 pe-

1919 4727 2225 4782 titionibus
2267 4729 2613 4789 auuuentes,
2642 4728 2904 4778 sanetam
2940 4723 3337 4797 Urgellensem
3368 4722 3563 4780 Eccle-

1917 4816 2086 4882 siam,
2122 4814 2214 4869 cui
2246 4816 2480 4868 auctore
2534 4810 2647 4867 Deo
2680 4811 2977 4884 praesides,
3011 4811 3342 4885 apostolicae
3401 4813 3563 4868 sedis

1918 4902 2261 4960 auctoritate
2293 4900 2614 4955 munimus.
2638 4900 2965 4956 Statuimus
2994 4902 3149 4957 enim
3185 4905 3252 4956 ut
3294 4901 3568 4959 universa

1920 5011 2048 5066 qua:
2072 4993 2233 5064 juste
2264 4990 2333 5045 ad
2365 4990 2633 5046 eamdem
2690 4988 3005 5047 Ecclesium
3063 4991 3184 5047 sive
3240 4990 3563 5064 parochiali

1920 5083 2039 5139 sive
2098 5077 2479 5153 proprietario
2528 5079 2663 5149 jure
2721 5079 3010 5151 pertinere
3065 5085 3409 5147 noscuntur,
3458 5078 3577 5134 tibi.

1919 5170 2156 5242 tuisque
2211 5166 2651 5224 successoribus
2704 5166 2891 5223 libera
2949 5185 3181 5242 semper
3236 5173 3295 5224 et
3344 5167 3569 5233 illibata

1922 5264 2248 5323 serventur,
2272 5255 2494 5311 scilicet
2512 5256 2918 5313 Cerdaniensis
2939 5274 3149 5331 pagus,
3175 5254 3575 5321 Libiaueusis,

1922 5345 2378 5421 Bergitaueusis,
2430 5342 2801 5415 Paliarensis,
2852 5344 3324 5412 Ribacurcensis,
3362 5346 3565 5397 Gesta-

1922 5436 2165 5502 biensis,
2193 5432 2596 5501 Cordosensis,
2628 5433 2994 5503 Auabiensis,
3024 5430 3367 5498 Tirbiensis,
3401 5434 3459 5485 et
3488 5429 3569 5483 lo-

1923 5542 2057 5581 cum
2088 5526 2313 5580 Sanctae
2342 5521 2606 5577 Deodatae
2638 5538 2770 5577 cum
2799 5522 3015 5578 finibus
3037 5522 3183 5589 suis,
3206 5523 3465 5575 castrum
3496 5517 3569 5571 de
3618 5514 3627 5520 “

1923 5614 2141 5670 Gisoua
2189 5627 2322 5667 cum
2380 5606 2655 5665 omnibus
2701 5610 2967 5666 terminis
2998 5609 3143 5674 suis,
3175 5609 3437 5662 castrum
3496 5603 3568 5655 de
