3928 6208
346 352 468 418 803

359 572 548 642 Beatos
597 577 792 636 Maria;
822 579 1076 638 Celsonze
1110 600 1242 640 cum
1275 585 1548 641 omnibus
1582 586 1694 642 sibi
1717 586 2007 659 pertinen-

363 667 548 738 tibus,
563 671 825 728 castrum
846 672 1055 744 Aguda
1077 672 1147 728 de
1162 672 1450 729 Vallearia
1471 692 1604 730 cum
1626 675 1843 732 ﬁnibus
1857 677 2002 742 suis,

365 763 625 820 castrum
654 757 828 820 Clusa
857 777 991 820 cum
1023 762 1239 820 ﬁnibus
1270 763 1415 833 suis,
1450 769 1711 820 castrum
1744 765 2007 837 Figerola

365 851 425 910 et.
443 848 740 909 Fontaned
772 865 902 906 cum
928 851 1204 908 omnibus
1233 867 1432 908 eorum
1457 853 1844 924 pertinentiis,
1877 871 2002 911 cas-

361 941 522 1000 trum
537 937 1071 1006 Perarua,castrum
1087 939 1390 1008 Sallent,et
1400 940 1540 998 villa
1553 942 1936 999 Montaniocel
1949 946 2005 999 et

361 1023 433 1089 de
457 1026 690 1088 Cubilar
709 1045 842 1084 cum
863 1027 1080 1086 ﬁnibus
1118 1045 1340 1096 earum,
1374 1033 1631 1088 castrum
1665 1031 2005 1088 Corneliana

359 1133 494 1178 cum
517 1115 786 1178 terminis
801 1117 946 1185 suis,
969 1122 1026 1174 et
1051 1117 1190 1175 villa
1210 1119 1431 1175 Tossen
1454 1136 1588 1175 cum
1607 1120 1826 1177 ﬁnibus
1853 1123 1998 1187 suis,

355 1210 617 1272 castrum
667 1207 840 1265 Turis
867 1212 922 1264 et
961 1207 1101 1264 villa
1143 1207 1440 1276 Biscaran,
1467 1213 1524 1264 et
1553 1209 1690 1266 villa
1719 1211 1999 1267 Archavel

355 1311 490 1358 cum
511 1311 712 1357 earum
728 1295 1116 1368 pertinentiis,
1131 1300 1189 1352 et
1203 1295 1413 1354 vallem
1440 1299 1703 1354 Andorra
1723 1316 1858 1356 cum
1881 1317 2002 1357 om-

351 1383 528 1446 nibus
560 1383 780 1444 ﬁnibus
811 1384 957 1453 suis,
991 1389 1250 1443 castrum
1298 1386 1422 1442 Rivi
1458 1387 1708 1459 Matrici,
1741 1393 1998 1446 castrum

352 1472 671 1541 Colomers,
689 1477 949 1536 castrum
967 1475 1200 1544 Sarred,
1222 1479 1480 1532 castrum
1501 1476 1722 1546 Arnoll,
1739 1483 1998 1536 castrum

353 1561 642 1632 Archalis,
674 1577 809 1626 cum
842 1563 1119 1620 omnibus
1147 1580 1351 1620 eorum
1380 1565 1770 1637 pertinentiis,
1790 1572 1846 1623 et
1864 1567 2001 1626 villa

355 1651 544 1719 Saort,
567 1654 624 1710 et
636 1649 779 1708 villa
816 1651 1188 1724 Languanes,
1205 1656 1264 1707 et
1289 1652 1428 1710 villa
1452 1655 1837 1728 Aquatepida,
1870 1656 1998 1712 Ca1-

354 1739 648 1795 biciniano
680 1743 739 1794 et
768 1739 1000 1806 Feners,
1033 1745 1091 1796 et
1120 1740 1230 1796 sub
1264 1746 1458 1797 monte
1488 1747 1545 1798 et
1575 1743 1765 1812 Alass,
1795 1746 1997 1814 Leton,

1657 361 1729 446 BV.
1774 361 2068 428 UBBANI
2111 363 2165 427 ιι
2207 364 2456 430 ΡΑΡκΕ.

357 488 582 548 Lancra
608 503 742 552 cum
762 487 982 551 ﬁnibus
1004 490 1148 560 suis,
1165 497 1423 552 castrum
1436 494 1673 553 Celsona
1687 499 1742 553 et
1758 495 2001 554 ecclesia
2028 498 2087 568 Α

3646 373 3784 441 ειοὲ

2789 503 3090 564 CCXXXV.

2063 573 2068 578 ⁷
2118 589 2375 667 Urbanus
2415 590 2701 666 Landulfo,
2755 597 3043 667 praeposito
3090 595 3332 654 ecclesiae
3373 595 3429 652 S.
3488 596 3777 661 Ambrosii

2185 661 2902 740 Mediolanerasis,'assérit1c
2938 668 3135 722 altaris
3192 667 3419 740 majoris
3465 669 3774 736 oblationes

2185 742 2237 816 et
2257 742 2577 816 aeterm-up}.
2608 737 2872 816 altarium
2916 753 3061 816 quos
3087 740 3237 792 intra
3262 737 3502 810 parietes
3529 743 3777 816 ecclesiae

2185 806 2249 859 Β.
2282 807 2558 861 Ambrosii
2583 812 2792 863 statuta
2821 806 2952 864 sunt
2977 810 3061 864 vel
3082 806 3411 866 statuam—tur.
3448 833 3476 861 »

2736 898 2920 968 (Anno
2953 898 3140 967 1098.)

2113 981 2387 1052 [GIULINI,
2438 984 2689 1040 Memorie
2710 985 3330 1128 tdilVMilang‘.2b]!ilano
3375 988 3537 1060 1760,
3589 988 3768 1059 in-tO,

2738 1099 2750 1112 .
2865 1099 2878 1123 ,
2911 1074 2968 1128 p.
3117 1099 3128 1111 .

2738 1099 2750 1112 .
2786 1074 2878 1123 ιν,
2911 1074 2968 1129 p.
3000 1074 3128 1116 δικ.

2766 1145 3095 1205 CCXXXVI.

2109 1232 2273 1288 Bulla
2305 1233 2510 1289 Urbani
2537 1234 2588 1290 II
2609 1250 2764 1304 papae
2791 1250 2890 1304 pro
2933 1239 3267 1294 monasterio
3314 1238 3441 1293 Iesu
3487 1239 3774 1296 Nazareni

2607 1305 2820 1376 (Montis
2853 1307 3266 1378 Aragonensis.)

2734 1395 2920 1466 (Anno
2953 1395 3140 1465 1098.)

2109 1481 2345 1551 [ΑγΝεΑ,
2399 1453 3134 1559 Γαηάαεὶοῃξεωρειεῃοίαδξ
3184 1485 3487 1559 θναῃμάεζναδ
3546 1505 3581 1559 y
3613 1457 3780 1550 Cosas»

2452 1554 2808 1611 memorables
2829 1553 2894 1611 de
2925 1556 3151 1622 Huesca,
3183 1553 3240 1629 ᾖ).
3274 1557 3423 1628 455.]

2178 1640 2452 1696 URBANUS
2493 1642 2824 1716 episcOpus,
2854 1660 3056 1700 servus
3117 1661 3417 1702 servorum
3467 1646 3589 1718 Dei,
3625 1637 3779 1706 cha-I

2108 1728 2343 1784 rissimo
2367 1729 2484 1785 ﬁlio
2508 1730 2759 1786 Exmmo
2782 1732 3113 1806 praeposito,
3139 1737 3196 1790 et
3225 1735 3448 1791 caeteris
3485 1736 3770 1795 fratribus

353 1827 690 1902 Clopedera,
725 1827 858 1898 Ges,
907 1828 1172 1896 Sardine,
1228 1831 1410 1886 ambae
1469 1831 1792 1900 Nocolonze,
1825 1837 1977 1890 amb:

2183 1817 2406 1874 nonicis
2444 1819 2672 1876 Domini
2725 1821 2915 1877 nostri
2959 1821 3098 1878 Jesu
3132 1823 3412 1880 Nazareni
3445 1841 3768 1900 eorumque

2183 1906 2558 1934 innnnnA-:LI.—
2592 1909 2644 1934 ζ..
2683 1914 3023 1934 ...ι-..-ιηημ
3090 1916 3169 1934 -ι-

354 1918 666 1985 Boxedera,
699 1915 898 1973 villam
953 1917 1139 1976 sancti
1197 1918 1496 1990 Stephani,
1529 1925 1586 1976 et
1624 1920 1760 1978 villa
1815 1922 2004 1995 ipsius

355 2006 515 2068 sedis
537 2005 920 2080 Urgellensis,
941 2023 1074 2062 cum
1093 2007 1368 2065 omnibus
1391 2025 1590 2066 earum
1615 2011 2002 2082 pertinentiis.

356 2098 425 2158 In
443 2095 776 2156 Ausonensi
801 2094 1077 2168 paroohia
1091 2100 1353 2152 castrum
1373 2098 1444 2153 de
1467 2099 1778 2170 Turizella,
1803 2101 2008 2158 castel-

355 2185 474 2244 leto
506 2187 720 2244 subtus
761 2185 1047 2253 Menresa,
1079 2183 1240 2242 salvo
1279 2186 1602 2259 parochiali
1645 2189 1779 2260 jure
1823 2191 2006 2249 Anse-

351 2274 556 2340 nensis
613 2274 889 2350 episcopi.
920 2274 1349 2332 Conﬁrmamus
1404 2278 1579 2334 etiam
1611 2278 1715 2334 tibi
1772 2280 2009 2354 tuisque

357 2364 797 2424 successoribus
847 2364 1084 2421 tertiam
1107 2368 1331 2438 partem
1367 2366 1582 2423 telonei
1614 2368 1735 2425 sive
1765 2373 2007 2428 mercati

355 2453 417 2512 in
443 2452 717 2512 omnibus
748 2451 892 2511 locis
921 2454 994 2510 ad
1026 2457 1288 2512 vestrum
1335 2455 1677 2529 episcopum
1709 2459 2004 2530 pertinen-

356 2543 537 2612 tibus,
571 2541 863 2617 primitias
890 2559 1123 2618 quoque
1149 2561 1214 2600 ac
1269 2544 1528 2602 decimas
1558 2549 1884 2605 secundum
1913 2567 2005 2605 ca-

354 2633 598 2700 nonicas
610 2632 940 2693 sanctiones
955 2633 1715 2708 distribuendas.Quidquid
1730 2642 2007 2710 preterea

353 2722 886 2796 imprasentiarnm
910 2726 1101 2778 vestra
1122 2721 1380 2779 Ecclesia
1397 2724 1558 2796 juste
1587 2724 1869 2798 possidet,
1885 2727 2006 2784 sive

356 2811 417 2871 in
451 2813 719 2872 futurum
751 2811 905 2883 iuste
945 2814 1120 2884 atque
1165 2811 1442 2868 canonice
1492 2815 1705 2886 poterit
1735 2815 2002 2888 adipisci,

355 2901 460 2960 tibi
481 2897 715 2973 tuisque
734 2899 1174 2956 successoribus
1187 2900 1425 2956 ﬁrmum
1446 2904 2004 2980 semperintegrum-

357 3006 471 3064 que
501 2992 858 3062 permaneat.
881 2989 966 3044 Ad
1020 2988 1142 3045 haec
1198 2989 1540 3061 adjiciontes
1589 2993 1905 3050 statuimus
1939 3000 2006 3051 ut

353 3079 641 3153 parochia
663 3081 866 3135 vestra
893 3077 1088 3135 clerici
1120 3076 1344 3135 nullius
1366 3080 1664 3138 saecularis
1695 3084 2002 3155 potestatis

352 3167 818 3225 districtionibus
873 3167 1237 3236 addicuntur,
1273 3169 1374 3224 sed
1429 3171 1600 3240 juxta
1659 3177 1994 3230 sanctorum

2120 1906 2560 1964 successoribus
2591 1909 2648 1963 in
2683 1914 3049 1983 perpetuum,
3084 1916 3193 1968 etc.

2187 1997 2287 2067 (Es
2315 2013 2380 2051 su
2409 1997 2603 2054 data...
2624 1998 2892 2055 Laterani
2929 2017 3033 2074 per
3063 2017 3305 2075 manum
3325 2003 3594 2075 Joannis,
3628 2022 3767 2062 san-

2117 2089 2219 2141 cta:
2243 2085 2511 2141 Romanae
2539 2086 2812 2144 Ecclesiae
2861 2089 3089 2145 diaconi
3135 2090 3470 2158 cardinalis,
3507 2111 3561 2148 IV
3583 2093 3768 2151 Nonis

2117 2174 2275 2242 Maii,
2309 2174 2623 2232 indictione
2651 2193 2729 2245 v1,
2765 2177 3186 2235 Incarnationis
3232 2179 3549 2238 Dominicaa
3611 2200 3767 2254 anno

2116 2261 2277 2329 1099,
2305 2264 2678 2336 pontiﬁcatus
2736 2270 2933 2322 autem
2993 2267 3194 2324 domni
3254 2268 3479 2349 Urbani
3510 2270 3560 2327 II
3603 2288 3766 2347 papas

2117 2369 2270 2408 anno
2301 2370 2375 2408 XI.

2758 2442 3104 2502 CCXXXVII.

2120 2530 2326 2610 Urbani
2372 2532 2598 2610 epistola
2635 2532 2727 2610 _ad_
2769 2534 2988 2592 Petrum
3017 2535 3295 2610 Oscensem
3331 2538 3664 2610 episcOpum.
3698 2571 3769 2580 --

2189 2606 2479 2677 0scensem
2525 2605 2820 2660 Ecclesium
2865 2614 3029 2677 caput
3064 2609 3314 2665 Ja-censis
3343 2605 3609 2666 Ecclesiae
3636 2625 3765 2667 σοπ-

2183 2676 2396 2730 stituit.

2718 2748 2904 2818 (Anno
2944 2749 3124 2815 1098.)

2541 2816 2769 2885 {Maris},
2797 2818 3001 2874 Concil.
3034 2819 3148 2889 XX,
3178 2821 3305 2875 702.

2184 2903 2462 2961 URBANUS
2485 2905 2817 2978 cpiscOpus,
2833 2923 3034 2965 servus
3051 2925 3350 2968 servorum
3369 2910 3490 2982 Dei,
3518 2926 3760 2970 venera-

2109 2992 2214 3049 bili
2237 2993 2400 3050 fratri
2426 2994 2884 3062 Ps'rao,0scensi
2917 2996 3209 3072 episcopo,
3242 3000 3488 3073 ejusque
3518 3019 3754 3062 succes-

2110 3081 2344 3139 soribus
2375 3083 2652 3140 canonice
2681 3087 3092 3156 promovendis
3125 3086 3184 3142 in
3211 3094 3586 3162 perpetuum.
3763 3148 3766 3150 _

2179 3170 2652 3229 Miserationibus
2665 3172 2896 3230 Domini
2921 3174 3277 3248 multiplices
3298 3194 3332 3232 a
3352 3179 3524 3238 nobis
3541 3181 3773 3252 gratia~

353 3273 644 3324 canonum
674 3256 944 3318 instituta
973 3235 1288 3330 episcopali
1320 3235 1552 3330 semper
1599 3259 1719 3317 sint
1775 3263 1995 3318 subditi
2027 3235 2071 3303 θ
2107 3277 2239 3316 rum
2266 3261 2558 3317 habentur
2607 3261 2884 3332 actiones,
2912 3263 3051 3334 quia
3081 3235 3213 3337 post
3243 3235 3760 3330 multa

352 3345 694 3421 disciplina.
715 3345 775 3403 Si
798 3345 931 3419 quis
971 3363 1111 3404 sane
1140 3346 1201 3402 in
1233 3347 1558 3403 crastinum
1607 3349 1997 3424 archiepisco-

349 3453 484 3510 pus,
534 3436 872 3509 imperator,
906 3434 1347 3509 rex,_princeps,
1381 3441 1484 3493 aut
1539 3438 1675 3507 dux,
1709 3440 1993 3510 marchio,

349 3535 564 3595 comes,
595 3525 938 3592 vicecomes,
961 3525 1146 3597 judex
1169 3528 1270 3581 aut
1294 3525 1693 3585 ecclesiastica
1721 3530 1994 3601 quaelibet

347 3613 714 3672 saecularisve
737 3613 1168 3688 persona,hanc
1188 3619 1399 3674 nostra;
1431 3616 1868 3674 constitutionis
1898 3636 1994 3691 pa-

347 3704 547 3778 ginam
573 3703 786 3773 sciens,
809 3708 1012 3762 contra
1031 3720 1162 3762 eam
1186 3709 1405 3762 temere
1436 3706 1633 3762 venire
1663 3708 1990 3776 tentaverit,

347 3794 603 3862 secundo
623 3793 864 3851 tertiove
885 3794 1261 3863 commonita,
1287 3794 1336 3851 si
1366 3811 1430 3850 se
1446 3812 1562 3850 non
1594 3795 1990 3853 satisfactione

347 3899 603 3958 congrua
621 3883 1036 3949 emendaverit,
1064 3883 1370 3954 potestatis
1402 3883 1757 3957 honorisque
1787 3886 1876 3942 sui
1901 3887 1988 3940 di-

345 3973 570 4047 gnitate
598 3976 813 4040 careat,
835 3986 1113 4041 reamque
1144 3987 1207 4034 se
1245 3971 1443 4027 divino
1482 3973 1707 4044 judicio
1745 3975 1989 4032 existere

344 4063 418 4121 de
441 4064 774 4135 perpetrata
792 4058 1099 4132 iniquitate
1108 4064 1444 4133 cognoscat,
1460 4066 1516 4117 et
1536 4078 1569 4121 a
1589 4062 1986 4120 sacratissimo

345 4164 584 4224 corpore
632 4165 699 4207 ac
755 4147 1042 4221 sanguine
1071 4148 1173 4206 Dei
1203 4153 1263 4206 et
1284 4149 1511 4206 Domini
1543 4150 1727 4207 nostri
1759 4152 1983 4208 redem-

342 4238 530 4314 ptoris
558 4238 698 4300 Jesu
729 4236 944 4300 Christi
972 4237 1164 4297 aliena
1222 4240 1342 4308 ﬁat,
1375 4243 1551 4312 atque
1611 4240 1670 4296 in
1729 4244 1985 4299 extremo

342 4327 609 4391 examine
634 4325 910 4388 districta:
934 4328 1144 4386 ultioni
1174 4330 1495 4401 subjaceat.
1519 4329 1756 4386 Cunctis
1789 4335 1984 4388 autem

341 4419 532 4482 eidem
554 4416 679 4477 loco
711 4419 876 4492 justa
914 4419 1283 4480 ervantibus
1308 4417 1385 4474 sit
1403 4436 1515 4491 pax
1543 4419 1769 4475 Domini
1802 4421 1983 4476 nostri

338 4509 480 4568 Jssu
505 4507 1016 4582 Chisti,q_uatenus
1054 4514 1110 4566 et
1131 4507 1226 4566 hic
1257 4508 1512 4564 fructum
1544 4509 1707 4564 bona:
1734 4509 1982 4565 actionis

2104 3349 2627 3406 curriculanostris
2641 3351 3016 3423 potissimum
3047 3355 3415 3427 temporibus
3433 3357 3758 3420 Christiani

2103 3438 2300 3510 populi
2330 3455 2642 3510 pressurae
2683 3439 2955 3507 relevare,
2988 3441 3165 3498 ﬁdem
3197 3443 3450 3501 exaltare
3480 3446 3762 3520 dignatus

2101 3532 2208 3583 est.
2226 3527 2449 3584 Nostris
2471 3528 2766 3600 siquidem
2793 3529 3001 3585 diebus
3027 3529 3088 3601 in
3107 3533 3246 3588 Asia
3265 3534 3513 3605 Turcos,
3545 3535 3608 3594 in
3641 3538 3761 3594 Eli-.-

2101 3632 2242 3688 ropa
2294 3617 2530 3673 Mauros
2587 3616 3052 3675 Christianorum
3084 3619 3308 3678 viribus
3335 3622 3672 3692 debellavit,
3705 3632 3762 3684 et

2099 3705 2273 3760 urbes
2298 3706 2597 3776 quondam
2623 3705 2878 3764 famosas
2901 3707 3201 3778 religionis
3218 3725 3338 3766 sum
3361 3711 3548 3769 cultui
3571 3715 3766 3786 gratia

2100 3793 2474 3866 propensiore
2536 3795 2808 3850 restituit.
2847 3799 3004 3851 Inter
3061 3813 3208 3868 quas
3249 3799 3459 3856 Oscam
3520 3817 3762 3874 quoque

2099 3881 2450 3954 pontiﬁcalis
2473 3881 2761 3940 cathedrae
2780 3883 2983 3939 urbem
2998 3884 3423 3943 Saracenorum
3449 3891 3766 3961 tyrannide

2097 3969 2404 4026 liberatam
2441 3969 2777 4026 charissimi
2827 3970 2932 4026 ﬁlii
2967 3974 3151 4028 nostri
3182 3974 3333 4030 Petri
3364 3978 3766 4050 Aragonensis

2096 4059 2252 4132 regis
2281 4059 2562 4116 instantia
2605 4058 2900 4116 catholica:
2933 4077 3054 4117 suae
3094 4061 3360 4120 Ecclesiae
3394 4064 3762 4125 reformavit.

2093 4149 2348 4220 ZEquum
2373 4148 2556 4220 igitur
2576 4149 2698 4204 fore
2720 4149 3140 4222 perpendimus
3158 4155 3224 4207 ut
3258 4155 3316 4208 et
3345 4169 3454 4210 nos
3484 4157 3757 4230 omnipo-

2095 4235 2274 4293 tentis
2301 4236 2402 4292 Dei
2433 4235 2856 4308 benignitatem
2893 4236 3020 4310 ipso
3051 4243 3364 4311 prestante
3393 4240 3756 4303 liberalitate

2094 4329 2307 4382 sancta:
2330 4325 2486 4383 sedis
2499 4325 2828 4398 apostolicae
2853 4343 3302 4400 prosequamur,
3335 4333 3392 4385 et
3422 4331 3516 4387 cui
3555 4333 3756 4390 multi-

2093 4413 2232 4487 plici
2253 4413 2629 4471 miseratione
2650 4414 2775 4486 ipse
2800 4415 2934 4470 ﬁdei
2957 4433 3075 4472 suae
3110 4417 3364 4476 reddidit
3391 4416 3754 4491 libertatem,

2093 4505 2151 4558 et
2179 4519 2286 4559 nos
2340 4519 2574 4576 quoque
2606 4503 2991 4559 restituamus
3048 4505 3398 4580 episcopalis
3456 4508 3754 4568 cathedra

339 4598 684 4672 percipiant,
715 4603 774 4655 et
830 4599 987 4671 apud
1047 4596 1380 4657 districtum
1425 4596 1689 4669 judicem
1744 4599 1982 4670 praemia
2010 4607 2058 4673 D
2089 4591 2457 4665 dignitatem.
2486 4591 2796 4648 Praesentis
2839 4607 2976 4665 ergo
3013 4594 3228 4650 decreti
3256 4595 3608 4654 auctoritate
3630 4603 3752 4660 sta-

339 4692 565 4748 mte-rna
595 4688 756 4763 pacis
785 4686 1106 4745 inveniant.

405 4778 700 4852 Scriptum
755 4793 859 4849 per
903 4791 1116 4836 manus
1146 4774 1410 4844 Joannis,
1444 4780 1655 4832 sancta:
1714 4775 1978 4832 Ecclesiaa

337 4868 615 4927 Romana
660 4865 973 4932 scriniarii,
1002 4863 1366 4923 Constantini
1421 4863 1546 4932 ﬁlii,
1581 4864 1640 4921 in
1673 4882 1872 4922 mense
1921 4870 1980 4922 et

334 4955 652 5015 indictione
681 4954 1034 5026 subscripta.

406 5044 621 5101 Datum
643 5041 911 5098 Laterani
934 5057 1036 5114 per
1066 5057 1308 5100 manum
1335 5042 1598 5110 Joannis,
1620 5046 1831 5101 sancta:
1864 5044 1977 5100 Rov

340 5148 528 5190 mana
558 5127 828 5188 Ecclesiae
860 5129 1091 5188 diaconi
1122 5131 1454 5201 cardinalis,
1484 5149 1586 5192 vui
1612 5135 1754 5190 ldus
1807 5133 1980 5204 Apri-

332 5220 429 5290 lis,
485 5217 805 5278 indiotione
847 5236 924 5287 v1,
977 5237 1128 5277 anno
1188 5220 1500 5280 Dominicis
1555 5220 1979 5280 lncarnationis

335 5311 495 5380 1098,
528 5307 911 5384 pontiﬁcatus
969 5313 1164 5366 autem
1222 5311 1445 5370 domini
1487 5313 1703 5369 Urbani
1737 5310 1979 5367 secundi

331 5417 494 5476 papa
527 5418 606 5458 χι.

2090 4681 2313 4738 tuimus
2335 4684 2401 4737 ut
2423 4679 2626 4736 eadem
2649 4679 2923 4737 Oscitana
2944 4681 3211 4751 ecclesia,
3235 4684 3420 4741 totius
3449 4687 3750 4758 parochias

2088 4787 2217 4843 quae
2243 4786 2398 4825 nunc
2438 4768 2705 4824 Jaccensi
2736 4767 3001 4834 Ecclesia:
3035 4771 3275 4829 subdita
3305 4776 3412 4842 est,
3447 4777 3506 4829 et
3553 4775 3766 4848 ipsius:

2086 4858 2384 4917 Jaccensis
2412 4857 2708 4925 Ecclesiae,
2731 4862 2911 4930 caput
2933 4859 3210 4931 deinceps
3235 4862 3605 4935 temporibus
3624 4882 3755 4937 per-

2087 4947 2280 5020 petuis
2301 4946 2604 5004 habeatur.
2622 4946 2810 5002 Locus
2833 4951 3032 5004 autem
3067 4948 3418 5022 episcopalis
3451 4952 3749 5012 cathedra:

2086 5037 2146 5093 in
2176 5035 2385 5108 majori
2414 5034 2499 5091 illi
2531 5035 2778 5092 mezcita
2815 5041 3097 5106 servetur,
3131 5053 3310 5110 quam
3343 5039 3543 5098 Sanoii
3587 5043 3748 5117 regis

2088 5126 2238 5182 dono
2288 5125 2712 5180 Saracenorum
2767 5125 3134 5198 temporibus
3182 5127 3446 5190 canonici
3505 5131 3744 5188 Domini

2089 5213 2311 5270 nostriJ
2320 5230 2422 5268 esu
2436 5212 2938 5270 ChristiNazarcni
2951 5215 3358 5287 possederant,
3393 5217 3497 5276 sed
3529 5219 3760 5278 Petrus.

2089 5304 2216 5374 ejus
2270 5301 2428 5356 ﬁlius
2459 5319 2556 5358 rex
2607 5306 2720 5358 tuae
2751 5303 3103 5377 fraternitati
3136 5308 3309 5379 capta
3336 5305 3572 5366 civitate
3599 5325 3742 5366 con-

2087 5391 2264 5450 cessit
2310 5408 2323 5459 ;
2362 5391 2529 5463 cujus
2580 5391 2760 5459 etiam
2796 5392 2951 5458 dona
2985 5398 3193 5451 castora
3237 5398 3443 5458 vestra
3479 5396 3737 5456 ecclesiae

2087 5479 2316 5546 collata,
2333 5495 2448 5536 non
2480 5480 2782 5552 praesentis
2799 5482 3016 5539 decreti
3037 5484 3735 5557 auctoritate'ﬁrmamus,

2087 5576 2145 5628 et
2165 5568 2440 5637 universa
2459 5569 2707 5641 praedia,
2730 5570 2849 5628 sive
2874 5573 3296 5645 possessiones,
3343 5578 3444 5636 aut
3471 5575 3738 5647 redditus

2087 5657 2461 5731 vectigalium
2494 5674 2598 5717 seu
2628 5659 3006 5733 tributorum,
3038 5680 3166 5736 quae
3215 5663 3381 5733 bonae
3435 5665 3734 5731 memori:
