3928 6208
1298 320 1705 387 ΕΡῙὸΤΟΙΛΕ
1746 318 1847 384 ET
1890 318 2368 389 PRIVILEGIA.

3419 322 3538 391 506

108 455 475 520 Ranimirus
508 470 608 518 rex
635 453 936 532 praesentis
959 454 1114 531 regis
1143 455 1296 514 Petri
1316 456 1376 513 in
1389 456 1636 515 Domino
1653 456 1784 516 cha-
1811 455 1867 525 Α
1895 455 2108 515 Praeter
2132 453 2245 515 hoc
2275 455 2550 515 universa
2589 452 2948 515 decimarum
2991 470 3095 514 seu
3142 446 3536 530 primitiarum

116 546 348 609 εἰπείωὶ
380 546 511 605 ‘ﬁlii
565 562 707 606 avus
755 562 889 605 cum
920 545 1043 603 ﬁlio
1079 562 1187 603 suo
1249 546 1487 605 Sanctio
1516 547 1783 606 Jaccensi

123 637 405 698 Ecclesiae
431 652 539 709 per
568 633 782 708 regalis
810 634 1161 693 excellentiae
1212 635 1432 708 scripta
1473 637 1781 706 concessit,

117 745 228 787 nos
259 724 557 799 largiente
571 724 823 785 Domino
843 724 1190 797 supradictae
1226 724 1510 782 Oscitana
1528 725 1783 782 ecclesiis

112 816 355 881 illibata
396 814 459 870 in
506 816 855 886 perpetuum
897 829 1238 885 permanere
1270 829 1599 883 censemus,
1634 815 1785 873 sicut

115 905 311 966 etiam.
332 903 496 964 idem
529 917 629 961 rex
677 902 880 959 Petrus
928 901 989 957 in
1037 901 1352 961 oblationis
1404 919 1524 959 suae
1573 902 1784 960 litteris

116 996 365 1068 optasse
395 1008 463 1050 ac
494 990 776 1048 statuisse
803 990 1197 1063 cognoscitur,
1216 991 1471 1064 exceptis
1500 991 1783 1051 nimirum

117 1082 214 1141 his
245 1096 383 1154 quas
415 1079 692 1153 prmfatus
717 1079 847 1150 ejus
875 1078 1033 1135 ﬁlius
1063 1078 1334 1137 Sanctius
1373 1096 1473 1136 rex
1500 1098 1618 1137 una
1647 1098 1783 1138 cum

120 1171 248 1233 ﬁlio
279 1187 396 1233 suo
424 1170 595 1231 Petro
626 1184 778 1241 saepe
799 1167 1074 1241 superius
1095 1168 1785 1237 nominato,consentien-

120 1262 289 1319 tibus
334 1257 870 1333 pmdecessoribus
918 1257 1038 1314 tuis
1087 1258 1322 1315 Sanotio
1365 1263 1424 1316 et
1471 1260 1696 1329 Garsia,
1731 1268 1784 1317 te

119 1365 363 1427 quoque
391 1348 451 1407 id
484 1348 681 1420 ipsum
712 1347 1207 1415 conﬁrmante,de
1237 1347 1338 1405 illa
1368 1349 1654 1406 Ranimiri
1680 1367 1780 1423 pa-

121 1438 314 1511 rentis
338 1436 436 1497 sui
467 1434 888 1495 constitutione
908 1434 1326 1493 mutavit.Item
1348 1440 1467 1493 tam
1481 1438 1585 1494 tibi
1605 1456 1783 1511 quam

121 1526 575 1588 successoribus
605 1526 814 1592 tuis,et
840 1524 1095 1583 ecclesiae
1108 1528 1313 1583 vestras
1344 1527 1403 1582 in
1433 1532 1782 1600 perpetuum

118 1615 465 1674 stabilimus
492 1613 781 1687 quidquid
819 1614 890 1669 ab
922 1614 1154 1687 egregio
1186 1630 1319 1688 rege
1350 1615 1585 1673 Sanctia
1622 1617 1780 1673 obla-

118 1710 254 1765 tum
284 1703 681 1778 cognoscitur,
706 1701 807 1759 bis
829 1702 1088 1775 exceptis
1117 1718 1245 1775 quae
1276 1704 1349 1759 de
1379 1704 1568 1776 ipsius
1599 1705 1783 1761 chiro-

121 1793 356 1871 grapho
386 1791 666 1866 prmfatus
703 1808 800 1848 rex
832 1792 1048 1849 Sanctii
1073 1790 1251 1859 ﬁlius,
1281 1793 1781 1851 consentientibus

122 1882 391 1947 ecclesia
418 1884 533 1939 tua;
563 1879 873 1948 clericis,et
902 1880 1113 1938 eximio
1150 1878 1462 1954 praeposito
1493 1884 1783 1940 canonica:

124 1974 195 2031 Β.
227 1971 304 2030 Ν.
339 1972 485 2031 Jesu
532 1969 834 2041 Nazareni,
869 1973 1043 2042 teque
1092 1970 1354 2043 idipsum
1403 1972 1786 2030 conﬁrmante

125 2060 405 2123 mutavit.

197 2149 521 2209 Venientes
550 2147 708 2207 enim
741 2148 815 2205 ad
848 2164 955 2205 nos
987 2147 1143 2205 sedis
1193 2152 1306 2205 tum
1338 2149 1788 2208 archidiaconus

131 2241 363 2312 Lupus,
395 2242 455 2295 et
483 2237 639 2295 idem
668 2235 919 2294 eximius
950 2236 1219 2295 Ecclesiae
1250 2238 1316 2294 D.
1345 2239 1411 2295 N.
1433 2238 1575 2295 Jesu
1604 2240 1786 2297 Naza-

130 2328 261 2386 reni
295 2326 720 2401 prapositusin
750 2330 952 2385 nostra
967 2326 1268 2385 audientis
1288 2326 1784 2396 collaudaverunt,

129 2420 410 2475 otmutuo
421 2431 712 2473 consensu
723 2416 1058 2473 conﬁrmari
1072 2416 1366 2489 petierunt
1377 2417 1786 2476 difﬁnitionem

134 2506 302 2565 illam
334 2521 468 2577 qua
496 2504 652 2562 inter
679 2507 735 2561 te
763 2508 820 2562 et
846 2504 1034 2561 ﬁlium
1067 2509 1335 2562 nostrum
1364 2506 1602 2563 Petrum
1646 2510 1787 2564 Ara-

127 2610 587 2672 gonensem,seu
613 2593 1125 2667 Pampilonensem
1155 2610 1352 2667 regem
1370 2599 1499 2652 acta
1526 2600 1617 2654 est
1632 2599 1787 2669 apud

130 2690 398 2745 castrum
428 2684 729 2751 Calasanz,
755 2684 828 2740 de
867 2684 1046 2740 rebus
1076 2700 1143 2740 ac
1174 2685 1502 2741 redditibus
1533 2686 1789 2743 ecclesiae

130 2778 342 2847 tumet
391 2773 686 2830 canonica
719 2773 785 2828 D.
816 2773 883 2828 N.
917 2773 1054 2830 Jesu
1086 2772 1385 2830 Nazareni.
1418 2774 1657 2831 Dilectio
1709 2776 1788 2833 si-

131 2864 379 2938 quidem
411 2866 516 2920 tua
562 2865 833 2935 quartam
863 2861 1225 2919 decimarum
1272 2867 1498 2936 partem
1549 2866 1620 2920 de
1667 2869 1789 2922 toto

138 2957 342 3011 monte
365 2954 653 3024 Aragcne,
679 2955 738 3007 et
768 2950 1059 3024 quidquid
1099 2954 1309 3024 praeter
1338 2952 1670 3010 animarum
1690 2971 1789 3010 cu-

138 3059 294 3112 ram,
315 3045 378 3098 et
395 3039 777 3099 ecclesiarum
801 3056 904 3096 seu
926 3040 1272 3097 clericorum
1294 3042 1791 3100 consecrationem

135 3132 213 3189 ad
242 3147 309 3188 se
340 3128 661 3202 episcopali
701 3130 838 3201 jure
885 3129 1235 3202 pertinebat,
1268 3129 1659 3187 intercedente
1690 3149 1789 3188 su-

1893 546 2089 604 debita
2110 550 2231 603 tam
2262 562 2330 603 ex
2362 546 2490 619 ipsa
2513 545 2746 603 civitate
2798 546 2945 605 Osca
2997 564 3176 619 quam
3216 564 3286 604 ex
3314 550 3538 611 caeteris

1892 636 2109 692 ﬁnibus
2140 652 2289 709 quos
2318 637 2390 692 ad
2432 652 2559 692 eam
2591 634 2908 708 episcopali
2932 636 3067 707 jure
3090 637 3379 709 pertinere
3408 656 3541 696 con-

1892 725 2263 794 stiterit,tam
2297 724 2401 780 tibi
2436 741 2615 797 quam
2646 725 2766 780 tuis
2797 725 3235 781 successoribus
3266 729 3541 789 canonice

1891 813 2174 869 ordinatis
2187 831 2290 870 seu
2314 814 2599 870 cathedrae
2620 813 2809 887 ipsius
2841 814 3066 871 clericis
3096 816 3538 885 conﬁrmamus,

1892 907 2100 975 praeter
2139 902 2299 958 illam
2333 903 2671 959 reddituum
2720 896 2944 975 partem
2991 920 3171 975 quam
3217 906 3539 977 supradicti

1890 992 2045 1065 regis
2075 991 2227 1047 Petri
2269 993 2543 1064 precibus
2574 992 2911 1048 fraternitas
2935 996 3038 1048 tua
3090 992 3229 1049 Jesu
3260 992 3538 1051 Nazareni

1893 1080 2188 1137 canonicis
2219 1081 2558 1153 benigniore
2603 1079 2949 1137 liberalitate
2989 1083 3298 1141 concessit.
3331 1084 3390 1140 Si
3423 1102 3542 1159 qua

1890 1169 2070 1243 igitur
2097 1169 2491 1225 ecclesiastica
2520 1169 2884 1226 sazcularisve
2900 1186 3147 1242 persona
3159 1171 3309 1228 hanc
3329 1180 3540 1229 nostrae

1892 1259 2331 1315 constitutionis
2378 1259 2652 1331 paginam
2695 1260 2907 1328 sciens,
2942 1264 3141 1315 contra
3165 1278 3292 1317 eam
3322 1266 3540 1319 temere

1890 1348 2087 1404 venire
2117 1347 2442 1414 tentaverit,
2467 1351 2574 1403 etc.

1962 1439 2180 1494 Datum
2213 1437 2487 1494 Laterani
2538 1454 2641 1509 per
2680 1454 2923 1494 manum
2970 1438 3237 1507 Joannis,
3288 1439 3348 1495 S.
3381 1439 3447 1496 Β.
3476 1440 3541 1495 Ε.

1892 1526 2120 1583 diaconi
2155 1526 2493 1594 cardinalis,
2528 1543 2562 1581 ν
2593 1526 2730 1583 ldus
2760 1526 2920 1594 Maii,
2953 1527 3156 1585 indict.
3189 1528 3544 1595 v1,lncarna-.

1890 1615 2071 1671 tionis
2103 1616 2420 1672 Dominicis
2454 1632 2605 1672 anno
2639 1616 3186 1689 1098,pontiﬁcatus
3216 1620 3412 1675 autem
3442 1617 3543 1673 do-

1892 1704 2037 1760 mini
2072 1704 2290 1760 Urbani
2322 1720 2482 1777 pupae
2509 1721 2662 1761 anno
2694 1722 2769 1760 x1.

2525 1820 2900 1877 CCXXXVIII.

1894 1913 1915 1936 "
1961 1910 2209 1985 Urbanus
2255 1911 2533 1985 Willclmo
2560 1912 2687 1985 regi
2713 1911 3014 1985 Anglorum
3060 1910 3330 1985 scribit}
3357 1914 3417 1967 ut
3446 1927 3548 1985 rem

1966 1982 2211 2037 Anselmi
2266 1982 2689 2055 (archiepiscopi
2743 1982 3431 2055 Cantuariensiailiberas
3487 1984 3549 2039 in

1966 2069 2128 2179 νῗριῖο
2184 2069 2280 2109 suo
2309 2053 2485 2124 faciat
2529 2072 2593 2111 ac
2631 2054 2696 2110 de
2733 2055 2848 2110 suis
2898 2053 3146 2109 omnibus
3188 2054 3353 2111 illum
3395 2071 3547 2112 reve-

1964 2141 1990 2179 δ
2017 2141 2071 2180 ιιι
2102 2167 2113 2178 .
2152 2146 2179 2173 ››

2514 2214 2701 2283 (Anno
2735 2214 2920 2282 1098.)

2109 2301 2277 2373 [Vide
2305 2302 2573 2357 Eadmeri
2604 2304 2737 2358 Hist.
2774 2319 2922 2370 nov.,
2957 2301 2996 2357 1.
3030 2318 3096 2372 ιι,
3127 2319 3183 2374 p.
3216 2303 3331 2372 51.]

2552 2416 2874 2472 CCXXXIX.

1902 2507 2106 2565 Urbani
2132 2508 2185 2563 ΙΙ
2210 2506 2439 2578 epistola
2466 2505 2536 2561 ad
2586 2508 2880 2578 Rogerium
2925 2507 3175 2578 comitem
3204 2505 3442 2566 Siciliae.
3476 2508 3555 2547 --’

2220 2576 2296 2633 De
2308 2578 2606 2651 priuilegio
2634 2576 2972 2634 mmmrchiae
3001 2576 3228 2634 Siciliae.

2527 2667 2715 2737 (Anno
2750 2666 2933 2737 1098.)

2319 2756 2554 2827 [ΜΑΝει,
2590 2757 2795 2812 Concil.
2837 2756 2949 2824 XX,
2982 2756 3135 2827 659.]
3210 2780 3217 2787 ι

1972 2863 2250 2920 Haemus
2277 2862 2611 2935 episcopus,
2633 2879 2836 2919 servus
2867 2878 3171 2919 servorum
3203 2862 3553 2931 Dei,charis’-

1901 2953 2051 3008 simo
2074 2951 2192 3008 ﬁlio
2225 2952 2504 3017 Rocaaro,
2529 2951 2729 3007 comiti
2761 2951 3036 3008 Calabriae
3067 2956 3126 3008 et
3148 2951 3381 3021 Siciliae,
3401 2951 3555 3011 salu-

1902 3046 2020 3098 tem
2050 3045 2107 3097 et
2136 3040 2517 3113 apostolicam
2551 3040 3034 3097 benedictionem.

1974 3129 2122 3194 Quia
2140 3129 2514 3202 prudentiam
2535 3133 2697 3185 tuam
2720 3145 2985 3201 supernae
3009 3129 3335 3200 majestatis
3349 3130 3555 3202 digna-

134 3200 561 3292 praditerege
602 3200 764 3274 illius
810 3200 1103 3274 canonicis
1153 3216 1379 3274 clericis
1426 3218 1686 3289 tradidit,
1735 3225 1794 3277 et
1822 3200 1865 3269 Β
1902 3219 1983 3276 tio
1997 3200 2597 3290 multistriumphiset
2622 3200 2947 3273 honoribus
2975 3216 3267 3286 exaltavit,
3291 3200 3550 3290 etprobi-

134 3307 343 3381 scripti
375 3306 646 3363 cautione
674 3305 1047 3363 ﬁrmavit.Illi
1077 3322 1211 3363 vero
1242 3306 1613 3364 medietatem
1635 3308 1790 3365 deci-

133 3411 374 3453 marum
405 3411 586 3468 quam
615 3394 688 3451 ds
718 3394 992 3451 Oscitana
1010 3394 1242 3451 civitate
1256 3411 1361 3468 per
1372 3412 1612 3452 manum
1634 3398 1790 3469 ejus-

132 3487 270 3543 dem
303 3484 465 3558 regis
493 3484 752 3556 accipere
793 3489 1236 3551 consueverant,
1277 3489 1390 3540 tua;
1434 3489 1791 3558 tuorumque

133 3584 553 3633 successorum
579 3572 785 3629 ditioni
818 3573 1220 3630 restituerunt.
1242 3574 1323 3631 De
1354 3574 1656 3632 laboribus
1684 3593 1791 3632 au-

132 3667 254 3721 tem
277 3662 484 3725 domui
513 3661 670 3736 regis
699 3662 1062 3718 decimarum
1093 3663 1381 3720 medietas
1412 3663 1517 3719 tibi
1549 3668 1606 3720 et
1634 3665 1786 3737 epis-

135 3749 361 3823 copalis
406 3750 698 3821 cathedra:
749 3750 998 3819 clericis,
1032 3750 1217 3807 altera
1263 3757 1459 3809 autem
1508 3752 1789 3811 medietas

133 3840 442 3901 canonicis
472 3840 540 3896 D.
571 3840 640 3896 N.
663 3840 804 3897 Jesu
833 3839 1048 3897 Christi
1082 3844 1290 3897 mutua
1346 3841 1626 3899 charitate
1654 3858 1788 3898 con-

133 3929 319 3986 venit.
352 3928 570 3986 Gatera
596 3945 701 3985 vos
732 3929 931 3986 omnia
978 3930 1304 3986 secundum
1357 3930 1580 3986 Sanctii
1625 3932 1788 3987 bonae

136 4017 438 4076 memoria
464 4016 707 4091 regis,et
728 4018 1052 4091 supradicti
1070 4020 1199 4091 ejus
1213 4019 1317 4075 ﬁlii
1334 4019 1788 4093 chirographum

134 4106 443 4165 communi
490 4107 801 4164 concordia
846 4108 1163 4175 statuistis,
1196 4111 1254 4164 et
1299 4126 1334 4165 a
1377 4107 1549 4166 nobis
1584 4110 1789 4167 eadem

135 4192 399 4251 stabiliri
422 4208 529 4265 per
553 4194 925 4266 supradictas
955 4193 1196 4251 nuntios
1226 4195 1590 4267 postulastis.
1618 4222 1621 4223 ν

202 4282 295 4338 Ad
345 4281 470 4338 hac
522 4282 865 4355 adjicientes
912 4282 1229 4340 statuimus
1277 4288 1345 4339 ut
1374 4284 1789 4357 parochiarum

135 4372 289 4429 ﬁnes
315 4371 419 4443 qui
447 4371 641 4429 adhuc
668 4371 1092 4432 Saracenorum
1123 4372 1606 4447 oppressionibus
1637 4375 1786 4431 deti-

136 4461 455 4528 nentur,ad
487 4460 823 4519 Oscitanam
855 4461 1172 4519 Ecclesiam
1206 4461 1449 4534 antiquo
1458 4463 1594 4534 jure
1610 4464 1788 4535 perti-

1899 3313 1992 3364 tas
2008 3312 2109 3364 tua
2137 3307 2197 3362 in
2215 3308 2640 3363 Saracenorum
2658 3306 2876 3362 ﬁnibus
2904 3305 3220 3362 Ecclesiam
3242 3306 3341 3361 Dei
3364 3305 3551 3379 pluri-

1901 3413 2067 3452 mum
2085 3395 2432 3463 dilatavit,et
2444 3398 2656 3451 sanctae
2674 3393 3052 3467 [sanctasque]
3074 3394 3195 3451 sedi
3220 3393 3550 3466 apostolicis

1902 3486 2168 3542 devotam
2212 3501 2273 3540 se
2323 3482 2688 3539 multimodis
2737 3499 2970 3555 semper
3015 3482 3295 3552 exhibuit,
3329 3499 3437 3541 nos
3488 3483 3549 3540 in

1901 3572 2214 3647 specialem
2245 3576 2426 3645 atque
2453 3571 2871 3629 charissimum
2904 3571 3091 3628 ﬁlium
3121 3573 3389 3643 ejusdem
3418 3573 3551 3628 uni-

1899 3660 2142 3720 versalis
2173 3662 2457 3718 Ecclesiae
2478 3665 2534 3717 te
2565 3661 3020 3734 assumpsimus.
3053 3661 3272 3717 Idcirco
3320 3662 3392 3719 de
3437 3665 3551 3718 tua:
3618 3660 3622 3665 ’

1901 3751 2209 3826 probitatis
2252 3750 2590 3807 sinceritate
2620 3749 2943 3823 plurimum
2988 3751 3367 3819 conﬁdentes,
3399 3751 3553 3808 sicut

1899 3841 2092 3897 verbis
2122 3839 2619 3913 promisimus,ita
2650 3838 2977 3896 litterarum
2993 3840 3336 3897 auctoritate
3358 3840 3554 3897 ﬁrma-

1901 3947 2074 3999 mus;
2109 3929 2264 4001 quod
2310 3929 2469 3985 omni
2518 3928 2647 3984 vita:
2698 3930 2810 3984 tuae
2860 3933 3140 4001 tempore,
3173 3928 3261 3984 vel
3313 3928 3419 3985 lilii
3463 3930 3550 3985 tui

1899 4017 2269 4089 Simonis,vel
2302 4016 2544 4074 alterius
2574 4017 2674 4090 qui
2706 4017 3008 4090 legitimus
3037 4018 3121 4073 tui
3154 4017 3339 4075 haeres
3369 4018 3549 4077 exsti-

1897 4108 2057 4177 terit,
2107 4106 2337 4163 nullum
2383 4105 2442 4161 in
2492 4109 2649 4162 terra
2706 4107 3014 4178 potestatis
3062 4110 3288 4174 vestrae,
3340 4110 3554 4179 praeter

1898 4197 2257 4254 voluntatem
2279 4199 2382 4252 aut
2394 4194 2705 4251 consilium
2722 4198 2985 4252 vestrum
3000 4194 3261 4268 legatum
3276 4195 3550 4257 Romanus

1900 4285 2164 4343 Ecclesiae
2213 4282 2565 4343 statuemus.
2617 4284 2893 4350 Quinimo
2951 4300 3077 4356 quae
3132 4299 3237 4356 per
3290 4283 3550 4357 legatum

1899 4375 2086 4433 acturi
2118 4391 2351 4443 sumus,
2384 4390 2486 4447 per
2512 4377 2771 4431 vestram
2803 4372 3157 4430 industriam
3207 4371 3384 4445 legati
3425 4371 3550 4428 vice

1899 4465 2157 4522 cohiberi
2192 4463 2487 4521 volumus.
2522 4464 2765 4530 Quando
2793 4463 2864 4518 ad
2898 4479 2998 4518 vos
3041 4478 3110 4518 ex
3139 4461 3320 4518 latere
3350 4464 3549 4517 nostro

136 4547 435 4640 nenteain
462 4548 723 4640 idipsum
743 4551 1230 4640 referantur,cum
1261 4552 1788 4625 easomnipotentis
1816 4574 1865 4640 Β
1900 4553 2269 4610 mitteremus
2307 4553 2428 4625 [al.,
2449 4552 2809 4622 miserimus]
2833 4551 2904 4607 ad
2933 4550 3183 4607 salutem
3211 4555 3546 4607 sanctarum

136 4638 241 4695 Dei
280 4636 548 4711 dignatio
587 4638 930 4697 Christianae
961 4641 1282 4699 restituerit
1309 4641 1538 4698 ditioni.
1572 4642 1786 4700 Hasien

139 4724 498 4799 [ecclesiam]
523 4743 757 4801 quoque
804 4730 1143 4787 canonicam
1187 4731 1373 4787 nostri
1397 4730 1575 4803 juris,
1610 4748 1788 4804 quam

136 4813 465 4886 supradicti
512 4815 797 4879 Ranimiri
848 4817 1026 4892 regis,
1057 4817 1235 4884 ﬁlius,
1268 4819 1420 4875 Petri
1465 4836 1599 4876 vero
1631 4821 1789 4894 regis

134 4900 488 4976 mucidus,
521 4903 995 4965 Sanciuscomes
1034 4922 1147 4965 suo
1195 4908 1390 4964 studio
1440 4910 1789 4967 mdiﬁcatam

135 4993 353 5049 sanctis
385 4991 662 5050 Romana
683 4994 949 5053 Ecclesiae
969 4996 1316 5064 obtulit,n0s
1334 5000 1454 5054 tam
1486 4996 1594 5054 tibi
1610 5015 1789 5070 quam

136 5080 585 5140 successoribus
629 5083 771 5153 tuis,
810 5088 869 5142 et
914 5084 1172 5142 ecclesiae.
1212 5091 1417 5143 vestras
1466 5086 1789 5157 canonicis,

138 5168 472 5244 apostolica
515 5171 676 5229 sedis
720 5173 954 5230 decreta
1009 5176 1378 5232 servantibus
1435 5180 1493 5232 et
1538 5176 1789 5250 gratiam

138 5258 884 5334 obtinentibuawegendam
898 5280 999 5320 seu
1022 5264 1447 5337 disponendam
1465 5266 1789 5322 secundum

137 5346 468 5415 fundatpcis
496 5352 699 5407 votum
728 5351 1178 5421 committimus;
1199 5369 1268 5409 eo
1294 5352 1565 5410 videlicet
1589 5358 1793 5411 tenore

137 5442 202 5495 ut
227 5442 289 5495 et
314 5436 656 5511 regularem
684 5438 804 5496 illic
853 5441 1225 5516 disciplinam
1258 5443 1475 5498 servari
1508 5444 1791 5501 attentius

134 5528 381 5593 faciatis,
406 5531 476 5584 et
505 5542 577 5584 ex
606 5527 732 5585 loco
758 5530 1234 5602 ipsumscensum
1267 5548 1530 5589 annuum
1560 5533 1789 5590 Latera-

138 5616 306 5678 παιδί
338 5615 745 5691 palatio-euri
790 5620 1022 5680 unciam
1069 5619 1380 5680 dimidiam
1428 5621 1789 5694 persolvetis.

1895 4642 2309 4717 [al.,videlicet]
2340 4640 2720 4699 ecclesiarum
2739 4658 2867 4714 qua:
2896 4641 3007 4696 sub
3038 4644 3231 4696 vestra
3259 4642 3550 4712 potestate

1899 4731 2230 4788 consistunt
2255 4730 2785 4803 [al.,existunt],ad
2817 4729 3098 4785 honorem
3131 4728 3193 4783 Β.
3230 4728 3381 4784 Petri
3412 4745 3549 4785 san-

1898 4825 2118 4893 ctasque
2148 4821 2276 4892 ejus
2309 4818 2638 4891 apostolicae
2670 4817 2848 4886 sedis,
2882 4817 2977 4875 cui
3025 4816 3229 4874 devote
3264 4816 3552 4875 hactenus

1897 4908 2473 4981 obedisti,quamque
2502 4909 2564 4963 in
2596 4907 3045 4966 necessitatibus
3074 4907 3200 4964 suis
3228 4910 3467 4973 strenue
3495 4911 3559 4965 et

1898 4998 2148 5056 ﬁdeliter
2189 4994 2488 5069 adjuvisti.
2523 4997 2582 5054 Si
2624 5014 2758 5053 vero
2783 4996 3110 5054 celebratur
3140 4998 3262 5070 [al.,
3293 4996 3549 5055 celebra-

1897 5089 2078 5161 bitur]
2110 5084 2443 5155 concilium,
2472 5089 2532 5142 et
2560 5086 2667 5143 tibi
2697 5084 3049 5143 mandavero
3089 5090 3386 5159 quatenus
3426 5086 3548 5158 epi-

1899 5194 2106 5251 scopos
2151 5180 2211 5232 et
2256 5174 2498 5231 abbates
2543 5179 2656 5230 tuae
2686 5179 2851 5232 terra
2882 5174 3029 5230 mihi
3059 5176 3282 5246 mittas,
3317 5191 3464 5247 quos
3493 5177 3552 5229 et

1899 5284 2046 5340 quos
2095 5264 2345 5321 volueris
2394 5263 2590 5320 mittes
2641 5265 2761 5336 [al.,
2810 5265 3053 5335 mittas],
3102 5263 3248 5320 alios
3294 5279 3429 5320 vero
3476 5261 3557 5317 ad

1899 5355 2201 5412 servitium
2232 5352 2611 5409 ecclesiarum
2640 5358 2880 5409 tuarum
2913 5353 3013 5424 [aL
3045 5352 3169 5408 add.
3204 5355 3263 5408 et
3291 5351 3364 5407 ad
3394 5354 3559 5406 tute-‘

1899 5445 2041 5515 lam]
2073 5443 2346 5500 retineas.
2375 5442 2755 5514 Omnipotens
2786 5444 2942 5500 Deus
2973 5446 3136 5497 actus
3186 5445 3316 5497 tuos
3346 5438 3406 5494 in
3448 5438 3548 5493 be-

1902 5532 2189 5607 neplacito
2220 5547 2327 5587 suo
2358 5531 2591 5603 dirigat,
2620 5535 2678 5588 et
2705 5536 2764 5589 te
2795 5549 2828 5588 a
2855 5529 3107 5604 peccatis
3130 5527 3466 5587 absolutum
3485 5525 3546 5581 in

1904 5624 2086 5683 vitam
2114 5622 2390 5678 aeternam
2423 5619 2721 5692 perducat.
