3928 6208
130 405 295 499 πέος

174 677 260 719 me
293 659 467 736 pacis
500 660 821 717 inveniant.
856 664 1063 726 Amen,
1098 674 1289 723 amen,
1323 673 1513 714 amen.

242 754 300 806 8.
334 754 587 818 Petrus,
616 750 673 806 S.
705 748 943 806 Paulus.
979 748 1251 805 Urbanus
1281 747 1387 803 PP.
1421 747 1489 803 II.

194 912 197 913 ν
243 839 472 895 Datum
510 838 737 895 Salerni
769 854 871 911 per
901 854 1143 894 manum
1174 836 1418 892 Joannis
1435 836 1490 893 S.
1528 836 1594 892 R.
1628 836 1691 891 E.
1725 835 1847 891 dia-

174 927 305 984 coni
338 926 697 997 cardinalis,
729 944 830 983 xm
885 926 1009 983 Kal.
1062 927 1230 1000 Aug.,
1264 925 1580 982 indictione
1617 943 1695 991 v1,
1728 925 1848 997 [vn]

172 1015 413 1073 Incarn.
449 1019 626 1073 Dom.
687 1033 841 1073 anno
899 1015 1059 1084 l099,
1111 1014 1487 1089 pontiﬁcatus
1536 1018 1729 1070 autem
1778 1013 1845 1069 D.

140 1104 397 1164 ’Urbani
432 1104 488 1162 II
522 1121 687 1179 papae
716 1123 795 1162 x1.

913 1274 1130 1330 CCXLI.

177 1383 436 1440 Urbanus
473 1381 532 1436 II
556 1383 837 1436 Brunom’s
860 1384 912 1436 et
943 1381 1184 1453 [λιπαίνιί
1216 1380 1615 1453 (cremitarum)
1644 1397 1848 1452 posses-

244 1457 433 1525 siones
463 1468 750 1509 concessae
779 1469 809 1506 a
841 1452 1110 1524 [Roqeriol
1145 1453 1337 1508 comite
1357 1455 1408 1508 et
1443 1455 1675 1518 Joanne,
1708 1455 1850 1525 epis-

243 1541 377 1597 copo
405 1524 779 1596 Scyllacensi,
811 1524 1120 1579 conﬁrmat.

821 1639 1007 1711 (Anno
1042 1636 1226 1712 l098.)

519 1756 822 1828 [UGHELLI,
844 1755 1009 1811 Italia
1039 1771 1216 1824 sacra,
1249 1754 1335 1823 ΙΧ,
1369 1755 1519 1827 427.]

248 1908 544 1964 URBANUS
573 1905 907 1980 episcopus,
949 1924 1152 1963 servus
1194 1924 1491 1963 servorum
1523 1907 1646 1975 Dei,
1679 1908 1858 1965 dilec.

184 1996 257 2053 tis
287 1997 347 2052 in
380 1994 627 2052 Christo
656 1994 793 2052 ﬁliis
825 1996 1091 2052 Bnuxoxi
1120 1999 1176 2053 et
1226 1997 1485 2063 Las-om,
1518 1995 1767 2052 salutem
1798 2003 1855 2054 et

185 2084 579 2159 apostolicam
609 2083 1094 2140 benedictionem.

251 2173 399 2239 Quia
437 2173 635 2247 igitur
677 2172 861 2228 nostri
911 2172 1089 2229 ofﬁcii
1136 2173 1378 2230 interest
1426 2190 1725 2231 servorum
1760 2175 1855 2230 Dei

189 2262 361 2336 quieti
393 2267 452 2319 et
483 2262 1029 2334 commodis,prout
1061 2262 1119 2317 in
1150 2263 1396 2319 Domino
1420 2263 1701 2336 possibile
1725 2265 1855 2331 erit,

188 2352 519 2424 providere,
556 2350 942 2423 petitionibus
971 2351 1204 2420 vestris,
1230 2352 1329 2406 ﬁlii
1364 2351 1423 2407 in
1455 2352 1685 2409 Christo
1719 2353 1857 2408 cha-

192 2434 407 2496 rissimi
440 2457 512 2496 ac
550 2437 1371 2503 reverendissimi,clementer
1401 2440 1863 2497 annuimus.Per

189 2526 364 2601 hujus
386 2524 586 2602 igitur
609 2526 908 2600 apostolici
925 2527 1208 2601 privilegii
1237 2528 1510 2602 paginam
1534 2530 1857 2603 apostolica

194 2614 542 2674 auctoritate
567 2615 962 2684 concedimus,
995 2620 1049 2673 et
1071 2618 1302 2674 ﬁrmam
1325 2622 1381 2674 et
1410 2618 1682 2675 stabilem
1714 2624 1772 2675 et
1796 2621 1856 2675 in

193 2710 550 2779 perpetuum
573 2720 885 2778 permansu
896 2721 1019 2760 ram
1043 2706 1463 2764 conﬁrmamus
1476 2708 1855 2764 donationem

194 2797 477 2851 terrarum
504 2810 639 2866 quae
670 2793 833 2850 vobis
861 2794 1009 2849 datae
1034 2800 1171 2850 sunt
1193 2796 1250 2849 in
1276 2783 1664 2868 Squillacensi
1693 2798 1860 2852 torri-

196 2884 356 2953 torio,
392 2888 452 2942 et
482 2883 837 2956 conscriptae
867 2886 923 2938 et
970 2883 1390 2950 determinatzs,
1437 2889 1493 2941 ct
1542 2885 1861 2958 designatas

198 2987 295 3045 per
311 2964 609 3030 terminos
639 2964 825 3029 Certos
856 2990 890 3029 a
928 2972 1138 3029 dilecto
1166 2977 1366 3030 nostro
1389 2974 1507 3030 ﬁlio
1531 2975 1596 3030 Η.
1622 2975 1864 3042 Comite,

215 3065 264 3117 et
288 3050 526 3119 Joanne
575 3061 865 3119 confratre
912 3067 1113 3118 nostro
1158 3062 1545 3134 Squillacensi
1594 3064 1865 3137 episcopo

214 3152 569 3209 concedente
599 3154 654 3207 et
686 3152 1090 3208 conﬁrmante.
1126 3151 1404 3220 Quocirca
1425 3153 1699 3224 praedicta
1728 3170 1865 3209 auc-

216 3240 440 3298 toritate
491 3239 895 3313 praecipimus,
939 3241 1275 3307 statuimus,
1328 3245 1384 3297 et
1430 3258 1498 3298 ea
1544 3259 1671 3314 quae
1702 3243 1865 3298 vobis

1406 429 1814 495 EPISTOL/E
1857 431 1956 496 ET
1997 428 2474 497 PRIVILEGIA.

173 568 424 645 cipiant,
459 572 526 628 et
558 569 705 645 apud
737 536 1070 629 districtum
1100 566 1365 626 Judicem
1410 567 1652 641 praemia
1680 572 1842 624 eeter-
1875 570 1929 637 Α

3483 432 3602 499 510

2651 568 2906 629 CCXLII.

1962 656 2206 715 Urbanus
2235 662 2544 735 consecrato
2574 659 2840 719 Gerlando
2885 661 3127 735 episcopo
3174 660 3307 733 ﬁnes
3338 663 3605 722 restitutae

2292 734 2529 788 ecclesiae
2558 734 2928 805 Agrigentina:
2958 734 3262 805 conﬁrmat.

2583 824 2770 894 (Anno
2799 824 2982 895 1098.)

2380 911 2612 981 [M.\NSI,
2649 912 2854 968 Concil.
2890 912 3001 980 XX,
3033 913 3183 984 951.]

2029 1014 2307 1072 Unnmus
2338 1016 2665 1090 episcopus,
2700 1036 2901 1074 servus
2920 1036 3219 1075 servorum
3240 1019 3363 1090 Dei,
3398 1020 3608 1078 dilecto

1957 1105 2120 1160 fratri
2146 1105 2474 1171 Gannasco,
2495 1107 2871 1180 Agrigentino
2894 1108 3189 1181 episcopo,
3214 1110 3462 1182 ejusque
3483 1127 3613 1166 suc-

1958 1194 2290 1250 cessoribus
2323 1197 2599 1253 canonice
2624 1197 3032 1270 promovendis
3064 1198 3122 1253 in
3166 1203 3535 1271 perpetuum.

2032 1283 2462 1354 Omnipotentis
2477 1284 2577 1339 Dei
2600 1285 2980 1357 dispositione
2998 1290 3308 1343 mutantur
3324 1292 3608 1360 tempora,

1960 1372 2396 1427 transferuntur
2426 1389 2640 1445 regna;
2674 1374 2811 1429 hinc
2842 1379 2929 1431 est
2960 1377 3111 1447 quod
3140 1376 3612 1449 magninominis

1960 1460 2224 1516 nationes
2256 1461 2481 1517 dirutas
2512 1466 2567 1517 et
2596 1464 2926 1536 depressas,
2952 1464 3094 1521 viles
3123 1481 3256 1522 vero
3286 1469 3462 1537 atque
3493 1465 3611 1522 exi-

1960 1566 2105 1623 guas
2135 1567 2558 1623 nonnunquam
2583 1550 2833 1624 legimus
2856 1552 3136 1608 exaltatas
3161 1552 3326 1622 ;hinc
3345 1556 3613 1627 estquod

1964 1639 2022 1693 in
2055 1639 2411 1711 quibusdam
2444 1639 2782 1713 regionibus
2806 1640 3117 1697 Christiani
3143 1642 3399 1698 nominis
3429 1648 3618 1716 potes-

1963 1732 2138 1784 tatem
2173 1745 2534 1802 paganorum
2584 1730 2782 1785 feritas
2814 1731 3135 1802 occupavit,
3166 1730 3226 1785 in
3258 1730 3615 1803 quibusdam

1963 1818 2174 1873 iterum
2212 1835 2572 1891 paganorum
2588 1819 2957 1891 tyrannidem
2975 1818 3315 1877 Christiana!
3346 1822 3616 1893 potentia:

1972 1906 2228 1978 dignitas
2240 1906 3016 1964 conculcavit.Sicutnostris
3029 1909 3393 1981 temporibus
3404 1908 3616 1982 glorio-

1973 1995 2343 2051 sissimorum
2375 1995 2705 2068 principum
2732 1997 2962 2052 Roberti
2997 1998 3166 2054 ducis
3183 2003 3241 2054 et
3264 1999 3493 2071 Rogerii
3528 2016 3621 2056 co-

1968 2084 2128 2139 mitis
2181 2084 2522 2140 fortitudine
2581 2102 2866 2159 suprema:
2919 2085 3276 2158 dignationis
3320 2088 3619 2145 miseratio

1968 2189 2198 2228 omnem
2249 2174 2672 2229 Saracenorum
2717 2174 3045 2230 molestiam
3096 2176 3152 2231 in
3199 2176 3397 2233 Sicilia
3426 2177 3622 2235 insula

1966 2263 2337 2335 expugnavit,
2383 2268 2439 2318 et
2488 2263 2805 2335 antiquum
2856 2262 3122 2320 Ecclesiae
3155 2268 3368 2321 sancta
3401 2270 3621 2322 statum

1968 2368 2072 2423 pro
2100 2350 2421 2407 voluntatis
2452 2368 2570 2407 suae
2620 2350 2983 2423 beneplacito
3028 2353 3407 2425 recuperavit.
3460 2353 3623 2411 Unde

1970 2444 2027 2495 et
2055 2439 2242 2512 ipsius
2276 2439 2554 2496 ineffabili
2588 2439 2999 2495 misericordia:
3030 2441 3249 2512 gratias
3279 2441 3532 2514 agimus,
3564 2445 3623 2499 et

1970 2529 2159 2602 ipsius
2188 2529 2439 2601 gratiam
2472 2544 2648 2600 super
2680 2526 2809 2584 illos
2831 2529 3094 2602 egregios
3120 2529 3347 2596 fratres,
3370 2528 3622 2587 alterum

1962 2618 2089 2689 jam
2120 2618 2481 2684 defunctum,
2516 2617 2763 2673 alterum
2798 2616 2924 2689 ipso
2947 2622 3215 2691 patrante
3247 2617 3623 2690 superstitem

1971 2707 2442 2779 imploramus,et
2470 2706 2541 2761 ad
2572 2705 2953 2762 ecclesiarum
2974 2724 3101 2778 quae
3122 2706 3181 2761 in
3209 2707 3412 2763 eadem
3429 2706 3627 2763 insula

1973 2801 2112 2852 sunt
2160 2796 2611 2862 restitutionem,
2662 2814 2763 2853 seu
2815 2796 3243 2853 ordinationem
3291 2815 3394 2871 pro
3436 2797 3623 2854 nostri

1974 2885 2147 2942 ofﬁcii
2180 2886 2373 2941 debito
2404 2885 2947 2942 anhelamus.Sicut
2977 2886 3159 2959 igitur
3188 2889 3479 2942 annuente
3508 2886 3624 2942 Deo

1974 2979 2310 3029 caaterarum
2336 2975 2460 3045 jam
2495 2974 2803 3047 parochias
2824 2974 3249 3048 disposuimus,
3270 2974 3348 3030 ita
3368 2979 3424 3030 et
3452 2975 3623 3048 Agri-

1975 3063 2223 3135 gentinm
2257 3063 2523 3119 dicecesis
2555 3063 2857 3136 praesentis
2885 3063 3099 3119 decreti
3131 3063 3475 3120 auctoritate
3504 3065 3622 3120 dis-

1976 3151 2289 3224 ponimus;
2325 3152 2643 3208 statuimus
2675 3154 2853 3218 enim,
2889 3152 3235 3209 charissima
3275 3152 3453 3208 frater
3481 3155 3626 3208 Ger-

1973 3239 2168 3307 lande,
2198 3257 2370 3311 quem
2398 3242 2769 3313 omnipotens
2799 3241 3083 3296 Dominus
3116 3241 3173 3294 in
3204 3240 3333 3311 ipsa
3372 3239 3627 3297 Ecclesia

214 3342 489 3386 concessa
525 3331 686 3389 sunt,
718 3327 1594 3387 licentiainterdicimusutadie
1619 3330 1678 3386 in
1692 3334 1864 3386 antea
1893 3314 1935 3380 C
1976 3333 2175 3384 nostra
2198 3333 2481 3402 tanquam
2513 3330 2577 3384 B.
2610 3330 2761 3386 Petri
2779 3329 3055 3385 manibus
3073 3318 3629 3401 consecraredigna-

214 3431 395 3488 neque
421 3415 632 3474 comiti
666 3416 801 3486 ipsi,
834 3433 1021 3489 neque
1061 3417 1237 3474 alicui
1285 3418 1584 3475 haeredum
1624 3436 1863 3475 suorum

215 3507 614 3579 supradictam
645 3509 900 3562 vestram
931 3506 1304 3563 donationem
1337 3513 1395 3563 et
1424 3507 1574 3563 hanc
1603 3520 1864 3564 nostram

215 3593 719 3661 conﬁrmationem
747 3594 961 3652 violare
990 3595 1077 3652 vel
1109 3597 1407 3653 dearctare
1450 3597 1635 3653 liceat.
1667 3597 1869 3670 Neque

214 3682 280 3739 de
308 3684 398 3742 his
431 3701 570 3758 quae
604 3684 1023 3741 conﬁrmamus
1054 3685 1251 3758 aliqua
1274 3703 1335 3742 re
1365 3685 1717 3742 intromittat
1744 3702 1866 3759 per-

215 3786 410 3828 sonam
442 3773 578 3830 sine
606 3776 797 3829 vestra
818 3771 1434 3846 voluntate,quatenus
1449 3775 1606 3831 omni
1616 3775 1867 3848 potentis

213 3857 308 3916 Dei
361 3861 754 3936 speculationi
786 3862 1082 3919 mentibus
1126 3863 1327 3919 liberis
1362 3863 1672 3932 insistatis,
1706 3868 1764 3919 et
1792 3865 1864 3919 ad

214 3949 334 4020 ejus
389 3948 566 4008 faciei
624 3949 991 4007 dulcedinem
1036 3951 1163 4024 ipso
1212 3955 1525 4025 praestante
1568 3954 1867 4025 pervenire

212 4036 545 4097 valeatis.Si
580 4055 697 4111 qua
725 4055 859 4095 vero
893 4057 1139 4113 persona
1169 4046 1269 4097 aut
1297 4041 1481 4098 haeres
1512 4042 1742 4099 comitis
1771 4040 1865 4114 ip-

215 4141 335 4184 sam
361 4127 688 4196 violaverit,
724 4128 836 4184 nisi
869 4129 940 4184 ad
974 4129 1322 4202 condignam
1340 4131 1563 4186 venerit
1592 4130 1864 4186 satisfac-

214 4213 449 4287 tionem,
488 4233 623 4272 eum
655 4216 897 4273 honoris
925 4218 1012 4273 vel
1045 4218 1218 4274 ofﬁcii
1249 4219 1337 4274 sui
1371 4219 1628 4291 periculo
1659 4220 1863 4291 subja-

215 4317 335 4360 cere
363 4306 764 4375 decernimus,
794 4311 851 4362 et
877 4323 911 4362 a
954 4306 1181 4363 Christo
1224 4325 1289 4362 ac
1320 4308 1592 4364 Ecclesiae
1624 4325 1864 4381 corpore

215 4399 575 4467 segregatus,
607 4398 781 4466 atque
813 4395 869 4450 in
901 4400 1115 4451 aeterno
1145 4395 1410 4451 examine
1433 4397 1693 4454 districta
1723 4399 1861 4453 sub-

208 4478 394 4549 jaceat
415 4483 625 4539 ultioni
656 4484 782 4540 sine
828 4484 1266 4541 intermissione
1316 4489 1373 4540 et
1408 4486 1681 4542 remedio.
1718 4486 1862 4542 Con-

217 4572 584 4629 servantibus
613 4577 810 4629 autem
840 4573 935 4646 pie
964 4591 998 4629 a
1042 4574 1159 4630 Deo
1206 4577 1264 4630 et
1306 4572 1707 4630 misericordia
1735 4577 1862 4648 ejus

1976 3421 2072 3472 tus
2102 3421 2209 3484 est,
2244 3422 2308 3472 ut
2341 3417 2443 3472 tibi
2476 3418 2752 3490 deinceps
2776 3417 3007 3490 tuisque
3028 3416 3308 3489 legitimis
3331 3433 3626 3473 successo-

1976 3506 2142 3561 ribus
2189 3505 2505 3578 episcopali
2529 3506 2662 3578 jure
2716 3506 3033 3578 regendum
3080 3522 3145 3560 ac
3191 3505 3624 3578 disponendum

1975 3598 2253 3667 perpetuo
2282 3598 2518 3651 maneat
2547 3594 2834 3667 quidquid
2876 3595 3028 3649 infra
3076 3594 3222 3649 ﬁnes
3258 3594 3624 3667 subscriptos

1976 3683 2323 3750 continetur,
2340 3683 2609 3740 videlicet
2629 3702 2663 3739 a
2690 3683 2815 3740 loco
2829 3682 2928 3739 ubi
2950 3683 3135 3738 oritur
3165 3683 3381 3739 ﬁumen
3414 3684 3624 3740 subtus

1974 3772 2320 3828 Corilioncm
2371 3789 2557 3844 usque
2614 3773 2867 3844 desuper
2912 3774 3134 3844 petram
3182 3771 3252 3826 de
3305 3772 3532 3841 Zineth,
3569 3775 3627 3828 et

1976 3863 2110 3920 inde
2137 3863 2397 3919 tenditur
2424 3881 2526 3936 per
2554 3861 2869 3918 divisiones
2893 3860 3099 3917 Jatinze
3152 3865 3207 3916 et
3250 3860 3534 3933 Cephalio,
3568 3866 3627 3917 et

1974 3952 2184 4009 deinde
2233 3953 2304 4008 ad
2349 3952 2666 4008 divisiones
2695 3950 2944 4020 Biccari;
2978 3950 3111 4005 inde
3149 3952 3282 4005 vero
3334 3966 3521 4022 usque
3552 3950 3626 4006 ad

1975 4042 2191 4097 ﬂumen
2226 4042 2473 4111 salsum,
2507 4042 2660 4113 quod
2694 4044 2783 4096 est
2813 4039 3021 4096 divisio
3054 4039 3322 4094 Panormi
3365 4043 3422 4095 et
3451 4040 3629 4096 Ther-

1974 4148 2226 4197 marum,
2252 4136 2308 4186 et
2337 4131 2410 4187 ab
2442 4148 2538 4187 ore
2569 4130 2745 4202 hujus
2778 4129 3060 4196 fluminis,
3086 4127 3184 4183 ubi
3204 4128 3360 4183 cadit
3379 4127 3436 4183 in
3468 4144 3630 4184 mare

1976 4220 2346 4292 protenditur
2376 4220 2497 4275 haec
2550 4218 2825 4291 parochia
2875 4219 3046 4289 juxta
3103 4233 3263 4272 mare
3320 4232 3507 4288 usque
3555 4216 3626 4271 ad

1976 4309 2192 4364 ﬂumen
2226 4308 2497 4377 Tortum;
2529 4312 2585 4363 et
2615 4308 2685 4363 ab
2718 4307 2824 4363 hoc
2857 4306 3070 4362 abinde
3094 4306 3246 4360 unde
3269 4304 3473 4371 oritur,
3508 4309 3631 4360 ten-

1973 4397 2132 4453 ditur
2161 4398 2232 4452 ad
2264 4398 2412 4469 Pyra
2441 4387 2660 4453 subtus
2700 4397 2928 4451 Petram
2980 4394 3137 4457 Elim,
3172 4398 3346 4464 atque
3389 4393 3524 4448 inde
3552 4394 3627 4449 ad

1973 4487 2156 4543 altum
2190 4491 2472 4555 montem,
2507 4485 2605 4558 qui
2638 4489 2727 4541 est
2755 4501 2934 4556 supra
2964 4484 3107 4556 Pyra
3138 4500 3151 4549 ;
3182 4481 3317 4536 inde
3343 4485 3540 4536 autem
3554 4482 3627 4537 ad

1972 4576 2191 4631 ﬁumen
2225 4576 2469 4643 salsum,
2504 4574 2602 4630 ubi
2644 4574 2919 4646 jungitur
2965 4588 3097 4628 cum
3151 4569 3393 4625 ﬂumine
3445 4570 3626 4625 Petra

215 4660 599 4746 prasentibus
628 4665 686 4718 et
714 4662 927 4718 futuris
949 4662 1181 4720 saeculis
1229 4667 1619 4720 conservetur.
1654 4666 1859 4723 Amen.
1892 4680 1941 4746 Β
1974 4663 2130 4728 Eliae,
2161 4669 2218 4721 et
2248 4682 2317 4719 ex
2354 4664 2465 4720 hoc
2494 4663 2736 4719 flumine
2785 4661 2935 4717 sicut
2981 4661 3174 4733 ipsum
3225 4658 3527 4714 descendit
3553 4658 3628 4714 ad

217 4742 273 4798 Si
299 4763 429 4805 vero
452 4753 575 4806 tam
606 4749 811 4823 legalis
837 4767 1052 4817 comes,
1088 4756 1188 4808 aut
1232 4753 1362 4824 ejus
1410 4751 1615 4818 haeres,
1649 4752 1861 4809 addere

218 4829 428 4907 aliquid
461 4838 601 4895 huic
629 4837 879 4896 voluerit
907 4840 1345 4910 donationi,sub
1362 4840 1472 4897 hac
1503 4844 1704 4896 nostra
1733 4857 1864 4897 con-

218 4918 539 4984 ﬁrmatione
570 4930 763 4984 ratum
795 4944 924 4985 esse
955 4929 1290 4986 statuimus.

287 5009 557 5072 Urbanus
588 5015 887 5072 catholicae
916 5016 1183 5073 Ecclesia:
1214 5017 1545 5091 episcopus.

282 5094 397 5174 Ego
426 5104 738 5161 Rainerius
768 5105 925 5161 card.
960 5106 1308 5181 subscripsi.

286 5188 397 5263 Ego
422 5193 680 5250 Joannes
711 5194 867 5251 card.
902 5212 982 5253 ss.

284 5276 396 5352 Ego
422 5280 726 5355 Alphanus
756 5282 1158 5341 Salernitanus
1190 5285 1529 5363 archiepisc.
1564 5303 1645 5342 ss.

288 5363 400 5440 Ego
426 5372 675 5427 Amatus
705 5371 1043 5444 capellauus
1074 5378 1131 5430 et
1160 5375 1431 5431 sacerdos
1464 5393 1543 5433 ss.

286 5453 400 5528 Ego
430 5457 550 5514 Dis.
587 5458 919 5531 capellanus
951 5480 1031 5518 ss.

292 5540 401 5616 Ego
431 5544 849 5605 Constantinus
879 5548 1211 5609 Catacensis
1242 5552 1421 5626 episc.
1456 5571 1537 5609 ss.

292 5632 492 5690 Datum
523 5632 750 5690 Salerni
782 5654 979 5695 mense
1009 5624 1564 5712 Septembri-,indiet.
1598 5658 1676 5708 vx,
1697 5624 1863 5695 anno

222 5713 298 5771 ab
328 5719 730 5779 lncarnatione
758 5725 1059 5785 Dominica
1091 5730 1249 5785 1098.

1973 4754 2379 4827 Lympiadum,
2416 4752 2516 4824 qui
2545 4751 2709 4807 locus
2740 4749 3347 4821 dividitAgrigentum
3374 4750 3429 4801 et
3462 4746 3633 4803 Bute-

1973 4843 2322 4915 riam,atque
2349 4841 2483 4896 inde
2514 4857 2616 4913 per
2645 4838 3003 4895 maritimam
3048 4853 3237 4908 usque
3288 4835 3361 4891 ad
3404 4834 3626 4892 ﬁumen

1973 4933 2043 4987 de
2076 4930 2303 4999 Bilichi,
2337 4930 2492 5001 quod
2524 4932 2613 4985 est
2641 4926 2847 4983 divisio
2879 4924 3168 4989 Maxarize,
3189 4927 3245 4979 et
3276 4922 3467 4980 adhuc
3498 4926 3628 4980 ten-

1976 5020 2153 5087 ditur,
2189 5019 2340 5074 sicut
2370 5018 2478 5073 hoc
2510 5017 2725 5072 flumen
2759 5014 2941 5072 currit.
2985 5030 3173 5086 usque
3220 5013 3432 5069 subtus
3472 5013 3631 5069 Cori-

1971 5109 2210 5177 lionem,
2247 5106 2346 5164 ubi
2376 5105 2584 5179 incipit
2613 5105 2840 5173 divisio,
2884 5103 3138 5177 exceptis
3177 5102 3434 5169 Biccaro,
3468 5102 3630 5158 Cori-

1974 5198 2149 5266 lione,
2184 5201 2241 5252 et
2287 5195 2577 5252 Thermis.
2612 5196 2674 5250 In
2731 5192 3085 5267 proprietate
3117 5195 3310 5248 autem
3366 5195 3487 5245 tam
3540 5188 3632 5245 tui

1974 5304 2151 5361 quam
2186 5300 2593 5341 successorum
2625 5286 2862 5338 tuorum
2890 5283 3024 5353 jure
3047 5280 3247 5337 Casale
3267 5276 3467 5334 Cathal
3493 5291 3630 5334 cum

1973 5380 2205 5431 centum
2238 5372 2492 5436 villanis,
2526 5371 2678 5426 sicut
2700 5388 2734 5427 a
2764 5370 3098 5442 supradicto
3131 5368 3251 5424 ﬁlio
3299 5369 3501 5421 nostro
3533 5382 3629 5420 co-

1976 5463 2117 5519 mite
2138 5461 2381 5535 Rogerio
2413 5459 2695 5516 traditum
2729 5464 2838 5530 est,
2871 5461 3304 5514 conserventur.
3348 5453 3632 5509 Praeterea

1974 5568 2335 5625 quaecunque
2368 5550 2424 5605 in
2458 5552 2759 5622 posterum
2789 5547 3137 5603 liberalitate
3177 5542 3510 5616 principum
3542 5538 3630 5596 vel

1974 5639 2265 5696 oblatione
2296 5638 2559 5694 ﬁdelium
2574 5635 2778 5692 eadem
2807 5629 3447 5705 EcclesiaAgrigentina
3465 5631 3630 5698 juste

1977 5733 2153 5800 atque
2186 5726 2456 5783 canonice
2486 5724 2701 5798 poterit
2741 5722 3006 5794 adipisci,
3039 5721 3209 5775 ﬁrma
3251 5718 3357 5775 tibi
3393 5718 3627 5786 tuisque
